  <div class='ocr_page' id='page_1' title='image "/cluster/home/n/w/nwhite01/storage/ocr_20150623/49/hvd.32044015471543/545.png"; bbox 0 0 4072 6324; ppageno 0'>
   <div class='ocr_carea' id='block_1_1' title="bbox 505 282 645 347">
    <p class='ocr_par' dir='ltr' id='par_1_1' title="bbox 505 282 645 347">
     <span class='ocr_line' id='line_1_1' title="bbox 505 282 645 347; baseline -0.036 0"><span class='ocrx_word' id='word_1_1' title='bbox 505 282 645 347; x_wconf 72' lang='grc'><strong>1067</strong></span> 
     </span>
    </p>
   </div>
   <div class='ocr_carea' id='block_1_2' title="bbox 1551 272 2717 339">
    <p class='ocr_par' dir='ltr' id='par_1_2' title="bbox 1551 272 2717 339">
     <span class='ocr_line' id='line_1_2' title="bbox 1551 272 2717 339; baseline -0.003 0"><span class='ocrx_word' id='word_1_2' title='bbox 1551 274 1836 339; x_wconf 81' lang='lat' dir='ltr'><strong>JOANNIS</strong></span> <span class='ocrx_word' id='word_1_3' title='bbox 1872 278 2184 339; x_wconf 82' lang='lat' dir='ltr'><strong>CASSIANI</strong></span> <span class='ocrx_word' id='word_1_4' title='bbox 2218 272 2717 337; x_wconf 79' lang='lat' dir='ltr'><strong>COLLATIONES.</strong></span> 
     </span>
    </p>
   </div>
   <div class='ocr_carea' id='block_1_3' title="bbox 3652 271 3795 334">
    <p class='ocr_par' dir='ltr' id='par_1_3' title="bbox 3652 271 3795 334">
     <span class='ocr_line' id='line_1_3' title="bbox 3652 271 3795 334; baseline 0.021 -3"><span class='ocrx_word' id='word_1_5' title='bbox 3652 271 3795 334; x_wconf 73' lang='lat' dir='ltr'><strong>i068</strong></span> 
     </span>
    </p>
   </div>
   <div class='ocr_carea' id='block_1_4' title="bbox 502 386 3791 467">
    <p class='ocr_par' dir='ltr' id='par_1_4' title="bbox 502 386 3791 467">
     <span class='ocr_line' id='line_1_4' title="bbox 502 386 3791 467; baseline -0.004 -9"><span class='ocrx_word' id='word_1_6' title='bbox 502 398 780 458; x_wconf 88' lang='lat' dir='ltr'><strong>immerito</strong></span> <span class='ocrx_word' id='word_1_7' title='bbox 813 397 967 457; x_wconf 89' lang='lat' dir='ltr'><strong>velut</strong></span> <span class='ocrx_word' id='word_1_8' title='bbox 996 396 1176 453; x_wconf 89' lang='lat' dir='ltr'><strong>minus</strong></span> <span class='ocrx_word' id='word_1_9' title='bbox 1200 388 1313 467; x_wconf 83' lang='lat' dir='ltr'><strong>jam</strong></span> <span class='ocrx_word' id='word_1_10' title='bbox 1344 394 1654 452; x_wconf 88' lang='lat' dir='ltr'><strong>necessaria</strong></span> <span class='ocrx_word' id='word_1_11' title='bbox 1678 410 1776 465; x_wconf 91' lang='lat' dir='ltr'><strong>per</strong></span> <span class='ocrx_word' id='word_1_12' title='bbox 1806 393 2097 465; x_wconf 88' lang='lat' dir='ltr'><strong>Evangeli-</strong></span> <span class='ocrx_word' id='word_1_13' title='bbox 2124 398 2178 460; x_wconf 79' lang='grc' dir='ltr'>Α</span> <span class='ocrx_word' id='word_1_14' title='bbox 2201 392 2405 450; x_wconf 78' lang='lat' dir='ltr'><strong>tionem</strong></span> <span class='ocrx_word' id='word_1_15' title='bbox 2436 389 2759 463; x_wconf 80' lang='lat' dir='ltr'><strong>spiritalium</strong></span> <span class='ocrx_word' id='word_1_16' title='bbox 2791 394 3278 457; x_wconf 87' lang='lat' dir='ltr'><strong>sacramentorum,</strong></span> <span class='ocrx_word' id='word_1_17' title='bbox 3319 386 3407 446; x_wconf 89' lang='lat' dir='ltr'><strong>vel</strong></span> <span class='ocrx_word' id='word_1_18' title='bbox 3432 387 3503 446; x_wconf 91' lang='lat' dir='ltr'><strong>ob</strong></span> <span class='ocrx_word' id='word_1_19' title='bbox 3524 403 3791 461; x_wconf 86' lang='lat' dir='ltr'><strong>quorum-</strong></span> 
     </span>
    </p>
   </div>
   <div class='ocr_carea' id='block_1_5' title="bbox 495 481 2099 563">
    <p class='ocr_par' dir='ltr' id='par_1_5' title="bbox 495 481 2099 563">
     <span class='ocr_line' id='line_1_5' title="bbox 495 481 2099 563; baseline -0.006 -13"><span class='ocrx_word' id='word_1_20' title='bbox 495 508 622 550; x_wconf 89' lang='lat' dir='ltr'><strong>cam</strong></span> <span class='ocrx_word' id='word_1_21' title='bbox 661 490 1053 563; x_wconf 77' lang='lat' dir='ltr'><strong>perfectionem</strong></span> <span class='ocrx_word' id='word_1_22' title='bbox 1100 487 1290 544; x_wconf 93' lang='lat' dir='ltr'><strong>debuit</strong></span> <span class='ocrx_word' id='word_1_23' title='bbox 1319 485 1610 558; x_wconf 77' lang='lat' dir='ltr'><strong>amputari.</strong></span> <span class='ocrx_word' id='word_1_24' title='bbox 1650 481 1785 544; x_wconf 82' lang='lat' dir='ltr'><strong>Nam</strong></span> <span class='ocrx_word' id='word_1_25' title='bbox 1823 500 1995 558; x_wconf 89' lang='lat' dir='ltr'><strong>usque</strong></span> <span class='ocrx_word' id='word_1_26' title='bbox 2028 485 2099 541; x_wconf 88' lang='lat' dir='ltr'><strong>ad</strong></span> 
     </span>
    </p>
   </div>
   <div class='ocr_carea' id='block_1_6' title="bbox 500 578 2100 653">
    <p class='ocr_par' dir='ltr' id='par_1_6' title="bbox 500 578 2100 653">
     <span class='ocr_line' id='line_1_6' title="bbox 500 578 2100 653; baseline -0.006 -10"><span class='ocrx_word' id='word_1_27' title='bbox 500 586 799 643; x_wconf 77' lang='lat' dir='ltr'><strong>adventum</strong></span> <span class='ocrx_word' id='word_1_28' title='bbox 851 582 1048 639; x_wconf 83' lang='lat' dir='ltr'><strong>Christi</strong></span> <span class='ocrx_word' id='word_1_29' title='bbox 1087 581 1329 653; x_wconf 84' lang='lat' dir='ltr'><strong>oportuit</strong></span> <span class='ocrx_word' id='word_1_30' title='bbox 1379 578 1812 637; x_wconf 88' lang='lat' dir='ltr'><strong>benedictionem</strong></span> <span class='ocrx_word' id='word_1_31' title='bbox 1865 578 2100 649; x_wconf 89' lang='lat' dir='ltr'><strong>primor-</strong></span> 
     </span>
    </p>
   </div>
   <div class='ocr_carea' id='block_1_7' title="bbox 502 668 2097 746">
    <p class='ocr_par' dir='ltr' id='par_1_7' title="bbox 502 668 2097 746">
     <span class='ocr_line' id='line_1_7' title="bbox 502 668 2097 746; baseline -0.005 -13"><span class='ocrx_word' id='word_1_32' title='bbox 502 677 663 734; x_wconf 88' lang='lat' dir='ltr'><strong>dialis</strong></span> <span class='ocrx_word' id='word_1_33' title='bbox 711 675 856 733; x_wconf 90' lang='lat' dir='ltr'><strong>illius</strong></span> <span class='ocrx_word' id='word_1_34' title='bbox 904 674 1089 746; x_wconf 90' lang='lat' dir='ltr'><strong>vigere</strong></span> <span class='ocrx_word' id='word_1_35' title='bbox 1126 674 1412 730; x_wconf 88' lang='lat' dir='ltr'><strong>sententiae</strong></span> <span class='ocrx_word' id='word_1_36' title='bbox 1441 687 1546 745; x_wconf 88' lang='lat' dir='ltr'><strong>qua</strong></span> <span class='ocrx_word' id='word_1_37' title='bbox 1576 671 1781 728; x_wconf 91' lang='lat' dir='ltr'><strong>dictum</strong></span> <span class='ocrx_word' id='word_1_38' title='bbox 1820 680 1925 742; x_wconf 88' lang='lat' dir='ltr'><strong>est,</strong></span> <span class='ocrx_word' id='word_1_39' title='bbox 1966 668 2097 726; x_wconf 85' lang='lat' dir='ltr'><strong>Cre-</strong></span> 
     </span>
    </p>
   </div>
   <div class='ocr_carea' id='block_1_8' title="bbox 502 758 2099 843">
    <p class='ocr_par' dir='ltr' id='par_1_8' title="bbox 502 758 2099 843">
     <span class='ocr_line' id='line_1_8' title="bbox 502 758 2099 843; baseline -0.006 -17"><span class='ocrx_word' id='word_1_40' title='bbox 502 772 628 826; x_wconf 85' lang='lat' dir='ltr'><strong>scite</strong></span> <span class='ocrx_word' id='word_1_41' title='bbox 660 781 711 825; x_wconf 88' lang='lat' dir='ltr'><strong>et</strong></span> <span class='ocrx_word' id='word_1_42' title='bbox 735 766 1161 843; x_wconf 75' lang='lat' dir='ltr'><strong>multiplicamini</strong></span> <span class='ocrx_word' id='word_1_43' title='bbox 1189 774 1236 822; x_wconf 89' lang='lat' dir='ltr'><strong>et</strong></span> <span class='ocrx_word' id='word_1_44' title='bbox 1258 762 1449 838; x_wconf 76' lang='lat' dir='ltr'><strong>replete</strong></span> <span class='ocrx_word' id='word_1_45' title='bbox 1479 773 1668 820; x_wconf 90' lang='lat' dir='ltr'><strong>terram</strong></span> <span class='ocrx_word' id='word_1_46' title='bbox 1693 760 1903 835; x_wconf 85' lang='lat' dir='ltr'><strong>(Genes.</strong></span> <span class='ocrx_word' id='word_1_47' title='bbox 1934 758 1999 832; x_wconf 88' lang='grc' dir='ltr'><strong>ι).</strong></span> <span class='ocrx_word' id='word_1_48' title='bbox 2030 759 2099 817; x_wconf 86' lang='lat' dir='ltr'><strong>Et</strong></span> 
     </span>
    </p>
   </div>
   <div class='ocr_carea' id='block_1_9' title="bbox 500 855 2096 932">
    <p class='ocr_par' dir='ltr' id='par_1_9' title="bbox 500 855 2096 932">
     <span class='ocr_line' id='line_1_9' title="bbox 500 855 2096 932; baseline -0.005 -15"><span class='ocrx_word' id='word_1_49' title='bbox 500 861 710 917; x_wconf 85' lang='lat' dir='ltr'><strong>idcirco</strong></span> <span class='ocrx_word' id='word_1_50' title='bbox 748 859 1111 932; x_wconf 76' lang='lat' dir='ltr'><strong>iustissimum</strong></span> <span class='ocrx_word' id='word_1_51' title='bbox 1148 857 1276 926; x_wconf 88' lang='lat' dir='ltr'><strong>fuit,</strong></span> <span class='ocrx_word' id='word_1_52' title='bbox 1306 867 1362 913; x_wconf 93' lang='lat' dir='ltr'><strong>ut</strong></span> <span class='ocrx_word' id='word_1_53' title='bbox 1388 873 1455 914; x_wconf 88' lang='lat' dir='ltr'><strong>ex</strong></span> <span class='ocrx_word' id='word_1_54' title='bbox 1492 856 1587 912; x_wconf 90' lang='lat' dir='ltr'><strong>illa</strong></span> <span class='ocrx_word' id='word_1_55' title='bbox 1618 855 1800 912; x_wconf 83' lang='lat' dir='ltr'><strong>radice</strong></span> <span class='ocrx_word' id='word_1_56' title='bbox 1845 855 2096 912; x_wconf 85' lang='lat' dir='ltr'><strong>fecundi-</strong></span> 
     </span>
    </p>
   </div>
   <div class='ocr_carea' id='block_1_10' title="bbox 506 948 2097 1023">
    <p class='ocr_par' dir='ltr' id='par_1_10' title="bbox 506 948 2097 1023">
     <span class='ocr_line' id='line_1_10' title="bbox 506 948 2097 1023; baseline -0.003 -15"><span class='ocrx_word' id='word_1_57' title='bbox 506 953 635 1009; x_wconf 87' lang='lat' dir='ltr'><strong>tatis</strong></span> <span class='ocrx_word' id='word_1_58' title='bbox 666 952 937 1020; x_wconf 67' lang='lat' dir='ltr'><strong>humanae,</strong></span> <span class='ocrx_word' id='word_1_59' title='bbox 965 966 1086 1023; x_wconf 74' lang='lat' dir='ltr'><strong>qua:</strong></span> <span class='ocrx_word' id='word_1_60' title='bbox 1130 954 1186 1007; x_wconf 92' lang='lat' dir='ltr'><strong>in</strong></span> <span class='ocrx_word' id='word_1_61' title='bbox 1232 965 1506 1023; x_wconf 74' lang='lat' dir='ltr'><strong>synagoga</strong></span> <span class='ocrx_word' id='word_1_62' title='bbox 1554 965 1651 1021; x_wconf 94' lang='lat' dir='ltr'><strong>pro</strong></span> <span class='ocrx_word' id='word_1_63' title='bbox 1696 948 2097 1020; x_wconf 86' lang='lat' dir='ltr'><strong>dispensatione</strong></span> 
     </span>
    </p>
   </div>
   <div class='ocr_carea' id='block_1_11' title="bbox 503 1038 2096 1117">
    <p class='ocr_par' dir='ltr' id='par_1_11' title="bbox 503 1038 2096 1117">
     <span class='ocr_line' id='line_1_11' title="bbox 503 1038 2096 1117; baseline -0.003 -17"><span class='ocrx_word' id='word_1_64' title='bbox 503 1044 770 1117; x_wconf 86' lang='lat' dir='ltr'><strong>temporis</strong></span> <span class='ocrx_word' id='word_1_65' title='bbox 801 1043 1008 1099; x_wconf 87' lang='lat' dir='ltr'><strong>utiliter</strong></span> <span class='ocrx_word' id='word_1_66' title='bbox 1027 1042 1495 1114; x_wconf 82' lang='lat' dir='ltr'><strong>viguit,angelicae</strong></span> <span class='ocrx_word' id='word_1_67' title='bbox 1525 1040 1847 1113; x_wconf 86' lang='lat' dir='ltr'><strong>virginitatis</strong></span> <span class='ocrx_word' id='word_1_68' title='bbox 1886 1038 2096 1096; x_wconf 84' lang='lat' dir='ltr'><strong>ﬂosculi</strong></span> 
     </span>
    </p>
   </div>
   <div class='ocr_carea' id='block_1_12' title="bbox 503 1132 2096 1211">
    <p class='ocr_par' dir='ltr' id='par_1_12' title="bbox 503 1132 2096 1211">
     <span class='ocr_line' id='line_1_12' title="bbox 503 1132 2096 1211; baseline -0.004 -16"><span class='ocrx_word' id='word_1_69' title='bbox 503 1138 876 1211; x_wconf 89' lang='lat' dir='ltr'><strong>germinarent</strong></span> <span class='ocrx_word' id='word_1_70' title='bbox 924 1151 991 1193; x_wconf 88' lang='lat' dir='ltr'><strong>ac</strong></span> <span class='ocrx_word' id='word_1_71' title='bbox 1039 1135 1426 1193; x_wconf 88' lang='lat' dir='ltr'><strong>suaveoleutes</strong></span> <span class='ocrx_word' id='word_1_72' title='bbox 1483 1134 1831 1192; x_wconf 64' lang='lat' dir='ltr'><strong>continentiae</strong></span> <span class='ocrx_word' id='word_1_73' title='bbox 1886 1132 2096 1189; x_wconf 87' lang='lat' dir='ltr'><strong>fructus</strong></span> 
     </span>
    </p>
   </div>
   <div class='ocr_carea' id='block_1_13' title="bbox 500 1228 2096 1305">
    <p class='ocr_par' dir='ltr' id='par_1_13' title="bbox 500 1228 2096 1305">
     <span class='ocr_line' id='line_1_13' title="bbox 500 1228 2096 1305; baseline -0.003 -16"><span class='ocrx_word' id='word_1_74' title='bbox 500 1233 555 1289; x_wconf 88' lang='lat' dir='ltr'><strong>in</strong></span> <span class='ocrx_word' id='word_1_75' title='bbox 592 1231 833 1289; x_wconf 86' lang='lat' dir='ltr'><strong>Ecclesia</strong></span> <span class='ocrx_word' id='word_1_76' title='bbox 869 1231 1242 1305; x_wconf 88' lang='lat' dir='ltr'><strong>gignerentur.</strong></span> <span class='ocrx_word' id='word_1_77' title='bbox 1278 1229 1555 1286; x_wconf 84' lang='lat' dir='ltr'><strong>Mendacia</strong></span> <span class='ocrx_word' id='word_1_78' title='bbox 1586 1244 1720 1285; x_wconf 86' lang='lat' dir='ltr'><strong>vero</strong></span> <span class='ocrx_word' id='word_1_79' title='bbox 1764 1228 1928 1285; x_wconf 90' lang='lat' dir='ltr'><strong>etiam</strong></span> <span class='ocrx_word' id='word_1_80' title='bbox 1969 1237 2096 1285; x_wconf 89' lang='lat' dir='ltr'><strong>tunc</strong></span> 
     </span>
    </p>
   </div>
   <div class='ocr_carea' id='block_1_14' title="bbox 497 1319 2095 1390">
    <p class='ocr_par' dir='ltr' id='par_1_14' title="bbox 497 1319 2095 1390">
     <span class='ocr_line' id='line_1_14' title="bbox 497 1319 2095 1390; baseline -0.004 -11"><span class='ocrx_word' id='word_1_81' title='bbox 497 1322 670 1379; x_wconf 81' lang='lat' dir='ltr'><strong>fuisse</strong></span> <span class='ocrx_word' id='word_1_82' title='bbox 690 1323 966 1390; x_wconf 88' lang='lat' dir='ltr'><strong>damnata,</strong></span> <span class='ocrx_word' id='word_1_83' title='bbox 994 1322 1159 1376; x_wconf 89' lang='lat' dir='ltr'><strong>totius</strong></span> <span class='ocrx_word' id='word_1_84' title='bbox 1176 1322 1376 1376; x_wconf 84' lang='lat' dir='ltr'><strong>veteris</strong></span> <span class='ocrx_word' id='word_1_85' title='bbox 1399 1320 1747 1375; x_wconf 90' lang='lat' dir='ltr'><strong>lustrumenti</strong></span> <span class='ocrx_word' id='word_1_86' title='bbox 1776 1328 1956 1375; x_wconf 82' lang='lat' dir='ltr'><strong>textus</strong></span> <span class='ocrx_word' id='word_1_87' title='bbox 1981 1319 2095 1374; x_wconf 87' lang='lat' dir='ltr'><strong>evi-</strong></span> 
     </span>
    </p>
   </div>
   <div class='ocr_carea' id='block_1_15' title="bbox 500 1409 2095 1482">
    <p class='ocr_par' dir='ltr' id='par_1_15' title="bbox 500 1409 2095 1482">
     <span class='ocr_line' id='line_1_15' title="bbox 500 1409 2095 1482; baseline -0.004 -12"><span class='ocrx_word' id='word_1_88' title='bbox 500 1415 695 1472; x_wconf 88' lang='lat' dir='ltr'><strong>denter</strong></span> <span class='ocrx_word' id='word_1_89' title='bbox 715 1414 977 1476; x_wconf 85' lang='lat' dir='ltr'><strong>ostendit.</strong></span> <span class='ocrx_word' id='word_1_90' title='bbox 1004 1414 1191 1469; x_wconf 86' lang='lat' dir='ltr'><strong>dicens</strong></span> <span class='ocrx_word' id='word_1_91' title='bbox 1218 1430 1233 1468; x_wconf 91' lang='lat'><strong>:</strong></span> <span class='ocrx_word' id='word_1_92' title='bbox 1268 1410 1465 1466; x_wconf 84' lang='lat' dir='ltr'><strong>Perdes</strong></span> <span class='ocrx_word' id='word_1_93' title='bbox 1489 1426 1664 1466; x_wconf 86' lang='lat' dir='ltr'><strong>omnes</strong></span> <span class='ocrx_word' id='word_1_94' title='bbox 1694 1410 1784 1482; x_wconf 86' lang='lat' dir='ltr'><strong>qui</strong></span> <span class='ocrx_word' id='word_1_95' title='bbox 1813 1409 2095 1479; x_wconf 88' lang='lat' dir='ltr'><strong>loquuntur</strong></span> 
     </span>
    </p>
   </div>
   <div class='ocr_carea' id='block_1_16' title="bbox 497 1502 2096 1581">
    <p class='ocr_par' dir='ltr' id='par_1_16' title="bbox 497 1502 2096 1581">
     <span class='ocr_line' id='line_1_16' title="bbox 497 1502 2096 1581; baseline -0.004 -17"><span class='ocrx_word' id='word_1_96' title='bbox 497 1509 825 1564; x_wconf 79' lang='lat' dir='ltr'><strong>mendacium</strong></span> <span class='ocrx_word' id='word_1_97' title='bbox 858 1505 1033 1581; x_wconf 86' lang='lat' dir='ltr'><strong>(Psal.</strong></span> <span class='ocrx_word' id='word_1_98' title='bbox 1066 1508 1144 1577; x_wconf 91' lang='lat' dir='ltr'><strong>v).</strong></span> <span class='ocrx_word' id='word_1_99' title='bbox 1179 1505 1248 1559; x_wconf 90' lang='lat' dir='ltr'><strong>Et</strong></span> <span class='ocrx_word' id='word_1_100' title='bbox 1268 1505 1461 1560; x_wconf 84' lang='lat' dir='ltr'><strong>iterum</strong></span> <span class='ocrx_word' id='word_1_101' title='bbox 1499 1522 1512 1558; x_wconf 92' lang='lat'><strong>:</strong></span> <span class='ocrx_word' id='word_1_102' title='bbox 1554 1502 1741 1560; x_wconf 77' lang='lat' dir='ltr'><strong>Suavis</strong></span> <span class='ocrx_word' id='word_1_103' title='bbox 1779 1514 1851 1559; x_wconf 85' lang='lat' dir='ltr'><strong>est</strong></span> <span class='ocrx_word' id='word_1_104' title='bbox 1896 1503 2096 1558; x_wconf 83' lang='lat' dir='ltr'><strong>homini</strong></span> 
     </span>
    </p>
   </div>
   <div class='ocr_carea' id='block_1_17' title="bbox 496 1597 2093 1676">
    <p class='ocr_par' dir='ltr' id='par_1_17' title="bbox 496 1597 2093 1676">
     <span class='ocr_line' id='line_1_17' title="bbox 496 1597 2093 1676; baseline -0.004 -19"><span class='ocrx_word' id='word_1_105' title='bbox 496 1604 647 1676; x_wconf 86' lang='lat' dir='ltr'><strong>panis</strong></span> <span class='ocrx_word' id='word_1_106' title='bbox 687 1601 975 1666; x_wconf 79' lang='lat' dir='ltr'><strong>mendacii,</strong></span> <span class='ocrx_word' id='word_1_107' title='bbox 1027 1608 1074 1653; x_wconf 87' lang='lat' dir='ltr'><strong>et</strong></span> <span class='ocrx_word' id='word_1_108' title='bbox 1103 1609 1279 1670; x_wconf 86' lang='lat' dir='ltr'><strong>postea</strong></span> <span class='ocrx_word' id='word_1_109' title='bbox 1324 1598 1606 1669; x_wconf 83' lang='lat' dir='ltr'><strong>replebitur</strong></span> <span class='ocrx_word' id='word_1_110' title='bbox 1650 1614 1709 1653; x_wconf 92' lang='lat' dir='ltr'><strong>os</strong></span> <span class='ocrx_word' id='word_1_111' title='bbox 1747 1599 1858 1671; x_wconf 84' lang='lat' dir='ltr'><strong>ejus</strong></span> <span class='ocrx_word' id='word_1_112' title='bbox 1886 1597 2093 1652; x_wconf 82' lang='lat' dir='ltr'><strong>calculo</strong></span> 
     </span>
    </p>
   </div>
   <div class='ocr_carea' id='block_1_18' title="bbox 498 1689 2090 1767">
    <p class='ocr_par' dir='ltr' id='par_1_18' title="bbox 498 1689 2090 1767">
     <span class='ocr_line' id='line_1_18' title="bbox 498 1689 2090 1767; baseline -0.004 -17"><span class='ocrx_word' id='word_1_113' title='bbox 498 1694 685 1767; x_wconf 85' lang='lat' dir='ltr'><strong>(Prov.</strong></span> <span class='ocrx_word' id='word_1_114' title='bbox 714 1692 833 1767; x_wconf 82' lang='lat' dir='ltr'><strong>xx).</strong></span> <span class='ocrx_word' id='word_1_115' title='bbox 881 1691 952 1749; x_wconf 84' lang='lat' dir='ltr'><strong>Et</strong></span> <span class='ocrx_word' id='word_1_116' title='bbox 981 1693 1101 1764; x_wconf 88' lang='lat' dir='ltr'><strong>ipse</strong></span> <span class='ocrx_word' id='word_1_117' title='bbox 1137 1691 1448 1762; x_wconf 83' lang='lat' dir='ltr'><strong>legislator,</strong></span> <span class='ocrx_word' id='word_1_118' title='bbox 1483 1689 1844 1758; x_wconf 79' lang='lat' dir='ltr'><strong>Mendacium,</strong></span> <span class='ocrx_word' id='word_1_119' title='bbox 1878 1690 2090 1762; x_wconf 89' lang='lat' dir='ltr'><strong>inquit,</strong></span> 
     </span>
    </p>
   </div>
   <div class='ocr_carea' id='block_1_19' title="bbox 2199 483 3794 543">
    <p class='ocr_par' dir='ltr' id='par_1_19' title="bbox 2199 483 3794 543">
     <span class='ocr_line' id='line_1_19' title="bbox 2199 483 3794 543; baseline -0.002 0"><span class='ocrx_word' id='word_1_120' title='bbox 2199 485 2323 543; x_wconf 91' lang='lat' dir='ltr'><strong>dam</strong></span> <span class='ocrx_word' id='word_1_121' title='bbox 2355 484 2579 541; x_wconf 84' lang='lat' dir='ltr'><strong>salutem</strong></span> <span class='ocrx_word' id='word_1_122' title='bbox 2610 492 2827 541; x_wconf 89' lang='lat' dir='ltr'><strong>sanctos</strong></span> <span class='ocrx_word' id='word_1_123' title='bbox 2857 484 3003 539; x_wconf 89' lang='lat' dir='ltr'><strong>viros</strong></span> <span class='ocrx_word' id='word_1_124' title='bbox 3035 484 3086 539; x_wconf 93' lang='lat' dir='ltr'><strong>in</strong></span> <span class='ocrx_word' id='word_1_125' title='bbox 3118 484 3290 540; x_wconf 88' lang='lat' dir='ltr'><strong>veteri</strong></span> <span class='ocrx_word' id='word_1_126' title='bbox 3317 483 3667 540; x_wconf 85' lang='lat' dir='ltr'><strong>Testamento</strong></span> <span class='ocrx_word' id='word_1_127' title='bbox 3705 485 3794 540; x_wconf 91' lang='lat' dir='ltr'><strong>le-</strong></span> 
     </span>
    </p>
   </div>
   <div class='ocr_carea' id='block_1_20' title="bbox 2198 577 3799 650">
    <p class='ocr_par' dir='ltr' id='par_1_20' title="bbox 2198 577 3799 650">
     <span class='ocr_line' id='line_1_20' title="bbox 2198 577 3799 650; baseline 0 -17"><span class='ocrx_word' id='word_1_128' title='bbox 2198 579 2376 650; x_wconf 89' lang='lat' dir='ltr'><strong>gimus</strong></span> <span class='ocrx_word' id='word_1_129' title='bbox 2411 587 2729 643; x_wconf 86' lang='lat' dir='ltr'><strong>exsecutos,</strong></span> <span class='ocrx_word' id='word_1_130' title='bbox 2761 577 2814 633; x_wconf 94' lang='lat' dir='ltr'><strong>in</strong></span> <span class='ocrx_word' id='word_1_131' title='bbox 2846 584 3053 633; x_wconf 92' lang='lat' dir='ltr'><strong>tantum</strong></span> <span class='ocrx_word' id='word_1_132' title='bbox 3083 589 3183 633; x_wconf 89' lang='lat' dir='ltr'><strong>nos</strong></span> <span class='ocrx_word' id='word_1_133' title='bbox 3211 590 3425 649; x_wconf 90' lang='lat' dir='ltr'><strong>quoque</strong></span> <span class='ocrx_word' id='word_1_134' title='bbox 3449 590 3571 632; x_wconf 89' lang='lat' dir='ltr'><strong>cum</strong></span> <span class='ocrx_word' id='word_1_135' title='bbox 3599 591 3799 634; x_wconf 84' lang='lat' dir='ltr'><strong>neces-</strong></span> 
     </span>
    </p>
   </div>
   <div class='ocr_carea' id='block_1_21' title="bbox 2199 667 3798 740">
    <p class='ocr_par' dir='ltr' id='par_1_21' title="bbox 2199 667 3798 740">
     <span class='ocr_line' id='line_1_21' title="bbox 2199 667 3798 740; baseline 0.001 -17"><span class='ocrx_word' id='word_1_136' title='bbox 2199 670 2332 724; x_wconf 90' lang='lat' dir='ltr'><strong>sitas</strong></span> <span class='ocrx_word' id='word_1_137' title='bbox 2383 669 2744 725; x_wconf 84' lang='lat' dir='ltr'><strong>coarctaverit</strong></span> <span class='ocrx_word' id='word_1_138' title='bbox 2798 683 2910 725; x_wconf 90' lang='lat' dir='ltr'><strong>non</strong></span> <span class='ocrx_word' id='word_1_139' title='bbox 2965 682 3252 740; x_wconf 80' lang='lat' dir='ltr'><strong>possumus</strong></span> <span class='ocrx_word' id='word_1_140' title='bbox 3308 667 3583 737; x_wconf 85' lang='lat' dir='ltr'><strong>abdicare,</strong></span> <span class='ocrx_word' id='word_1_141' title='bbox 3614 679 3674 724; x_wconf 90' lang='lat' dir='ltr'><strong>ut</strong></span> <span class='ocrx_word' id='word_1_142' title='bbox 3725 686 3798 725; x_wconf 84' lang='lat' dir='ltr'><strong>ne</strong></span> 
     </span>
    </p>
   </div>
   <div class='ocr_carea' id='block_1_22' title="bbox 2199 762 3797 837">
    <p class='ocr_par' dir='ltr' id='par_1_22' title="bbox 2199 762 3797 837">
     <span class='ocr_line' id='line_1_22' title="bbox 2199 762 3797 837; baseline 0.001 -19"><span class='ocrx_word' id='word_1_143' title='bbox 2199 764 2345 834; x_wconf 80' lang='lat' dir='ltr'><strong>ipsos</strong></span> <span class='ocrx_word' id='word_1_144' title='bbox 2384 763 2601 835; x_wconf 85' lang='lat' dir='ltr'><strong>quidem</strong></span> <span class='ocrx_word' id='word_1_145' title='bbox 2651 762 2959 837; x_wconf 86' lang='lat' dir='ltr'><strong>apostolos,</strong></span> <span class='ocrx_word' id='word_1_146' title='bbox 2990 764 3083 819; x_wconf 90' lang='lat' dir='ltr'><strong>ubi</strong></span> <span class='ocrx_word' id='word_1_147' title='bbox 3137 762 3504 820; x_wconf 83' lang='lat' dir='ltr'><strong>consideratio</strong></span> <span class='ocrx_word' id='word_1_148' title='bbox 3555 763 3797 833; x_wconf 79' lang='lat' dir='ltr'><strong>alicujus</strong></span> 
     </span>
    </p>
   </div>
   <div class='ocr_carea' id='block_1_23' title="bbox 2199 854 3796 927">
    <p class='ocr_par' dir='ltr' id='par_1_23' title="bbox 2199 854 3796 927">
     <span class='ocr_line' id='line_1_23' title="bbox 2199 854 3796 927; baseline -0.001 -15"><span class='ocrx_word' id='word_1_149' title='bbox 2199 856 2447 912; x_wconf 83' lang='lat' dir='ltr'><strong>utilitatis</strong></span> <span class='ocrx_word' id='word_1_150' title='bbox 2489 858 2697 927; x_wconf 80' lang='lat' dir='ltr'><strong>exegit,</strong></span> <span class='ocrx_word' id='word_1_151' title='bbox 2733 857 2801 913; x_wconf 92' lang='lat' dir='ltr'><strong>ab</strong></span> <span class='ocrx_word' id='word_1_152' title='bbox 2843 856 2924 913; x_wconf 89' lang='lat' dir='ltr'><strong>eis</strong></span> <span class='ocrx_word' id='word_1_153' title='bbox 2951 854 3255 914; x_wconf 64' lang='lat' dir='ltr'><strong>declinasse</strong></span> <span class='ocrx_word' id='word_1_154' title='bbox 3294 871 3600 914; x_wconf 86' lang='lat' dir='ltr'><strong>cernamus.</strong></span> <span class='ocrx_word' id='word_1_155' title='bbox 3654 856 3796 926; x_wconf 64' lang='lat' dir='ltr'><strong>Qum</strong></span> 
     </span>
    </p>
   </div>
   <div class='ocr_carea' id='block_1_24' title="bbox 2197 950 3796 1023">
    <p class='ocr_par' dir='ltr' id='par_1_24' title="bbox 2197 950 3796 1023">
     <span class='ocr_line' id='line_1_24' title="bbox 2197 950 3796 1023; baseline -0.001 -17"><span class='ocrx_word' id='word_1_156' title='bbox 2197 952 2474 1023; x_wconf 79' lang='lat' dir='ltr'><strong>paulisper</strong></span> <span class='ocrx_word' id='word_1_157' title='bbox 2504 952 2720 1008; x_wconf 85' lang='lat' dir='ltr'><strong>interim</strong></span> <span class='ocrx_word' id='word_1_158' title='bbox 2750 950 3092 1018; x_wconf 78' lang='lat' dir='ltr'><strong>diﬂ‘erentes,</strong></span> <span class='ocrx_word' id='word_1_159' title='bbox 3113 951 3339 1023; x_wconf 84' lang='lat' dir='ltr'><strong>digestis</strong></span> <span class='ocrx_word' id='word_1_160' title='bbox 3370 950 3624 1022; x_wconf 87' lang='lat' dir='ltr'><strong>primitus</strong></span> <span class='ocrx_word' id='word_1_161' title='bbox 3666 965 3796 1021; x_wconf 78' lang='lat' dir='ltr'><strong>qua:</strong></span> 
     </span>
    </p>
   </div>
   <div class='ocr_carea' id='block_1_25' title="bbox 2196 1043 3792 1115">
    <p class='ocr_par' dir='ltr' id='par_1_25' title="bbox 2196 1043 3792 1115">
     <span class='ocr_line' id='line_1_25' title="bbox 2196 1043 3792 1115; baseline 0 -16"><span class='ocrx_word' id='word_1_162' title='bbox 2196 1043 2372 1100; x_wconf 86' lang='lat' dir='ltr'><strong>adhuc</strong></span> <span class='ocrx_word' id='word_1_163' title='bbox 2410 1043 2479 1100; x_wconf 91' lang='lat' dir='ltr'><strong>de</strong></span> <span class='ocrx_word' id='word_1_164' title='bbox 2527 1044 2695 1099; x_wconf 88' lang='lat' dir='ltr'><strong>veteri</strong></span> <span class='ocrx_word' id='word_1_165' title='bbox 2743 1043 3094 1100; x_wconf 88' lang='lat' dir='ltr'><strong>Testamento</strong></span> <span class='ocrx_word' id='word_1_166' title='bbox 3142 1045 3385 1115; x_wconf 85' lang='lat' dir='ltr'><strong>proferre</strong></span> <span class='ocrx_word' id='word_1_167' title='bbox 3423 1044 3792 1115; x_wconf 86' lang='lat' dir='ltr'><strong>disponimus,</strong></span> 
     </span>
    </p>
   </div>
   <div class='ocr_carea' id='block_1_26' title="bbox 2196 1134 3797 1208">
    <p class='ocr_par' dir='ltr' id='par_1_26' title="bbox 2196 1134 3797 1208">
     <span class='ocr_line' id='line_1_26' title="bbox 2196 1134 3797 1208; baseline 0.002 -19"><span class='ocrx_word' id='word_1_168' title='bbox 2196 1144 2317 1207; x_wconf 89' lang='lat' dir='ltr'><strong>post</strong></span> <span class='ocrx_word' id='word_1_169' title='bbox 2354 1139 2468 1192; x_wconf 74' lang='lat' dir='ltr'><strong>tunc</strong></span> <span class='ocrx_word' id='word_1_170' title='bbox 2494 1136 2883 1207; x_wconf 89' lang='lat' dir='ltr'><strong>congruentius</strong></span> <span class='ocrx_word' id='word_1_171' title='bbox 2911 1134 3223 1204; x_wconf 75' lang='lat' dir='ltr'><strong>inferamus,</strong></span> <span class='ocrx_word' id='word_1_172' title='bbox 3253 1145 3314 1193; x_wconf 90' lang='lat' dir='ltr'><strong>ut</strong></span> <span class='ocrx_word' id='word_1_173' title='bbox 3344 1136 3553 1193; x_wconf 75' lang='lat' dir='ltr'><strong>facilius</strong></span> <span class='ocrx_word' id='word_1_174' title='bbox 3589 1144 3797 1208; x_wconf 86' lang='lat' dir='ltr'><strong>appro-</strong></span> 
     </span>
    </p>
   </div>
   <div class='ocr_carea' id='block_1_27' title="bbox 2196 1228 3794 1301">
    <p class='ocr_par' dir='ltr' id='par_1_27' title="bbox 2196 1228 3794 1301">
     <span class='ocr_line' id='line_1_27' title="bbox 2196 1228 3794 1301; baseline -0.002 -15"><span class='ocrx_word' id='word_1_175' title='bbox 2196 1229 2352 1286; x_wconf 88' lang='lat' dir='ltr'><strong>betur</strong></span> <span class='ocrx_word' id='word_1_176' title='bbox 2396 1229 2540 1285; x_wconf 89' lang='lat' dir='ltr'><strong>viros</strong></span> <span class='ocrx_word' id='word_1_177' title='bbox 2562 1229 2742 1301; x_wconf 87' lang='lat' dir='ltr'><strong>justos</strong></span> <span class='ocrx_word' id='word_1_178' title='bbox 2776 1240 2829 1286; x_wconf 93' lang='lat' dir='ltr'><strong>et</strong></span> <span class='ocrx_word' id='word_1_179' title='bbox 2869 1240 3121 1295; x_wconf 87' lang='lat' dir='ltr'><strong>sanctos,</strong></span> <span class='ocrx_word' id='word_1_180' title='bbox 3155 1238 3261 1284; x_wconf 91' lang='lat' dir='ltr'><strong>tam</strong></span> <span class='ocrx_word' id='word_1_181' title='bbox 3291 1228 3343 1283; x_wconf 92' lang='lat' dir='ltr'><strong>in</strong></span> <span class='ocrx_word' id='word_1_182' title='bbox 3374 1244 3511 1285; x_wconf 89' lang='lat' dir='ltr'><strong>novo</strong></span> <span class='ocrx_word' id='word_1_183' title='bbox 3540 1244 3700 1301; x_wconf 86' lang='lat' dir='ltr'><strong>quam</strong></span> <span class='ocrx_word' id='word_1_184' title='bbox 3734 1230 3794 1283; x_wconf 92' lang='lat' dir='ltr'><strong>in</strong></span> 
     </span>
    </p>
   </div>
   <div class='ocr_carea' id='block_1_28' title="bbox 2194 1320 3794 1391">
    <p class='ocr_par' dir='ltr' id='par_1_28' title="bbox 2194 1320 3794 1391">
     <span class='ocr_line' id='line_1_28' title="bbox 2194 1320 3794 1391; baseline 0 -14"><span class='ocrx_word' id='word_1_185' title='bbox 2194 1321 2363 1377; x_wconf 86' lang='lat' dir='ltr'><strong>veteri</strong></span> <span class='ocrx_word' id='word_1_186' title='bbox 2394 1321 2742 1377; x_wconf 86' lang='lat' dir='ltr'><strong>Testamento</strong></span> <span class='ocrx_word' id='word_1_187' title='bbox 2776 1320 2829 1376; x_wconf 90' lang='lat' dir='ltr'><strong>in</strong></span> <span class='ocrx_word' id='word_1_188' title='bbox 2872 1320 2955 1376; x_wconf 91' lang='lat' dir='ltr'><strong>his</strong></span> <span class='ocrx_word' id='word_1_189' title='bbox 2984 1320 3303 1376; x_wconf 88' lang='lat' dir='ltr'><strong>oeconomiis</strong></span> <span class='ocrx_word' id='word_1_190' title='bbox 3339 1320 3443 1376; x_wconf 92' lang='lat' dir='ltr'><strong>sibi</strong></span> <span class='ocrx_word' id='word_1_191' title='bbox 3473 1335 3569 1391; x_wconf 91' lang='lat' dir='ltr'><strong>per</strong></span> <span class='ocrx_word' id='word_1_192' title='bbox 3606 1324 3794 1377; x_wconf 82' lang='lat' dir='ltr'><strong>omnia</strong></span> 
     </span>
    </p>
   </div>
   <div class='ocr_carea' id='block_1_29' title="bbox 2161 1411 3793 1491">
    <p class='ocr_par' dir='ltr' id='par_1_29' title="bbox 2161 1411 3793 1491">
     <span class='ocr_line' id='line_1_29' title="bbox 2161 1411 3793 1491; baseline 0 -22"><span class='ocrx_word' id='word_1_193' title='bbox 2161 1489 2165 1491; x_wconf 8' lang='grc' dir='ltr'><strong>Α</strong></span> <span class='ocrx_word' id='word_1_194' title='bbox 2195 1412 2584 1469; x_wconf 86' lang='lat' dir='ltr'><strong>concordasse.</strong></span> <span class='ocrx_word' id='word_1_195' title='bbox 2636 1412 2776 1481; x_wconf 84' lang='lat' dir='ltr'><strong>Quid</strong></span> <span class='ocrx_word' id='word_1_196' title='bbox 2812 1413 2955 1468; x_wconf 91' lang='lat' dir='ltr'><strong>enim</strong></span> <span class='ocrx_word' id='word_1_197' title='bbox 2988 1411 3055 1468; x_wconf 87' lang='lat' dir='ltr'><strong>de</strong></span> <span class='ocrx_word' id='word_1_198' title='bbox 3087 1412 3178 1468; x_wconf 82' lang='lat' dir='ltr'><strong>illa</strong></span> <span class='ocrx_word' id='word_1_199' title='bbox 3227 1412 3391 1468; x_wconf 87' lang='lat' dir='ltr'><strong>Chusi</strong></span> <span class='ocrx_word' id='word_1_200' title='bbox 3441 1411 3505 1468; x_wconf 89' lang='lat' dir='ltr'><strong>ad</strong></span> <span class='ocrx_word' id='word_1_201' title='bbox 3542 1412 3793 1469; x_wconf 81' lang='lat' dir='ltr'><strong>Absalon</strong></span> 
     </span>
    </p>
   </div>
   <div class='ocr_carea' id='block_1_30' title="bbox 2195 1502 3792 1577">
    <p class='ocr_par' dir='ltr' id='par_1_30' title="bbox 2195 1502 3792 1577">
     <span class='ocr_line' id='line_1_30' title="bbox 2195 1502 3792 1577; baseline -0.001 -16"><span class='ocrx_word' id='word_1_202' title='bbox 2195 1519 2294 1577; x_wconf 87' lang='lat' dir='ltr'><strong>pro</strong></span> <span class='ocrx_word' id='word_1_203' title='bbox 2344 1505 2518 1559; x_wconf 89' lang='lat' dir='ltr'><strong>salute</strong></span> <span class='ocrx_word' id='word_1_204' title='bbox 2559 1505 2699 1574; x_wconf 86' lang='lat' dir='ltr'><strong>regis</strong></span> <span class='ocrx_word' id='word_1_205' title='bbox 2745 1504 2910 1559; x_wconf 83' lang='lat' dir='ltr'><strong>David</strong></span> <span class='ocrx_word' id='word_1_206' title='bbox 2946 1502 2976 1543; x_wconf 71' lang='grc' dir='ltr'>δ</span> <span class='ocrx_word' id='word_1_207' title='bbox 3005 1505 3093 1574; x_wconf 88' lang='lat' dir='ltr'><strong>pia</strong></span> <span class='ocrx_word' id='word_1_208' title='bbox 3139 1503 3484 1560; x_wconf 84' lang='lat' dir='ltr'><strong>simulatione</strong></span> <span class='ocrx_word' id='word_1_209' title='bbox 3520 1504 3792 1569; x_wconf 85' lang='lat' dir='ltr'><strong>dicimus,</strong></span> 
     </span>
    </p>
   </div>
   <div class='ocr_carea' id='block_1_31' title="bbox 2194 1594 3794 1668">
    <p class='ocr_par' dir='ltr' id='par_1_31' title="bbox 2194 1594 3794 1668">
     <span class='ocr_line' id='line_1_31' title="bbox 2194 1594 3794 1668; baseline 0.001 -18"><span class='ocrx_word' id='word_1_210' title='bbox 2194 1611 2313 1667; x_wconf 65' lang='lat' dir='ltr'><strong>qum</strong></span> <span class='ocrx_word' id='word_1_211' title='bbox 2340 1611 2461 1651; x_wconf 91' lang='lat' dir='ltr'><strong>cum</strong></span> <span class='ocrx_word' id='word_1_212' title='bbox 2493 1604 2603 1650; x_wconf 89' lang='lat' dir='ltr'><strong>toto</strong></span> <span class='ocrx_word' id='word_1_213' title='bbox 2630 1594 2865 1650; x_wconf 89' lang='lat' dir='ltr'><strong>fallentis</strong></span> <span class='ocrx_word' id='word_1_214' title='bbox 2900 1604 2956 1651; x_wconf 93' lang='lat' dir='ltr'><strong>et</strong></span> <span class='ocrx_word' id='word_1_215' title='bbox 2996 1595 3474 1652; x_wconf 87' lang='lat' dir='ltr'><strong>circumvenientis</strong></span> <span class='ocrx_word' id='word_1_216' title='bbox 3505 1610 3794 1668; x_wconf 83' lang='lat' dir='ltr'><strong>promatur</strong></span> 
     </span>
    </p>
   </div>
   <div class='ocr_carea' id='block_1_32' title="bbox 2194 1688 3793 1761">
    <p class='ocr_par' dir='ltr' id='par_1_32' title="bbox 2194 1688 3793 1761">
     <span class='ocr_line' id='line_1_32' title="bbox 2194 1688 3793 1761; baseline 0.001 -17"><span class='ocrx_word' id='word_1_217' title='bbox 2194 1688 2421 1753; x_wconf 84' lang='lat' dir='ltr'><strong>aﬂ&#39;ectu,</strong></span> <span class='ocrx_word' id='word_1_218' title='bbox 2464 1697 2519 1743; x_wconf 89' lang='lat' dir='ltr'><strong>et</strong></span> <span class='ocrx_word' id='word_1_219' title='bbox 2553 1688 2835 1743; x_wconf 85' lang='lat' dir='ltr'><strong>utilitatem</strong></span> <span class='ocrx_word' id='word_1_220' title='bbox 2883 1688 3218 1744; x_wconf 87' lang='lat' dir='ltr'><strong>consulentis</strong></span> <span class='ocrx_word' id='word_1_221' title='bbox 3261 1688 3572 1761; x_wconf 88' lang='lat' dir='ltr'><strong>impugnet,</strong></span> <span class='ocrx_word' id='word_1_222' title='bbox 3629 1690 3793 1747; x_wconf 84' lang='lat' dir='ltr'><strong>Scri-</strong></span> 
     </span>
    </p>
   </div>
   <div class='ocr_carea' id='block_1_33' title="bbox 496 1779 3791 1861">
    <p class='ocr_par' dir='ltr' id='par_1_33' title="bbox 496 1779 3791 1861">
     <span class='ocr_line' id='line_1_33' title="bbox 496 1779 3791 1861; baseline -0.002 -18"><span class='ocrx_word' id='word_1_223' title='bbox 496 1790 665 1861; x_wconf 77' lang='lat' dir='ltr'><strong>fugies</strong></span> <span class='ocrx_word' id='word_1_224' title='bbox 699 1785 901 1859; x_wconf 64' lang='lat' dir='ltr'><strong>(Exod.</strong></span> <span class='ocrx_word' id='word_1_225' title='bbox 935 1784 1119 1859; x_wconf 84' lang='lat' dir='ltr'><strong>xxin).</strong></span> <span class='ocrx_word' id='word_1_226' title='bbox 1154 1784 1263 1842; x_wconf 89' lang='lat' dir='ltr'><strong>Sed</strong></span> <span class='ocrx_word' id='word_1_227' title='bbox 1297 1793 1323 1822; x_wconf 75' lang='grc' dir='ltr'>ι</span> <span class='ocrx_word' id='word_1_228' title='bbox 1365 1794 1491 1840; x_wconf 92' lang='lat' dir='ltr'><strong>tunc</strong></span> <span class='ocrx_word' id='word_1_229' title='bbox 1519 1782 1738 1839; x_wconf 89' lang='lat' dir='ltr'><strong>demum</strong></span> <span class='ocrx_word' id='word_1_230' title='bbox 1766 1782 1821 1838; x_wconf 92' lang='lat' dir='ltr'><strong>id</strong></span> <span class='ocrx_word' id='word_1_231' title='bbox 1851 1781 2093 1838; x_wconf 90' lang='lat' dir='ltr'><strong>veniabi-</strong></span> <span class='ocrx_word' id='word_1_232' title='bbox 2121 1781 2169 1841; x_wconf 92' lang='lat' dir='ltr'><strong>B</strong></span> <span class='ocrx_word' id='word_1_233' title='bbox 2195 1790 2369 1853; x_wconf 69' lang='lat' dir='ltr'><strong>pturze</strong></span> <span class='ocrx_word' id='word_1_234' title='bbox 2399 1780 2596 1837; x_wconf 68' lang='lat' dir='ltr'><strong>divina:</strong></span> <span class='ocrx_word' id='word_1_235' title='bbox 2625 1779 2941 1837; x_wconf 88' lang='lat' dir='ltr'><strong>testimonio</strong></span> <span class='ocrx_word' id='word_1_236' title='bbox 2970 1779 3373 1851; x_wconf 86' lang='lat' dir='ltr'><strong>comprobatur,</strong></span> <span class='ocrx_word' id='word_1_237' title='bbox 3406 1781 3477 1836; x_wconf 86' lang='lat' dir='ltr'><strong>ita</strong></span> <span class='ocrx_word' id='word_1_238' title='bbox 3507 1781 3745 1838; x_wconf 89' lang='lat' dir='ltr'><strong>dicentis</strong></span> <span class='ocrx_word' id='word_1_239' title='bbox 3778 1801 3791 1836; x_wconf 93' lang='lat'>:</span> 
     </span>
    </p>
   </div>
   <div class='ocr_carea' id='block_1_34' title="bbox 495 1874 2090 1947">
    <p class='ocr_par' dir='ltr' id='par_1_34' title="bbox 495 1874 2090 1947">
     <span class='ocr_line' id='line_1_34' title="bbox 495 1874 2090 1947; baseline -0.005 -10"><span class='ocrx_word' id='word_1_240' title='bbox 495 1881 620 1937; x_wconf 86' lang='lat' dir='ltr'><strong>liter</strong></span> <span class='ocrx_word' id='word_1_241' title='bbox 649 1880 887 1936; x_wconf 78' lang='lat' dir='ltr'><strong>diximus</strong></span> <span class='ocrx_word' id='word_1_242' title='bbox 938 1886 1258 1947; x_wconf 89' lang='lat' dir='ltr'><strong>usurpatum</strong></span> <span class='ocrx_word' id='word_1_243' title='bbox 1299 1891 1419 1931; x_wconf 90' lang='lat' dir='ltr'><strong>cum</strong></span> <span class='ocrx_word' id='word_1_244' title='bbox 1472 1876 1523 1931; x_wconf 90' lang='lat' dir='ltr'><strong>ei</strong></span> <span class='ocrx_word' id='word_1_245' title='bbox 1578 1876 1873 1931; x_wconf 86' lang='lat' dir='ltr'><strong>necessitas</strong></span> <span class='ocrx_word' id='word_1_246' title='bbox 1912 1874 2090 1944; x_wconf 88' lang='lat' dir='ltr'><strong>aliqua</strong></span> 
     </span>
    </p>
   </div>
   <div class='ocr_carea' id='block_1_35' title="bbox 494 1967 2089 2042">
    <p class='ocr_par' dir='ltr' id='par_1_35' title="bbox 494 1967 2089 2042">
     <span class='ocr_line' id='line_1_35' title="bbox 494 1967 2089 2042; baseline -0.005 -13"><span class='ocrx_word' id='word_1_247' title='bbox 494 1987 589 2029; x_wconf 89' lang='lat' dir='ltr'><strong>seu</strong></span> <span class='ocrx_word' id='word_1_248' title='bbox 618 1970 951 2042; x_wconf 87' lang='lat' dir='ltr'><strong>dispensatio</strong></span> <span class='ocrx_word' id='word_1_249' title='bbox 976 1970 1231 2025; x_wconf 87' lang='lat' dir='ltr'><strong>salutaris</strong></span> <span class='ocrx_word' id='word_1_250' title='bbox 1264 1968 1514 2040; x_wconf 86' lang='lat' dir='ltr'><strong>adjuncta</strong></span> <span class='ocrx_word' id='word_1_251' title='bbox 1546 1977 1652 2032; x_wconf 82' lang='lat' dir='ltr'><strong>est,</strong></span> <span class='ocrx_word' id='word_1_252' title='bbox 1684 1967 1756 2023; x_wconf 91' lang='lat' dir='ltr'><strong>ob</strong></span> <span class='ocrx_word' id='word_1_253' title='bbox 1781 1980 1941 2038; x_wconf 87' lang='lat' dir='ltr'><strong>quam</strong></span> <span class='ocrx_word' id='word_1_254' title='bbox 1981 1981 2089 2021; x_wconf 91' lang='lat' dir='ltr'><strong>non</strong></span> 
     </span>
    </p>
   </div>
   <div class='ocr_carea' id='block_1_36' title="bbox 495 2057 2090 2131">
    <p class='ocr_par' dir='ltr' id='par_1_36' title="bbox 495 2057 2090 2131">
     <span class='ocr_line' id='line_1_36' title="bbox 495 2057 2090 2131; baseline -0.005 -9"><span class='ocrx_word' id='word_1_255' title='bbox 495 2064 746 2122; x_wconf 87' lang='lat' dir='ltr'><strong>debuerit</strong></span> <span class='ocrx_word' id='word_1_256' title='bbox 772 2062 1156 2127; x_wconf 87' lang='lat' dir='ltr'><strong>condemnari;</strong></span> <span class='ocrx_word' id='word_1_257' title='bbox 1184 2063 1344 2131; x_wconf 80' lang='lat' dir='ltr'><strong>quale</strong></span> <span class='ocrx_word' id='word_1_258' title='bbox 1386 2070 1469 2116; x_wconf 89' lang='lat' dir='ltr'><strong>est</strong></span> <span class='ocrx_word' id='word_1_259' title='bbox 1505 2059 1639 2115; x_wconf 91' lang='lat' dir='ltr'><strong>illud</strong></span> <span class='ocrx_word' id='word_1_260' title='bbox 1674 2057 1816 2130; x_wconf 89' lang='lat' dir='ltr'><strong>quod</strong></span> <span class='ocrx_word' id='word_1_261' title='bbox 1852 2073 2090 2115; x_wconf 87' lang='lat' dir='ltr'><strong>comme-</strong></span> 
     </span>
    </p>
   </div>
   <div class='ocr_carea' id='block_1_37' title="bbox 494 2150 2092 2225">
    <p class='ocr_par' dir='ltr' id='par_1_37' title="bbox 494 2150 2092 2225">
     <span class='ocr_line' id='line_1_37' title="bbox 494 2150 2092 2225; baseline -0.005 -12"><span class='ocrx_word' id='word_1_262' title='bbox 494 2156 749 2213; x_wconf 88' lang='lat' dir='ltr'><strong>morastis</strong></span> <span class='ocrx_word' id='word_1_263' title='bbox 775 2154 842 2210; x_wconf 91' lang='lat' dir='ltr'><strong>de</strong></span> <span class='ocrx_word' id='word_1_264' title='bbox 876 2153 1044 2211; x_wconf 84' lang='lat' dir='ltr'><strong>David</strong></span> <span class='ocrx_word' id='word_1_265' title='bbox 1072 2167 1200 2224; x_wconf 87' lang='lat' dir='ltr'><strong>rege</strong></span> <span class='ocrx_word' id='word_1_266' title='bbox 1228 2152 1275 2225; x_wconf 89' lang='grc' dir='ltr'><strong>(ι</strong></span> <span class='ocrx_word' id='word_1_267' title='bbox 1303 2152 1431 2224; x_wconf 85' lang='lat' dir='ltr'><strong>Reg.</strong></span> <span class='ocrx_word' id='word_1_268' title='bbox 1464 2150 1598 2223; x_wconf 84' lang='lat' dir='ltr'><strong>xxi),</strong></span> <span class='ocrx_word' id='word_1_269' title='bbox 1627 2167 1749 2207; x_wconf 91' lang='lat' dir='ltr'><strong>cum</strong></span> <span class='ocrx_word' id='word_1_270' title='bbox 1767 2152 1978 2224; x_wconf 72' lang='lat' dir='ltr'><strong>fugiens</strong></span> <span class='ocrx_word' id='word_1_271' title='bbox 2008 2152 2092 2206; x_wconf 85' lang='lat' dir='ltr'><strong>in-</strong></span> 
     </span>
    </p>
   </div>
   <div class='ocr_carea' id='block_1_38' title="bbox 495 2243 2090 2315">
    <p class='ocr_par' dir='ltr' id='par_1_38' title="bbox 495 2243 2090 2315">
     <span class='ocr_line' id='line_1_38' title="bbox 495 2243 2090 2315; baseline -0.003 -12"><span class='ocrx_word' id='word_1_272' title='bbox 495 2246 845 2305; x_wconf 89' lang='lat' dir='ltr'><strong>sectationem</strong></span> <span class='ocrx_word' id='word_1_273' title='bbox 870 2245 1047 2302; x_wconf 89' lang='lat' dir='ltr'><strong>Saulis</strong></span> <span class='ocrx_word' id='word_1_274' title='bbox 1077 2245 1332 2315; x_wconf 86' lang='lat' dir='ltr'><strong>injustam</strong></span> <span class='ocrx_word' id='word_1_275' title='bbox 1365 2244 1431 2299; x_wconf 90' lang='lat' dir='ltr'><strong>ad</strong></span> <span class='ocrx_word' id='word_1_276' title='bbox 1460 2243 1805 2301; x_wconf 81' lang='lat' dir='ltr'><strong>Acbimelech</strong></span> <span class='ocrx_word' id='word_1_277' title='bbox 1837 2243 2090 2301; x_wconf 83' lang='lat' dir='ltr'><strong>sacerdo-</strong></span> 
     </span>
    </p>
   </div>
   <div class='ocr_carea' id='block_1_39' title="bbox 498 2335 2089 2407">
    <p class='ocr_par' dir='ltr' id='par_1_39' title="bbox 498 2335 2089 2407">
     <span class='ocr_line' id='line_1_39' title="bbox 498 2335 2089 2407; baseline -0.001 -12"><span class='ocrx_word' id='word_1_278' title='bbox 498 2348 631 2405; x_wconf 87' lang='lat' dir='ltr'><strong>tem,</strong></span> <span class='ocrx_word' id='word_1_279' title='bbox 664 2352 768 2392; x_wconf 91' lang='lat' dir='ltr'><strong>non</strong></span> <span class='ocrx_word' id='word_1_280' title='bbox 800 2335 1081 2407; x_wconf 91' lang='lat' dir='ltr'><strong>proposito</strong></span> <span class='ocrx_word' id='word_1_281' title='bbox 1107 2335 1424 2405; x_wconf 87' lang='lat' dir='ltr'><strong>cujusquam</strong></span> <span class='ocrx_word' id='word_1_282' title='bbox 1454 2335 1611 2404; x_wconf 88' lang='lat' dir='ltr'><strong>lucri,</strong></span> <span class='ocrx_word' id='word_1_283' title='bbox 1646 2351 1746 2392; x_wconf 90' lang='lat' dir='ltr'><strong>nec</strong></span> <span class='ocrx_word' id='word_1_284' title='bbox 1778 2337 1958 2392; x_wconf 89' lang='lat' dir='ltr'><strong>studio</strong></span> <span class='ocrx_word' id='word_1_285' title='bbox 1998 2336 2089 2394; x_wconf 72' lang='lat' dir='ltr'><strong>lte-</strong></span> 
     </span>
    </p>
   </div>
   <div class='ocr_carea' id='block_1_40' title="bbox 492 2429 2089 2502">
    <p class='ocr_par' dir='ltr' id='par_1_40' title="bbox 492 2429 2089 2502">
     <span class='ocr_line' id='line_1_40' title="bbox 492 2429 2089 2502; baseline -0.003 -13"><span class='ocrx_word' id='word_1_286' title='bbox 492 2431 658 2489; x_wconf 89' lang='lat' dir='ltr'><strong>dendi</strong></span> <span class='ocrx_word' id='word_1_287' title='bbox 702 2431 1043 2502; x_wconf 86' lang='lat' dir='ltr'><strong>quempiam,</strong></span> <span class='ocrx_word' id='word_1_288' title='bbox 1083 2429 1177 2486; x_wconf 87' lang='lat' dir='ltr'><strong>sed</strong></span> <span class='ocrx_word' id='word_1_289' title='bbox 1220 2442 1278 2484; x_wconf 87' lang='lat' dir='ltr'><strong>ut</strong></span> <span class='ocrx_word' id='word_1_290' title='bbox 1307 2429 1689 2486; x_wconf 85' lang='lat' dir='ltr'><strong>tantummodo</strong></span> <span class='ocrx_word' id='word_1_291' title='bbox 1736 2430 2089 2501; x_wconf 87' lang='lat' dir='ltr'><strong>semetipsum</strong></span> 
     </span>
    </p>
   </div>
   <div class='ocr_carea' id='block_1_41' title="bbox 492 2523 2093 2596">
    <p class='ocr_par' dir='ltr' id='par_1_41' title="bbox 492 2523 2093 2596">
     <span class='ocr_line' id='line_1_41' title="bbox 492 2523 2093 2596; baseline -0.003 -13"><span class='ocrx_word' id='word_1_292' title='bbox 492 2527 561 2583; x_wconf 90' lang='lat' dir='ltr'><strong>ab</strong></span> <span class='ocrx_word' id='word_1_293' title='bbox 603 2525 922 2596; x_wconf 89' lang='lat' dir='ltr'><strong>impiissima</strong></span> <span class='ocrx_word' id='word_1_294' title='bbox 962 2524 1086 2595; x_wconf 86' lang='lat' dir='ltr'><strong>ejus</strong></span> <span class='ocrx_word' id='word_1_295' title='bbox 1123 2524 1485 2579; x_wconf 89' lang='lat' dir='ltr'><strong>insectatione</strong></span> <span class='ocrx_word' id='word_1_296' title='bbox 1528 2523 1783 2589; x_wconf 88' lang='lat' dir='ltr'><strong>salvaret,</strong></span> <span class='ocrx_word' id='word_1_297' title='bbox 1816 2524 2093 2580; x_wconf 87' lang='lat' dir='ltr'><strong>mendaci—</strong></span> 
     </span>
    </p>
   </div>
   <div class='ocr_carea' id='block_1_42' title="bbox 490 2615 2088 2688">
    <p class='ocr_par' dir='ltr' id='par_1_42' title="bbox 490 2615 2088 2688">
     <span class='ocr_line' id='line_1_42' title="bbox 490 2615 2088 2688; baseline -0.002 -14"><span class='ocrx_word' id='word_1_298' title='bbox 490 2620 596 2675; x_wconf 85' lang='lat' dir='ltr'><strong>bus</strong></span> <span class='ocrx_word' id='word_1_299' title='bbox 632 2619 804 2673; x_wconf 88' lang='lat' dir='ltr'><strong>utitur</strong></span> <span class='ocrx_word' id='word_1_300' title='bbox 844 2616 1029 2672; x_wconf 87' lang='lat' dir='ltr'><strong>verbls</strong></span> <span class='ocrx_word' id='word_1_301' title='bbox 1052 2657 1069 2683; x_wconf 95' lang='lat'><strong>,</strong></span> <span class='ocrx_word' id='word_1_302' title='bbox 1108 2615 1307 2688; x_wconf 87' lang='lat' dir='ltr'><strong>quippe</strong></span> <span class='ocrx_word' id='word_1_303' title='bbox 1357 2615 1451 2686; x_wconf 90' lang='lat' dir='ltr'><strong>qui</strong></span> <span class='ocrx_word' id='word_1_304' title='bbox 1492 2629 1683 2670; x_wconf 83' lang='lat' dir='ltr'><strong>manus</strong></span> <span class='ocrx_word' id='word_1_305' title='bbox 1720 2630 1846 2670; x_wconf 82' lang='lat' dir='ltr'><strong>suas</strong></span> <span class='ocrx_word' id='word_1_306' title='bbox 1885 2615 2088 2672; x_wconf 90' lang='lat' dir='ltr'><strong>inimici</strong></span> 
     </span>
    </p>
   </div>
   <div class='ocr_carea' id='block_1_43' title="bbox 491 2706 2087 2780">
    <p class='ocr_par' dir='ltr' id='par_1_43' title="bbox 491 2706 2087 2780">
     <span class='ocr_line' id='line_1_43' title="bbox 491 2706 2087 2780; baseline -0.001 -17"><span class='ocrx_word' id='word_1_307' title='bbox 491 2709 635 2779; x_wconf 84' lang='lat' dir='ltr'><strong>regis</strong></span> <span class='ocrx_word' id='word_1_308' title='bbox 680 2708 941 2780; x_wconf 87' lang='lat' dir='ltr'><strong>sanguine</strong></span> <span class='ocrx_word' id='word_1_309' title='bbox 968 2717 1025 2763; x_wconf 88' lang='lat' dir='ltr'><strong>et</strong></span> <span class='ocrx_word' id='word_1_310' title='bbox 1071 2706 1290 2778; x_wconf 87' lang='lat' dir='ltr'><strong>quidem</strong></span> <span class='ocrx_word' id='word_1_311' title='bbox 1319 2721 1349 2761; x_wconf 90' lang='lat' dir='ltr'><strong>a</strong></span> <span class='ocrx_word' id='word_1_312' title='bbox 1390 2706 1503 2762; x_wconf 87' lang='lat' dir='ltr'><strong>Deo</strong></span> <span class='ocrx_word' id='word_1_313' title='bbox 1533 2706 1637 2763; x_wconf 88' lang='lat' dir='ltr'><strong>sibi</strong></span> <span class='ocrx_word' id='word_1_314' title='bbox 1675 2707 1834 2763; x_wconf 89' lang='lat' dir='ltr'><strong>toties</strong></span> <span class='ocrx_word' id='word_1_315' title='bbox 1871 2707 2087 2776; x_wconf 85' lang='lat' dir='ltr'><strong>traditi,</strong></span> 
     </span>
    </p>
   </div>
   <div class='ocr_carea' id='block_1_44' title="bbox 491 2797 2094 2869">
    <p class='ocr_par' dir='ltr' id='par_1_44' title="bbox 491 2797 2094 2869">
     <span class='ocr_line' id='line_1_44' title="bbox 491 2797 2094 2869; baseline 0 -13"><span class='ocrx_word' id='word_1_316' title='bbox 491 2800 867 2856; x_wconf 87' lang='lat' dir='ltr'><strong>contaminare</strong></span> <span class='ocrx_word' id='word_1_317' title='bbox 910 2798 1182 2867; x_wconf 89' lang='lat' dir='ltr'><strong>noluerit,</strong></span> <span class='ocrx_word' id='word_1_318' title='bbox 1234 2798 1425 2855; x_wconf 90' lang='lat' dir='ltr'><strong>dicens</strong></span> <span class='ocrx_word' id='word_1_319' title='bbox 1466 2817 1482 2853; x_wconf 91' lang='lat'><strong>:</strong></span> <span class='ocrx_word' id='word_1_320' title='bbox 1525 2797 1797 2869; x_wconf 79' lang='lat' dir='ltr'><strong>Propitius</strong></span> <span class='ocrx_word' id='word_1_321' title='bbox 1850 2800 1980 2855; x_wconf 86' lang='lat' dir='ltr'><strong>mihi</strong></span> <span class='ocrx_word' id='word_1_322' title='bbox 2023 2802 2094 2857; x_wconf 85' lang='lat' dir='ltr'><strong>sit</strong></span> 
     </span>
    </p>
   </div>
   <div class='ocr_carea' id='block_1_45' title="bbox 494 2889 2091 2961">
    <p class='ocr_par' dir='ltr' id='par_1_45' title="bbox 494 2889 2091 2961">
     <span class='ocr_line' id='line_1_45' title="bbox 494 2889 2091 2961; baseline 0.002 -15"><span class='ocrx_word' id='word_1_323' title='bbox 494 2889 659 2957; x_wconf 86' lang='lat' dir='ltr'><strong>Deus,</strong></span> <span class='ocrx_word' id='word_1_324' title='bbox 696 2907 761 2944; x_wconf 90' lang='lat' dir='ltr'><strong>ne</strong></span> <span class='ocrx_word' id='word_1_325' title='bbox 786 2891 982 2961; x_wconf 77' lang='lat' dir='ltr'><strong>faciam</strong></span> <span class='ocrx_word' id='word_1_326' title='bbox 1013 2906 1127 2945; x_wconf 88' lang='lat' dir='ltr'><strong>rem</strong></span> <span class='ocrx_word' id='word_1_327' title='bbox 1153 2891 1293 2945; x_wconf 87' lang='lat' dir='ltr'><strong>hanc</strong></span> <span class='ocrx_word' id='word_1_328' title='bbox 1319 2889 1547 2945; x_wconf 90' lang='lat' dir='ltr'><strong>Domino</strong></span> <span class='ocrx_word' id='word_1_329' title='bbox 1575 2908 1709 2960; x_wconf 87' lang='lat' dir='ltr'><strong>meo,</strong></span> <span class='ocrx_word' id='word_1_330' title='bbox 1744 2890 1947 2947; x_wconf 85' lang='lat' dir='ltr'><strong>Christo</strong></span> <span class='ocrx_word' id='word_1_331' title='bbox 1978 2891 2091 2949; x_wconf 83' lang='lat' dir='ltr'><strong>Do-</strong></span> 
     </span>
    </p>
   </div>
   <div class='ocr_carea' id='block_1_46' title="bbox 492 2983 2093 3054">
    <p class='ocr_par' dir='ltr' id='par_1_46' title="bbox 492 2983 2093 3054">
     <span class='ocr_line' id='line_1_46' title="bbox 492 2983 2093 3054; baseline 0.002 -17"><span class='ocrx_word' id='word_1_332' title='bbox 492 2985 643 3051; x_wconf 85' lang='lat' dir='ltr'><strong>mini,</strong></span> <span class='ocrx_word' id='word_1_333' title='bbox 677 2994 729 3037; x_wconf 86' lang='lat' dir='ltr'><strong>ut</strong></span> <span class='ocrx_word' id='word_1_334' title='bbox 755 2985 959 3038; x_wconf 80' lang='lat' dir='ltr'><strong>mittam</strong></span> <span class='ocrx_word' id='word_1_335' title='bbox 989 2999 1199 3037; x_wconf 76' lang='lat' dir='ltr'><strong>manum</strong></span> <span class='ocrx_word' id='word_1_336' title='bbox 1229 2998 1397 3038; x_wconf 88' lang='lat' dir='ltr'><strong>meam</strong></span> <span class='ocrx_word' id='word_1_337' title='bbox 1431 2983 1485 3037; x_wconf 91' lang='lat' dir='ltr'><strong>in</strong></span> <span class='ocrx_word' id='word_1_338' title='bbox 1518 2999 1668 3049; x_wconf 88' lang='lat' dir='ltr'><strong>eum,</strong></span> <span class='ocrx_word' id='word_1_339' title='bbox 1701 2984 1823 3054; x_wconf 89' lang='lat' dir='ltr'><strong>quia</strong></span> <span class='ocrx_word' id='word_1_340' title='bbox 1854 2983 2093 3041; x_wconf 80' lang='lat' dir='ltr'><strong>Christus</strong></span> 
     </span>
    </p>
   </div>
   <div class='ocr_carea' id='block_1_47' title="bbox 2194 1871 3795 1947">
    <p class='ocr_par' dir='ltr' id='par_1_47' title="bbox 2194 1871 3795 1947">
     <span class='ocr_line' id='line_1_47' title="bbox 2194 1871 3795 1947; baseline 0.002 -20"><span class='ocrx_word' id='word_1_341' title='bbox 2194 1871 2405 1930; x_wconf 89' lang='lat' dir='ltr'><strong>Domini</strong></span> <span class='ocrx_word' id='word_1_342' title='bbox 2444 1882 2617 1929; x_wconf 90' lang='lat' dir='ltr'><strong>autem</strong></span> <span class='ocrx_word' id='word_1_343' title='bbox 2651 1883 2776 1928; x_wconf 90' lang='lat' dir='ltr'><strong>nutu</strong></span> <span class='ocrx_word' id='word_1_344' title='bbox 2815 1875 3124 1947; x_wconf 90' lang='lat' dir='ltr'><strong>dissipatum</strong></span> <span class='ocrx_word' id='word_1_345' title='bbox 3161 1883 3239 1930; x_wconf 87' lang='lat' dir='ltr'><strong>est</strong></span> <span class='ocrx_word' id='word_1_346' title='bbox 3263 1874 3533 1931; x_wconf 87' lang='lat' dir='ltr'><strong>consilium</strong></span> <span class='ocrx_word' id='word_1_347' title='bbox 3570 1876 3795 1931; x_wconf 75' lang='lat' dir='ltr'><strong>Achito-</strong></span> 
     </span>
    </p>
   </div>
   <div class='ocr_carea' id='block_1_48' title="bbox 2190 1966 3793 2041">
    <p class='ocr_par' dir='ltr' id='par_1_48' title="bbox 2190 1966 3793 2041">
     <span class='ocr_line' id='line_1_48' title="bbox 2190 1966 3793 2041; baseline 0.002 -21"><span class='ocrx_word' id='word_1_348' title='bbox 2190 1966 2340 2041; x_wconf 85' lang='lat' dir='ltr'><strong>phel,</strong></span> <span class='ocrx_word' id='word_1_349' title='bbox 2390 1976 2446 2021; x_wconf 92' lang='lat' dir='ltr'><strong>ut</strong></span> <span class='ocrx_word' id='word_1_350' title='bbox 2494 1967 2757 2022; x_wconf 84' lang='lat' dir='ltr'><strong>induceret</strong></span> <span class='ocrx_word' id='word_1_351' title='bbox 2808 1966 3061 2022; x_wconf 88' lang='lat' dir='ltr'><strong>Dominus</strong></span> <span class='ocrx_word' id='word_1_352' title='bbox 3110 1984 3269 2038; x_wconf 84' lang='lat' dir='ltr'><strong>super</strong></span> <span class='ocrx_word' id='word_1_353' title='bbox 3313 1968 3542 2023; x_wconf 81' lang='lat' dir='ltr'><strong>Absalon</strong></span> <span class='ocrx_word' id='word_1_354' title='bbox 3588 1970 3793 2024; x_wconf 84' lang='lat' dir='ltr'><strong>malum</strong></span> 
     </span>
    </p>
   </div>
   <div class='ocr_carea' id='block_1_49' title="bbox 2194 2068 3790 2145">
    <p class='ocr_par' dir='ltr' id='par_1_49' title="bbox 2194 2068 3790 2145">
     <span class='ocr_line' id='line_1_49' title="bbox 2194 2068 3790 2145; baseline 0.001 -18"><span class='ocrx_word' id='word_1_355' title='bbox 2194 2069 2260 2145; x_wconf 81' lang='lat' dir='ltr'><strong>(il</strong></span> <span class='ocrx_word' id='word_1_356' title='bbox 2292 2071 2422 2142; x_wconf 84' lang='lat' dir='ltr'><strong>Reg.</strong></span> <span class='ocrx_word' id='word_1_357' title='bbox 2446 2070 2616 2141; x_wconf 86' lang='lat' dir='ltr'><strong>xvn)?</strong></span> <span class='ocrx_word' id='word_1_358' title='bbox 2639 2068 2749 2126; x_wconf 85' lang='lat' dir='ltr'><strong>Nec</strong></span> <span class='ocrx_word' id='word_1_359' title='bbox 2776 2070 2920 2126; x_wconf 92' lang='lat' dir='ltr'><strong>enim</strong></span> <span class='ocrx_word' id='word_1_360' title='bbox 2949 2069 3277 2141; x_wconf 83' lang='lat' dir='ltr'><strong>reprehendi</strong></span> <span class='ocrx_word' id='word_1_361' title='bbox 3308 2080 3522 2142; x_wconf 88' lang='lat' dir='ltr'><strong>poterat</strong></span> <span class='ocrx_word' id='word_1_362' title='bbox 3549 2072 3603 2128; x_wconf 89' lang='lat' dir='ltr'><strong>id</strong></span> <span class='ocrx_word' id='word_1_363' title='bbox 3636 2072 3790 2145; x_wconf 85' lang='lat' dir='ltr'><strong>quod</strong></span> 
     </span>
    </p>
   </div>
   <div class='ocr_carea' id='block_1_50' title="bbox 2191 2172 3792 2247">
    <p class='ocr_par' dir='ltr' id='par_1_50' title="bbox 2191 2172 3792 2247">
     <span class='ocr_line' id='line_1_50' title="bbox 2191 2172 3792 2247; baseline 0 -17"><span class='ocrx_word' id='word_1_364' title='bbox 2191 2184 2341 2230; x_wconf 89' lang='lat' dir='ltr'><strong>recto</strong></span> <span class='ocrx_word' id='word_1_365' title='bbox 2374 2175 2653 2245; x_wconf 82' lang='lat' dir='ltr'><strong>preposito</strong></span> <span class='ocrx_word' id='word_1_366' title='bbox 2682 2188 2745 2229; x_wconf 90' lang='lat' dir='ltr'><strong>ac</strong></span> <span class='ocrx_word' id='word_1_367' title='bbox 2782 2172 2871 2245; x_wconf 91' lang='lat' dir='ltr'><strong>pio</strong></span> <span class='ocrx_word' id='word_1_368' title='bbox 2892 2172 3096 2243; x_wconf 90' lang='lat' dir='ltr'><strong>judicio</strong></span> <span class='ocrx_word' id='word_1_369' title='bbox 3119 2188 3215 2244; x_wconf 93' lang='lat' dir='ltr'><strong>pro</strong></span> <span class='ocrx_word' id='word_1_370' title='bbox 3241 2172 3405 2243; x_wconf 85' lang='lat' dir='ltr'><strong>justis</strong></span> <span class='ocrx_word' id='word_1_371' title='bbox 3430 2176 3674 2247; x_wconf 83' lang='lat' dir='ltr'><strong>partibus</strong></span> <span class='ocrx_word' id='word_1_372' title='bbox 3693 2190 3792 2245; x_wconf 59' lang='lat' dir='ltr'><strong>ge.</strong></span> 
     </span>
    </p>
   </div>
   <div class='ocr_carea' id='block_1_51' title="bbox 2192 2274 3792 2347">
    <p class='ocr_par' dir='ltr' id='par_1_51' title="bbox 2192 2274 3792 2347">
     <span class='ocr_line' id='line_1_51' title="bbox 2192 2274 3792 2347; baseline 0.001 -16"><span class='ocrx_word' id='word_1_373' title='bbox 2192 2276 2437 2340; x_wconf 87' lang='lat' dir='ltr'><strong>rebatur,</strong></span> <span class='ocrx_word' id='word_1_374' title='bbox 2472 2289 2536 2331; x_wconf 91' lang='lat' dir='ltr'><strong>ac</strong></span> <span class='ocrx_word' id='word_1_375' title='bbox 2572 2289 2670 2345; x_wconf 89' lang='lat' dir='ltr'><strong>pro</strong></span> <span class='ocrx_word' id='word_1_376' title='bbox 2698 2275 2843 2330; x_wconf 90' lang='lat' dir='ltr'><strong>illius</strong></span> <span class='ocrx_word' id='word_1_377' title='bbox 2877 2274 3031 2345; x_wconf 89' lang='lat' dir='ltr'><strong>cujus</strong></span> <span class='ocrx_word' id='word_1_378' title='bbox 3059 2274 3237 2345; x_wconf 91' lang='lat' dir='ltr'><strong>pietas</strong></span> <span class='ocrx_word' id='word_1_379' title='bbox 3267 2275 3380 2331; x_wconf 87' lang='lat' dir='ltr'><strong>Deo</strong></span> <span class='ocrx_word' id='word_1_380' title='bbox 3408 2276 3655 2347; x_wconf 84' lang='lat' dir='ltr'><strong>placebat</strong></span> <span class='ocrx_word' id='word_1_381' title='bbox 3690 2292 3792 2333; x_wconf 83' lang='lat' dir='ltr'><strong>sa-</strong></span> 
     </span>
    </p>
   </div>
   <div class='ocr_carea' id='block_1_52' title="bbox 2192 2374 3792 2448">
    <p class='ocr_par' dir='ltr' id='par_1_52' title="bbox 2192 2374 3792 2448">
     <span class='ocr_line' id='line_1_52' title="bbox 2192 2374 3792 2448; baseline 0.001 -15"><span class='ocrx_word' id='word_1_382' title='bbox 2192 2376 2303 2433; x_wconf 87' lang='lat' dir='ltr'><strong>lute</strong></span> <span class='ocrx_word' id='word_1_383' title='bbox 2330 2387 2492 2448; x_wconf 88' lang='lat' dir='ltr'><strong>atque</strong></span> <span class='ocrx_word' id='word_1_384' title='bbox 2521 2375 2745 2431; x_wconf 88' lang='lat' dir='ltr'><strong>victoria</strong></span> <span class='ocrx_word' id='word_1_385' title='bbox 2787 2375 3039 2446; x_wconf 86' lang='lat' dir='ltr'><strong>religiosa</strong></span> <span class='ocrx_word' id='word_1_386' title='bbox 3074 2374 3251 2432; x_wconf 80' lang='lat' dir='ltr'><strong>fuerat</strong></span> <span class='ocrx_word' id='word_1_387' title='bbox 3279 2375 3621 2434; x_wconf 87' lang='lat' dir='ltr'><strong>simulatione</strong></span> <span class='ocrx_word' id='word_1_388' title='bbox 3650 2392 3792 2434; x_wconf 82' lang='lat' dir='ltr'><strong>con-</strong></span> 
     </span>
    </p>
   </div>
   <div class='ocr_carea' id='block_1_53' title="bbox 2190 2474 3792 2547">
    <p class='ocr_par' dir='ltr' id='par_1_53' title="bbox 2190 2474 3792 2547">
     <span class='ocr_line' id='line_1_53' title="bbox 2190 2474 3792 2547; baseline 0 -13"><span class='ocrx_word' id='word_1_389' title='bbox 2190 2486 2430 2547; x_wconf 87' lang='lat' dir='ltr'><strong>ceptum.</strong></span> <span class='ocrx_word' id='word_1_390' title='bbox 2454 2476 2593 2546; x_wconf 88' lang='lat' dir='ltr'><strong>Quid</strong></span> <span class='ocrx_word' id='word_1_391' title='bbox 2620 2475 2781 2532; x_wconf 91' lang='lat' dir='ltr'><strong>etiam</strong></span> <span class='ocrx_word' id='word_1_392' title='bbox 2804 2475 2873 2531; x_wconf 91' lang='lat' dir='ltr'><strong>de</strong></span> <span class='ocrx_word' id='word_1_393' title='bbox 2901 2474 3048 2531; x_wconf 89' lang='lat' dir='ltr'><strong>illius</strong></span> <span class='ocrx_word' id='word_1_394' title='bbox 3079 2475 3293 2532; x_wconf 60' lang='lat' dir='ltr'><strong>feminae</strong></span> <span class='ocrx_word' id='word_1_395' title='bbox 3315 2476 3792 2547; x_wconf 85' lang='lat' dir='ltr'><strong>pronuntiabimus</strong></span> 
     </span>
    </p>
   </div>
   <div class='ocr_carea' id='block_1_54' title="bbox 2192 2577 3790 2650">
    <p class='ocr_par' dir='ltr' id='par_1_54' title="bbox 2192 2577 3790 2650">
     <span class='ocr_line' id='line_1_54' title="bbox 2192 2577 3790 2650; baseline -0.001 -14"><span class='ocrx_word' id='word_1_396' title='bbox 2192 2580 2362 2647; x_wconf 72' lang='lat' dir='ltr'><strong>facto,</strong></span> <span class='ocrx_word' id='word_1_397' title='bbox 2410 2594 2531 2650; x_wconf 65' lang='lat' dir='ltr'><strong>quae</strong></span> <span class='ocrx_word' id='word_1_398' title='bbox 2579 2578 2880 2648; x_wconf 90' lang='lat' dir='ltr'><strong>suscipiens</strong></span> <span class='ocrx_word' id='word_1_399' title='bbox 2913 2577 3069 2643; x_wconf 89' lang='lat' dir='ltr'><strong>illos,</strong></span> <span class='ocrx_word' id='word_1_400' title='bbox 3100 2578 3190 2649; x_wconf 87' lang='lat' dir='ltr'><strong>qui</strong></span> <span class='ocrx_word' id='word_1_401' title='bbox 3227 2577 3294 2633; x_wconf 89' lang='lat' dir='ltr'><strong>ad</strong></span> <span class='ocrx_word' id='word_1_402' title='bbox 3324 2593 3505 2646; x_wconf 80' lang='lat' dir='ltr'><strong>regem</strong></span> <span class='ocrx_word' id='word_1_403' title='bbox 3536 2579 3705 2634; x_wconf 88' lang='lat' dir='ltr'><strong>David</strong></span> <span class='ocrx_word' id='word_1_404' title='bbox 3754 2596 3790 2635; x_wconf 88' lang='lat' dir='ltr'><strong>a</strong></span> 
     </span>
    </p>
   </div>
   <div class='ocr_carea' id='block_1_55' title="bbox 2191 2667 3792 2744">
    <p class='ocr_par' dir='ltr' id='par_1_55' title="bbox 2191 2667 3792 2744">
     <span class='ocr_line' id='line_1_55' title="bbox 2191 2667 3792 2744; baseline -0.001 -17"><span class='ocrx_word' id='word_1_405' title='bbox 2191 2672 2452 2744; x_wconf 66' lang='lat' dir='ltr'><strong>prscdicto</strong></span> <span class='ocrx_word' id='word_1_406' title='bbox 2501 2669 2671 2726; x_wconf 88' lang='lat' dir='ltr'><strong>Chnsi</strong></span> <span class='ocrx_word' id='word_1_407' title='bbox 2733 2669 2942 2725; x_wconf 87' lang='lat' dir='ltr'><strong>fuerant</strong></span> <span class='ocrx_word' id='word_1_408' title='bbox 3005 2667 3312 2739; x_wconf 90' lang='lat' dir='ltr'><strong>destinati,</strong></span> <span class='ocrx_word' id='word_1_409' title='bbox 3377 2668 3662 2726; x_wconf 87' lang='lat' dir='ltr'><strong>abscondit</strong></span> <span class='ocrx_word' id='word_1_410' title='bbox 3727 2672 3792 2726; x_wconf 86' lang='lat' dir='ltr'><strong>in</strong></span> 
     </span>
    </p>
   </div>
   <div class='ocr_carea' id='block_1_56' title="bbox 2193 2762 3783 2838">
    <p class='ocr_par' dir='ltr' id='par_1_56' title="bbox 2193 2762 3783 2838">
     <span class='ocr_line' id='line_1_56' title="bbox 2193 2762 3783 2838; baseline -0.001 -17"><span class='ocrx_word' id='word_1_411' title='bbox 2193 2776 2358 2838; x_wconf 89' lang='lat' dir='ltr'><strong>puteo</strong></span> <span class='ocrx_word' id='word_1_412' title='bbox 2391 2806 2406 2831; x_wconf 95' lang='lat'><strong>,</strong></span> <span class='ocrx_word' id='word_1_413' title='bbox 2470 2771 2527 2820; x_wconf 91' lang='lat' dir='ltr'><strong>et</strong></span> <span class='ocrx_word' id='word_1_414' title='bbox 2590 2762 2907 2834; x_wconf 88' lang='lat' dir='ltr'><strong>expandens</strong></span> <span class='ocrx_word' id='word_1_415' title='bbox 2964 2763 3213 2818; x_wconf 86' lang='lat' dir='ltr'><strong>velamen</strong></span> <span class='ocrx_word' id='word_1_416' title='bbox 3278 2777 3444 2834; x_wconf 87' lang='lat' dir='ltr'><strong>super</strong></span> <span class='ocrx_word' id='word_1_417' title='bbox 3500 2778 3564 2818; x_wconf 88' lang='lat' dir='ltr'><strong>os</strong></span> <span class='ocrx_word' id='word_1_418' title='bbox 3618 2764 3741 2833; x_wconf 80' lang='lat' dir='ltr'><strong>ejus</strong></span> <span class='ocrx_word' id='word_1_419' title='bbox 3768 2809 3783 2829; x_wconf 88' lang='lat'><strong>,</strong></span> 
     </span>
    </p>
   </div>
   <div class='ocr_carea' id='block_1_57' title="bbox 2196 2861 3787 2942">
    <p class='ocr_par' dir='ltr' id='par_1_57' title="bbox 2196 2861 3787 2942">
     <span class='ocr_line' id='line_1_57' title="bbox 2196 2861 3787 2942; baseline -0.004 -18"><span class='ocrx_word' id='word_1_420' title='bbox 2196 2878 2220 2908; x_wconf 81' lang='grc' dir='ltr'><strong>ο</strong></span> <span class='ocrx_word' id='word_1_421' title='bbox 2259 2883 2381 2924; x_wconf 91' lang='lat' dir='ltr'><strong>cum</strong></span> <span class='ocrx_word' id='word_1_422' title='bbox 2410 2866 2649 2937; x_wconf 89' lang='lat' dir='ltr'><strong>ptisanas</strong></span> <span class='ocrx_word' id='word_1_423' title='bbox 2689 2879 2750 2921; x_wconf 90' lang='lat' dir='ltr'><strong>se</strong></span> <span class='ocrx_word' id='word_1_424' title='bbox 2780 2872 2990 2920; x_wconf 89' lang='lat' dir='ltr'><strong>torrere</strong></span> <span class='ocrx_word' id='word_1_425' title='bbox 3035 2863 3383 2942; x_wconf 87' lang='lat' dir='ltr'><strong>simulasset_,</strong></span> <span class='ocrx_word' id='word_1_426' title='bbox 3411 2861 3787 2933; x_wconf 83' lang='lat' dir='ltr'><strong>Transierunt,</strong></span> 
     </span>
    </p>
   </div>
   <div class='ocr_carea' id='block_1_58' title="bbox 2192 2966 3786 3039">
    <p class='ocr_par' dir='ltr' id='par_1_58' title="bbox 2192 2966 3786 3039">
     <span class='ocr_line' id='line_1_58' title="bbox 2192 2966 3786 3039; baseline -0.003 -14"><span class='ocrx_word' id='word_1_427' title='bbox 2192 2970 2402 3039; x_wconf 89' lang='lat' dir='ltr'><strong>inquit,</strong></span> <span class='ocrx_word' id='word_1_428' title='bbox 2433 2976 2643 3038; x_wconf 79' lang='lat' dir='ltr'><strong>gustata</strong></span> <span class='ocrx_word' id='word_1_429' title='bbox 2677 2966 2953 3035; x_wconf 74' lang='lat' dir='ltr'><strong>paululum</strong></span> <span class='ocrx_word' id='word_1_430' title='bbox 2998 2980 3135 3034; x_wconf 86' lang='lat' dir='ltr'><strong>aqua</strong></span> <span class='ocrx_word' id='word_1_431' title='bbox 3165 3007 3181 3035; x_wconf 88' lang='lat'><strong>,</strong></span> <span class='ocrx_word' id='word_1_432' title='bbox 3225 2975 3381 3037; x_wconf 83' lang='lat' dir='ltr'><strong>atque</strong></span> <span class='ocrx_word' id='word_1_433' title='bbox 3418 2967 3512 3021; x_wconf 87' lang='lat' dir='ltr'><strong>hoc</strong></span> <span class='ocrx_word' id='word_1_434' title='bbox 3548 2982 3634 3021; x_wconf 84' lang='lat' dir='ltr'><strong>eos</strong></span> <span class='ocrx_word' id='word_1_435' title='bbox 3675 2968 3786 3038; x_wconf 75' lang='lat' dir='ltr'><strong>ﬁg-</strong></span> 
     </span>
    </p>
   </div>
   <div class='ocr_carea' id='block_1_59' title="bbox 492 3064 3790 3148">
    <p class='ocr_par' dir='ltr' id='par_1_59' title="bbox 492 3064 3790 3148">
     <span class='ocr_line' id='line_1_59' title="bbox 492 3064 3790 3148; baseline -0.001 -17"><span class='ocrx_word' id='word_1_436' title='bbox 492 3071 709 3132; x_wconf 84' lang='lat' dir='ltr'><strong>Domini</strong></span> <span class='ocrx_word' id='word_1_437' title='bbox 742 3087 817 3131; x_wconf 89' lang='lat' dir='ltr'><strong>est</strong></span> <span class='ocrx_word' id='word_1_438' title='bbox 847 3076 892 3148; x_wconf 88' lang='lat' dir='ltr'><strong>(l</strong></span> <span class='ocrx_word' id='word_1_439' title='bbox 926 3074 1055 3146; x_wconf 86' lang='lat' dir='ltr'><strong>Reg.</strong></span> <span class='ocrx_word' id='word_1_440' title='bbox 1092 3073 1268 3148; x_wconf 83' lang='lat' dir='ltr'><strong>xxiv).</strong></span> <span class='ocrx_word' id='word_1_441' title='bbox 1304 3076 1370 3130; x_wconf 88' lang='lat' dir='ltr'><strong>Et</strong></span> <span class='ocrx_word' id='word_1_442' title='bbox 1413 3075 1616 3130; x_wconf 90' lang='lat' dir='ltr'><strong>idcirco</strong></span> <span class='ocrx_word' id='word_1_443' title='bbox 1654 3075 2093 3145; x_wconf 88' lang='lat' dir='ltr'><strong>dispensationes</strong></span> <span class='ocrx_word' id='word_1_444' title='bbox 2196 3079 2365 3126; x_wconf 72' lang='lat' dir='ltr'><strong>mento</strong></span> <span class='ocrx_word' id='word_1_445' title='bbox 2419 3069 2482 3123; x_wconf 67' lang='lat' dir='ltr'><strong>ab</strong></span> <span class='ocrx_word' id='word_1_446' title='bbox 2538 3068 2921 3140; x_wconf 66' lang='lat' dir='ltr'><strong>insequentium</strong></span> <span class='ocrx_word' id='word_1_447' title='bbox 2974 3066 3215 3121; x_wconf 70' lang='grc' dir='ltr'><strong>πιαηίὺαδ</strong></span> <span class='ocrx_word' id='word_1_448' title='bbox 3268 3065 3501 3121; x_wconf 66' lang='lat' dir='ltr'><strong>“beravit</strong></span> <span class='ocrx_word' id='word_1_449' title='bbox 3556 3064 3790 3138; x_wconf 58' lang='grc' dir='ltr'><strong>(Νῆα-Π</strong></span> 
     </span>
    </p>
   </div>
   <div class='ocr_carea' id='block_1_60' title="bbox 490 3164 3785 3244">
    <p class='ocr_par' dir='ltr' id='par_1_60' title="bbox 490 3164 3785 3244">
     <span class='ocr_line' id='line_1_60' title="bbox 490 3164 3785 3244; baseline 0 -20"><span class='ocrx_word' id='word_1_450' title='bbox 490 3167 588 3225; x_wconf 88' lang='lat' dir='ltr'><strong>has</strong></span> <span class='ocrx_word' id='word_1_451' title='bbox 618 3183 753 3239; x_wconf 88' lang='lat' dir='ltr'><strong>quas</strong></span> <span class='ocrx_word' id='word_1_452' title='bbox 777 3168 863 3226; x_wconf 88' lang='lat' dir='ltr'><strong>vel</strong></span> <span class='ocrx_word' id='word_1_453' title='bbox 892 3166 965 3224; x_wconf 89' lang='lat' dir='ltr'><strong>ob</strong></span> <span class='ocrx_word' id='word_1_454' title='bbox 1002 3167 1347 3224; x_wconf 87' lang='lat' dir='ltr'><strong>voluntatem</strong></span> <span class='ocrx_word' id='word_1_455' title='bbox 1382 3166 1501 3236; x_wconf 89' lang='lat' dir='ltr'><strong>Dei,</strong></span> <span class='ocrx_word' id='word_1_456' title='bbox 1550 3167 1631 3223; x_wconf 87' lang='lat' dir='ltr'><strong>vel</strong></span> <span class='ocrx_word' id='word_1_457' title='bbox 1665 3168 1738 3224; x_wconf 91' lang='lat' dir='ltr'><strong>ob</strong></span> <span class='ocrx_word' id='word_1_458' title='bbox 1768 3169 2085 3240; x_wconf 65' lang='lat' dir='ltr'><strong>praligura-</strong></span> <span class='ocrx_word' id='word_1_459' title='bbox 2112 3164 2160 3229; x_wconf 91' lang='lat' dir='ltr'><strong>C</strong></span> <span class='ocrx_word' id='word_1_460' title='bbox 2188 3173 2528 3244; x_wconf 84' lang='lat' dir='ltr'><strong>Quapropter</strong></span> <span class='ocrx_word' id='word_1_461' title='bbox 2548 3169 2577 3209; x_wconf 72' lang='grc' dir='ltr'>ἀ</span> <span class='ocrx_word' id='word_1_462' title='bbox 2605 3170 2952 3242; x_wconf 85' lang='lat' dir='ltr'><strong>respondete,</strong></span> <span class='ocrx_word' id='word_1_463' title='bbox 2982 3169 3364 3241; x_wconf 66' lang='lat' dir='ltr'><strong>quasso,mihi,</strong></span> <span class='ocrx_word' id='word_1_464' title='bbox 3388 3170 3515 3241; x_wconf 89' lang='lat' dir='ltr'><strong>quid</strong></span> <span class='ocrx_word' id='word_1_465' title='bbox 3540 3168 3785 3226; x_wconf 78' lang='lat' dir='ltr'><strong>fuissetis</strong></span> 
     </span>
    </p>
   </div>
   <div class='ocr_carea' id='block_1_61' title="bbox 1581 3322 2712 3384">
    <p class='ocr_par' dir='ltr' id='par_1_61' title="bbox 1581 3322 2712 3384">
     <span class='ocr_line' id='line_1_61' title="bbox 1581 3322 2712 3384; baseline 0.003 -6"><span class='ocrx_word' id='word_1_466' title='bbox 1581 3322 1843 3379; x_wconf 73' lang='lat' dir='ltr'><strong>ALARDI</strong></span> <span class='ocrx_word' id='word_1_467' title='bbox 1878 3323 2112 3382; x_wconf 69' lang='lat' dir='ltr'><strong>GAZEI</strong></span> <span class='ocrx_word' id='word_1_468' title='bbox 2146 3324 2712 3384; x_wconf 79' lang='lat' dir='ltr'><strong>COMMENTARIUS.</strong></span> 
     </span>
    </p>
   </div>
   <div class='ocr_carea' id='block_1_62' title="bbox 489 3437 3787 3511">
    <p class='ocr_par' dir='ltr' id='par_1_62' title="bbox 489 3437 3787 3511">
     <span class='ocr_line' id='line_1_62' title="bbox 489 3437 3787 3511; baseline 0 -10"><span class='ocrx_word' id='word_1_469' title='bbox 489 3459 602 3510; x_wconf 84' lang='lat' dir='ltr'><strong>xvi,</strong></span> <span class='ocrx_word' id='word_1_470' title='bbox 631 3451 686 3498; x_wconf 90' lang='lat' dir='ltr'><strong>et</strong></span> <span class='ocrx_word' id='word_1_471' title='bbox 714 3440 803 3496; x_wconf 90' lang='lat' dir='ltr'><strong>illa</strong></span> <span class='ocrx_word' id='word_1_472' title='bbox 848 3438 1050 3496; x_wconf 73' lang='lat' dir='ltr'><strong>Levita:</strong></span> <span class='ocrx_word' id='word_1_473' title='bbox 1076 3437 1510 3511; x_wconf 62' lang='lat' dir='ltr'><strong>contubernalis,</strong></span> <span class='ocrx_word' id='word_1_474' title='bbox 1542 3437 1704 3511; x_wconf 79' lang='lat' dir='ltr'><strong>modo</strong></span> <span class='ocrx_word' id='word_1_475' title='bbox 1732 3454 1889 3506; x_wconf 90' lang='lat' dir='ltr'><strong>uxor,</strong></span> <span class='ocrx_word' id='word_1_476' title='bbox 1917 3438 2079 3497; x_wconf 92' lang='lat' dir='ltr'><strong>modo</strong></span> <span class='ocrx_word' id='word_1_477' title='bbox 2182 3441 2325 3509; x_wconf 88' lang='lat' dir='ltr'><strong>quod</strong></span> <span class='ocrx_word' id='word_1_478' title='bbox 2371 3451 2597 3498; x_wconf 84' lang='lat' dir='ltr'><strong>vocatur</strong></span> <span class='ocrx_word' id='word_1_479' title='bbox 2623 3441 2950 3507; x_wconf 80' lang='lat' dir='ltr'><strong>ofﬁciosum,</strong></span> <span class='ocrx_word' id='word_1_480' title='bbox 2983 3450 3042 3496; x_wconf 93' lang='lat' dir='ltr'><strong>ut</strong></span> <span class='ocrx_word' id='word_1_481' title='bbox 3085 3442 3139 3497; x_wconf 92' lang='lat' dir='ltr'><strong>in</strong></span> <span class='ocrx_word' id='word_1_482' title='bbox 3172 3441 3423 3511; x_wconf 89' lang='lat' dir='ltr'><strong>exemplo</strong></span> <span class='ocrx_word' id='word_1_483' title='bbox 3469 3441 3689 3499; x_wconf 88' lang='lat' dir='ltr'><strong>Davidis</strong></span> <span class='ocrx_word' id='word_1_484' title='bbox 3718 3453 3787 3501; x_wconf 85' lang='lat' dir='ltr'><strong>et</strong></span> 
     </span>
    </p>
   </div>
   <div class='ocr_carea' id='block_1_63' title="bbox 491 3507 2080 3595">
    <p class='ocr_par' dir='ltr' id='par_1_63' title="bbox 491 3507 2080 3595">
     <span class='ocr_line' id='line_1_63' title="bbox 491 3507 2080 3595; baseline -0.004 -23"><span class='ocrx_word' id='word_1_485' title='bbox 491 3507 787 3595; x_wconf 78' lang='lat' dir='ltr'><strong>concubina</strong></span> <span class='ocrx_word' id='word_1_486' title='bbox 818 3508 1350 3595; x_wconf 47' lang='lat' dir='ltr'><strong>appellaturhgudic.</strong></span> <span class='ocrx_word' id='word_1_487' title='bbox 1382 3508 1519 3581; x_wconf 85' lang='lat' dir='ltr'><strong>xix).</strong></span> <span class='ocrx_word' id='word_1_488' title='bbox 1552 3507 1719 3595; x_wconf 74' lang='lat' dir='ltr'><strong>Porrq</strong></span> <span class='ocrx_word' id='word_1_489' title='bbox 1760 3511 1898 3565; x_wconf 86' lang='lat' dir='ltr'><strong>hanc</strong></span> <span class='ocrx_word' id='word_1_490' title='bbox 1928 3513 2080 3594; x_wconf 78' lang='lat' dir='ltr'><strong>poly-</strong></span> 
     </span>
    </p>
   </div>
   <div class='ocr_carea' id='block_1_64' title="bbox 492 3579 2075 3657">
    <p class='ocr_par' dir='ltr' id='par_1_64' title="bbox 492 3579 2075 3657">
     <span class='ocr_line' id='line_1_64' title="bbox 492 3579 2075 3657; baseline -0.001 -17"><span class='ocrx_word' id='word_1_491' title='bbox 492 3586 689 3657; x_wconf 66' lang='lat' dir='ltr'><strong>gamiae</strong></span> <span class='ocrx_word' id='word_1_492' title='bbox 718 3579 993 3639; x_wconf 78' lang='lat' dir='ltr'><strong>licentiam</strong></span> <span class='ocrx_word' id='word_1_493' title='bbox 1024 3592 1087 3657; x_wconf 89' lang='lat' dir='ltr'><strong>_e_t</strong></span> <span class='ocrx_word' id='word_1_494' title='bbox 1115 3579 1674 3657; x_wconf 66' lang='lat' dir='ltr'><strong>l_ibertatem,_gener_e</strong></span> <span class='ocrx_word' id='word_1_495' title='bbox 1706 3579 1943 3657; x_wconf 80' lang='lat' dir='ltr'><strong>humano</strong></span> <span class='ocrx_word' id='word_1_496' title='bbox 1964 3579 2075 3657; x_wconf 77' lang='lat' dir='ltr'><strong>jain</strong></span> 
     </span>
    </p>
   </div>
   <div class='ocr_carea' id='block_1_65' title="bbox 492 3651 2073 3726">
    <p class='ocr_par' dir='ltr' id='par_1_65' title="bbox 492 3651 2073 3726">
     <span class='ocr_line' id='line_1_65' title="bbox 492 3651 2073 3726; baseline -0.004 -11"><span class='ocrx_word' id='word_1_497' title='bbox 492 3651 625 3715; x_wconf 69' lang='lat' dir='ltr'><strong>satis</strong></span> <span class='ocrx_word' id='word_1_498' title='bbox 662 3661 979 3726; x_wconf 74' lang='lat' dir='ltr'><strong>propagato,</strong></span> <span class='ocrx_word' id='word_1_499' title='bbox 1015 3652 1265 3709; x_wconf 86' lang='lat' dir='ltr'><strong>Christus</strong></span> <span class='ocrx_word' id='word_1_500' title='bbox 1310 3652 1571 3726; x_wconf 76' lang='lat' dir='ltr'><strong>Dominus</strong></span> <span class='ocrx_word' id='word_1_501' title='bbox 1602 3651 2073 3726; x_wconf 74' lang='lat' dir='ltr'><strong>planeabolevit,</strong></span> 
     </span>
    </p>
   </div>
   <div class='ocr_carea' id='block_1_66' title="bbox 535 3723 2078 3796">
    <p class='ocr_par' dir='ltr' id='par_1_66' title="bbox 535 3723 2078 3796">
     <span class='ocr_line' id='line_1_66' title="bbox 535 3723 2078 3796; baseline -0.002 -13"><span class='ocrx_word' id='word_1_502' title='bbox 535 3723 1008 3796; x_wconf 34' lang='lat' dir='ltr'><strong>rima—mque&#39;illam</strong></span> <span class='ocrx_word' id='word_1_503' title='bbox 1046 3723 1396 3796; x_wconf 68' lang='lat' dir='ltr'><strong>monogamia:</strong></span> <span class='ocrx_word' id='word_1_504' title='bbox 1423 3723 1594 3796; x_wconf 86' lang='lat' dir='ltr'><strong>legem</strong></span> <span class='ocrx_word' id='word_1_505' title='bbox 1628 3723 1827 3796; x_wconf 83' lang='lat' dir='ltr'><strong>primis</strong></span> <span class='ocrx_word' id='word_1_506' title='bbox 1842 3726 2078 3793; x_wconf 90' lang='lat' dir='ltr'><strong>parenti-</strong></span> 
     </span>
    </p>
   </div>
   <div class='ocr_carea' id='block_1_67' title="bbox 492 3745 2071 3867">
    <p class='ocr_par' dir='ltr' id='par_1_67' title="bbox 492 3745 2071 3867">
     <span class='ocr_line' id='line_1_67' title="bbox 535 3745 2071 3796; baseline -0.002 -13"><span class='ocrx_word' id='word_1_507' title='bbox 535 3745 835 3796; x_wconf 82' lang='lat' dir='ltr'><strong>nmamque</strong></span> <span class='ocrx_word' id='word_1_508' title='bbox 864 3745 1008 3779; x_wconf 79' lang='lat' dir='ltr'><strong>luam</strong></span> <span class='ocrx_word' id='word_1_509' title='bbox 1046 3745 1396 3794; x_wconf 74' lang='lat' dir='ltr'><strong>monogamia:</strong></span> <span class='ocrx_word' id='word_1_510' title='bbox 1423 3745 1594 3793; x_wconf 69' lang='lat' dir='ltr'><strong>regem</strong></span> <span class='ocrx_word' id='word_1_511' title='bbox 1628 3745 1816 3793; x_wconf 76' lang='lat' dir='ltr'><strong>primis</strong></span> <span class='ocrx_word' id='word_1_512' title='bbox 1842 3745 2071 3793; x_wconf 83' lang='lat' dir='ltr'><strong>parentt-</strong></span> 
     </span>
     <span class='ocr_line' id='line_1_68' title="bbox 492 3745 2071 3867; baseline -0.003 -12"><span class='ocrx_word' id='word_1_513' title='bbox 492 3745 597 3855; x_wconf 62' lang='lat' dir='ltr'><strong>Bus</strong></span> <span class='ocrx_word' id='word_1_514' title='bbox 629 3796 945 3867; x_wconf 86' lang='lat' dir='ltr'><strong>inspiratam</strong></span> <span class='ocrx_word' id='word_1_515' title='bbox 993 3795 1227 3867; x_wconf 83' lang='lat' dir='ltr'><strong>restituit</strong></span> <span class='ocrx_word' id='word_1_516' title='bbox 1254 3803 1308 3849; x_wconf 90' lang='lat' dir='ltr'><strong>et</strong></span> <span class='ocrx_word' id='word_1_517' title='bbox 1334 3795 1647 3867; x_wconf 75' lang='lat' dir='ltr'><strong>renovavit,</strong></span> <span class='ocrx_word' id='word_1_518' title='bbox 1684 3794 1931 3867; x_wconf 67' lang='lat' dir='ltr'><strong>Matthzei</strong></span> <span class='ocrx_word' id='word_1_519' title='bbox 1962 3813 2071 3864; x_wconf 65' lang='grc' dir='ltr'>χιι,</span> 
     </span>
    </p>
   </div>
   <div class='ocr_carea' id='block_1_68' title="bbox 491 3863 2078 3939">
    <p class='ocr_par' dir='ltr' id='par_1_68' title="bbox 491 3863 2078 3939">
     <span class='ocr_line' id='line_1_69' title="bbox 491 3863 2078 3939; baseline -0.001 -14"><span class='ocrx_word' id='word_1_520' title='bbox 491 3868 694 3939; x_wconf 90' lang='lat' dir='ltr'><strong>triplici</strong></span> <span class='ocrx_word' id='word_1_521' title='bbox 719 3863 1039 3939; x_wconf 79' lang='lat' dir='ltr'><strong>argumento</strong></span> <span class='ocrx_word' id='word_1_522' title='bbox 1063 3881 1131 3919; x_wconf 90' lang='lat' dir='ltr'><strong>ex</strong></span> <span class='ocrx_word' id='word_1_523' title='bbox 1150 3863 1521 3939; x_wconf 64' lang='lat' dir='ltr'><strong>primaevailla</strong></span> <span class='ocrx_word' id='word_1_524' title='bbox 1551 3865 1883 3939; x_wconf 81' lang='lat' dir='ltr'><strong>matrimonii</strong></span> <span class='ocrx_word' id='word_1_525' title='bbox 1922 3866 2078 3923; x_wconf 87' lang='lat' dir='ltr'><strong>insti-</strong></span> 
     </span>
    </p>
   </div>
   <div class='ocr_carea' id='block_1_69' title="bbox 492 3935 2072 4008">
    <p class='ocr_par' dir='ltr' id='par_1_69' title="bbox 492 3935 2072 4008">
     <span class='ocr_line' id='line_1_70' title="bbox 492 3935 2072 4008; baseline -0.001 -14"><span class='ocrx_word' id='word_1_526' title='bbox 492 3935 704 3995; x_wconf 77' lang='lat' dir='ltr'><strong>tutione</strong></span> <span class='ocrx_word' id='word_1_527' title='bbox 733 3938 996 4002; x_wconf 87' lang='lat' dir='ltr'><strong>adducto;</strong></span> <span class='ocrx_word' id='word_1_528' title='bbox 1019 3938 1163 4008; x_wconf 71' lang='lat' dir='ltr'><strong>quod</strong></span> <span class='ocrx_word' id='word_1_529' title='bbox 1187 3945 1241 3992; x_wconf 92' lang='lat' dir='ltr'><strong>et</strong></span> <span class='ocrx_word' id='word_1_530' title='bbox 1265 3937 1325 3990; x_wconf 85' lang='grc' dir='ltr'><strong>Ι).</strong></span> <span class='ocrx_word' id='word_1_531' title='bbox 1358 3935 1715 4008; x_wconf 85' lang='lat' dir='ltr'><strong>Hieronymus</strong></span> <span class='ocrx_word' id='word_1_532' title='bbox 1743 3937 2072 4008; x_wconf 77' lang='lat' dir='ltr'><strong>observavit,</strong></span> 
     </span>
    </p>
   </div>
   <div class='ocr_carea' id='block_1_70' title="bbox 492 4005 2076 4080">
    <p class='ocr_par' dir='ltr' id='par_1_70' title="bbox 492 4005 2076 4080">
     <span class='ocr_line' id='line_1_71' title="bbox 492 4005 2076 4080; baseline -0.002 -14"><span class='ocrx_word' id='word_1_533' title='bbox 492 4009 551 4066; x_wconf 78' lang='grc'><strong>1⁸</strong></span> <span class='ocrx_word' id='word_1_534' title='bbox 578 4009 704 4080; x_wconf 83' lang='lat' dir='ltr'><strong>quia</strong></span> <span class='ocrx_word' id='word_1_535' title='bbox 727 4009 779 4063; x_wconf 92' lang='lat' dir='ltr'><strong>in</strong></span> <span class='ocrx_word' id='word_1_536' title='bbox 809 4005 1043 4080; x_wconf 84' lang='lat' dir='ltr'><strong>exordio</strong></span> <span class='ocrx_word' id='word_1_537' title='bbox 1061 4005 1336 4063; x_wconf 86' lang='lat' dir='ltr'><strong>Geueseos</strong></span> <span class='ocrx_word' id='word_1_538' title='bbox 1376 4005 1581 4080; x_wconf 73' lang='lat' dir='ltr'><strong>uictum</strong></span> <span class='ocrx_word' id='word_1_539' title='bbox 1625 4016 1709 4080; x_wconf 78' lang='lat' dir='ltr'><strong>est</strong></span> <span class='ocrx_word' id='word_1_540' title='bbox 1737 4026 1751 4061; x_wconf 87' lang='lat'><strong>:</strong></span> <span class='ocrx_word' id='word_1_541' title='bbox 1780 4005 2076 4065; x_wconf 78' lang='lat' dir='ltr'><strong>Masculum</strong></span> 
     </span>
    </p>
   </div>
   <div class='ocr_carea' id='block_1_71' title="bbox 489 4076 2073 4151">
    <p class='ocr_par' dir='ltr' id='par_1_71' title="bbox 489 4076 2073 4151">
     <span class='ocr_line' id='line_1_72' title="bbox 489 4076 2073 4151; baseline -0.001 -14"><span class='ocrx_word' id='word_1_542' title='bbox 489 4091 539 4137; x_wconf 90' lang='lat' dir='ltr'><strong>et</strong></span> <span class='ocrx_word' id='word_1_543' title='bbox 567 4076 810 4151; x_wconf 79' lang='lat' dir='ltr'><strong>feminam</strong></span> <span class='ocrx_word' id='word_1_544' title='bbox 834 4079 954 4151; x_wconf 73' lang='lat' dir='ltr'><strong>fecit</strong></span> <span class='ocrx_word' id='word_1_545' title='bbox 981 4093 1099 4151; x_wconf 82' lang='lat' dir='ltr'><strong>eos;</strong></span> <span class='ocrx_word' id='word_1_546' title='bbox 1126 4093 1232 4134; x_wconf 91' lang='lat' dir='ltr'><strong>non</strong></span> <span class='ocrx_word' id='word_1_547' title='bbox 1260 4078 1555 4151; x_wconf 85' lang='lat' dir='ltr'><strong>masculum</strong></span> <span class='ocrx_word' id='word_1_548' title='bbox 1587 4090 1637 4134; x_wconf 88' lang='lat' dir='ltr'><strong>et</strong></span> <span class='ocrx_word' id='word_1_549' title='bbox 1668 4076 1920 4143; x_wconf 84' lang='lat' dir='ltr'><strong>feminas,</strong></span> <span class='ocrx_word' id='word_1_550' title='bbox 1954 4081 2073 4143; x_wconf 88' lang='lat' dir='ltr'><strong>sed,</strong></span> 
     </span>
    </p>
   </div>
   <div class='ocr_carea' id='block_1_72' title="bbox 495 4148 2077 4223">
    <p class='ocr_par' dir='ltr' id='par_1_72' title="bbox 495 4148 2077 4223">
     <span class='ocr_line' id='line_1_73' title="bbox 495 4148 2077 4223; baseline 0 -17"><span class='ocrx_word' id='word_1_551' title='bbox 495 4148 782 4206; x_wconf 82' lang='lat' dir='ltr'><strong>masculum</strong></span> <span class='ocrx_word' id='word_1_552' title='bbox 834 4148 1206 4223; x_wconf 62' lang='lat' dir='ltr'><strong>etferninam,</strong></span> <span class='ocrx_word' id='word_1_553' title='bbox 1247 4160 1303 4204; x_wconf 85' lang='lat' dir='ltr'><strong>ut</strong></span> <span class='ocrx_word' id='word_1_554' title='bbox 1341 4149 1777 4223; x_wconf 65' lang='lat' dir='ltr'><strong>unius_conjugis</strong></span> <span class='ocrx_word' id='word_1_555' title='bbox 1815 4153 2077 4223; x_wconf 63' lang='lat' dir='ltr'><strong>consortia</strong></span> 
     </span>
    </p>
   </div>
   <div class='ocr_carea' id='block_1_73' title="bbox 492 4218 2077 4292">
    <p class='ocr_par' dir='ltr' id='par_1_73' title="bbox 492 4218 2077 4292">
     <span class='ocr_line' id='line_1_74' title="bbox 492 4218 2077 4292; baseline -0.001 -15"><span class='ocrx_word' id='word_1_556' title='bbox 492 4230 835 4286; x_wconf 85' lang='lat' dir='ltr'><strong>necterentur,</strong></span> <span class='ocrx_word' id='word_1_557' title='bbox 868 4221 941 4292; x_wconf 83' lang='lat' dir='ltr'><strong>ait</strong></span> <span class='ocrx_word' id='word_1_558' title='bbox 964 4220 1347 4290; x_wconf 76' lang='lat' dir='ltr'><strong>ﬂieronymus.</strong></span> <span class='ocrx_word' id='word_1_559' title='bbox 1376 4220 1434 4273; x_wconf 70' lang='lat'><strong>2°</strong></span> <span class='ocrx_word' id='word_1_560' title='bbox 1469 4218 1676 4275; x_wconf 80' lang='lat' dir='ltr'><strong>Dictum</strong></span> <span class='ocrx_word' id='word_1_561' title='bbox 1698 4218 1780 4276; x_wconf 62' lang='lat' dir='ltr'><strong>cst</strong></span> <span class='ocrx_word' id='word_1_562' title='bbox 1809 4238 1823 4275; x_wconf 88' lang='lat'><strong>:</strong></span> <span class='ocrx_word' id='word_1_563' title='bbox 1854 4219 2077 4292; x_wconf 72' lang='lat' dir='ltr'><strong>PrOpter</strong></span> 
     </span>
    </p>
   </div>
   <div class='ocr_carea' id='block_1_74' title="bbox 494 4288 2077 4359">
    <p class='ocr_par' dir='ltr' id='par_1_74' title="bbox 494 4288 2077 4359">
     <span class='ocr_line' id='line_1_75' title="bbox 494 4288 2077 4359; baseline 0.001 -12"><span class='ocrx_word' id='word_1_564' title='bbox 494 4293 593 4347; x_wconf 91' lang='lat' dir='ltr'><strong>hoc</strong></span> <span class='ocrx_word' id='word_1_565' title='bbox 641 4292 859 4346; x_wconf 87' lang='lat' dir='ltr'><strong>dimittet</strong></span> <span class='ocrx_word' id='word_1_566' title='bbox 886 4288 1038 4344; x_wconf 91' lang='lat' dir='ltr'><strong>homo</strong></span> <span class='ocrx_word' id='word_1_567' title='bbox 1070 4288 1268 4359; x_wconf 79' lang='lat' dir='ltr'><strong>patrem</strong></span> <span class='ocrx_word' id='word_1_568' title='bbox 1312 4300 1363 4344; x_wconf 88' lang='lat' dir='ltr'><strong>et</strong></span> <span class='ocrx_word' id='word_1_569' title='bbox 1410 4297 1621 4344; x_wconf 83' lang='lat' dir='ltr'><strong>matrem</strong></span> <span class='ocrx_word' id='word_1_570' title='bbox 1645 4332 1662 4357; x_wconf 91' lang='lat'><strong>,</strong></span> <span class='ocrx_word' id='word_1_571' title='bbox 1694 4301 1742 4345; x_wconf 85' lang='lat' dir='ltr'><strong>et</strong></span> <span class='ocrx_word' id='word_1_572' title='bbox 1792 4288 2077 4348; x_wconf 69' lang='lat' dir='ltr'><strong>adhccrebit</strong></span> 
     </span>
    </p>
   </div>
   <div class='ocr_carea' id='block_1_75' title="bbox 490 4360 2076 4429">
    <p class='ocr_par' dir='ltr' id='par_1_75' title="bbox 490 4360 2076 4429">
     <span class='ocr_line' id='line_1_76' title="bbox 490 4360 2076 4429; baseline 0.002 -12"><span class='ocrx_word' id='word_1_573' title='bbox 490 4365 642 4419; x_wconf 75' lang='lat' dir='ltr'><strong>uxori</strong></span> <span class='ocrx_word' id='word_1_574' title='bbox 671 4378 778 4418; x_wconf 70' lang='lat' dir='ltr'><strong>sua</strong></span> <span class='ocrx_word' id='word_1_575' title='bbox 797 4404 812 4429; x_wconf 96' lang='lat'><strong>,</strong></span> <span class='ocrx_word' id='word_1_576' title='bbox 849 4377 954 4417; x_wconf 90' lang='lat' dir='ltr'><strong>non</strong></span> <span class='ocrx_word' id='word_1_577' title='bbox 985 4361 1262 4418; x_wconf 91' lang='lat' dir='ltr'><strong>uxoribus.</strong></span> <span class='ocrx_word' id='word_1_578' title='bbox 1294 4360 1351 4418; x_wconf 74' lang='lat'><strong>3’</strong></span> <span class='ocrx_word' id='word_1_579' title='bbox 1378 4360 1589 4415; x_wconf 89' lang='lat' dir='ltr'><strong>Dictum</strong></span> <span class='ocrx_word' id='word_1_580' title='bbox 1621 4371 1704 4417; x_wconf 89' lang='lat' dir='ltr'><strong>est</strong></span> <span class='ocrx_word' id='word_1_581' title='bbox 1731 4380 1744 4417; x_wconf 93' lang='lat'><strong>:</strong></span> <span class='ocrx_word' id='word_1_582' title='bbox 1773 4361 1944 4417; x_wconf 83' lang='lat' dir='ltr'><strong>Erunt</strong></span> <span class='ocrx_word' id='word_1_583' title='bbox 1971 4366 2076 4420; x_wconf 89' lang='lat' dir='ltr'><strong>duo</strong></span> 
     </span>
    </p>
   </div>
   <div class='ocr_carea' id='block_1_76' title="bbox 491 4431 2076 4501">
    <p class='ocr_par' dir='ltr' id='par_1_76' title="bbox 491 4431 2076 4501">
     <span class='ocr_line' id='line_1_77' title="bbox 491 4431 2076 4501; baseline 0.003 -14"><span class='ocrx_word' id='word_1_584' title='bbox 491 4435 547 4489; x_wconf 91' lang='lat' dir='ltr'><strong>in</strong></span> <span class='ocrx_word' id='word_1_585' title='bbox 578 4450 731 4488; x_wconf 90' lang='lat' dir='ltr'><strong>carne</strong></span> <span class='ocrx_word' id='word_1_586' title='bbox 758 4450 894 4498; x_wconf 89' lang='lat' dir='ltr'><strong>uno,</strong></span> <span class='ocrx_word' id='word_1_587' title='bbox 926 4432 976 4487; x_wconf 90' lang='lat' dir='ltr'><strong>id</strong></span> <span class='ocrx_word' id='word_1_588' title='bbox 1004 4441 1108 4498; x_wconf 86' lang='lat' dir='ltr'><strong>est,</strong></span> <span class='ocrx_word' id='word_1_589' title='bbox 1156 4442 1313 4488; x_wconf 89' lang='lat' dir='ltr'><strong>erunt</strong></span> <span class='ocrx_word' id='word_1_590' title='bbox 1344 4431 1453 4487; x_wconf 91' lang='lat' dir='ltr'><strong>duo</strong></span> <span class='ocrx_word' id='word_1_591' title='bbox 1483 4446 1585 4486; x_wconf 89' lang='lat' dir='ltr'><strong>una</strong></span> <span class='ocrx_word' id='word_1_592' title='bbox 1626 4447 1757 4489; x_wconf 90' lang='lat' dir='ltr'><strong>caro</strong></span> <span class='ocrx_word' id='word_1_593' title='bbox 1788 4451 1802 4488; x_wconf 89' lang='lat'><strong>:</strong></span> <span class='ocrx_word' id='word_1_594' title='bbox 1836 4434 1962 4501; x_wconf 79' lang='lat' dir='ltr'><strong>duo,</strong></span> <span class='ocrx_word' id='word_1_595' title='bbox 1989 4437 2076 4492; x_wconf 86' lang='lat' dir='ltr'><strong>in-</strong></span> 
     </span>
    </p>
   </div>
   <div class='ocr_carea' id='block_1_77' title="bbox 491 4503 2078 4577">
    <p class='ocr_par' dir='ltr' id='par_1_77' title="bbox 491 4503 2078 4577">
     <span class='ocr_line' id='line_1_78' title="bbox 491 4503 2078 4577; baseline 0.003 -18"><span class='ocrx_word' id='word_1_596' title='bbox 491 4506 647 4577; x_wconf 69' lang='lat' dir='ltr'><strong>quit,</strong></span> <span class='ocrx_word' id='word_1_597' title='bbox 676 4521 778 4577; x_wconf 82' lang='lat' dir='ltr'><strong>non</strong></span> <span class='ocrx_word' id='word_1_598' title='bbox 825 4504 1020 4577; x_wconf 68' lang='lat' dir='ltr'><strong>plures.</strong></span> <span class='ocrx_word' id='word_1_599' title='bbox 1067 4503 1215 4560; x_wconf 81' lang='lat' dir='ltr'><strong>Hauc</strong></span> <span class='ocrx_word' id='word_1_600' title='bbox 1263 4504 1444 4577; x_wconf 85' lang='lat' dir='ltr'><strong>itaque</strong></span> <span class='ocrx_word' id='word_1_601' title='bbox 1501 4503 1673 4572; x_wconf 89' lang='lat' dir='ltr'><strong>legem</strong></span> <span class='ocrx_word' id='word_1_602' title='bbox 1722 4509 2078 4577; x_wconf 62' lang='lat' dir='ltr'><strong>monogamia!</strong></span> 
     </span>
    </p>
   </div>
   <div class='ocr_carea' id='block_1_78' title="bbox 489 4574 2074 4645">
    <p class='ocr_par' dir='ltr' id='par_1_78' title="bbox 489 4574 2074 4645">
     <span class='ocr_line' id='line_1_79' title="bbox 489 4574 2074 4645; baseline 0.003 -17"><span class='ocrx_word' id='word_1_603' title='bbox 489 4574 743 4644; x_wconf 88' lang='lat' dir='ltr'><strong>primitus</strong></span> <span class='ocrx_word' id='word_1_604' title='bbox 766 4574 1084 4641; x_wconf 84' lang='lat' dir='ltr'><strong>institutam,</strong></span> <span class='ocrx_word' id='word_1_605' title='bbox 1118 4585 1305 4643; x_wconf 88' lang='lat' dir='ltr'><strong>postea</strong></span> <span class='ocrx_word' id='word_1_606' title='bbox 1327 4575 1639 4645; x_wconf 87' lang='lat' dir='ltr'><strong>abrogatam</strong></span> <span class='ocrx_word' id='word_1_607' title='bbox 1667 4584 1758 4629; x_wconf 91' lang='lat' dir='ltr'><strong>aut</strong></span> <span class='ocrx_word' id='word_1_608' title='bbox 1781 4574 2074 4633; x_wconf 79' lang='lat' dir='ltr'><strong>relaxatam</strong></span> 
     </span>
    </p>
   </div>
   <div class='ocr_carea' id='block_1_79' title="bbox 491 4645 2075 4719">
    <p class='ocr_par' dir='ltr' id='par_1_79' title="bbox 491 4645 2075 4719">
     <span class='ocr_line' id='line_1_80' title="bbox 491 4645 2075 4719; baseline 0.002 -18"><span class='ocrx_word' id='word_1_609' title='bbox 491 4646 741 4701; x_wconf 88' lang='lat' dir='ltr'><strong>Christus</strong></span> <span class='ocrx_word' id='word_1_610' title='bbox 768 4645 933 4719; x_wconf 78' lang='lat' dir='ltr'><strong>veluti</strong></span> <span class='ocrx_word' id='word_1_611' title='bbox 947 4645 1297 4719; x_wconf 78' lang='lat' dir='ltr'><strong>postliminio</strong></span> <span class='ocrx_word' id='word_1_612' title='bbox 1350 4660 1612 4719; x_wconf 83' lang='lat' dir='ltr'><strong>revocans</strong></span> <span class='ocrx_word' id='word_1_613' title='bbox 1637 4657 1693 4701; x_wconf 90' lang='lat' dir='ltr'><strong>et</strong></span> <span class='ocrx_word' id='word_1_614' title='bbox 1722 4646 1774 4700; x_wconf 89' lang='lat' dir='ltr'><strong>in</strong></span> <span class='ocrx_word' id='word_1_615' title='bbox 1808 4648 2075 4719; x_wconf 87' lang='lat' dir='ltr'><strong>integrum</strong></span> 
     </span>
    </p>
   </div>
   <div class='ocr_carea' id='block_1_80' title="bbox 487 4715 2076 4789">
    <p class='ocr_par' dir='ltr' id='par_1_80' title="bbox 487 4715 2076 4789">
     <span class='ocr_line' id='line_1_81' title="bbox 487 4715 2076 4789; baseline 0.001 -17"><span class='ocrx_word' id='word_1_616' title='bbox 487 4726 803 4773; x_wconf 87' lang='lat' dir='ltr'><strong>restauraus</strong></span> <span class='ocrx_word' id='word_1_617' title='bbox 827 4716 1065 4771; x_wconf 84' lang='lat' dir='ltr'><strong>subdidit</strong></span> <span class='ocrx_word' id='word_1_618' title='bbox 1094 4733 1108 4770; x_wconf 88' lang='lat'><strong>:</strong></span> <span class='ocrx_word' id='word_1_619' title='bbox 1137 4715 1267 4771; x_wconf 87' lang='lat' dir='ltr'><strong>Dico</strong></span> <span class='ocrx_word' id='word_1_620' title='bbox 1292 4718 1620 4789; x_wconf 12' lang='lat' dir='ltr'><strong>vobis,iquia</strong></span> <span class='ocrx_word' id='word_1_621' title='bbox 1659 4715 1963 4789; x_wconf 68' lang='lat' dir='ltr'><strong>quicumque</strong></span> <span class='ocrx_word' id='word_1_622' title='bbox 1995 4720 2076 4774; x_wconf 90' lang='lat' dir='ltr'><strong>di-</strong></span> 
     </span>
    </p>
   </div>
   <div class='ocr_carea' id='block_1_81' title="bbox 485 4787 2076 4858">
    <p class='ocr_par' dir='ltr' id='par_1_81' title="bbox 485 4787 2076 4858">
     <span class='ocr_line' id='line_1_82' title="bbox 485 4787 2076 4858; baseline 0.003 -17"><span class='ocrx_word' id='word_1_623' title='bbox 485 4789 685 4843; x_wconf 83' lang='lat' dir='ltr'><strong>miserit</strong></span> <span class='ocrx_word' id='word_1_624' title='bbox 706 4804 918 4842; x_wconf 71' lang='lat' dir='ltr'><strong>uxoretn</strong></span> <span class='ocrx_word' id='word_1_625' title='bbox 941 4804 1109 4853; x_wconf 88' lang='lat' dir='ltr'><strong>suam,</strong></span> <span class='ocrx_word' id='word_1_626' title='bbox 1138 4790 1237 4841; x_wconf 85' lang='lat' dir='ltr'><strong>nisi</strong></span> <span class='ocrx_word' id='word_1_627' title='bbox 1262 4787 1321 4842; x_wconf 91' lang='lat' dir='ltr'><strong>ob</strong></span> <span class='ocrx_word' id='word_1_628' title='bbox 1346 4788 1755 4858; x_wconf 77' lang='lat' dir='ltr'><strong>fornicationem,</strong></span> <span class='ocrx_word' id='word_1_629' title='bbox 1780 4787 2076 4845; x_wconf 70' lang='lat' dir='ltr'><strong>nime/tatur.</strong></span> 
     </span>
    </p>
   </div>
   <div class='ocr_carea' id='block_1_82' title="bbox 486 4857 2077 4928">
    <p class='ocr_par' dir='ltr' id='par_1_82' title="bbox 486 4857 2077 4928">
     <span class='ocr_line' id='line_1_83' title="bbox 486 4857 2077 4928; baseline 0.003 -15"><span class='ocrx_word' id='word_1_630' title='bbox 486 4859 699 4926; x_wconf 85' lang='lat' dir='ltr'><strong>Quibus</strong></span> <span class='ocrx_word' id='word_1_631' title='bbox 720 4858 900 4913; x_wconf 89' lang='lat' dir='ltr'><strong>verbis</strong></span> <span class='ocrx_word' id='word_1_632' title='bbox 931 4857 1289 4928; x_wconf 82' lang='lat' dir='ltr'><strong>polygamiam</strong></span> <span class='ocrx_word' id='word_1_633' title='bbox 1323 4857 1543 4914; x_wconf 80' lang='lat' dir='ltr'><strong>Omnino</strong></span> <span class='ocrx_word' id='word_1_634' title='bbox 1572 4860 1845 4915; x_wconf 85' lang='lat' dir='ltr'><strong>exclusam</strong></span> <span class='ocrx_word' id='word_1_635' title='bbox 1889 4861 2077 4918; x_wconf 80' lang='lat' dir='ltr'><strong>Patres</strong></span> 
     </span>
    </p>
   </div>
   <div class='ocr_carea' id='block_1_83' title="bbox 490 4931 2073 5002">
    <p class='ocr_par' dir='ltr' id='par_1_83' title="bbox 490 4931 2073 5002">
     <span class='ocr_line' id='line_1_84' title="bbox 490 4931 2073 5002; baseline 0.004 -20"><span class='ocrx_word' id='word_1_636' title='bbox 490 4933 923 5002; x_wconf 71' lang='lat' dir='ltr'><strong>intellexerunt:</strong></span> <span class='ocrx_word' id='word_1_637' title='bbox 973 4945 1095 4983; x_wconf 90' lang='lat' dir='ltr'><strong>nam</strong></span> <span class='ocrx_word' id='word_1_638' title='bbox 1129 4938 1187 5002; x_wconf 90' lang='lat' dir='ltr'><strong>ut</strong></span> <span class='ocrx_word' id='word_1_639' title='bbox 1230 4931 1571 5002; x_wconf 68' lang='lat' dir='ltr'><strong>Innocentius</strong></span> <span class='ocrx_word' id='word_1_640' title='bbox 1616 4946 1703 4996; x_wconf 85' lang='lat' dir='ltr'><strong>Ill,</strong></span> <span class='ocrx_word' id='word_1_641' title='bbox 1745 4931 2073 5002; x_wconf 87' lang='lat' dir='ltr'><strong>inquadam</strong></span> 
     </span>
    </p>
   </div>
   <div class='ocr_carea' id='block_1_84' title="bbox 485 4999 2078 5073">
    <p class='ocr_par' dir='ltr' id='par_1_84' title="bbox 485 4999 2078 5073">
     <span class='ocr_line' id='line_1_85' title="bbox 485 4999 2078 5073; baseline 0.004 -19"><span class='ocrx_word' id='word_1_642' title='bbox 485 5001 751 5073; x_wconf 76' lang='lat' dir='ltr'><strong>decretali</strong></span> <span class='ocrx_word' id='word_1_643' title='bbox 782 4999 1023 5073; x_wconf 72' lang='lat' dir='ltr'><strong>(Extrav.</strong></span> <span class='ocrx_word' id='word_1_644' title='bbox 1055 5001 1123 5073; x_wconf 85' lang='lat' dir='ltr'><strong>de</strong></span> <span class='ocrx_word' id='word_1_645' title='bbox 1143 5001 1328 5073; x_wconf 79' lang='lat' dir='ltr'><strong>divort.</strong></span> <span class='ocrx_word' id='word_1_646' title='bbox 1363 5017 1479 5070; x_wconf 86' lang='lat' dir='ltr'><strong>cup.</strong></span> <span class='ocrx_word' id='word_1_647' title='bbox 1517 4999 1875 5073; x_wconf 70' lang='lat' dir='ltr'><strong>Gaudemus),</strong></span> <span class='ocrx_word' id='word_1_648' title='bbox 1910 5004 2078 5061; x_wconf 91' lang='lat' dir='ltr'><strong>ratio-</strong></span> 
     </span>
    </p>
   </div>
   <div class='ocr_carea' id='block_1_85' title="bbox 486 5071 2077 5146">
    <p class='ocr_par' dir='ltr' id='par_1_85' title="bbox 486 5071 2077 5146">
     <span class='ocr_line' id='line_1_86' title="bbox 486 5071 2077 5146; baseline 0.002 -21"><span class='ocrx_word' id='word_1_649' title='bbox 486 5071 701 5126; x_wconf 68' lang='lat' dir='ltr'><strong>cinatus</strong></span> <span class='ocrx_word' id='word_1_650' title='bbox 734 5071 845 5146; x_wconf 88' lang='lat' dir='ltr'><strong>:_Si</strong></span> <span class='ocrx_word' id='word_1_651' title='bbox 882 5087 1044 5146; x_wconf 72' lang='lat' dir='ltr'><strong>tutore</strong></span> <span class='ocrx_word' id='word_1_652' title='bbox 1071 5072 1285 5127; x_wconf 79' lang='lat' dir='ltr'><strong>dimissa</strong></span> <span class='ocrx_word' id='word_1_653' title='bbox 1324 5072 1444 5146; x_wconf 66' lang='lat' dir='ltr'><strong>duci</strong></span> <span class='ocrx_word' id='word_1_654' title='bbox 1476 5073 1681 5146; x_wconf 3' lang='lat' dir='ltr'><strong>aliaqde</strong></span> <span class='ocrx_word' id='word_1_655' title='bbox 1697 5071 1822 5146; x_wconf 84' lang='lat' dir='ltr'><strong>jure</strong></span> <span class='ocrx_word' id='word_1_656' title='bbox 1848 5090 1953 5128; x_wconf 88' lang='lat' dir='ltr'><strong>non</strong></span> <span class='ocrx_word' id='word_1_657' title='bbox 1982 5091 2077 5146; x_wconf 91' lang='lat' dir='ltr'><strong>po-</strong></span> 
     </span>
    </p>
   </div>
   <div class='ocr_carea' id='block_1_86' title="bbox 485 5141 2075 5217">
    <p class='ocr_par' dir='ltr' id='par_1_86' title="bbox 485 5141 2075 5217">
     <span class='ocr_line' id='line_1_87' title="bbox 485 5141 2075 5217; baseline 0.002 -22"><span class='ocrx_word' id='word_1_658' title='bbox 485 5151 611 5209; x_wconf 84' lang='lat' dir='ltr'><strong>test,</strong></span> <span class='ocrx_word' id='word_1_659' title='bbox 643 5143 830 5217; x_wconf 76' lang='lat' dir='ltr'><strong>[ortius</strong></span> <span class='ocrx_word' id='word_1_660' title='bbox 860 5150 911 5198; x_wconf 90' lang='lat' dir='ltr'><strong>et</strong></span> <span class='ocrx_word' id='word_1_661' title='bbox 940 5144 1055 5217; x_wconf 79' lang='lat' dir='ltr'><strong>ipsa</strong></span> <span class='ocrx_word' id='word_1_662' title='bbox 1084 5154 1298 5198; x_wconf 89' lang='lat' dir='ltr'><strong>retenta.</strong></span> <span class='ocrx_word' id='word_1_663' title='bbox 1334 5141 1435 5196; x_wconf 86' lang='lat' dir='ltr'><strong>Per</strong></span> <span class='ocrx_word' id='word_1_664' title='bbox 1462 5144 1603 5215; x_wconf 90' lang='lat' dir='ltr'><strong>quod</strong></span> <span class='ocrx_word' id='word_1_665' title='bbox 1629 5141 1883 5199; x_wconf 83' lang='lat' dir='ltr'><strong>evidenter</strong></span> <span class='ocrx_word' id='word_1_666' title='bbox 1911 5141 2075 5217; x_wconf 84' lang='lat' dir='ltr'><strong>appa-</strong></span> 
     </span>
    </p>
   </div>
   <div class='ocr_carea' id='block_1_87' title="bbox 482 5212 2076 5288">
    <p class='ocr_par' dir='ltr' id='par_1_87' title="bbox 482 5212 2076 5288">
     <span class='ocr_line' id='line_1_88' title="bbox 482 5212 2076 5288; baseline 0.002 -20"><span class='ocrx_word' id='word_1_667' title='bbox 482 5212 1036 5288; x_wconf 28' lang='lat' dir='ltr'><strong>retupluralitatem‘in</strong></span> <span class='ocrx_word' id='word_1_668' title='bbox 1065 5224 1288 5288; x_wconf 78' lang='lat' dir='ltr'><strong>utroque</strong></span> <span class='ocrx_word' id='word_1_669' title='bbox 1305 5230 1451 5279; x_wconf 71' lang='lat' dir='ltr'><strong>sexu,</strong></span> <span class='ocrx_word' id='word_1_670' title='bbox 1475 5212 1597 5288; x_wconf 79' lang='lat' dir='ltr'><strong>cum</strong></span> <span class='ocrx_word' id='word_1_671' title='bbox 1623 5232 1725 5288; x_wconf 88' lang='lat' dir='ltr'><strong>non</strong></span> <span class='ocrx_word' id='word_1_672' title='bbox 1753 5216 1819 5270; x_wconf 90' lang='lat' dir='ltr'><strong>ad</strong></span> <span class='ocrx_word' id='word_1_673' title='bbox 1855 5212 2076 5288; x_wconf 84' lang='lat' dir='ltr'><strong>imparia</strong></span> 
     </span>
    </p>
   </div>
   <div class='ocr_carea' id='block_1_88' title="bbox 477 5285 2075 5358">
    <p class='ocr_par' dir='ltr' id='par_1_88' title="bbox 477 5285 2075 5358">
     <span class='ocr_line' id='line_1_89' title="bbox 477 5285 2075 5358; baseline 0.003 -20"><span class='ocrx_word' id='word_1_674' title='bbox 477 5285 802 5358; x_wconf 70' lang='lat' dir='ltr'><strong>judicentur,</strong></span> <span class='ocrx_word' id='word_1_675' title='bbox 831 5285 971 5358; x_wconf 84' lang='lat' dir='ltr'><strong>circa</strong></span> <span class='ocrx_word' id='word_1_676' title='bbox 996 5285 1383 5358; x_wconf 69' lang='lat' dir='ltr'><strong>matrimonium</strong></span> <span class='ocrx_word' id='word_1_677' title='bbox 1407 5285 1809 5358; x_wconf 76' lang='lat' dir='ltr'><strong>reprobandum.</strong></span> <span class='ocrx_word' id='word_1_678' title='bbox 1840 5285 2075 5358; x_wconf 43' lang='lat' dir='ltr'><strong>lta&#39;pon-</strong></span> 
     </span>
    </p>
   </div>
   <div class='ocr_carea' id='block_1_89' title="bbox 480 5353 2071 5484">
    <p class='ocr_par' dir='ltr' id='par_1_89' title="bbox 480 5353 2071 5484">
     <span class='ocr_line' id='line_1_90' title="bbox 480 5353 2071 5484; baseline 0.003 -74"><span class='ocrx_word' id='word_1_679' title='bbox 480 5353 614 5411; x_wconf 72' lang='lat' dir='ltr'><strong>illex</strong></span> <span class='ocrx_word' id='word_1_680' title='bbox 638 5353 803 5480; x_wconf 55' lang='lat' dir='ltr'><strong>(Vide</strong></span> <span class='ocrx_word' id='word_1_681' title='bbox 826 5356 979 5409; x_wconf 87' lang='lat' dir='ltr'><strong>etiam</strong></span> <span class='ocrx_word' id='word_1_682' title='bbox 1006 5354 1213 5438; x_wconf 71' lang='lat' dir='ltr'><strong>Sixtum</strong></span> <span class='ocrx_word' id='word_1_683' title='bbox 1241 5358 1457 5439; x_wconf 77' lang='lat' dir='ltr'><strong>Senem.</strong></span> <span class='ocrx_word' id='word_1_684' title='bbox 1470 5353 1566 5412; x_wconf 85' lang='lat' dir='ltr'><strong>lib.</strong></span> <span class='ocrx_word' id='word_1_685' title='bbox 1593 5373 1665 5423; x_wconf 82' lang='lat' dir='ltr'><strong>v1,</strong></span> <span class='ocrx_word' id='word_1_686' title='bbox 1697 5353 2071 5484; x_wconf 48' lang='lat' dir='ltr'><strong>annotatf822.</strong></span> 
     </span>
     <span class='ocr_line' id='line_1_91' title="bbox 556 5425 2071 5484; baseline 0.002 -3"><span class='ocrx_word' id='word_1_687' title='bbox 556 5435 583 5463; x_wconf 69' lang='grc'><strong>⁸</strong></span> <span class='ocrx_word' id='word_1_688' title='bbox 611 5426 641 5481; x_wconf 69' lang='lat' dir='ltr'><strong>b</strong></span> <span class='ocrx_word' id='word_1_689' title='bbox 664 5425 953 5482; x_wconf 85' lang='lat' dir='ltr'><strong>endaclum</strong></span> <span class='ocrx_word' id='word_1_690' title='bbox 999 5441 1079 5482; x_wconf 84' lang='lat' dir='ltr'><strong>sic</strong></span> <span class='ocrx_word' id='word_1_691' title='bbox 1125 5438 1208 5483; x_wconf 89' lang='lat' dir='ltr'><strong>est</strong></span> <span class='ocrx_word' id='word_1_692' title='bbox 1240 5438 1531 5484; x_wconf 83' lang='lat' dir='ltr'><strong>Intrinsece</strong></span> <span class='ocrx_word' id='word_1_693' title='bbox 1562 5430 1787 5484; x_wconf 87' lang='lat' dir='ltr'><strong>malum.</strong></span> <span class='ocrx_word' id='word_1_694' title='bbox 1837 5440 1895 5484; x_wconf 92' lang='lat' dir='ltr'><strong>ut</strong></span> <span class='ocrx_word' id='word_1_695' title='bbox 1923 5433 2014 5484; x_wconf 92' lang='lat' dir='ltr'><strong>nul</strong></span> <span class='ocrx_word' id='word_1_696' title='bbox 2044 5446 2071 5484; x_wconf 90' lang='lat' dir='ltr'><strong>a</strong></span> 
     </span>
    </p>
   </div>
   <div class='ocr_carea' id='block_1_90' title="bbox 556 5425 2075 5497">
    <p class='ocr_par' dir='ltr' id='par_1_90' title="bbox 556 5425 2075 5497">
     <span class='ocr_line' id='line_1_92' title="bbox 556 5425 2075 5497; baseline 0.003 -17"><span class='ocrx_word' id='word_1_697' title='bbox 556 5435 583 5463; x_wconf 68' lang='grc'>⁸</span> <span class='ocrx_word' id='word_1_698' title='bbox 611 5425 953 5482; x_wconf 81' lang='lat' dir='ltr'><strong>Mendacium</strong></span> <span class='ocrx_word' id='word_1_699' title='bbox 999 5427 1079 5482; x_wconf 87' lang='lat' dir='ltr'><strong>sic</strong></span> <span class='ocrx_word' id='word_1_700' title='bbox 1125 5438 1208 5483; x_wconf 89' lang='lat' dir='ltr'><strong>est</strong></span> <span class='ocrx_word' id='word_1_701' title='bbox 1240 5427 1531 5484; x_wconf 85' lang='lat' dir='ltr'><strong>intrinsece</strong></span> <span class='ocrx_word' id='word_1_702' title='bbox 1562 5430 1787 5497; x_wconf 88' lang='lat' dir='ltr'><strong>malum,</strong></span> <span class='ocrx_word' id='word_1_703' title='bbox 1837 5425 2075 5487; x_wconf 84' lang='lat' dir='ltr'><strong>utnulla</strong></span> 
     </span>
    </p>
   </div>
   <div class='ocr_carea' id='block_1_91' title="bbox 475 5497 2071 5568">
    <p class='ocr_par' dir='ltr' id='par_1_91' title="bbox 475 5497 2071 5568">
     <span class='ocr_line' id='line_1_93' title="bbox 475 5497 2071 5568; baseline 0.003 -15"><span class='ocrx_word' id='word_1_704' title='bbox 475 5499 821 5553; x_wconf 80' lang='lat' dir='ltr'><strong>necessitate</strong></span> <span class='ocrx_word' id='word_1_705' title='bbox 868 5506 961 5553; x_wconf 91' lang='lat' dir='ltr'><strong>aut</strong></span> <span class='ocrx_word' id='word_1_706' title='bbox 998 5497 1403 5568; x_wconf 85' lang='lat' dir='ltr'><strong>dispensatione</strong></span> <span class='ocrx_word' id='word_1_707' title='bbox 1450 5501 1620 5568; x_wconf 83' lang='lat' dir='ltr'><strong>possit</strong></span> <span class='ocrx_word' id='word_1_708' title='bbox 1675 5499 1792 5555; x_wconf 87' lang='lat' dir='ltr'><strong>fieri</strong></span> <span class='ocrx_word' id='word_1_709' title='bbox 1848 5502 2071 5557; x_wconf 90' lang='lat' dir='ltr'><strong>bonum.</strong></span> 
     </span>
    </p>
   </div>
   <div class='ocr_carea' id='block_1_92' title="bbox 481 5568 2074 5641">
    <p class='ocr_par' dir='ltr' id='par_1_92' title="bbox 481 5568 2074 5641">
     <span class='ocr_line' id='line_1_94' title="bbox 481 5568 2074 5641; baseline 0.003 -18"><span class='ocrx_word' id='word_1_710' title='bbox 481 5568 637 5635; x_wconf 86' lang='lat' dir='ltr'><strong>Quod</strong></span> <span class='ocrx_word' id='word_1_711' title='bbox 668 5576 723 5623; x_wconf 92' lang='lat' dir='ltr'><strong>et</strong></span> <span class='ocrx_word' id='word_1_712' title='bbox 752 5569 1075 5641; x_wconf 79' lang='lat' dir='ltr'><strong>Aristoteles</strong></span> <span class='ocrx_word' id='word_1_713' title='bbox 1098 5573 1323 5639; x_wconf 84' lang='lat' dir='ltr'><strong>agnovit</strong></span> <span class='ocrx_word' id='word_1_714' title='bbox 1352 5586 1403 5626; x_wconf 83' lang='lat' dir='ltr'><strong>tv</strong></span> <span class='ocrx_word' id='word_1_715' title='bbox 1428 5570 1742 5626; x_wconf 83' lang='lat' dir='ltr'><strong>Etliicorum</strong></span> <span class='ocrx_word' id='word_1_716' title='bbox 1772 5587 1892 5641; x_wconf 87' lang='lat' dir='ltr'><strong>cap.</strong></span> <span class='ocrx_word' id='word_1_717' title='bbox 1930 5572 1964 5627; x_wconf 90' lang='lat'><strong>7</strong></span> <span class='ocrx_word' id='word_1_718' title='bbox 1992 5574 2074 5628; x_wconf 83' lang='lat' dir='ltr'><strong>di-</strong></span> 
     </span>
    </p>
   </div>
   <div class='ocr_carea' id='block_1_93' title="bbox 479 5640 2063 5716">
    <p class='ocr_par' dir='ltr' id='par_1_93' title="bbox 479 5640 2063 5716">
     <span class='ocr_line' id='line_1_95' title="bbox 479 5640 2063 5716; baseline 0.002 -20"><span class='ocrx_word' id='word_1_719' title='bbox 479 5654 615 5696; x_wconf 87' lang='lat' dir='ltr'><strong>cens</strong></span> <span class='ocrx_word' id='word_1_720' title='bbox 643 5640 977 5716; x_wconf 80' lang='lat' dir='ltr'><strong>mendacium</strong></span> <span class='ocrx_word' id='word_1_721' title='bbox 989 5656 1080 5716; x_wconf 75' lang='lat' dir='ltr'><strong>per</strong></span> <span class='ocrx_word' id='word_1_722' title='bbox 1114 5641 1617 5716; x_wconf 77' lang='lat' dir='ltr'><strong>se-improbumesse</strong></span> <span class='ocrx_word' id='word_1_723' title='bbox 1635 5651 1681 5716; x_wconf 71' lang='lat' dir='ltr'><strong>_et</strong></span> <span class='ocrx_word' id='word_1_724' title='bbox 1708 5640 2063 5716; x_wconf 82' lang='lat' dir='ltr'><strong>vituperabile,</strong></span> 
     </span>
    </p>
   </div>
   <div class='ocr_carea' id='block_1_94' title="bbox 480 5712 2065 5784">
    <p class='ocr_par' dir='ltr' id='par_1_94' title="bbox 480 5712 2065 5784">
     <span class='ocr_line' id='line_1_96' title="bbox 480 5712 2065 5784; baseline 0.004 -20"><span class='ocrx_word' id='word_1_725' title='bbox 480 5725 655 5784; x_wconf 76' lang='lat' dir='ltr'><strong>verum</strong></span> <span class='ocrx_word' id='word_1_726' title='bbox 693 5721 859 5764; x_wconf 84' lang='lat' dir='ltr'><strong>autem</strong></span> <span class='ocrx_word' id='word_1_727' title='bbox 889 5713 1161 5784; x_wconf 84' lang='lat' dir='ltr'><strong>pulchrum</strong></span> <span class='ocrx_word' id='word_1_728' title='bbox 1190 5723 1237 5766; x_wconf 89' lang='lat' dir='ltr'><strong>et</strong></span> <span class='ocrx_word' id='word_1_729' title='bbox 1266 5712 1551 5771; x_wconf 82' lang='lat' dir='ltr'><strong>laudabile.</strong></span> <span class='ocrx_word' id='word_1_730' title='bbox 1584 5712 1823 5769; x_wconf 77' lang='lat' dir='ltr'><strong>Efﬁcitur</strong></span> <span class='ocrx_word' id='word_1_731' title='bbox 1848 5718 2065 5784; x_wconf 87' lang='lat' dir='ltr'><strong>quidem</strong></span> 
     </span>
    </p>
   </div>
   <div class='ocr_carea' id='block_1_95' title="bbox 479 5777 2065 5843">
    <p class='ocr_par' dir='ltr' id='par_1_95' title="bbox 479 5777 2065 5843">
     <span class='ocr_line' id='line_1_97' title="bbox 479 5777 2065 5843; baseline 0.004 -7"><span class='ocrx_word' id='word_1_732' title='bbox 479 5777 541 5836; x_wconf 78' lang='grc' dir='ltr'><strong>ιη</strong></span> <span class='ocrx_word' id='word_1_733' title='bbox 580 5777 911 5837; x_wconf 81' lang='lat' dir='ltr'><strong>necessitate</strong></span> <span class='ocrx_word' id='word_1_734' title='bbox 942 5783 1207 5839; x_wconf 88' lang='lat' dir='ltr'><strong>veniabile</strong></span> <span class='ocrx_word' id='word_1_735' title='bbox 1234 5799 1331 5839; x_wconf 89' lang='lat' dir='ltr'><strong>seu</strong></span> <span class='ocrx_word' id='word_1_736' title='bbox 1359 5785 1670 5840; x_wconf 78' lang='lat' dir='ltr'><strong>excusabile</strong></span> <span class='ocrx_word' id='word_1_737' title='bbox 1719 5777 2065 5843; x_wconf 86' lang='lat' dir='ltr'><strong>mendacium</strong></span> 
     </span>
    </p>
   </div>
   <div class='ocr_carea' id='block_1_96' title="bbox 2181 3511 3775 3585">
    <p class='ocr_par' dir='ltr' id='par_1_96' title="bbox 2181 3511 3775 3585">
     <span class='ocr_line' id='line_1_98' title="bbox 2181 3511 3775 3585; baseline 0 -14"><span class='ocrx_word' id='word_1_738' title='bbox 2181 3512 2436 3571; x_wconf 82' lang='lat' dir='ltr'><strong>aliorum.</strong></span> <span class='ocrx_word' id='word_1_739' title='bbox 2473 3513 2671 3569; x_wconf 75' lang='lat' dir='ltr'><strong>Verum</strong></span> <span class='ocrx_word' id='word_1_740' title='bbox 2698 3511 2842 3568; x_wconf 80' lang='lat' dir='ltr'><strong>aliud</strong></span> <span class='ocrx_word' id='word_1_741' title='bbox 2872 3521 2955 3585; x_wconf 86' lang='lat' dir='ltr'><strong>est</strong></span> <span class='ocrx_word' id='word_1_742' title='bbox 2981 3512 3246 3585; x_wconf 79' lang='lat' dir='ltr'><strong>excusari,</strong></span> <span class='ocrx_word' id='word_1_743' title='bbox 3269 3514 3412 3568; x_wconf 90' lang='lat' dir='ltr'><strong>aliud</strong></span> <span class='ocrx_word' id='word_1_744' title='bbox 3447 3515 3775 3585; x_wconf 86' lang='lat' dir='ltr'><strong>approbari;</strong></span> 
     </span>
    </p>
   </div>
   <div class='ocr_carea' id='block_1_97' title="bbox 2181 3582 3775 3657">
    <p class='ocr_par' dir='ltr' id='par_1_97' title="bbox 2181 3582 3775 3657">
     <span class='ocr_line' id='line_1_99' title="bbox 2181 3582 3775 3657; baseline 0.002 -18"><span class='ocrx_word' id='word_1_745' title='bbox 2181 3600 2306 3657; x_wconf 87' lang='lat' dir='ltr'><strong>nam</strong></span> <span class='ocrx_word' id='word_1_746' title='bbox 2328 3586 2525 3657; x_wconf 82' lang='lat' dir='ltr'><strong>bonum</strong></span> <span class='ocrx_word' id='word_1_747' title='bbox 2545 3594 2693 3640; x_wconf 88' lang='lat' dir='ltr'><strong>certe</strong></span> <span class='ocrx_word' id='word_1_748' title='bbox 2716 3593 2775 3640; x_wconf 93' lang='lat' dir='ltr'><strong>et</strong></span> <span class='ocrx_word' id='word_1_749' title='bbox 2801 3582 3099 3653; x_wconf 85' lang='lat' dir='ltr'><strong>perfectum</strong></span> <span class='ocrx_word' id='word_1_750' title='bbox 3125 3582 3600 3642; x_wconf 51' lang='lat' dir='ltr'><strong>excusatione&#39;n&#39;on</strong></span> <span class='ocrx_word' id='word_1_751' title='bbox 3625 3595 3775 3657; x_wconf 77' lang='lat' dir='ltr'><strong>eget,</strong></span> 
     </span>
    </p>
   </div>
   <div class='ocr_carea' id='block_1_98' title="bbox 2179 3654 3057 3725">
    <p class='ocr_par' dir='ltr' id='par_1_98' title="bbox 2179 3654 3057 3725">
     <span class='ocr_line' id='line_1_100' title="bbox 2179 3654 3057 3725; baseline -0.003 -13"><span class='ocrx_word' id='word_1_752' title='bbox 2179 3655 2275 3712; x_wconf 86' lang='lat' dir='ltr'><strong>sed</strong></span> <span class='ocrx_word' id='word_1_753' title='bbox 2303 3654 2684 3725; x_wconf 71' lang='lat' dir='ltr'><strong>imperfectum</strong></span> <span class='ocrx_word' id='word_1_754' title='bbox 2707 3666 2762 3710; x_wconf 92' lang='lat' dir='ltr'><strong>et</strong></span> <span class='ocrx_word' id='word_1_755' title='bbox 2784 3670 3057 3710; x_wconf 88' lang='lat' dir='ltr'><strong>mancum.</strong></span> 
     </span>
    </p>
   </div>
   <div class='ocr_carea' id='block_1_99' title="bbox 2250 3724 3784 3795">
    <p class='ocr_par' dir='ltr' id='par_1_99' title="bbox 2250 3724 3784 3795">
     <span class='ocr_line' id='line_1_101' title="bbox 2250 3724 3784 3795; baseline 0.001 -13"><span class='ocrx_word' id='word_1_756' title='bbox 2250 3726 2277 3766; x_wconf 73' lang='grc' dir='ltr'><strong>ιι</strong></span> <span class='ocrx_word' id='word_1_757' title='bbox 2308 3724 2425 3782; x_wconf 84' lang='lat' dir='ltr'><strong>Non</strong></span> <span class='ocrx_word' id='word_1_758' title='bbox 2461 3738 2567 3781; x_wconf 91' lang='lat' dir='ltr'><strong>tam</strong></span> <span class='ocrx_word' id='word_1_759' title='bbox 2610 3726 2957 3781; x_wconf 88' lang='lat' dir='ltr'><strong>simulatione</strong></span> <span class='ocrx_word' id='word_1_760' title='bbox 2982 3741 3141 3793; x_wconf 83' lang='lat' dir='ltr'><strong>quam</strong></span> <span class='ocrx_word' id='word_1_761' title='bbox 3173 3724 3438 3795; x_wconf 86' lang='lat' dir='ltr'><strong>probabili</strong></span> <span class='ocrx_word' id='word_1_762' title='bbox 3468 3735 3524 3783; x_wconf 93' lang='lat' dir='ltr'><strong>et</strong></span> <span class='ocrx_word' id='word_1_763' title='bbox 3569 3727 3784 3795; x_wconf 85' lang='lat' dir='ltr'><strong>plausi-</strong></span> 
     </span>
    </p>
   </div>
   <div class='ocr_carea' id='block_1_100' title="bbox 2178 3796 3778 3870">
    <p class='ocr_par' dir='ltr' id='par_1_100' title="bbox 2178 3796 3778 3870">
     <span class='ocr_line' id='line_1_102' title="bbox 2178 3796 3778 3870; baseline -0.001 -16"><span class='ocrx_word' id='word_1_764' title='bbox 2178 3796 2274 3854; x_wconf 88' lang='lat' dir='ltr'><strong>bili</strong></span> <span class='ocrx_word' id='word_1_765' title='bbox 2305 3798 2536 3870; x_wconf 81' lang='lat' dir='ltr'><strong>consilio</strong></span> <span class='ocrx_word' id='word_1_766' title='bbox 2564 3813 2698 3870; x_wconf 81' lang='lat' dir='ltr'><strong>usus</strong></span> <span class='ocrx_word' id='word_1_767' title='bbox 2726 3806 2809 3853; x_wconf 91' lang='lat' dir='ltr'><strong>est</strong></span> <span class='ocrx_word' id='word_1_768' title='bbox 2834 3797 3036 3852; x_wconf 83' lang='lat' dir='ltr'><strong>Cliusai</strong></span> <span class='ocrx_word' id='word_1_769' title='bbox 3064 3812 3163 3870; x_wconf 92' lang='lat' dir='ltr'><strong>pro</strong></span> <span class='ocrx_word' id='word_1_770' title='bbox 3181 3798 3369 3870; x_wconf 85' lang='lat' dir='ltr'><strong>salute</strong></span> <span class='ocrx_word' id='word_1_771' title='bbox 3397 3799 3541 3870; x_wconf 87' lang='lat' dir='ltr'><strong>regis</strong></span> <span class='ocrx_word' id='word_1_772' title='bbox 3572 3796 3778 3867; x_wconf 81' lang='lat' dir='ltr'><strong>David,</strong></span> 
     </span>
    </p>
   </div>
   <div class='ocr_carea' id='block_1_101' title="bbox 2178 3868 3780 3939">
    <p class='ocr_par' dir='ltr' id='par_1_101' title="bbox 2178 3868 3780 3939">
     <span class='ocr_line' id='line_1_103' title="bbox 2178 3868 3780 3939; baseline 0.001 -15"><span class='ocrx_word' id='word_1_773' title='bbox 2178 3869 2320 3939; x_wconf 93' lang='lat' dir='ltr'><strong>quod</strong></span> <span class='ocrx_word' id='word_1_774' title='bbox 2350 3868 2610 3925; x_wconf 81' lang='lat' dir='ltr'><strong>Absaloni</strong></span> <span class='ocrx_word' id='word_1_775' title='bbox 2632 3869 2808 3925; x_wconf 88' lang='lat' dir='ltr'><strong>visum</strong></span> <span class='ocrx_word' id='word_1_776' title='bbox 2828 3877 2912 3923; x_wconf 89' lang='lat' dir='ltr'><strong>est</strong></span> <span class='ocrx_word' id='word_1_777' title='bbox 2942 3868 3257 3938; x_wconf 85' lang='lat' dir='ltr'><strong>prudentius</strong></span> <span class='ocrx_word' id='word_1_778' title='bbox 3274 3877 3331 3925; x_wconf 93' lang='lat' dir='ltr'><strong>et</strong></span> <span class='ocrx_word' id='word_1_779' title='bbox 3351 3868 3516 3925; x_wconf 85' lang='lat' dir='ltr'><strong>tutius</strong></span> <span class='ocrx_word' id='word_1_780' title='bbox 3541 3870 3780 3926; x_wconf 69' lang='lat' dir='ltr'><strong>consilio</strong></span> 
     </span>
    </p>
   </div>
   <div class='ocr_carea' id='block_1_102' title="bbox 2178 3938 3781 4013">
    <p class='ocr_par' dir='ltr' id='par_1_102' title="bbox 2178 3938 3781 4013">
     <span class='ocr_line' id='line_1_104' title="bbox 2178 3938 3781 4013; baseline 0.001 -17"><span class='ocrx_word' id='word_1_781' title='bbox 2178 3938 2494 4010; x_wconf 77' lang='lat' dir='ltr'><strong>Achitopel;</strong></span> <span class='ocrx_word' id='word_1_782' title='bbox 2527 3954 2634 4011; x_wconf 89' lang='lat' dir='ltr'><strong>qua</strong></span> <span class='ocrx_word' id='word_1_783' title='bbox 2676 3949 2858 3996; x_wconf 90' lang='lat' dir='ltr'><strong>tamen</strong></span> <span class='ocrx_word' id='word_1_784' title='bbox 2890 3938 3175 4010; x_wconf 88' lang='lat' dir='ltr'><strong>prudentia</strong></span> <span class='ocrx_word' id='word_1_785' title='bbox 3212 3939 3457 3996; x_wconf 82' lang='lat' dir='ltr'><strong>Absalon</strong></span> <span class='ocrx_word' id='word_1_786' title='bbox 3507 3939 3781 4013; x_wconf 88' lang='lat' dir='ltr'><strong>deceptus</strong></span> 
     </span>
    </p>
   </div>
   <div class='ocr_carea' id='block_1_103' title="bbox 2176 4020 2283 4067">
    <p class='ocr_par' dir='ltr' id='par_1_103' title="bbox 2176 4020 2283 4067">
     <span class='ocr_line' id='line_1_105' title="bbox 2176 4020 2283 4067; baseline -0.009 0"><span class='ocrx_word' id='word_1_787' title='bbox 2176 4020 2283 4067; x_wconf 67' lang='grc' dir='ltr'><strong>εει.</strong></span> 
     </span>
    </p>
   </div>
   <div class='ocr_carea' id='block_1_104' title="bbox 2251 4080 3776 4154">
    <p class='ocr_par' dir='ltr' id='par_1_104' title="bbox 2251 4080 3776 4154">
     <span class='ocr_line' id='line_1_106' title="bbox 2251 4080 3776 4154; baseline 0.001 -16"><span class='ocrx_word' id='word_1_788' title='bbox 2251 4093 2274 4121; x_wconf 75' lang='grc' dir='ltr'><strong>ο</strong></span> <span class='ocrx_word' id='word_1_789' title='bbox 2312 4080 2483 4138; x_wconf 84' lang='lat' dir='ltr'><strong>Verba</strong></span> <span class='ocrx_word' id='word_1_790' title='bbox 2516 4089 2694 4154; x_wconf 81' lang='lat' dir='ltr'><strong>textus</strong></span> <span class='ocrx_word' id='word_1_791' title='bbox 2727 4098 2741 4135; x_wconf 91' lang='lat'><strong>:</strong></span> <span class='ocrx_word' id='word_1_792' title='bbox 2778 4080 2942 4149; x_wconf 81' lang='lat' dir='ltr'><strong>Quasi</strong></span> <span class='ocrx_word' id='word_1_793' title='bbox 2971 4082 3171 4137; x_wconf 78' lang='lat' dir='ltr'><strong>siccana</strong></span> <span class='ocrx_word' id='word_1_794' title='bbox 3212 4081 3470 4153; x_wconf 75' lang='lat' dir='ltr'><strong>ptisanas.</strong></span> <span class='ocrx_word' id='word_1_795' title='bbox 3514 4080 3617 4139; x_wconf 87' lang='lat' dir='ltr'><strong>Ubi</strong></span> <span class='ocrx_word' id='word_1_796' title='bbox 3665 4085 3776 4154; x_wconf 83' lang='lat' dir='ltr'><strong>pti-</strong></span> 
     </span>
    </p>
   </div>
   <div class='ocr_carea' id='block_1_105' title="bbox 2178 4151 3780 4222">
    <p class='ocr_par' dir='ltr' id='par_1_105' title="bbox 2178 4151 3780 4222">
     <span class='ocr_line' id='line_1_107' title="bbox 2178 4151 3780 4222; baseline 0.002 -14"><span class='ocrx_word' id='word_1_797' title='bbox 2178 4168 2339 4209; x_wconf 88' lang='lat' dir='ltr'><strong>sanas</strong></span> <span class='ocrx_word' id='word_1_798' title='bbox 2355 4151 2601 4208; x_wconf 89' lang='lat' dir='ltr'><strong>uonnulli</strong></span> <span class='ocrx_word' id='word_1_799' title='bbox 2632 4152 3061 4222; x_wconf 89' lang='lat' dir='ltr'><strong>interpretantur</strong></span> <span class='ocrx_word' id='word_1_800' title='bbox 3081 4151 3365 4209; x_wconf 87' lang='lat' dir='ltr'><strong>contusum</strong></span> <span class='ocrx_word' id='word_1_801' title='bbox 3388 4154 3648 4220; x_wconf 88' lang='lat' dir='ltr'><strong>triticum,</strong></span> <span class='ocrx_word' id='word_1_802' title='bbox 3666 4151 3780 4212; x_wconf 77' lang='lat' dir='ltr'><strong>alii</strong></span> 
     </span>
    </p>
   </div>
   <div class='ocr_carea' id='block_1_106' title="bbox 2179 4222 3781 4281">
    <p class='ocr_par' dir='ltr' id='par_1_106' title="bbox 2179 4222 3781 4281">
     <span class='ocr_line' id='line_1_108' title="bbox 2179 4222 3781 4281; baseline 0.002 -3"><span class='ocrx_word' id='word_1_803' title='bbox 2179 4222 2442 4279; x_wconf 90' lang='lat' dir='ltr'><strong>hordeum</strong></span> <span class='ocrx_word' id='word_1_804' title='bbox 2497 4225 2912 4279; x_wconf 90' lang='lat' dir='ltr'><strong>decorticatum.</strong></span> <span class='ocrx_word' id='word_1_805' title='bbox 2965 4224 3043 4279; x_wconf 91' lang='lat' dir='ltr'><strong>De</strong></span> <span class='ocrx_word' id='word_1_806' title='bbox 3092 4239 3200 4281; x_wconf 82' lang='lat' dir='ltr'><strong>quo</strong></span> <span class='ocrx_word' id='word_1_807' title='bbox 3252 4224 3457 4280; x_wconf 89' lang='lat' dir='ltr'><strong>Plinius</strong></span> <span class='ocrx_word' id='word_1_808' title='bbox 3488 4226 3581 4280; x_wconf 87' lang='lat' dir='ltr'><strong>lib.</strong></span> <span class='ocrx_word' id='word_1_809' title='bbox 3637 4241 3781 4281; x_wconf 84' lang='lat' dir='ltr'><strong>xvm</strong></span> 
     </span>
    </p>
   </div>
   <div class='ocr_carea' id='block_1_107' title="bbox 2177 4292 3780 4366">
    <p class='ocr_par' dir='ltr' id='par_1_107' title="bbox 2177 4292 3780 4366">
     <span class='ocr_line' id='line_1_109' title="bbox 2177 4292 3780 4366; baseline 0.002 -16"><span class='ocrx_word' id='word_1_810' title='bbox 2177 4309 2297 4366; x_wconf 89' lang='lat' dir='ltr'><strong>cap.</strong></span> <span class='ocrx_word' id='word_1_811' title='bbox 2331 4296 2386 4362; x_wconf 91' lang='lat'><strong>7,</strong></span> <span class='ocrx_word' id='word_1_812' title='bbox 2407 4304 2462 4350; x_wconf 89' lang='lat' dir='ltr'><strong>et</strong></span> <span class='ocrx_word' id='word_1_813' title='bbox 2491 4296 2585 4350; x_wconf 92' lang='lat' dir='ltr'><strong>lib.</strong></span> <span class='ocrx_word' id='word_1_814' title='bbox 2616 4311 2727 4350; x_wconf 86' lang='lat' dir='ltr'><strong>xxtt</strong></span> <span class='ocrx_word' id='word_1_815' title='bbox 2755 4310 2874 4364; x_wconf 91' lang='lat' dir='ltr'><strong>cap.</strong></span> <span class='ocrx_word' id='word_1_816' title='bbox 2904 4292 2995 4351; x_wconf 73' lang='lat'><strong>25.</strong></span> <span class='ocrx_word' id='word_1_817' title='bbox 3018 4293 3079 4350; x_wconf 86' lang='lat' dir='ltr'><strong>In</strong></span> <span class='ocrx_word' id='word_1_818' title='bbox 3107 4292 3208 4351; x_wconf 84' lang='lat' dir='ltr'><strong>hac</strong></span> <span class='ocrx_word' id='word_1_819' title='bbox 3235 4309 3396 4366; x_wconf 88' lang='lat' dir='ltr'><strong>porro</strong></span> <span class='ocrx_word' id='word_1_820' title='bbox 3418 4297 3780 4354; x_wconf 81' lang='lat' dir='ltr'><strong>simulatione</strong></span> 
     </span>
    </p>
   </div>
   <div class='ocr_carea' id='block_1_108' title="bbox 2179 4366 3781 4437">
    <p class='ocr_par' dir='ltr' id='par_1_108' title="bbox 2179 4366 3781 4437">
     <span class='ocr_line' id='line_1_110' title="bbox 2179 4366 3781 4437; baseline 0.001 -16"><span class='ocrx_word' id='word_1_821' title='bbox 2179 4367 2411 4437; x_wconf 88' lang='lat' dir='ltr'><strong>aliisque</strong></span> <span class='ocrx_word' id='word_1_822' title='bbox 2446 4367 2711 4422; x_wconf 90' lang='lat' dir='ltr'><strong>similibus</strong></span> <span class='ocrx_word' id='word_1_823' title='bbox 2760 4366 3027 4437; x_wconf 88' lang='lat' dir='ltr'><strong>exemplis</strong></span> <span class='ocrx_word' id='word_1_824' title='bbox 3074 4367 3488 4423; x_wconf 89' lang='lat' dir='ltr'><strong>commendatur</strong></span> <span class='ocrx_word' id='word_1_825' title='bbox 3522 4369 3781 4422; x_wconf 84' lang='lat' dir='ltr'><strong>humani-</strong></span> 
     </span>
    </p>
   </div>
   <div class='ocr_carea' id='block_1_109' title="bbox 2179 4437 3775 4562">
    <p class='ocr_par' dir='ltr' id='par_1_109' title="bbox 2179 4437 3775 4562">
     <span class='ocr_line' id='line_1_111' title="bbox 2179 4437 3775 4562; baseline 0 -69"><span class='ocrx_word' id='word_1_826' title='bbox 2179 4437 2625 4562; x_wconf 71' lang='lat' dir='ltr'><strong>tatisdoflicium,</strong></span> <span class='ocrx_word' id='word_1_827' title='bbox 2677 4451 2785 4493; x_wconf 90' lang='lat' dir='ltr'><strong>non</strong></span> <span class='ocrx_word' id='word_1_828' title='bbox 2828 4438 3221 4509; x_wconf 87' lang='lat' dir='ltr'><strong>qualecumque</strong></span> <span class='ocrx_word' id='word_1_829' title='bbox 3271 4438 3431 4495; x_wconf 86' lang='lat' dir='ltr'><strong>fuerit</strong></span> <span class='ocrx_word' id='word_1_830' title='bbox 3467 4438 3775 4494; x_wconf 87' lang='lat' dir='ltr'><strong>admissum</strong></span> 
     </span>
     <span class='ocr_line' id='line_1_112' title="bbox 2179 4523 2540 4562; baseline 0 0"><span class='ocrx_word' id='word_1_831' title='bbox 2179 4523 2301 4562; x_wconf 90' lang='lat' dir='ltr'><strong>men</strong></span> <span class='ocrx_word' id='word_1_832' title='bbox 2344 4523 2540 4562; x_wconf 79' lang='lat' dir='ltr'><strong>acrum.</strong></span> 
     </span>
    </p>
   </div>
   <div class='ocr_carea' id='block_1_110' title="bbox 2178 4523 2540 4564">
    <p class='ocr_par' dir='ltr' id='par_1_110' title="bbox 2178 4523 2540 4564">
     <span class='ocr_line' id='line_1_113' title="bbox 2178 4523 2540 4564; baseline 0 0"><span class='ocrx_word' id='word_1_833' title='bbox 2178 4523 2515 4564; x_wconf 79' lang='lat' dir='ltr'><strong>meuuacrnm</strong></span> <span class='ocrx_word' id='word_1_834' title='bbox 2526 4549 2540 4564; x_wconf 73' lang='grc' dir='ltr'>ι</span> 
     </span>
    </p>
   </div>
   <div class='ocr_carea' id='block_1_111' title="bbox 2250 4577 3780 4652">
    <p class='ocr_par' dir='ltr' id='par_1_111' title="bbox 2250 4577 3780 4652">
     <span class='ocr_line' id='line_1_114' title="bbox 2250 4577 3780 4652; baseline 0.003 -21"><span class='ocrx_word' id='word_1_835' title='bbox 2250 4579 2277 4616; x_wconf 71' lang='grc' dir='ltr'><em>ά</em></span> <span class='ocrx_word' id='word_1_836' title='bbox 2310 4578 2429 4652; x_wconf 71' lang='lat' dir='ltr'><strong>Tali</strong></span> <span class='ocrx_word' id='word_1_837' title='bbox 2450 4580 2733 4652; x_wconf 65' lang='lat' dir='ltr'><strong>quaestioni</strong></span> <span class='ocrx_word' id='word_1_838' title='bbox 2756 4577 3049 4652; x_wconf 69' lang='lat' dir='ltr'><strong>respondet</strong></span> <span class='ocrx_word' id='word_1_839' title='bbox 3070 4577 3526 4652; x_wconf 80' lang='lat' dir='ltr'><strong>div.Augustinus</strong></span> <span class='ocrx_word' id='word_1_840' title='bbox 3550 4578 3780 4652; x_wconf 82' lang='lat' dir='ltr'><strong>(Contra</strong></span> 
     </span>
    </p>
   </div>
   <div class='ocr_carea' id='block_1_112' title="bbox 2179 4650 3776 4723">
    <p class='ocr_par' dir='ltr' id='par_1_112' title="bbox 2179 4650 3776 4723">
     <span class='ocr_line' id='line_1_115' title="bbox 2179 4650 3776 4723; baseline 0.001 -19"><span class='ocrx_word' id='word_1_841' title='bbox 2179 4650 2505 4723; x_wconf 72' lang='lat' dir='ltr'><strong>mendacium</strong></span> <span class='ocrx_word' id='word_1_842' title='bbox 2531 4667 2646 4723; x_wconf 88' lang='lat' dir='ltr'><strong>cap.</strong></span> <span class='ocrx_word' id='word_1_843' title='bbox 2674 4650 2808 4723; x_wconf 67' lang='lat' dir='ltr'><strong>i7):</strong></span> <span class='ocrx_word' id='word_1_844' title='bbox 2840 4650 3029 4723; x_wconf 88' lang='lat' dir='ltr'><strong>Faciat</strong></span> <span class='ocrx_word' id='word_1_845' title='bbox 3059 4650 3223 4723; x_wconf 67' lang='lat' dir='ltr'><strong>homq</strong></span> <span class='ocrx_word' id='word_1_846' title='bbox 3236 4652 3391 4705; x_wconf 87' lang='lat' dir='ltr'><strong>etiam</strong></span> <span class='ocrx_word' id='word_1_847' title='bbox 3442 4667 3534 4721; x_wconf 87' lang='lat' dir='ltr'><strong>pro</strong></span> <span class='ocrx_word' id='word_1_848' title='bbox 3560 4650 3776 4723; x_wconf 79' lang='lat' dir='ltr'><strong>tempo-</strong></span> 
     </span>
    </p>
   </div>
   <div class='ocr_carea' id='block_1_113' title="bbox 2103 4719 3781 4815">
    <p class='ocr_par' dir='ltr' id='par_1_113' title="bbox 2103 4719 3781 4815">
     <span class='ocr_line' id='line_1_116' title="bbox 2103 4719 3781 4815; baseline 0 0"><span class='ocrx_word' id='word_1_849' title='bbox 2103 4754 2159 4815; x_wconf 77' lang='grc' dir='ltr'><strong>υ</strong></span> <span class='ocrx_word' id='word_1_850' title='bbox 2180 4719 2573 4815; x_wconf 49' lang='lat' dir='ltr'><strong>taliter“???</strong></span> <span class='ocrx_word' id='word_1_851' title='bbox 2594 4719 2771 4815; x_wconf 46' lang='lat' dir='ltr'><strong>sane</strong></span> <span class='ocrx_word' id='word_1_852' title='bbox 2802 4722 2941 4815; x_wconf 60' lang='lat' dir='ltr'><strong>iii?“</strong></span> <span class='ocrx_word' id='word_1_853' title='bbox 2969 4730 3158 4815; x_wconf 67' lang='grc' dir='ltr'><strong>νεηςεει</strong></span> <span class='ocrx_word' id='word_1_854' title='bbox 3183 4719 3503 4815; x_wconf 46' lang='lat' dir='ltr'><strong>causam</strong></span> <span class='ocrx_word' id='word_1_855' title='bbox 3530 4723 3599 4815; x_wconf 70' lang='grc' dir='ltr'><strong>εξά</strong></span> <span class='ocrx_word' id='word_1_856' title='bbox 3621 4720 3781 4815; x_wconf 55' lang='lat' dir='ltr'><strong>Pure</strong></span> 
     </span>
    </p>
   </div>
   <div class='ocr_carea' id='block_1_114' title="bbox 2182 4792 3783 4864">
    <p class='ocr_par' dir='ltr' id='par_1_114' title="bbox 2182 4792 3783 4864">
     <span class='ocr_line' id='line_1_117' title="bbox 2182 4792 3783 4864; baseline 0.002 -19"><span class='ocrx_word' id='word_1_857' title='bbox 2182 4792 2459 4846; x_wconf 88' lang='lat' dir='ltr'><strong>articulum</strong></span> <span class='ocrx_word' id='word_1_858' title='bbox 2503 4803 2705 4847; x_wconf 92' lang='lat' dir='ltr'><strong>ventum</strong></span> <span class='ocrx_word' id='word_1_859' title='bbox 2741 4792 2919 4864; x_wconf 80' lang='lat' dir='ltr'><strong>fuerit,</strong></span> <span class='ocrx_word' id='word_1_860' title='bbox 2966 4803 3021 4848; x_wconf 91' lang='lat' dir='ltr'><strong>ut</strong></span> <span class='ocrx_word' id='word_1_861' title='bbox 3064 4792 3158 4849; x_wconf 81' lang='lat' dir='ltr'><strong>tali</strong></span> <span class='ocrx_word' id='word_1_862' title='bbox 3186 4794 3344 4847; x_wconf 83' lang='lat' dir='ltr'><strong>saluti</strong></span> <span class='ocrx_word' id='word_1_863' title='bbox 3374 4794 3641 4864; x_wconf 85' lang='lat' dir='ltr'><strong>consulere</strong></span> <span class='ocrx_word' id='word_1_864' title='bbox 3670 4796 3783 4848; x_wconf 81' lang='lat' dir='ltr'><strong>nisi</strong></span> 
     </span>
    </p>
   </div>
   <div class='ocr_carea' id='block_1_115' title="bbox 2177 4863 3777 4935">
    <p class='ocr_par' dir='ltr' id='par_1_115' title="bbox 2177 4863 3777 4935">
     <span class='ocr_line' id='line_1_118' title="bbox 2177 4863 3777 4935; baseline 0.003 -20"><span class='ocrx_word' id='word_1_865' title='bbox 2177 4864 2439 4935; x_wconf 77' lang='lat' dir='ltr'><strong>peccando</strong></span> <span class='ocrx_word' id='word_1_866' title='bbox 2465 4878 2567 4935; x_wconf 86' lang='lat' dir='ltr'><strong>non</strong></span> <span class='ocrx_word' id='word_1_867' title='bbox 2595 4863 2772 4932; x_wconf 78' lang='lat' dir='ltr'><strong>possit,</strong></span> <span class='ocrx_word' id='word_1_868' title='bbox 2799 4865 2914 4935; x_wconf 88' lang='lat' dir='ltr'><strong>jam</strong></span> <span class='ocrx_word' id='word_1_869' title='bbox 2938 4880 2992 4918; x_wconf 87' lang='lat' dir='ltr'><strong>se</strong></span> <span class='ocrx_word' id='word_1_870' title='bbox 3019 4863 3271 4920; x_wconf 73' lang='lat' dir='ltr'><strong>existimet</strong></span> <span class='ocrx_word' id='word_1_871' title='bbox 3299 4880 3402 4918; x_wconf 90' lang='lat' dir='ltr'><strong>non</strong></span> <span class='ocrx_word' id='word_1_872' title='bbox 3424 4863 3777 4935; x_wconf 82' lang='lat' dir='ltr'><strong>haberequod</strong></span> 
     </span>
    </p>
   </div>
   <div class='ocr_carea' id='block_1_116' title="bbox 2177 4931 3779 5005">
    <p class='ocr_par' dir='ltr' id='par_1_116' title="bbox 2177 4931 3779 5005">
     <span class='ocr_line' id='line_1_119' title="bbox 2177 4931 3779 5005; baseline 0.003 -20"><span class='ocrx_word' id='word_1_873' title='bbox 2177 4931 2357 5002; x_wconf 70' lang='lat' dir='ltr'><strong>faciat,</strong></span> <span class='ocrx_word' id='word_1_874' title='bbox 2385 4931 2599 5004; x_wconf 83' lang='lat' dir='ltr'><strong>quando</strong></span> <span class='ocrx_word' id='word_1_875' title='bbox 2622 4934 2678 4990; x_wconf 88' lang='lat' dir='ltr'><strong>id</strong></span> <span class='ocrx_word' id='word_1_876' title='bbox 2703 4931 2958 5002; x_wconf 69' lang='lat' dir='ltr'><strong>reliquum</strong></span> <span class='ocrx_word' id='word_1_877' title='bbox 2986 4949 3096 4989; x_wconf 84' lang='lat' dir='ltr'><strong>esse</strong></span> <span class='ocrx_word' id='word_1_878' title='bbox 3124 4935 3459 5005; x_wconf 71' lang='lat' dir='ltr'><strong>perspexerit,</strong></span> <span class='ocrx_word' id='word_1_879' title='bbox 3489 4931 3779 5003; x_wconf 78' lang='lat' dir='ltr'><strong>quodnon</strong></span> 
     </span>
    </p>
   </div>
   <div class='ocr_carea' id='block_1_117' title="bbox 2177 5005 3779 5076">
    <p class='ocr_par' dir='ltr' id='par_1_117' title="bbox 2177 5005 3779 5076">
     <span class='ocr_line' id='line_1_120' title="bbox 2177 5005 3779 5076; baseline 0.002 -19"><span class='ocrx_word' id='word_1_880' title='bbox 2177 5012 2313 5076; x_wconf 82' lang='lat' dir='ltr'><strong>recte</strong></span> <span class='ocrx_word' id='word_1_881' title='bbox 2335 5006 2515 5074; x_wconf 79' lang='lat' dir='ltr'><strong>faciat.</strong></span> <span class='ocrx_word' id='word_1_882' title='bbox 2555 5005 2622 5063; x_wconf 88' lang='lat' dir='ltr'><strong>Et</strong></span> <span class='ocrx_word' id='word_1_883' title='bbox 2664 5005 2804 5061; x_wconf 88' lang='lat' dir='ltr'><strong>infra</strong></span> <span class='ocrx_word' id='word_1_884' title='bbox 2834 5005 2988 5075; x_wconf 87' lang='lat' dir='ltr'><strong>(Cap.</strong></span> <span class='ocrx_word' id='word_1_885' title='bbox 3014 5006 3154 5076; x_wconf 74' lang='lat' dir='ltr'><strong>nx),</strong></span> <span class='ocrx_word' id='word_1_886' title='bbox 3182 5020 3372 5076; x_wconf 83' lang='lat' dir='ltr'><strong>rursus</strong></span> <span class='ocrx_word' id='word_1_887' title='bbox 3399 5006 3646 5061; x_wconf 88' lang='lat' dir='ltr'><strong>eamdem</strong></span> <span class='ocrx_word' id='word_1_888' title='bbox 3680 5018 3779 5061; x_wconf 87' lang='lat' dir='ltr'><strong>aut</strong></span> 
     </span>
    </p>
   </div>
   <div class='ocr_carea' id='block_1_118' title="bbox 2177 5074 3774 5147">
    <p class='ocr_par' dir='ltr' id='par_1_118' title="bbox 2177 5074 3774 5147">
     <span class='ocr_line' id='line_1_121' title="bbox 2177 5074 3774 5147; baseline 0.002 -17"><span class='ocrx_word' id='word_1_889' title='bbox 2177 5074 2412 5147; x_wconf 89' lang='lat' dir='ltr'><strong>similem</strong></span> <span class='ocrx_word' id='word_1_890' title='bbox 2442 5076 2800 5146; x_wconf 66' lang='lat' dir='ltr'><strong>quaestionem</strong></span> <span class='ocrx_word' id='word_1_891' title='bbox 2848 5074 3157 5147; x_wconf 85' lang='lat' dir='ltr'><strong>proponens</strong></span> <span class='ocrx_word' id='word_1_892' title='bbox 3198 5075 3252 5131; x_wconf 88' lang='lat' dir='ltr'><strong>in</strong></span> <span class='ocrx_word' id='word_1_893' title='bbox 3296 5091 3526 5145; x_wconf 87' lang='lat' dir='ltr'><strong>persona</strong></span> <span class='ocrx_word' id='word_1_894' title='bbox 3576 5090 3774 5147; x_wconf 88' lang='lat' dir='ltr'><strong>eorum</strong></span> 
     </span>
    </p>
   </div>
   <div class='ocr_carea' id='block_1_119' title="bbox 2178 5146 3777 5219">
    <p class='ocr_par' dir='ltr' id='par_1_119' title="bbox 2178 5146 3777 5219">
     <span class='ocr_line' id='line_1_122' title="bbox 2178 5146 3777 5219; baseline 0.002 -19"><span class='ocrx_word' id='word_1_895' title='bbox 2178 5146 2271 5219; x_wconf 90' lang='lat' dir='ltr'><strong>qui</strong></span> <span class='ocrx_word' id='word_1_896' title='bbox 2302 5148 2641 5203; x_wconf 89' lang='lat' dir='ltr'><strong>mendacium</strong></span> <span class='ocrx_word' id='word_1_897' title='bbox 2688 5146 3137 5219; x_wconf 85' lang='lat' dir='ltr'><strong>propugnabant:</strong></span> <span class='ocrx_word' id='word_1_898' title='bbox 3166 5147 3437 5214; x_wconf 84' lang='lat' dir='ltr'><strong>Quomodo</strong></span> <span class='ocrx_word' id='word_1_899' title='bbox 3486 5146 3627 5219; x_wconf 84' lang='lat' dir='ltr'><strong>apud</strong></span> <span class='ocrx_word' id='word_1_900' title='bbox 3678 5147 3777 5203; x_wconf 80' lang='lat' dir='ltr'><strong>ho-</strong></span> 
     </span>
    </p>
   </div>
   <div class='ocr_carea' id='block_1_120' title="bbox 2179 5218 3777 5292">
    <p class='ocr_par' dir='ltr' id='par_1_120' title="bbox 2179 5218 3777 5292">
     <span class='ocr_line' id='line_1_123' title="bbox 2179 5218 3777 5292; baseline 0.003 -22"><span class='ocrx_word' id='word_1_901' title='bbox 2179 5218 2362 5292; x_wconf 80' lang='lat' dir='ltr'><strong>mines,</strong></span> <span class='ocrx_word' id='word_1_902' title='bbox 2392 5221 2479 5289; x_wconf 85' lang='lat' dir='ltr'><strong>qui</strong></span> <span class='ocrx_word' id='word_1_903' title='bbox 2502 5219 2691 5292; x_wconf 87' lang='lat' dir='ltr'><strong>procul</strong></span> <span class='ocrx_word' id='word_1_904' title='bbox 2716 5218 2879 5292; x_wconf 80' lang='lat' dir='ltr'><strong>dubio</strong></span> <span class='ocrx_word' id='word_1_905' title='bbox 2897 5222 2941 5273; x_wconf 89' lang='lat' dir='ltr'><strong>si</strong></span> <span class='ocrx_word' id='word_1_906' title='bbox 2971 5218 3251 5292; x_wconf 76' lang='lat' dir='ltr'><strong>falluntur,</strong></span> <span class='ocrx_word' id='word_1_907' title='bbox 3275 5218 3580 5292; x_wconf 69' lang='lat' dir='ltr'><strong>avertuntur</strong></span> <span class='ocrx_word' id='word_1_908' title='bbox 3607 5235 3777 5292; x_wconf 2' lang='lat' dir='ltr'><strong>apper-</strong></span> 
     </span>
    </p>
   </div>
   <div class='ocr_carea' id='block_1_121' title="bbox 2175 5288 3777 5361">
    <p class='ocr_par' dir='ltr' id='par_1_121' title="bbox 2175 5288 3777 5361">
     <span class='ocr_line' id='line_1_124' title="bbox 2175 5288 3777 5361; baseline 0.001 -18"><span class='ocrx_word' id='word_1_909' title='bbox 2175 5289 2313 5361; x_wconf 10' lang='lat' dir='ltr'><strong>nicier</strong></span> <span class='ocrx_word' id='word_1_910' title='bbox 2337 5293 2414 5344; x_wconf 89' lang='lat' dir='ltr'><strong>vel</strong></span> <span class='ocrx_word' id='word_1_911' title='bbox 2457 5288 2653 5356; x_wconf 76' lang='lat' dir='ltr'><strong>aliena,</strong></span> <span class='ocrx_word' id='word_1_912' title='bbox 2701 5290 2781 5345; x_wconf 88' lang='lat' dir='ltr'><strong>vel</strong></span> <span class='ocrx_word' id='word_1_913' title='bbox 2819 5307 2945 5357; x_wconf 85' lang='lat' dir='ltr'><strong>sua,</strong></span> <span class='ocrx_word' id='word_1_914' title='bbox 2999 5288 3405 5361; x_wconf 83' lang='lat' dir='ltr'><strong>periclitantibus</strong></span> <span class='ocrx_word' id='word_1_915' title='bbox 3443 5288 3777 5361; x_wconf 76' lang='lat' dir='ltr'><strong>subveniatur</strong></span> 
     </span>
    </p>
   </div>
   <div class='ocr_carea' id='block_1_122' title="bbox 2177 5360 3776 5427">
    <p class='ocr_par' dir='ltr' id='par_1_122' title="bbox 2177 5360 3776 5427">
     <span class='ocr_line' id='line_1_125' title="bbox 2177 5360 3776 5427; baseline 0.003 -15"><span class='ocrx_word' id='word_1_916' title='bbox 2177 5360 2487 5427; x_wconf 85' lang='lat' dir='ltr'><strong>hominibus,</strong></span> <span class='ocrx_word' id='word_1_917' title='bbox 2520 5364 2565 5415; x_wconf 89' lang='lat' dir='ltr'><strong>si</strong></span> <span class='ocrx_word' id='word_1_918' title='bbox 2592 5378 2685 5416; x_wconf 90' lang='lat' dir='ltr'><strong>nos</strong></span> <span class='ocrx_word' id='word_1_919' title='bbox 2715 5364 2969 5416; x_wconf 86' lang='lat' dir='ltr'><strong>humanus</strong></span> <span class='ocrx_word' id='word_1_920' title='bbox 2997 5360 3064 5416; x_wconf 82' lang='lat' dir='ltr'><strong>ad</strong></span> <span class='ocrx_word' id='word_1_921' title='bbox 3090 5360 3439 5415; x_wconf 84' lang='lat' dir='ltr'><strong>mentiendum</strong></span> <span class='ocrx_word' id='word_1_922' title='bbox 3485 5378 3589 5415; x_wconf 87' lang='lat' dir='ltr'><strong>non</strong></span> <span class='ocrx_word' id='word_1_923' title='bbox 3616 5360 3776 5416; x_wconf 84' lang='lat' dir='ltr'><strong>incli-</strong></span> 
     </span>
    </p>
   </div>
   <div class='ocr_carea' id='block_1_123' title="bbox 2175 5430 3773 5504">
    <p class='ocr_par' dir='ltr' id='par_1_123' title="bbox 2175 5430 3773 5504">
     <span class='ocr_line' id='line_1_126' title="bbox 2175 5430 3773 5504; baseline 0.001 -19"><span class='ocrx_word' id='word_1_924' title='bbox 2175 5431 2545 5504; x_wconf 74' lang='lat' dir='ltr'><strong>neta/Iectus?</strong></span> <span class='ocrx_word' id='word_1_925' title='bbox 2565 5430 2628 5489; x_wconf 89' lang='lat' dir='ltr'><strong>Si</strong></span> <span class='ocrx_word' id='word_1_926' title='bbox 2658 5432 2909 5504; x_wconf 83' lang='lat' dir='ltr'><strong>patienter</strong></span> <span class='ocrx_word' id='word_1_927' title='bbox 2927 5448 3017 5504; x_wconf 78' lang='lat' dir='ltr'><strong>_me</strong></span> <span class='ocrx_word' id='word_1_928' title='bbox 3038 5431 3222 5504; x_wconf 88' lang='lat' dir='ltr'><strong>audiat</strong></span> <span class='ocrx_word' id='word_1_929' title='bbox 3234 5432 3384 5504; x_wconf 83' lang='lat' dir='ltr'><strong>turba</strong></span> <span class='ocrx_word' id='word_1_930' title='bbox 3410 5432 3773 5499; x_wconf 84' lang='lat' dir='ltr'><strong>mortalitatis,</strong></span> 
     </span>
    </p>
   </div>
   <div class='ocr_carea' id='block_1_124' title="bbox 2176 5501 3761 5575">
    <p class='ocr_par' dir='ltr' id='par_1_124' title="bbox 2176 5501 3761 5575">
     <span class='ocr_line' id='line_1_127' title="bbox 2176 5501 3761 5575; baseline 0.001 -19"><span class='ocrx_word' id='word_1_931' title='bbox 2176 5501 2327 5575; x_wconf 83' lang='lat' dir='ltr'><strong>turba</strong></span> <span class='ocrx_word' id='word_1_932' title='bbox 2359 5501 2698 5575; x_wconf 75' lang='lat' dir='ltr'><strong>inﬁrmitatis,</strong></span> <span class='ocrx_word' id='word_1_933' title='bbox 2713 5502 3027 5575; x_wconf 87' lang='lat' dir='ltr'><strong>respondebo</strong></span> <span class='ocrx_word' id='word_1_934' title='bbox 3057 5501 3259 5574; x_wconf 90' lang='lat' dir='ltr'><strong>aliquid</strong></span> <span class='ocrx_word' id='word_1_935' title='bbox 3288 5520 3383 5573; x_wconf 90' lang='lat' dir='ltr'><strong>pro</strong></span> <span class='ocrx_word' id='word_1_936' title='bbox 3403 5504 3606 5575; x_wconf 80' lang='lat' dir='ltr'><strong>negotio</strong></span> <span class='ocrx_word' id='word_1_937' title='bbox 3634 5509 3761 5561; x_wconf 54' lang='lat' dir='ltr'><strong>veri.</strong></span> 
     </span>
    </p>
   </div>
   <div class='ocr_carea' id='block_1_125' title="bbox 2178 5573 3776 5647">
    <p class='ocr_par' dir='ltr' id='par_1_125' title="bbox 2178 5573 3776 5647">
     <span class='ocr_line' id='line_1_128' title="bbox 2178 5573 3776 5647; baseline 0.001 -20"><span class='ocrx_word' id='word_1_938' title='bbox 2178 5574 2319 5627; x_wconf 90' lang='lat' dir='ltr'><strong>tatis.</strong></span> <span class='ocrx_word' id='word_1_939' title='bbox 2351 5573 2496 5647; x_wconf 78' lang='lat' dir='ltr'><strong>Certe</strong></span> <span class='ocrx_word' id='word_1_940' title='bbox 2516 5576 2625 5647; x_wconf 88' lang='lat' dir='ltr'><strong>pia,</strong></span> <span class='ocrx_word' id='word_1_941' title='bbox 2668 5573 2818 5647; x_wconf 71' lang='lat' dir='ltr'><strong>nera,</strong></span> <span class='ocrx_word' id='word_1_942' title='bbox 2850 5584 3029 5628; x_wconf 88' lang='lat' dir='ltr'><strong>sancta</strong></span> <span class='ocrx_word' id='word_1_943' title='bbox 3056 5575 3270 5647; x_wconf 81' lang='lat' dir='ltr'><strong>castitas</strong></span> <span class='ocrx_word' id='word_1_944' title='bbox 3300 5591 3400 5629; x_wconf 87' lang='lat' dir='ltr'><strong>non</strong></span> <span class='ocrx_word' id='word_1_945' title='bbox 3430 5573 3533 5635; x_wconf 83' lang='lat' dir='ltr'><strong>nisi</strong></span> <span class='ocrx_word' id='word_1_946' title='bbox 3558 5591 3625 5630; x_wconf 75' lang='lat' dir='ltr'><strong>ea:</strong></span> <span class='ocrx_word' id='word_1_947' title='bbox 3664 5577 3776 5631; x_wconf 61' lang='lat' dir='ltr'><strong>vir-</strong></span> 
     </span>
    </p>
   </div>
   <div class='ocr_carea' id='block_1_126' title="bbox 2173 5643 3774 5719">
    <p class='ocr_par' dir='ltr' id='par_1_126' title="bbox 2173 5643 3774 5719">
     <span class='ocr_line' id='line_1_129' title="bbox 2173 5643 3774 5719; baseline 0.002 -21"><span class='ocrx_word' id='word_1_948' title='bbox 2173 5644 2421 5719; x_wconf 70' lang='lat' dir='ltr'><strong>tutefAl.</strong></span> <span class='ocrx_word' id='word_1_949' title='bbox 2450 5643 2703 5719; x_wconf 80' lang='lat' dir='ltr'><strong>veritate]</strong></span> <span class='ocrx_word' id='word_1_950' title='bbox 2731 5656 2826 5709; x_wconf 89' lang='lat' dir='ltr'><strong>est,</strong></span> <span class='ocrx_word' id='word_1_951' title='bbox 2856 5657 2902 5701; x_wconf 91' lang='lat' dir='ltr'><strong>et</strong></span> <span class='ocrx_word' id='word_1_952' title='bbox 2943 5646 3174 5717; x_wconf 76' lang='lat' dir='ltr'><strong>quisquis</strong></span> <span class='ocrx_word' id='word_1_953' title='bbox 3196 5645 3443 5719; x_wconf 68' lang='lat' dir='ltr'><strong>adversus</strong></span> <span class='ocrx_word' id='word_1_954' title='bbox 3470 5663 3584 5702; x_wconf 87' lang='lat' dir='ltr'><strong>eam</strong></span> <span class='ocrx_word' id='word_1_955' title='bbox 3611 5647 3774 5717; x_wconf 80' lang='lat' dir='ltr'><strong>facit,</strong></span> 
     </span>
    </p>
   </div>
   <div class='ocr_carea' id='block_1_127' title="bbox 2175 5716 3778 5789">
    <p class='ocr_par' dir='ltr' id='par_1_127' title="bbox 2175 5716 3778 5789">
     <span class='ocr_line' id='line_1_130' title="bbox 2175 5716 3778 5789; baseline 0.002 -21"><span class='ocrx_word' id='word_1_956' title='bbox 2175 5716 2405 5789; x_wconf 76' lang='lat' dir='ltr'><strong>profecto</strong></span> <span class='ocrx_word' id='word_1_957' title='bbox 2433 5716 2979 5775; x_wconf 53' lang='lat' dir='ltr'><strong>adversus&#39;vcritutem</strong></span> <span class='ocrx_word' id='word_1_958' title='bbox 3004 5716 3148 5789; x_wconf 73' lang='lat' dir='ltr'><strong>faeit.</strong></span> <span class='ocrx_word' id='word_1_959' title='bbox 3180 5716 3284 5771; x_wconf 88' lang='lat' dir='ltr'><strong>Cur</strong></span> <span class='ocrx_word' id='word_1_960' title='bbox 3321 5734 3441 5788; x_wconf 83' lang='lat' dir='ltr'><strong>ergo</strong></span> <span class='ocrx_word' id='word_1_961' title='bbox 3481 5726 3529 5771; x_wconf 88' lang='lat' dir='ltr'><strong>et</strong></span> <span class='ocrx_word' id='word_1_962' title='bbox 3576 5716 3623 5772; x_wconf 83' lang='lat' dir='ltr'><strong>si</strong></span> <span class='ocrx_word' id='word_1_963' title='bbox 3668 5735 3778 5772; x_wconf 82' lang='lat' dir='ltr'><strong>non</strong></span> 
     </span>
    </p>
   </div>
   <div class='ocr_carea' id='block_1_128' title="bbox 2174 5789 3784 5859">
    <p class='ocr_par' dir='ltr' id='par_1_128' title="bbox 2174 5789 3784 5859">
     <span class='ocr_line' id='line_1_131' title="bbox 2174 5789 3784 5859; baseline 0.001 -17"><span class='ocrx_word' id='word_1_964' title='bbox 2174 5801 2335 5859; x_wconf 77' lang='lat' dir='ltr'><strong>potest</strong></span> <span class='ocrx_word' id='word_1_965' title='bbox 2384 5791 2537 5845; x_wconf 85' lang='lat' dir='ltr'><strong>aliter</strong></span> <span class='ocrx_word' id='word_1_966' title='bbox 2568 5789 2983 5849; x_wconf 80' lang='lat' dir='ltr'><strong>periclitantibus</strong></span> <span class='ocrx_word' id='word_1_967' title='bbox 3013 5790 3268 5844; x_wconf 73' lang='lat' dir='ltr'><strong>subveniri</strong></span> <span class='ocrx_word' id='word_1_968' title='bbox 3295 5831 3308 5850; x_wconf 79' lang='lat'><strong>,</strong></span> <span class='ocrx_word' id='word_1_969' title='bbox 3356 5806 3461 5843; x_wconf 88' lang='lat' dir='ltr'><strong>non</strong></span> <span class='ocrx_word' id='word_1_970' title='bbox 3498 5792 3784 5843; x_wconf 73' lang='lat' dir='ltr'><strong>committo</strong></span> 
     </span>
    </p>
   </div>
  </div>
