4072 6324
290 271 426 329 1073

1312 270 1656 328 COLLATIO
1692 270 1861 328 XVII.
1891 299 1963 315 —
1991 271 2083 328 DE
2125 271 2567 331 DEFINIENDO.

3441 278 3582 335 1078

287 387 488 458 (Colat.
509 389 591 459 tt),
617 395 778 458 caput
805 387 1018 457 radere,
1050 389 1328 461 purificari
1354 392 1650 448 secundum
1679 393 1873 463 legem,
1899 395 1958 459 Α
1981 394 2126 449 sione
2148 403 2308 450 estote
2330 393 2535 450 Judteis
2565 404 2613 449 et
2643 393 2836 450 Crtecis
2858 403 2906 450 et
2934 393 3181 451 Ecclesia
3205 395 3419 464 Christi,
3448 399 3585 453 sicut

288 490 448 550 atque
479 480 532 534 in
563 480 765 550 templo
809 480 1045 538 Mosaico
1083 483 1192 538 ritu
1219 493 1346 539 vota
1371 484 1572 542 offerre
1597 486 1882 557 compelli-

289 583 396 629 tur.
443 575 657 642 Qumris
708 574 871 631 etiam
900 577 991 632 ubi
1021 593 1118 648 pro
1147 578 1322 633 salute
1357 594 1544 635 eorum
1586 581 1676 650 qui
1708 580 1883 650 legem

287 667 502 722 Domini
535 667 750 736 penitus
784 669 1129 738 ignorabant,
1162 679 1439 743 tamquam
1466 673 1511 728 si
1539 680 1594 728 et
1625 673 1740 743 ipse
1765 675 1885 729 sine

290 759 410 828 lege
436 768 606 826 esset,
636 759 860 817 effectus
891 762 960 817 sit
990 762 1108 818 sine
1135 763 1290 832 lege?
1321 763 1462 835 Lege
1490 765 1543 820 itt
1566 765 1884 822 Atheniensi

291 850 423 906 urbe
452 851 739 921 gentilium
764 897 779 919 ,
813 855 901 909 ubi
955 854 1166 925 vigebat
1194 855 1467 926 impietas,
1500 874 1606 927 quo
1638 873 1766 913 usus
1812 859 1883 914 sit

288 942 690 1012 praedicationis
718 945 946 1000 exordio
971 965 984 1000 :
1012 947 1344 1017 Prteteriens,
1382 950 1574 1021 inquit,
1599 951 1704 1004 vidi
1731 952 1883 1006 sintu-

285 1038 430 1090 lacro
461 1048 630 1092 vestro
659 1047 705 1092 et
733 1055 881 1092 aram
910 1039 961 1094 in
988 1057 1094 1111 qua
1122 1049 1231 1096 erat
1257 1043 1524 1113 scriptum,
1554 1041 1744 1112 Ignoto
1773 1043 1883 1098 Deo

283 1128 485 1196 (Actor.
528 1131 686 1202 xvn).
734 1131 984 1203 Cumque
1013 1134 1082 1190 de
1112 1150 1300 1190 corum
1333 1137 1723 1207 superstitione
1767 1153 1883 1196 ser-

285 1238 504 1278 monem
540 1223 731 1280 fuisset
753 1226 982 1292 orditus,
1017 1236 1292 1298 tamquam
1317 1230 1363 1284 si
1391 1243 1445 1287 et
1475 1231 1592 1300 ipse
1618 1233 1733 1288 sine
1763 1233 1880 1304 lege

282 1325 448 1380 esset,
476 1315 580 1371 sub
608 1317 899 1372 occasione
930 1319 1142 1389 profani
1161 1320 1304 1376 illius
1326 1322 1466 1377 tituli
1489 1323 1647 1379 ﬁdem
1681 1323 1879 1380 Christi

281 1408 485 1475 intulit,
519 1409 710 1464 dicens
736 1427 749 1463 :
779 1409 930 1477 Quod
958 1429 1079 1490 ergo
1108 1427 1197 1468 vos
1224 1415 1526 1486 ignorantes
1556 1416 1748 1482 colitis,
1783 1417 1879 1472 hoc

279 1519 369 1574 ego
400 1505 656 1558 annuntio
697 1504 840 1559 vobis
890 1504 1114 1577 (lbid.).
1149 1507 1216 1562 Et
1263 1517 1387 1578 post
1433 1524 1626 1578 pauca,
1658 1510 1804 1565 velut
1832 1510 1879 1566 si

279 1593 480 1650 divinae
529 1595 663 1667 legis
706 1598 922 1666 penitus
969 1605 1116 1653 esset
1145 1598 1386 1670 ignarus,
1429 1602 1650 1671 gentilis
1678 1612 1877 1673 'poetae

277 1703 500 1744 versum
532 1690 715 1758 potius
741 1705 900 1760 quam
930 1690 1134 1761 Moysis
1163 1700 1255 1746 aut
1293 1690 1494 1749 Christi
1526 1694 1719 1751 maluit
1744 1712 1877 1768 pro-

1991 495 2039 540 et
2077 501 2170 557 ego
2207 503 2299 557 per
2329 488 2505 542 omnia
2533 486 2766 541 omnibus
2796 487 3000 559 placeo,
3032 504 3136 542 non
3176 504 3412 559 quterens
3441 490 3584 560 quod

1990 581 2119 634 mihi
2145 583 2272 636 utile
2287 591 2386 654 est,
2407 583 2496 636 sed
2508 582 2644 652 quod
2666 582 2866 648 multis,
2897 589 2954 636 ut
2980 582 3113 636 salvi
3137 582 3264 652 fiant
3284 581 3327 652 (1
3355 581 3475 636 Cor;
3499 579 3581 652 ι).

1991 673 2134 728 Utile
2159 673 2306 728 enim
2324 675 2441 730 sine
2463 674 2627 729 dubio
2655 673 3192 729 fueratTimotheum
3217 688 3326 730 non
3351 673 3586 728 circum-

1988 768 2190 835 cidere,
2221 779 2382 839 caput
2412 786 2519 825 non
2564 770 2781 837 radere,
2817 769 3251 839 purificationem
3291 766 3581 824 Judaieam

1989 876 2096 916 non
2125 875 2432 927 assumere,
2464 871 2489 899 α
2520 861 2862 931 nudipedalia
2890 876 2998 916 non
3030 874 3309 927 exercere,
3343 868 3467 914 vota
3505 858 3583 913 le-

1985 954 2124 1026 galia
2157 970 2263 1009 non
2295 954 2520 1023 offerre,
2554 955 2648 1010 sed
2681 954 2813 1009 facit
2839 953 2955 1009 hare
2983 954 3163 1008 omnia
3199 951 3328 1006 dum
3360 951 3577 1006 illorum

1984 1047 2149 1104 saluti
2181 1050 2300 1119 plus
2327 1049 2599 1116 consulit;
2630 1051 2754 1117 quia
2777 1063 2883 1103 non
2913 1049 3110 1120 quaerit
3136 1046 3282 1117 quod
3313 1045 3415 1100 sibi
3447 1044 3580 1098 utile

1984 1150 2088 1210 est,
2132 1131 2230 1199 sed
2281 1143 2427 1212 quod
2469 1143 2675 1212 multis,
2720 1152 2779 1198 ut
2806 1143 2938 1198 salvi
2968 1143 3120 1198 fiant.
3150 1141 3305 1210 Quod
3331 1139 3580 1210 quamvis

1983 1237 2448 1308 contemplatione
2485 1235 2580 1290 Dei
2608 1236 2676 1289 sit
2713 1234 2938 1300 factum,
2969 1231 2998 1273 δ
3027 1243 3205 1288 tamen
3232 1231 3579 1288 simulatione

1983 1343 2090 1384 non
2120 1331 2316 1384 caruit.
2352 1328 2458 1396 Qui
2487 1328 2635 1383 enim
2669 1342 2765 1398 per
2807 1328 2982 1397 legem
3031 1325 3233 1381 Christi
3280 1323 3382 1394 legi
3431 1336 3578 1376 mor-

1983 1433 2108 1480 tuus
2136 1425 2313 1479 fuerat
2341 1433 2399 1478 ut
2431 1424 2542 1478 Deo
2571 1423 2776 1476 viveret
2823 1419 3023 1492 (Colat.
3065 1417 3152 1490 tt),
3195 1418 3393 1487 quique
3423 1414 3576 1469 illam

1973 1517 2237 1590 justitiam
2259 1515 2394 1586 legis
2414 1515 2467 1570 in
2491 1529 2595 1585 qua
2615 1522 2968 1568 conversatus
2999 1512 3176 1566 fuerat
3203 1509 3321 1565 sine
3348 1506 3573 1578 querela

1979 1611 2368 1666 detrimentum
2398 1606 2626 1674 fecerat,
2653 1613 2709 1660 et
2734 1604 3100 1659 arbitrabatur
3129 1611 3188 1658 ut
3218 1611 3482 1668 stercora,
3515 1610 3576 1654 ut

1977 1703 2254 1759 Christum
2287 1700 2625 1756 lucrifaceret
2653 1696 2876 1769 (Philip.
2901 1696 3006 1768 ιιι),
3025 1710 3088 1751 ea
3109 1711 3230 1761 qua:
3259 1694 3392 1764 legis
3414 1701 3573 1747 erant

272 1777 420 1835 ferre
448 1781 773 1838 sententiam
802 1799 816 1835 :
842 1781 910 1837 Et
941 1784 1072 1838 sicut
1103 1785 1343 1856 quidam,
1375 1787 1650 1858 inquiens,
1677 1801 1874 1847 vestro-
1902 1791 1950 1853 Β
1979 1812 2108 1853 vero
2137 1795 2318 1852 cordis
2348 1793 2543 1849 aﬂ‘ectu
2589 1792 2788 1847 offerre
2837 1807 2943 1845 non
2990 1791 3180 1860 potuit.
3237 1787 3347 1844 Nec
3379 1786 3460 1842 fas
3487 1793 3573 1841 est

272 1888 391 1926 rum
424 1883 692 1943 poetarum
717 1874 1000 1930 dixerunt:
1023 1875 1201 1949 Ipsius
1232 1880 1369 1934 enim
1408 1891 1457 1935 et
1484 1898 1645 1951 genus
1689 1901 1868 1941 sumus

276 1961 494 2036 (lbid.).
522 1965 658 2020 Cum
693 1968 874 2034 itaque
901 1970 1014 2026 suis
1041 1985 1158 2037 eos,
1189 1987 1315 2042 quae
1345 1973 1586 2033 refutare
1612 1992 1718 2033 non
1744 1994 1869 2050 pos-

269 2067 412 2123 sent,
476 2060 800 2116 testimoniis
850 2061 1043 2118 fuisset
1089 2079 1414 2134 aggressus,
1475 2068 1547 2124 ita
1598 2069 1665 2125 de
1719 2070 1867 2128 falsis

271 2165 396 2205 vera
419 2151 750 2209 confirmans
782 2153 1044 2220 subdidit,
1091 2157 1279 2214 dicens
1315 2176 1330 2215 :
1362 2158 1536 2217 Genus
1576 2180 1696 2236 ergo
1750 2181 1868 2219 cum

267 2245 426 2300 simus
451 2245 571 2313 Dei,
601 2265 703 2302 non
725 2247 970 2304 debemus
994 2251 1256 2306 aestimare
1283 2269 1414 2308 auro
1436 2255 1514 2309 vel
1541 2265 1755 2329 argento
1775 2266 1868 2313 aut

266 2338 526 2412 lapidibus
550 2341 836 2414 sculptura:
859 2344 988 2398 artis
1007 2353 1053 2398 et
1076 2346 1376 2416 cogitationi
1405 2348 1652 2418 hominis,
1680 2351 1866 2406 divini-

270 2439 424 2486 tatem
453 2449 566 2488 esse
593 2434 813 2488 similem
855 2433 1068 2507 (Ibid.).
1103 2437 1337 2494 lnfirmis
1380 2450 1563 2497 autem
1615 2443 1866 2500 infirmus

270 2525 498 2584 effectus
528 2537 634 2593 est,
683 2544 808 2584 cum
854 2531 1152 2587 secundum
1203 2533 1616 2606 indulgentiam,
1645 2552 1752 2592 non
1777 2553 1866 2594 se-

265 2621 504 2676 cundum
526 2621 931 2692 itnperium,his
950 2625 1042 2694 qui
1068 2640 1128 2681 se
1149 2627 1432 2683 continere
1456 2645 1564 2684 non
1593 2640 1856 2699 poterant,

263 2713 314 2769 in
362 2713 419 2768 id
459 2713 638 2784 ipsum
663 2714 844 2771 redire
876 2718 1150 2773 concessit
1181 2717 1226 2787 (l
1258 2719 1382 2775 Cor.
1412 2721 1512 2788 vn)
1539 2762 1552 2787 ,
1591 2722 1707 2778 sive
1737 2739 1860 2780 cum

264 2805 427 2872 lacte,
457 2821 570 2862 non
600 2821 727 2863 esca
775 2806 1083 2864 Corinthios
1127 2819 1345 2880 potans,
1383 2812 1435 2867 in
1465 2813 1780 2872 infirmitate
1808 2825 1865 2873 et

268 2899 468 2954 timore
515 2909 573 2954 et
623 2908 866 2956 tremore
906 2901 1077 2958 multo
1118 2902 1260 2972 apud
1308 2918 1401 2959 eos
1446 2905 1614 2962 fuisse
1642 2923 1702 2963 se
1731 2907 1864 2966 dicit

263 2991 555 3062 (lCor.ut).
579 2993 772 3048 Omnia
798 3003 981 3050 autem
1002 2996 1254 3052 omnibus
1279 2997 1455 3054 factus
1473 3010 1578 3068 est,
1599 3010 1655 3056 ut
1671 3017 1861 3060 omnes

261 3083 468 3142 faceret
496 3086 702 3157 salvos,
750 3103 873 3143 cum
905 3089 1075 3146 dicit:
1101 3091 1202 3158 Qui
1227 3093 1530 3162 manducat,
1562 3113 1669 3151 non
1710 3115 1860 3152 man-

1975 1890 2125 1947 credi
2154 1904 2281 1946 eum
2328 1889 2419 1959 qui
2469 1887 2704 1950 dixerat,
2753 1885 2814 1940 Si
2849 1883 2985 1938 enim
3026 1898 3142 1953 quo:
3169 1881 3425 1944 destruxi,
3459 1880 3569 1933 hinc

1973 1986 2162 2040 iterum
2188 1983 2464 2051 rewdiﬁco,
2497 1981 2951 2050 prcevaricotorem
2972 1993 3052 2031 me
3075 1976 3332 2031 constituo
3363 1973 3567 2046 (Colat.

1972 2077 2055 2148 ιι),
2086 2077 2140 2132 in
2170 2075 2226 2130 id
2250 2075 2489 2130 incidere
2517 2071 2665 2143 quod
2716 2071 2835 2143 ipse
2879 2070 3255 2126 damnaverat.
3290 2067 3357 2122 Et
3387 2066 3569 2120 iman-

1971 2181 2084 2227 tum
2113 2185 2226 2226 non
2256 2169 2428 2239 magis
2458 2181 2546 2224 res
2597 2165 2713 2236 ipsa
2750 2180 2875 2236 quae
2902 2165 3110 2236 geritur
3137 2178 3298 2233 quam
3325 2157 3571 2231 gerentis

1973 2273 2235 2336 pensatur
2259 2262 2505 2327 affectus,
2538 2269 2598 2315 ut
2636 2257 2945 2316 econtrario
2971 2255 3295 2327 quibusdam
3328 2252 3571 2322 reperia-

1971 2368 2060 2414 tur
2084 2358 2286 2414 veritas
2314 2355 2594 2420 nocuisse,
2626 2362 2682 2408 et
2719 2350 2988 2422 profuisse
3033 2346 3403 2403 mendacium.
3430 2343 3568 2398 Nam

1971 2453 2118 2524 Doeg
2147 2452 2418 2507 ldumaeus
2463 2447 2579 2520 regi
2618 2446 2769 2504 Sauli
2802 2444 2873 2500 de
2899 2444 3025 2515 fuga
3056 2439 3228 2497 David
3273 2452 3456 2494 coram
3485 2436 3569 2492 fa-

1969 2543 2130 2599 mulis
2159 2540 2512 2612 conquerenti
2561 2553 2626 2593 ac
2663 2536 2890 2603 dicenti,
2917 2532 3189 2604 Numquid
3218 2530 3453 2585 omnibus
3477 2543 3569 2583 vo-

1969 2636 2046 2690 bis
2076 2634 2219 2690 dabit
2242 2635 2382 2704 ﬁlius
2412 2630 2560 2686 Jesse
2590 2645 2770 2702 agros,
2802 2636 2851 2682 et
2876 2626 3068 2691 vineas,
3101 2633 3150 2678 et
3177 2622 3446 2676 universos
3475 2635 3567 2674 vos

1967 2730 2123 2800 faciet
2171 2729 2405 2783 tribunos
2435 2735 2484 2781 et
2533 2724 2898 2789 centuriones,
2952 2719 3202 2791 quoniam
3247 2713 3568 2788 conjurastis

1967 2836 2143 2874 omnes
2189 2819 2441 2873 adversus
2491 2833 2594 2884 me,
2650 2825 2698 2871 et
2746 2829 2855 2868 non
2887 2822 2960 2867 est
2992 2811 3080 2882 qui
3125 2808 3255 2863 mihi
3306 2807 3568 2862 renuntiet

1966 2912 2009 2984 (l
2033 2911 2164 2983 Reg.
2188 2909 2362 2982 xxtt)?
2393 2908 2520 2978 quid
2549 2908 2651 2962 nisi
2679 2921 2866 2962 verum
2889 2901 3151 2974 prodidit,
3178 2899 3368 2956 dicens
3393 2914 3408 2954 :
3440 2897 3567 2950 Vidi

1965 3007 2133 3074 ﬁlium
2153 3004 2298 3061 Jesse
2322 3005 2377 3058 in
2401 3003 2551 3058 Nobe
2574 3002 2716 3072 apud
2743 2997 3074 3055 Achimelech
3100 2996 3439 3059 sacerdotem,
3474 2991 3566 3064 qui

1966 3099 2233 3155 consuluit
2255 3114 2352 3169 pro
2386 3113 2447 3151 eo
2483 3095 2789 3162 Dominum,
2821 3102 2870 3148 et
2899 3091 3094 3146 cibario
3121 3089 3265 3144 dedit
3295 3087 3362 3152 ei,
3396 3086 3487 3139 sed
3516 3095 3566 3138 ct

262 3180 534 3234 ducantem
577 3197 679 3236 non
699 3190 948 3252 spernat;
978 3193 1025 3238 et
1051 3185 1140 3256 qui
1165 3202 1269 3240 non
1292 3189 1593 3255 manducot,
1638 3195 1860 3247 mandu—
1885 3182 1933 3248 C
1966 3193 2205 3267 gladium
2256 3190 2469 3246 Coliath
2499 3189 2764 3244 Philistaai
2791 3188 2936 3242 dedit
2983 3187 3031 3241 ei
3065 3182 3294 3258 (Ibid)?
3322 3182 3429 3237 Pro
3457 3195 3566 3250 qua

262 3282 458 3331 cantem
505 3292 610 3330 non
643 3277 845 3346 judicet
889 3278 1066 3347 (Rom.
1111 3279 1257 3350 xlv);
1289 3290 1345 3338 et
1378 3282 1479 3350 Qui
1522 3287 1852 3341 matrimonio

256 3369 428 3442 jungit
472 3370 722 3440 virginem
747 3387 916 3439 suam,
948 3373 1071 3426 bene
1119 3372 1286 3442 facit;
1329 3384 1377 3428 et
1407 3377 1494 3443 qui
1524 3393 1627 3430 non
1655 3379 1850 3450 jungit,

261 3463 442 3517 melius
474 3463 599 3533 facit
625 3461 669 3534 (l
699 3461 822 3517 Cor.
857 3463 971 3533 vu).
1005 3463 1070 3518 Et
1094 3463 1259 3518 alibi:
1290 3465 1442 3532 Quis,
1473 3465 1669 3536 inquit,
1695 3468 1852 3536 infir-

259 3564 450 3620 matur,
481 3564 530 3609 et
557 3571 649 3625 ego
672 3572 776 3609 non
805 3555 1086 3625 inﬁrmor?
1115 3558 1231 3626 quis
1255 3557 1664 3625 scandalizatur,
1690 3571 1738 3613 et
1757 3577 1851 3632 ego

259 3663 355 3701 non
377 3645 586 3717 uror(ll
613 3645 736 3702 Cor.
769 3644 846 3717 xt)
862 3648 885 3701 ἰ
909 3645 1087 3717 Atque
1111 3647 1214 3702 hoc
1239 3649 1402 3704 modo
1425 3649 1557 3704 illud
1582 3651 1727 3720 quod
1747 3650 1853 3707 Co-

259 3740 475 3798 rinthiis
505 3749 862 3811 praeceperat,
893 3740 1231 3812 adimplevit,
1263 3742 1451 3799 dicens
1485 3760 1498 3797 :
1529 3744 1656 3800 Sine
1685 3744 1850 3813 offen-

1968 3287 2200 3341 veritate
2230 3283 2495 3340 eradicari
2537 3281 2608 3337 de
2649 3291 2793 3336 terra
2824 3279 3124 3336 viventium
3156 3276 3375 3340 meruit,
3402 3289 3465 3328 ac
3492 3272 3565 3327 de

1963 3394 2032 3434 eo
2058 3378 2256 3432 dicitur
2282 3390 2379 3446 per
2396 3373 2729 3446 (Prophetam
2756 3390 2770 3425 :
2799 3370 3094 3441 Propterea
3147 3367 3291 3422 Deus
3332 3367 3564 3420 destruet

1962 3479 2011 3525 te
2038 3472 2091 3524 in
2119 3445 2296 3538 ﬁnem,
2330 3445 2507 3522 evellet
2539 3476 2587 3520 te
2624 3474 2675 3520 et
2712 3463 2981 3535 emigrobit
3029 3472 3076 3516 te
3099 3461 3162 3515 de
3191 3458 3556 3524 tabernaculo,

1961 3574 2010 3619 et
2039 3565 2274 3618 radicem
2312 3571 2458 3616 tuom
2480 3561 2545 3614 de
2571 3569 2709 3614 terra
2729 3557 3007 3613 viventium
3027 3552 3204 3625 (Psal.
3237 3553 3332 3623 ιι).
3363 3552 3442 3606 Ex
3467 3551 3561 3606 illa

1959 3657 2129 3727 igitur
2158 3663 2304 3712 terra
2336 3653 2421 3709 hic
2443 3667 2543 3723 pro
2569 3651 2774 3707 indicio
2799 3648 3047 3705 veritatis
3075 3654 3334 3718 perpetua
3377 3642 3559 3699 eradi-

1960 3750 2180 3806 catione
2210 3747 2556 3816 convellitur,
2587 3745 2642 3801 in
2671 3759 2780 3816 qua
2818 3753 2842 3783 ο
2885 3740 3036 3797 Raab
3059 3737 3316 3796 meretrix
3347 3734 3556 3808 (Iosue,

1327 3858 1584 3914 ALARDI
1625 3860 1858 3917 ϐΑΖίΕΙ
1898 3860 2472 3919 COMMENTARIUS.

326 3966 350 3994 α
393 3956 748 4026 Nudipedalia
783 3957 928 4027 apud
969 3955 1186 4012 .ludteos
1231 3956 1554 4012 dicebantur
1597 3958 1844 4026 quaedam

257 4045 430 4093 sacra,
465 4043 562 4083 seu
592 4029 818 4098 publica:
844 4029 1284 4098 supplicationes,
1316 4028 1369 4082 in
1397 4029 1589 4097 quibus
1619 4031 1846 4098 populus

258 4100 415 4154 nudis
447 4099 675 4165 pedibus
702 4098 960 4155 incedens
1003 4099 1238 4170 pluviam
1260 4113 1298 4170 ra
1329 4099 1460 4170 Deo,
1484 4099 1840 4168 implorabat:

256 4171 319 4226 de
357 4171 559 4239 quibus
605 4170 873 4239 Josephus
917 4169 1013 4225 lib.
1063 4185 1099 4224 ιι
1145 4169 1212 4224 de
1257 4169 1406 4224 Bello
1437 4169 1682 4225 Judaico.
1713 4172 1844 4239 Quae

256 4242 421 4296 etiam
467 4242 610 4304 apud
654 4241 992 4297 Christianos
1038 4256 1439 4312 nonnumquam
1471 4241 1544 4312 in
1591 4256 1686 4296 usu
1717 4253 1846 4298 sunt

258 4313 418 4381 (Cwl.
454 4313 684 4384 Rhodig.
728 4314 796 4368 lib
824 4328 891 4367 xv
918 4313 1092 4380 Antig.
1137 4311 1276 4366 Lect.
1300 4311 1424 4384 cap.
1453 4311 1548 4381 6).
1580 4312 1843 4368 Eumdem

255 4399 382 4440 vero
416 4385 580 4439 ritum
612 4383 773 4440 etiam
804 4385 856 4438 in
888 4384 978 4438 illa
1014 4383 1445 4438 sanctificatione
1489 4392 1543 4436 et
1592 4384 1845 4452 purifica-

253 4456 400 4512 tione
446 4457 758 4511 Judreorum
804 4470 871 4510 ex
911 4455 1131 4522 antiqua
1165 4454 1452 4508 traditione
1496 4453 1842 4510 observatum

253 4527 484 4583 innuere
513 4526 727 4582 videtur
765 4526 853 4580 hic
881 4526 1070 4591 abbas,
1119 4525 1360 4596 quamvis
1391 4524 1614 4579 Numer.
1645 4542 1716 4588 vr,
1752 4528 1842 4581 ubi

253 4596 318 4652 de
342 4598 725 4652 Nazareorum
755 4597 946 4652 ritibus
971 4596 1165 4664 agitur,
1196 4596 1337 4650 nulla
1361 4596 1479 4663 ejus
1502 4601 1844 4652 carremonitn

253 4670 456 4724 mentio
486 4669 764 4724 habeatur.
797 4667 930 4724 Nam
963 4668 1100 4722 alias
1131 4682 1236 4721 non
1267 4674 1492 4736 apparet
1521 4669 1734 4736 quando
1764 4670 1842 4723 A-

254 4740 496 4806 postolus
547 4739 855 4808 hujusmodi
903 4737 1250 4808 nudipedalia
1297 4739 1636 4803 exercuerit,
1692 4754 1845 4795 more

250 4811 456 4866 scilicet
485 4810 731 4874 Judaico,
760 4810 903 4880 quod
933 4821 1110 4864 tamen
1136 4809 1343 4864 indicat
1372 4810 1530 4864 etiam
1562 4810 1620 4862 D.
1655 4810 1844 4865 lliero-

251 4895 446 4951 nymus
474 4882 596 4937 loco
621 4897 782 4950 supra
813 4882 998 4936 citato.
1036 4880 1315 4951 Etrursus
1348 4881 1439 4933 lib.
1473 4897 1487 4934 ι
1520 4883 1569 4934 in
1598 4880 1840 4935 Jovinia-

251 4950 374 5007 num
411 4954 429 5022 (
451 4953 579 5020 Cap.
610 4951 705 5022 8),
736 4954 823 5007 ubi
865 4954 938 5005 ait
971 4969 981 5004 :
1014 4950 1182 5004 Multa
1202 4951 1534 5022 compellitur
1569 4952 1844 5021 Apostolus

248 5025 369 5078 velle
399 5021 514 5094 qua:
541 5041 644 5077 non
675 5023 776 5076 vult
801 5039 819 5076 :
843 5023 1158 5076 circumcidit
1181 5021 1524 5087 Timotheum,
1554 5025 1681 5075 rasit
1709 5024 1762 5076 in
1792 5040 1846 5077 se

248 5096 530 5158 calvitium,
562 5095 896 5164 nudipedalia
925 5095 1166 5156 exercuit,
1195 5108 1394 5164 comam
1420 5094 1652 5164 nutrivit,
1685 5103 1734 5147 et
1761 5105 1842 5147 to-

249 5167 414 5218 tondit
440 5169 494 5219 in
521 5163 789 5220 Cenchris.
821 5165 898 5220 De
928 5163 1339 5232 nudipedalibus
1365 5163 1529 5218 etiam
1561 5165 1840 5230 gentilium

247 5238 492 5291 meminit
522 5237 886 5291 Tcrtulliauus
915 5236 967 5289 in
993 5235 1343 5305 Apologetico
1367 5233 1528 5305 (Cap.
1561 5234 1624 5288 41
1654 5235 1694 5305 ).

316 5305 342 5344 b
389 5309 558 5362 Immo
583 5309 777 5371 caruit,
812 5316 872 5362 ut
900 5323 964 5361 ex
993 5306 1153 5360 dictis
1196 5314 1357 5373 patet,
1399 5306 1502 5360 nisi
1543 5306 1845 5362 simulatio-

247 5393 369 5433 nem
400 5395 498 5446 pro
531 5378 966 5434 dissimulatione
995 5391 1092 5432 seu
1135 5377 1246 5432 veri
1276 5378 1640 5432 occultatione
1678 5393 1843 5434 usur-

247 5464 360 5517 pes,
392 5459 450 5504 ut
492 5450 577 5502 hic
618 5452 814 5520 passim
864 5455 1154 5516 usurpatur
1180 5447 1350 5520 :—_Non
1375 5449 1527 5513 enim,
1558 5449 1632 5502 ait
1657 5449 1839 5520 Augu-

243 5523 417 5576 stinus
443 5520 594 5590 (Lib.
627 5522 690 5574 de
732 5519 1004 5574 Mendacio
1029 5536 1144 5586 cap.
1177 5518 1244 5588 5)
1276 5528 1328 5572 ut
1363 5521 1598 5573 nonnulli
1629 5518 1831 5589 putant,

241 5594 397 5646 etiam
423 5593 619 5646 Paulus
641 5605 729 5645 aut
754 5591 1071 5645 Timotheum
1091 5590 1432 5656 circumcidit,
1457 5599 1545 5644 aut
1568 5593 1675 5658 ipse
1698 5609 1838 5660 qure-

241 5665 364 5717 dam
390 5667 495 5718 ritu
521 5663 743 5717 Iudaico
770 5671 1090 5716 sacramenta
1121 5661 1422 5726 celebravit,-
1450 5662 1541 5716 sed
1569 5679 1632 5716 ea:
1659 5663 1749 5716 illa
1773 5663 1837 5716 li-

242 5734 432 5789 bertate
482 5735 747 5790 sententia:
797 5751 922 5800 sure,
973 5749 1074 5803 quo
1124 5733 1416 5804 prwdicavit
1471 5734 1839 5804 nec_gentibus

242 5804 487 5872 prodesse
515 5805 969 5875 circumcisionem,
986 5800 1086 5860 nec
1125 5800 1323 5859 Judt'eis
1350 5803 1539 5860 obesse.
1567 5800 1716 5861 Unde
1749 5821 1838 5860 nec

1955 3959 2074 4013 illos
2114 3958 2467 4026 astringendos
2512 3957 2579 4010 ad
2620 3953 3036 4026 consuetudinem
3085 3949 3410 4026 indecorum,
3464 3959 3557 4026 nec

1952 4031 2078 4084 istos
2095 4048 2126 4083 tt
2149 4017 2363 4088 paterno
2384 4026 2714 4082 deterrendos
2739 4025 2953 4079 censuit.
2983 4022 3133 4078 Unde
3154 4020 3250 4074 illa
3269 4017 3418 4072 verba
3440 4018 3554 4088 ejus

1919 4145 1926 4151 .
1954 4108 2072 4155 sunt
2093 4117 2111 4155 :
2130 4089 2473 4154 Circumcisus
2503 4101 2618 4170 quis
2647 4107 2855 4151 vocatus
2882 4095 2991 4149 est?
3021 4109 3122 4170 non
3159 4089 3387 4170 adducat
3417 4106 3555 4170 prte-

1952 4173 2190 4244 putium;
2215 4174 2266 4228 in
2296 4161 2687 4244 prteputioquis
2707 4176 2914 4222 vocatus
2941 4167 3058 4244 est
3078 4179 3182 4218 non
3211 4161 3553 4244 circumcidat

1952 4231 2056 4315 iur.
2090 4231 2424 4296 Circumcisio
2459 4231 2596 4296 nihil
2617 4251 2710 4315 est,
2739 4249 2788 4315 et
2808 4238 3133 4315 praeputium
3173 4231 3303 4315 nihil
3327 4242 3430 4297 est,
3464 4232 3556 4284 sed

1951 4314 2238 4388 observatio
2259 4315 2622 4388 mandatorum
2655 4311 2767 4365 Dei.
2804 4309 2848 4364 Ι]
2855 4309 3167 4388 nusq_uis_quﬁe
3189 4309 3242 4358 in
3254 4319 3368 4388 qua
3399 4318 3552 4388 vpca-

1952 4386 2090 4438 tione
2115 4395 2322 4439 vocatus
2346 4395 2441 4448 est,
2470 4386 2524 4437 in
2543 4399 2604 4436 ea
2629 4389 2942 4451 permaneat.
2964 4374 3040 4433 Et
3066 4376 3234 4451 infra:
3254 4374 3553 4451 Timotheus

1951 4471 2068 4508 cum
2086 4457 2137 4508 in
2150 4456 2400 4526 prwputio
2421 4444 2794 4514 vocatus'esset,
2811 4461 2981 4526 tamen
2995 4444 3372 4526 quiadejudteo
3386 4454 3552 4526 matre

1951 4536 2094 4580 ortus
2133 4516 2267 4587 erat,
2309 4536 2356 4579 et
2395 4527 2661 4580 ostendere
2688 4522 2918 4593 cognatis
2941 4516 3049 4593 suis
3091 4516 3326 4593 debebat,
3358 4516 3552 4593 adeas

1871 4582 1926 4644 D
1952 4582 2372 4664 lucrifaciendos,
2420 4611 2520 4649 non
2562 4594 2659 4648 hoc
2704 4582 2946 4664 didicisse
2972 4591 3041 4664 in
3069 4587 3349 4664 disciplina
3401 4584 3552 4664 Chri-

1959 4659 2150 4729 stiana,
2185 4679 2239 4719 ut
2266 4667 2361 4720 illa
2387 4674 2713 4720 sacramenta
2738 4679 2854 4734 qua:
2880 4661 3007 4730 legis
3029 4660 3206 4734 veteris
3230 4666 3393 4734 essent
3421 4659 3550 4734 abo-

1951 4727 2255 4798 minaretur.
2293 4736 2630 4790 circumcisus
2672 4727 2834 4808 estiab
2865 4727 3115 4801 Apostolo
3137 4745 3156 4783 :
3182 4736 3238 4782 ut
3266 4727 3365 4780 hoc
3391 4728 3549 4808 modo

1954 4811 2326 4863 demonstraret
2355 4808 2556 4862 Judteis
2581 4823 2686 4859 non
2711 4805 2826 4857 ideo
2848 4813 3019 4874 gentes
3038 4818 3146 4874 non
3176 4816 3238 4874 ea
3264 4805 3546 4874 suscipere,

1953 4881 2078 4949 quia
2109 4883 2248 4932 malo
2275 4889 2415 4943 sunt,
2445 4887 2492 4931 et
2515 4877 2801 4949 perniciose
2829 4871 2864 4927 ά
2889 4873 3121 4949 patribus
3142 4871 3437 4949 observata;
3460 4871 3551 4920 sed

1953 4944 2074 5019 quin
2088 4951 2200 5019 jam
2232 4949 2386 5002 soluti
2413 4944 2525 5002 non'
2545 4947 2836 5002 necessaria
2862 4954 2975 5013 post
3007 4944 3441 5019 adventumtouti
3459 4955 3550 5019 so.-

1955 5009 2224 5084 cr'anienti,
2253 5021 2390 5088 quod
2421 5037 2509 5087 per
2539 5029 2642 5073 tam
2675 5019 2830 5087 longa
2861 5009 3090 5090 tetttpora
3123 5010 3372 5090 totajlla
3404 5009 3551 5090 Scri-

1949 5102 2100 5162 ptura
2127 5078 2439 5160 propheticis
2461 5078 2857 5162 ﬁgurationibus
2883 5078 3349 5162 parturivit._Na_n_t
3383 5078 3550 5162 elfi-

1950 5153 2057 5215 ium
2084 5153 2634 5224 circuirwideretfcuru
2660 5163 2752 5215 hoc
2773 5153 3009 5230 urgerent
3029 5155 3344 5230 λωιῳὶφίδὶ
3370 5153 3550 5230 διιὸἱιιτ

1949 5233 2320 5356 troductil’olsi
2352 5237 2536 5304 fratres
2563 5235 2678 5286 ideo
2705 5232 2816 5298 fieri
2832 5226 3040 5293 vellent,
3071 5237 3126 5281 ut
3149 5227 3386 5281 haberent
3413 5226 3550 5306 quod

1949 5304 2012 5356 de
2039 5307 2151 5356 ipso
2211 5303 2356 5356 ’ttulo
2381 5306 2802 5356 disseminarent:
2839 5311 3099 5356 tamquam
3128 5315 3307 5352 eorum
3346 5305 3544 5349 veritati

1947 5304 2012 5357 de
2039 5307 2151 5372 ipso
2182 5298 2361 5358 Paulo
2381 5306 2802 5366 disseminarent;
2839 5311 3099 5372 tamquam
3128 5315 3307 5372 eorum
3346 5298 3547 5372 veritati

1948 5368 2179 5444 cesserit,
2213 5377 2301 5446 qui
2330 5393 2470 5444 spem
2508 5376 2691 5430 salutis
2719 5368 3032 5446 evangelicae
3061 5371 3117 5423 in
3159 5368 3548 5446 circumcisione

1947 5449 2115 5503 carnis
2143 5438 2294 5517 atque
2335 5438 3109 5518 hujnsmodiobservationibus
3142 5456 3248 5494 esse
3289 5438 3546 5518 prtrdico-

1947 5527 2078 5584 rent,
2103 5528 2147 5574 et
2175 5511 2284 5573 sine
2303 5518 2383 5571 his
2401 5511 2597 5572 nemini
2619 5516 2875 5588 Christum
2899 5515 3140 5588 prodesse
3158 5511 3545 5588 contenderent;

1944 5582 2072 5643 cum
2108 5600 2289 5643 contra
2334 5589 2464 5643 nihil
2503 5589 2762 5658 prodesset
2790 5586 3021 5640 Christus
3066 5585 3140 5638 eis
3165 5582 3253 5651 qui
3283 5597 3341 5634 eo
3368 5582 3545 5636 animo

1945 5661 2452 5734 circumcidereutur,
2486 5659 2650 5734 ut_ibi
2679 5674 2786 5734 esse
2812 5660 3033 5711 salutem
3060 5660 3340 5734 putarent.-

1954 5797 1955 5800 η
2022 5743 2043 5771 ο
2087 5733 2163 5786 De
2185 5732 2330 5785 Raab
2352 5731 2656 5800 meretrice,
2680 5729 2902 5799 ejusque
2925 5723 3379 5800 mettdacio,quid
3403 5734 3534 5778 sett~

1949 5797 2188 5860 tiendum
2219 5804 2309 5868 sit,
2338 5797 2586 5870 superius
2606 5793 2916 5858 dicl'utn'est
2947 5794 3114 5868 (Cap.
3145 5793 3211 5852 17
3230 5797 3274 5866 ).‘
