  <div class='ocr_page' id='page_1' title='image "/cluster/home/n/w/nwhite01/storage/ocr_20150623/49/hvd.32044015471543/549.png"; bbox 0 0 4072 6324; ppageno 0'>
   <div class='ocr_carea' id='block_1_1' title="bbox 481 229 624 294">
    <p class='ocr_par' dir='ltr' id='par_1_1' title="bbox 481 229 624 294">
     <span class='ocr_line' id='line_1_1' title="bbox 481 229 624 294; baseline -0.021 -4"><span class='ocrx_word' id='word_1_1' title='bbox 481 229 624 294; x_wconf 70' lang='grc' dir='ltr'><strong>ιοτδ</strong></span> 
     </span>
    </p>
   </div>
   <div class='ocr_carea' id='block_1_2' title="bbox 1533 212 2680 278">
    <p class='ocr_par' dir='ltr' id='par_1_2' title="bbox 1533 212 2680 278">
     <span class='ocr_line' id='line_1_2' title="bbox 1533 212 2680 278; baseline -0.007 0"><span class='ocrx_word' id='word_1_2' title='bbox 1533 217 1820 278; x_wconf 82' lang='lat' dir='ltr'><strong>JOANNIS</strong></span> <span class='ocrx_word' id='word_1_3' title='bbox 1857 215 2170 272; x_wconf 80' lang='lat' dir='ltr'><strong>CASSIANI</strong></span> <span class='ocrx_word' id='word_1_4' title='bbox 2207 212 2680 270; x_wconf 81' lang='lat' dir='ltr'><strong>COLLATIUNES</strong></span> 
     </span>
    </p>
   </div>
   <div class='ocr_carea' id='block_1_3' title="bbox 3625 201 3772 260">
    <p class='ocr_par' dir='ltr' id='par_1_3' title="bbox 3625 201 3772 260">
     <span class='ocr_line' id='line_1_3' title="bbox 3625 201 3772 260; baseline 0 0"><span class='ocrx_word' id='word_1_5' title='bbox 3625 201 3772 260; x_wconf 71' lang='grc'><strong>1076</strong></span> 
     </span>
    </p>
   </div>
   <div class='ocr_carea' id='block_1_4' title="bbox 479 321 3770 418">
    <p class='ocr_par' dir='ltr' id='par_1_4' title="bbox 479 321 3770 418">
     <span class='ocr_line' id='line_1_4' title="bbox 479 321 3770 418; baseline -0.009 -14"><span class='ocrx_word' id='word_1_6' title='bbox 479 349 541 417; x_wconf 85' lang='grc' dir='ltr'><strong>ιι)</strong></span> <span class='ocrx_word' id='word_1_7' title='bbox 576 360 676 418; x_wconf 92' lang='lat' dir='ltr'><strong>pro</strong></span> <span class='ocrx_word' id='word_1_8' title='bbox 699 341 984 400; x_wconf 91' lang='lat' dir='ltr'><strong>mendacio</strong></span> <span class='ocrx_word' id='word_1_9' title='bbox 1007 355 1130 397; x_wconf 90' lang='lat' dir='ltr'><strong>cum</strong></span> <span class='ocrx_word' id='word_1_10' title='bbox 1156 354 1254 394; x_wconf 84' lang='lat' dir='ltr'><strong>sua</strong></span> <span class='ocrx_word' id='word_1_11' title='bbox 1282 336 1605 408; x_wconf 74' lang='lat' dir='ltr'><strong>cognatione</strong></span> <span class='ocrx_word' id='word_1_12' title='bbox 1632 335 1924 404; x_wconf 87' lang='lat' dir='ltr'><strong>plantatur.</strong></span> <span class='ocrx_word' id='word_1_13' title='bbox 1956 331 2074 387; x_wconf 90' lang='lat' dir='ltr'><strong>Sic-</strong></span> <span class='ocrx_word' id='word_1_14' title='bbox 2098 334 2153 395; x_wconf 78' lang='grc' dir='ltr'>Α</span> <span class='ocrx_word' id='word_1_15' title='bbox 2176 331 2561 386; x_wconf 67' lang='lat' dir='ltr'><strong>continentiam</strong></span> <span class='ocrx_word' id='word_1_16' title='bbox 2601 331 2842 382; x_wconf 79' lang='lat' dir='ltr'><strong>nostram</strong></span> <span class='ocrx_word' id='word_1_17' title='bbox 2872 324 3050 397; x_wconf 90' lang='lat' dir='ltr'><strong>potius</strong></span> <span class='ocrx_word' id='word_1_18' title='bbox 3086 339 3248 397; x_wconf 90' lang='lat' dir='ltr'><strong>quam</strong></span> <span class='ocrx_word' id='word_1_19' title='bbox 3281 321 3770 395; x_wconf 85' lang='lat' dir='ltr'><strong>percunctantibus</strong></span> 
     </span>
    </p>
   </div>
   <div class='ocr_carea' id='block_1_5' title="bbox 480 415 3773 503">
    <p class='ocr_par' dir='ltr' id='par_1_5' title="bbox 480 415 3773 503">
     <span class='ocr_line' id='line_1_5' title="bbox 480 415 3773 503; baseline -0.008 -8"><span class='ocrx_word' id='word_1_20' title='bbox 480 415 540 495; x_wconf 85' lang='lat' dir='ltr'><strong>ut</strong></span> <span class='ocrx_word' id='word_1_21' title='bbox 569 415 731 494; x_wconf 80' lang='lat' dir='ltr'><strong>etiam</strong></span> <span class='ocrx_word' id='word_1_22' title='bbox 762 435 994 492; x_wconf 84' lang='lat' dir='ltr'><strong>Samson</strong></span> <span class='ocrx_word' id='word_1_23' title='bbox 1027 431 1221 503; x_wconf 76' lang='lat' dir='ltr'><strong>(ludio.</strong></span> <span class='ocrx_word' id='word_1_24' title='bbox 1253 429 1366 499; x_wconf 80' lang='lat' dir='ltr'><strong>xvi)</strong></span> <span class='ocrx_word' id='word_1_25' title='bbox 1399 429 1548 483; x_wconf 92' lang='lat' dir='ltr'><strong>illum</strong></span> <span class='ocrx_word' id='word_1_26' title='bbox 1573 427 1715 482; x_wconf 92' lang='lat' dir='ltr'><strong>diem</strong></span> <span class='ocrx_word' id='word_1_27' title='bbox 1741 423 2066 480; x_wconf 89' lang='lat' dir='ltr'><strong>occultatum</strong></span> <span class='ocrx_word' id='word_1_28' title='bbox 2169 423 2361 496; x_wconf 84' lang='lat' dir='ltr'><strong>prodi;</strong></span> <span class='ocrx_word' id='word_1_29' title='bbox 2394 437 2457 478; x_wconf 92' lang='lat' dir='ltr'><strong>ac</strong></span> <span class='ocrx_word' id='word_1_30' title='bbox 2483 437 2646 491; x_wconf 86' lang='lat' dir='ltr'><strong>super</strong></span> <span class='ocrx_word' id='word_1_31' title='bbox 2675 419 3049 491; x_wconf 84' lang='lat' dir='ltr'><strong>hujuscemodi</strong></span> <span class='ocrx_word' id='word_1_32' title='bbox 3075 417 3255 474; x_wconf 78' lang='lat' dir='ltr'><strong>causis</strong></span> <span class='ocrx_word' id='word_1_33' title='bbox 3274 433 3374 474; x_wconf 89' lang='lat' dir='ltr'><strong>nos</strong></span> <span class='ocrx_word' id='word_1_34' title='bbox 3399 431 3621 488; x_wconf 86' lang='lat' dir='ltr'><strong>quoque</strong></span> <span class='ocrx_word' id='word_1_35' title='bbox 3640 425 3663 454; x_wconf 75' lang='grc' dir='ltr'><strong><em>ο</em></strong></span> <span class='ocrx_word' id='word_1_36' title='bbox 3690 415 3773 470; x_wconf 83' lang='lat' dir='ltr'><strong>fa-</strong></span> 
     </span>
    </p>
   </div>
   <div class='ocr_carea' id='block_1_6' title="bbox 483 518 2071 596">
    <p class='ocr_par' dir='ltr' id='par_1_6' title="bbox 483 518 2071 596">
     <span class='ocr_line' id='line_1_6' title="bbox 483 518 2071 596; baseline -0.011 -9"><span class='ocrx_word' id='word_1_37' title='bbox 483 529 805 596; x_wconf 89' lang='lat' dir='ltr'><strong>mendacio,</strong></span> <span class='ocrx_word' id='word_1_38' title='bbox 858 527 1090 583; x_wconf 84' lang='lat' dir='ltr'><strong>veritate</strong></span> <span class='ocrx_word' id='word_1_39' title='bbox 1128 524 1308 593; x_wconf 65' lang='lat' dir='ltr'><strong>impia:</strong></span> <span class='ocrx_word' id='word_1_40' title='bbox 1344 520 1560 591; x_wconf 89' lang='lat' dir='ltr'><strong>conjugi</strong></span> <span class='ocrx_word' id='word_1_41' title='bbox 1614 518 2071 590; x_wconf 79' lang='lat' dir='ltr'><strong>perniciOsissime</strong></span> 
     </span>
    </p>
   </div>
   <div class='ocr_carea' id='block_1_7' title="bbox 481 611 2070 698">
    <p class='ocr_par' dir='ltr' id='par_1_7' title="bbox 481 611 2070 698">
     <span class='ocr_line' id='line_1_7' title="bbox 481 611 2070 698; baseline -0.011 -16"><span class='ocrx_word' id='word_1_42' title='bbox 481 623 790 698; x_wconf 83' lang='lat' dir='ltr'><strong>prodidisse</strong></span> <span class='ocrx_word' id='word_1_43' title='bbox 819 620 1241 684; x_wconf 88' lang='lat' dir='ltr'><strong>reminiscimur,</strong></span> <span class='ocrx_word' id='word_1_44' title='bbox 1266 615 1352 673; x_wconf 92' lang='lat' dir='ltr'><strong>cui</strong></span> <span class='ocrx_word' id='word_1_45' title='bbox 1384 625 1673 687; x_wconf 85' lang='lat' dir='ltr'><strong>propterea</strong></span> <span class='ocrx_word' id='word_1_46' title='bbox 1697 611 2070 683; x_wconf 90' lang='lat' dir='ltr'><strong>deceptionem</strong></span> 
     </span>
    </p>
   </div>
   <div class='ocr_carea' id='block_1_8' title="bbox 481 701 2073 779">
    <p class='ocr_par' dir='ltr' id='par_1_8' title="bbox 481 701 2073 779">
     <span class='ocr_line' id='line_1_8' title="bbox 481 701 2073 779; baseline -0.011 -6"><span class='ocrx_word' id='word_1_47' title='bbox 481 717 673 774; x_wconf 85' lang='lat' dir='ltr'><strong>intulit</strong></span> <span class='ocrx_word' id='word_1_48' title='bbox 701 716 900 772; x_wconf 89' lang='lat' dir='ltr'><strong>veritas</strong></span> <span class='ocrx_word' id='word_1_49' title='bbox 933 710 1396 768; x_wconf 85' lang='lat' dir='ltr'><strong>inconsultissime</strong></span> <span class='ocrx_word' id='word_1_50' title='bbox 1445 706 1742 779; x_wconf 88' lang='lat' dir='ltr'><strong>patefacta,</strong></span> <span class='ocrx_word' id='word_1_51' title='bbox 1784 705 1906 776; x_wconf 90' lang='lat' dir='ltr'><strong>quia</strong></span> <span class='ocrx_word' id='word_1_52' title='bbox 1939 701 2073 758; x_wconf 89' lang='lat' dir='ltr'><strong>illud</strong></span> 
     </span>
    </p>
   </div>
   <div class='ocr_carea' id='block_1_9' title="bbox 487 796 2076 880">
    <p class='ocr_par' dir='ltr' id='par_1_9' title="bbox 487 796 2076 880">
     <span class='ocr_line' id='line_1_9' title="bbox 487 796 2076 880; baseline -0.011 -13"><span class='ocrx_word' id='word_1_53' title='bbox 487 809 800 867; x_wconf 90' lang='lat' dir='ltr'><strong>mandatum</strong></span> <span class='ocrx_word' id='word_1_54' title='bbox 851 804 1229 880; x_wconf 89' lang='lat' dir='ltr'><strong>propheticum</strong></span> <span class='ocrx_word' id='word_1_55' title='bbox 1285 801 1560 858; x_wconf 87' lang='lat' dir='ltr'><strong>custodire</strong></span> <span class='ocrx_word' id='word_1_56' title='bbox 1602 800 1859 870; x_wconf 78' lang='lat' dir='ltr'><strong>neglexit,</strong></span> <span class='ocrx_word' id='word_1_57' title='bbox 1909 796 1986 850; x_wconf 80' lang='lat' dir='ltr'><strong>Ab</strong></span> <span class='ocrx_word' id='word_1_58' title='bbox 2014 812 2076 850; x_wconf 87' lang='lat' dir='ltr'><strong>ea</strong></span> 
     </span>
    </p>
   </div>
   <div class='ocr_carea' id='block_1_10' title="bbox 485 889 2078 974">
    <p class='ocr_par' dir='ltr' id='par_1_10' title="bbox 485 889 2078 974">
     <span class='ocr_line' id='line_1_10' title="bbox 485 889 2078 974; baseline -0.011 -14"><span class='ocrx_word' id='word_1_59' title='bbox 485 921 599 974; x_wconf 77' lang='lat' dir='ltr'><strong>qua:</strong></span> <span class='ocrx_word' id='word_1_60' title='bbox 655 904 844 958; x_wconf 82' lang='lat' dir='ltr'><strong>dormit</strong></span> <span class='ocrx_word' id='word_1_61' title='bbox 892 902 950 956; x_wconf 91' lang='lat' dir='ltr'><strong>in</strong></span> <span class='ocrx_word' id='word_1_62' title='bbox 1003 901 1120 955; x_wconf 97' lang='lat' dir='ltr'><strong>sinu</strong></span> <span class='ocrx_word' id='word_1_63' title='bbox 1176 906 1286 964; x_wconf 90' lang='lat' dir='ltr'><strong>tuo,</strong></span> <span class='ocrx_word' id='word_1_64' title='bbox 1343 895 1544 951; x_wconf 88' lang='lat' dir='ltr'><strong>custodi</strong></span> <span class='ocrx_word' id='word_1_65' title='bbox 1597 895 1824 949; x_wconf 89' lang='lat' dir='ltr'><strong>claustra</strong></span> <span class='ocrx_word' id='word_1_66' title='bbox 1871 889 2078 946; x_wconf 90' lang='lat' dir='ltr'><strong>oristui</strong></span> 
     </span>
    </p>
   </div>
   <div class='ocr_carea' id='block_1_11' title="bbox 484 994 830 1069">
    <p class='ocr_par' dir='ltr' id='par_1_11' title="bbox 484 994 830 1069">
     <span class='ocr_line' id='line_1_11' title="bbox 484 994 830 1069; baseline -0.006 -19"><span class='ocrx_word' id='word_1_67' title='bbox 484 994 676 1069; x_wconf 65' lang='lat' dir='ltr'><strong>(una.</strong></span> <span class='ocrx_word' id='word_1_68' title='bbox 705 994 830 1066; x_wconf 77' lang='grc' dir='ltr'><strong>νιι).</strong></span> 
     </span>
    </p>
   </div>
   <div class='ocr_carea' id='block_1_12' title="bbox 1091 1082 1507 1142">
    <p class='ocr_par' dir='ltr' id='par_1_12' title="bbox 1091 1082 1507 1142">
     <span class='ocr_line' id='line_1_12' title="bbox 1091 1082 1507 1142; baseline -0.012 0"><span class='ocrx_word' id='word_1_69' title='bbox 1091 1083 1318 1142; x_wconf 74' lang='lat' dir='ltr'><strong>CAPUT</strong></span> <span class='ocrx_word' id='word_1_70' title='bbox 1362 1082 1507 1139; x_wconf 75' lang='lat' dir='ltr'><strong>XXI.</strong></span> 
     </span>
    </p>
   </div>
   <div class='ocr_carea' id='block_1_13' title="bbox 488 1171 2080 1253">
    <p class='ocr_par' dir='ltr' id='par_1_13' title="bbox 488 1171 2080 1253">
     <span class='ocr_line' id='line_1_13' title="bbox 488 1171 2080 1253; baseline -0.006 -17"><span class='ocrx_word' id='word_1_71' title='bbox 488 1182 567 1236; x_wconf 74' lang='lat' dir='ltr'><strong>An</strong></span> <span class='ocrx_word' id='word_1_72' title='bbox 588 1179 1028 1253; x_wconf 79' lang='lat' dir='ltr'><strong>interrogantibus</strong></span> <span class='ocrx_word' id='word_1_73' title='bbox 1057 1178 1312 1253; x_wconf 80' lang='lat' dir='ltr'><strong>occultam</strong></span> <span class='ocrx_word' id='word_1_74' title='bbox 1335 1176 1704 1253; x_wconf 77' lang='lat' dir='ltr'><strong>continentiam</strong></span> <span class='ocrx_word' id='word_1_75' title='bbox 1730 1171 2080 1253; x_wconf 72' lang='lat' dir='ltr'><strong>sinemenda-</strong></span> 
     </span>
    </p>
   </div>
   <div class='ocr_carea' id='block_1_14' title="bbox 558 1245 2083 1322">
    <p class='ocr_par' dir='ltr' id='par_1_14' title="bbox 558 1245 2083 1322">
     <span class='ocr_line' id='line_1_14' title="bbox 558 1245 2083 1322; baseline -0.007 -15"><span class='ocrx_word' id='word_1_76' title='bbox 558 1253 640 1308; x_wconf 90' lang='lat' dir='ltr'><strong>cio</strong></span> <span class='ocrx_word' id='word_1_77' title='bbox 677 1245 909 1320; x_wconf 67' lang='lat' dir='ltr'><strong>oporteat</strong></span> <span class='ocrx_word' id='word_1_78' title='bbox 937 1250 1306 1322; x_wconf 8' lang='lat' dir='ltr'><strong>prapalari,oet</strong></span> <span class='ocrx_word' id='word_1_79' title='bbox 1335 1265 1405 1302; x_wconf 91' lang='lat' dir='ltr'><strong>an</strong></span> <span class='ocrx_word' id='word_1_80' title='bbox 1444 1246 1774 1319; x_wconf 88' lang='lat' dir='ltr'><strong>suscipienda</strong></span> <span class='ocrx_word' id='word_1_81' title='bbox 1817 1245 1923 1299; x_wconf 88' lang='lat' dir='ltr'><strong>sint</strong></span> <span class='ocrx_word' id='word_1_82' title='bbox 1967 1259 2083 1314; x_wconf 68' lang='lat' dir='ltr'><strong>qua</strong></span> 
     </span>
    </p>
   </div>
   <div class='ocr_carea' id='block_1_15' title="bbox 557 1320 1253 1394">
    <p class='ocr_par' dir='ltr' id='par_1_15' title="bbox 557 1320 1253 1394">
     <span class='ocr_line' id='line_1_15' title="bbox 557 1320 1253 1394; baseline -0.01 -13"><span class='ocrx_word' id='word_1_83' title='bbox 557 1325 716 1381; x_wconf 80' lang='lat' dir='ltr'><strong>semel</strong></span> <span class='ocrx_word' id='word_1_84' title='bbox 746 1320 945 1394; x_wconf 79' lang='lat' dir='ltr'><strong>fuerint</strong></span> <span class='ocrx_word' id='word_1_85' title='bbox 971 1320 1253 1376; x_wconf 77' lang='lat' dir='ltr'><strong>recusato?</strong></span> 
     </span>
    </p>
   </div>
   <div class='ocr_carea' id='block_1_16' title="bbox 559 1453 2085 1530">
    <p class='ocr_par' dir='ltr' id='par_1_16' title="bbox 559 1453 2085 1530">
     <span class='ocr_line' id='line_1_16' title="bbox 559 1453 2085 1530; baseline -0.007 -13"><span class='ocrx_word' id='word_1_86' title='bbox 559 1460 629 1518; x_wconf 85' lang='lat' dir='ltr'><strong>Et</strong></span> <span class='ocrx_word' id='word_1_87' title='bbox 659 1472 713 1516; x_wconf 91' lang='lat' dir='ltr'><strong>ut</strong></span> <span class='ocrx_word' id='word_1_88' title='bbox 745 1461 988 1530; x_wconf 83' lang='lat' dir='ltr'><strong>exempla</strong></span> <span class='ocrx_word' id='word_1_89' title='bbox 1024 1459 1267 1529; x_wconf 83' lang='lat' dir='ltr'><strong>quaedam</strong></span> <span class='ocrx_word' id='word_1_90' title='bbox 1290 1458 1357 1513; x_wconf 91' lang='lat' dir='ltr'><strong>de</strong></span> <span class='ocrx_word' id='word_1_91' title='bbox 1382 1456 1580 1512; x_wconf 87' lang='lat' dir='ltr'><strong>nostris</strong></span> <span class='ocrx_word' id='word_1_92' title='bbox 1613 1468 1827 1526; x_wconf 89' lang='lat' dir='ltr'><strong>quoque</strong></span> <span class='ocrx_word' id='word_1_93' title='bbox 1858 1453 2085 1508; x_wconf 90' lang='lat' dir='ltr'><strong>inevita-</strong></span> 
     </span>
    </p>
   </div>
   <div class='ocr_carea' id='block_1_17' title="bbox 490 1545 2087 1624">
    <p class='ocr_par' dir='ltr' id='par_1_17' title="bbox 490 1545 2087 1624">
     <span class='ocr_line' id='line_1_17' title="bbox 490 1545 2087 1624; baseline -0.007 -13"><span class='ocrx_word' id='word_1_94' title='bbox 490 1555 692 1612; x_wconf 90' lang='lat' dir='ltr'><strong>bilibus</strong></span> <span class='ocrx_word' id='word_1_95' title='bbox 735 1569 798 1610; x_wconf 91' lang='lat' dir='ltr'><strong>ac</strong></span> <span class='ocrx_word' id='word_1_96' title='bbox 842 1570 978 1624; x_wconf 92' lang='lat' dir='ltr'><strong>pene</strong></span> <span class='ocrx_word' id='word_1_97' title='bbox 1009 1551 1339 1624; x_wconf 90' lang='lat' dir='ltr'><strong>quotidianis</strong></span> <span class='ocrx_word' id='word_1_98' title='bbox 1392 1549 1811 1607; x_wconf 86' lang='lat' dir='ltr'><strong>necessitatibus</strong></span> <span class='ocrx_word' id='word_1_99' title='bbox 1843 1545 2087 1618; x_wconf 88' lang='lat' dir='ltr'><strong>profera-</strong></span> 
     </span>
    </p>
   </div>
   <div class='ocr_carea' id='block_1_18' title="bbox 490 1639 2087 1717">
    <p class='ocr_par' dir='ltr' id='par_1_18' title="bbox 490 1639 2087 1717">
     <span class='ocr_line' id='line_1_18' title="bbox 490 1639 2087 1717; baseline -0.007 -14"><span class='ocrx_word' id='word_1_100' title='bbox 490 1662 644 1714; x_wconf 87' lang='lat' dir='ltr'><strong>mus,</strong></span> <span class='ocrx_word' id='word_1_101' title='bbox 688 1661 822 1717; x_wconf 90' lang='lat' dir='ltr'><strong>quas</strong></span> <span class='ocrx_word' id='word_1_102' title='bbox 865 1645 1202 1717; x_wconf 91' lang='lat' dir='ltr'><strong>quantalibet</strong></span> <span class='ocrx_word' id='word_1_103' title='bbox 1259 1643 1603 1699; x_wconf 85' lang='lat' dir='ltr'><strong>observantia</strong></span> <span class='ocrx_word' id='word_1_104' title='bbox 1671 1655 1963 1712; x_wconf 83' lang='lat' dir='ltr'><strong>numquam</strong></span> <span class='ocrx_word' id='word_1_105' title='bbox 2013 1639 2087 1693; x_wconf 91' lang='lat' dir='ltr'><strong>ita</strong></span> 
     </span>
    </p>
   </div>
   <div class='ocr_carea' id='block_1_19' title="bbox 2173 512 3777 573">
    <p class='ocr_par' dir='ltr' id='par_1_19' title="bbox 2173 512 3777 573">
     <span class='ocr_line' id='line_1_19' title="bbox 2173 512 3777 573; baseline -0.004 -1"><span class='ocrx_word' id='word_1_106' title='bbox 2173 524 2349 573; x_wconf 89' lang='lat' dir='ltr'><strong>temur</strong></span> <span class='ocrx_word' id='word_1_107' title='bbox 2378 516 2686 572; x_wconf 84' lang='lat' dir='ltr'><strong>inevitabile</strong></span> <span class='ocrx_word' id='word_1_108' title='bbox 2715 527 2836 571; x_wconf 87' lang='lat' dir='ltr'><strong>esse</strong></span> <span class='ocrx_word' id='word_1_109' title='bbox 2865 513 3234 570; x_wconf 88' lang='lat' dir='ltr'><strong>mendacium.</strong></span> <span class='ocrx_word' id='word_1_110' title='bbox 3273 513 3333 568; x_wconf 88' lang='lat' dir='ltr'><strong>In</strong></span> <span class='ocrx_word' id='word_1_111' title='bbox 3379 512 3623 567; x_wconf 86' lang='lat' dir='ltr'><strong>secundo</strong></span> <span class='ocrx_word' id='word_1_112' title='bbox 3665 526 3777 566; x_wconf 62' lang='lat' dir='ltr'><strong>auo</strong></span> 
     </span>
    </p>
   </div>
   <div class='ocr_carea' id='block_1_20' title="bbox 2172 603 3775 672">
    <p class='ocr_par' dir='ltr' id='par_1_20' title="bbox 2172 603 3775 672">
     <span class='ocr_line' id='line_1_20' title="bbox 2172 603 3775 672; baseline -0.005 -7"><span class='ocrx_word' id='word_1_113' title='bbox 2172 619 2280 667; x_wconf 90' lang='lat' dir='ltr'><strong>tem</strong></span> <span class='ocrx_word' id='word_1_114' title='bbox 2311 609 2456 666; x_wconf 92' lang='lat' dir='ltr'><strong>nulla</strong></span> <span class='ocrx_word' id='word_1_115' title='bbox 2481 609 2637 664; x_wconf 90' lang='lat' dir='ltr'><strong>nobis</strong></span> <span class='ocrx_word' id='word_1_116' title='bbox 2665 607 2931 663; x_wconf 86' lang='lat' dir='ltr'><strong>incumbit</strong></span> <span class='ocrx_word' id='word_1_117' title='bbox 2954 607 3254 662; x_wconf 84' lang='lat' dir='ltr'><strong>necessitas</strong></span> <span class='ocrx_word' id='word_1_118' title='bbox 3276 603 3581 660; x_wconf 89' lang='lat' dir='ltr'><strong>mentiendi</strong></span> <span class='ocrx_word' id='word_1_119' title='bbox 3612 619 3628 658; x_wconf 92' lang='lat'><strong>:</strong></span> <span class='ocrx_word' id='word_1_120' title='bbox 3658 603 3775 672; x_wconf 83' lang='lat' dir='ltr'><strong>pri-</strong></span> 
     </span>
    </p>
   </div>
   <div class='ocr_carea' id='block_1_21' title="bbox 2174 697 3776 774">
    <p class='ocr_par' dir='ltr' id='par_1_21' title="bbox 2174 697 3776 774">
     <span class='ocr_line' id='line_1_21' title="bbox 2174 697 3776 774; baseline -0.005 -15"><span class='ocrx_word' id='word_1_121' title='bbox 2174 719 2321 760; x_wconf 91' lang='lat' dir='ltr'><strong>mum</strong></span> <span class='ocrx_word' id='word_1_122' title='bbox 2345 704 2469 774; x_wconf 87' lang='lat' dir='ltr'><strong>quia</strong></span> <span class='ocrx_word' id='word_1_123' title='bbox 2499 716 2781 772; x_wconf 88' lang='lat' dir='ltr'><strong>possumus</strong></span> <span class='ocrx_word' id='word_1_124' title='bbox 2805 716 2869 756; x_wconf 85' lang='lat' dir='ltr'><strong>ea</strong></span> <span class='ocrx_word' id='word_1_125' title='bbox 2897 715 3017 772; x_wconf 74' lang='lat' dir='ltr'><strong>qua:</strong></span> <span class='ocrx_word' id='word_1_126' title='bbox 3041 701 3268 755; x_wconf 90' lang='lat' dir='ltr'><strong>fratrum</strong></span> <span class='ocrx_word' id='word_1_127' title='bbox 3293 697 3597 754; x_wconf 88' lang='lat' dir='ltr'><strong>ministerio</strong></span> <span class='ocrx_word' id='word_1_128' title='bbox 3647 711 3776 767; x_wconf 89' lang='lat' dir='ltr'><strong>por-</strong></span> 
     </span>
    </p>
   </div>
   <div class='ocr_carea' id='block_1_22' title="bbox 2175 790 3772 867">
    <p class='ocr_par' dir='ltr' id='par_1_22' title="bbox 2175 790 3772 867">
     <span class='ocr_line' id='line_1_22' title="bbox 2175 790 3772 867; baseline -0.004 -15"><span class='ocrx_word' id='word_1_129' title='bbox 2175 797 2420 867; x_wconf 91' lang='lat' dir='ltr'><strong>riguntur</strong></span> <span class='ocrx_word' id='word_1_130' title='bbox 2441 796 2514 851; x_wconf 86' lang='lat' dir='ltr'><strong>ita</strong></span> <span class='ocrx_word' id='word_1_131' title='bbox 2536 810 2786 860; x_wconf 89' lang='lat' dir='ltr'><strong>renuere,</strong></span> <span class='ocrx_word' id='word_1_132' title='bbox 2811 803 2869 849; x_wconf 94' lang='lat' dir='ltr'><strong>ut</strong></span> <span class='ocrx_word' id='word_1_133' title='bbox 2889 793 3039 849; x_wconf 92' lang='lat' dir='ltr'><strong>nullo</strong></span> <span class='ocrx_word' id='word_1_134' title='bbox 3060 808 3161 848; x_wconf 91' lang='lat' dir='ltr'><strong>nos</strong></span> <span class='ocrx_word' id='word_1_135' title='bbox 3183 791 3519 849; x_wconf 84' lang='lat' dir='ltr'><strong>definitionis</strong></span> <span class='ocrx_word' id='word_1_136' title='bbox 3545 790 3772 846; x_wconf 81' lang='lat' dir='ltr'><strong>vinculo</strong></span> 
     </span>
    </p>
   </div>
   <div class='ocr_carea' id='block_1_23' title="bbox 2177 887 3768 961">
    <p class='ocr_par' dir='ltr' id='par_1_23' title="bbox 2177 887 3768 961">
     <span class='ocr_line' id='line_1_23' title="bbox 2177 887 3768 961; baseline -0.006 -15"><span class='ocrx_word' id='word_1_137' title='bbox 2177 891 2510 961; x_wconf 80' lang='lat' dir='ltr'><strong>colligemus,</strong></span> <span class='ocrx_word' id='word_1_138' title='bbox 2539 888 2734 946; x_wconf 91' lang='lat' dir='ltr'><strong>deinde</strong></span> <span class='ocrx_word' id='word_1_139' title='bbox 2757 887 2904 959; x_wconf 91' lang='lat' dir='ltr'><strong>quod</strong></span> <span class='ocrx_word' id='word_1_140' title='bbox 2946 887 3119 942; x_wconf 87' lang='lat' dir='ltr'><strong>semel</strong></span> <span class='ocrx_word' id='word_1_141' title='bbox 3147 895 3441 943; x_wconf 86' lang='lat' dir='ltr'><strong>renuentes</strong></span> <span class='ocrx_word' id='word_1_142' title='bbox 3466 897 3768 955; x_wconf 86' lang='lat' dir='ltr'><strong>possumus</strong></span> 
     </span>
    </p>
   </div>
   <div class='ocr_carea' id='block_1_24' title="bbox 2181 979 3126 1038">
    <p class='ocr_par' dir='ltr' id='par_1_24' title="bbox 2181 979 3126 1038">
     <span class='ocr_line' id='line_1_24' title="bbox 2181 979 3126 1038; baseline -0.005 0"><span class='ocrx_word' id='word_1_143' title='bbox 2181 982 2511 1038; x_wconf 86' lang='lat' dir='ltr'><strong>immobilem</strong></span> <span class='ocrx_word' id='word_1_144' title='bbox 2556 993 2742 1038; x_wconf 89' lang='lat' dir='ltr'><strong>tenere</strong></span> <span class='ocrx_word' id='word_1_145' title='bbox 2778 979 3126 1036; x_wconf 87' lang='lat' dir='ltr'><strong>sententiam.</strong></span> 
     </span>
    </p>
   </div>
   <div class='ocr_carea' id='block_1_25' title="bbox 2748 1092 3205 1152">
    <p class='ocr_par' dir='ltr' id='par_1_25' title="bbox 2748 1092 3205 1152">
     <span class='ocr_line' id='line_1_25' title="bbox 2748 1092 3205 1152; baseline -0.009 0"><span class='ocrx_word' id='word_1_146' title='bbox 2748 1094 2977 1152; x_wconf 83' lang='lat' dir='ltr'><strong>CAPUT</strong></span> <span class='ocrx_word' id='word_1_147' title='bbox 3015 1092 3205 1150; x_wconf 77' lang='lat' dir='ltr'><strong>XXIII.</strong></span> 
     </span>
    </p>
   </div>
   <div class='ocr_carea' id='block_1_26' title="bbox 2184 1185 3782 1315">
    <p class='ocr_par' dir='ltr' id='par_1_26' title="bbox 2184 1185 3782 1315">
     <span class='ocr_line' id='line_1_26' title="bbox 2184 1185 3782 1315; baseline -0.004 -67"><span class='ocrx_word' id='word_1_148' title='bbox 2184 1191 2504 1266; x_wconf 81' lang='lat' dir='ltr'><strong>Responsio,</strong></span> <span class='ocrx_word' id='word_1_149' title='bbox 2547 1192 2685 1264; x_wconf 91' lang='lat' dir='ltr'><strong>quod</strong></span> <span class='ocrx_word' id='word_1_150' title='bbox 2739 1189 3112 1315; x_wconf 55' lang='lat' dir='ltr'><strong>irratio‘nabilis</strong></span> <span class='ocrx_word' id='word_1_151' title='bbox 3149 1189 3216 1245; x_wconf 84' lang='lat' dir='ltr'><strong>sit</strong></span> <span class='ocrx_word' id='word_1_152' title='bbox 3247 1185 3407 1262; x_wconf 78' lang='lat' dir='ltr'><strong>hujus</strong></span> <span class='ocrx_word' id='word_1_153' title='bbox 3455 1186 3782 1258; x_wconf 76' lang='lat' dir='ltr'><strong>deﬁnitionis</strong></span> 
     </span>
     <span class='ocr_line' id='line_1_27' title="bbox 2825 1277 3132 1315; baseline 0 0"><span class='ocrx_word' id='word_1_154' title='bbox 2825 1278 2916 1315; x_wconf 85' lang='lat' dir='ltr'><strong>oer</strong></span> <span class='ocrx_word' id='word_1_155' title='bbox 2942 1277 3132 1315; x_wconf 66' lang='lat' dir='ltr'><strong>macra.</strong></span> 
     </span>
    </p>
   </div>
   <div class='ocr_carea' id='block_1_27' title="bbox 2825 1277 3132 1333">
    <p class='ocr_par' dir='ltr' id='par_1_27' title="bbox 2825 1277 3132 1333">
     <span class='ocr_line' id='line_1_28' title="bbox 2825 1277 3132 1333; baseline -0.01 -15"><span class='ocrx_word' id='word_1_156' title='bbox 2825 1277 3132 1333; x_wconf 78' lang='lat' dir='ltr'><strong>pertinacia.</strong></span> 
     </span>
    </p>
   </div>
   <div class='ocr_carea' id='block_1_28' title="bbox 2256 1341 3783 1426">
    <p class='ocr_par' dir='ltr' id='par_1_28' title="bbox 2256 1341 3783 1426">
     <span class='ocr_line' id='line_1_29' title="bbox 2256 1341 3783 1426; baseline -0.004 -13"><span class='ocrx_word' id='word_1_157' title='bbox 2256 1357 2458 1426; x_wconf 85' lang='lat' dir='ltr'><strong>Joseph</strong></span> <span class='ocrx_word' id='word_1_158' title='bbox 2487 1341 2639 1413; x_wconf 54' lang='lat' dir='ltr'><strong>:‘flas</strong></span> <span class='ocrx_word' id='word_1_159' title='bbox 2682 1356 3027 1412; x_wconf 86' lang='lat' dir='ltr'><strong>definitiones</strong></span> <span class='ocrx_word' id='word_1_160' title='bbox 3066 1355 3278 1410; x_wconf 92' lang='lat' dir='ltr'><strong>illorum</strong></span> <span class='ocrx_word' id='word_1_161' title='bbox 3319 1353 3783 1410; x_wconf 88' lang='lat' dir='ltr'><strong>monasteriorum</strong></span> 
     </span>
    </p>
   </div>
   <div class='ocr_carea' id='block_1_29' title="bbox 2186 1447 3782 1522">
    <p class='ocr_par' dir='ltr' id='par_1_29' title="bbox 2186 1447 3782 1522">
     <span class='ocr_line' id='line_1_30' title="bbox 2186 1447 3782 1522; baseline -0.004 -15"><span class='ocrx_word' id='word_1_162' title='bbox 2186 1466 2310 1507; x_wconf 88' lang='lat' dir='ltr'><strong>esse</strong></span> <span class='ocrx_word' id='word_1_163' title='bbox 2341 1467 2448 1507; x_wconf 93' lang='lat' dir='ltr'><strong>non</strong></span> <span class='ocrx_word' id='word_1_164' title='bbox 2467 1451 2688 1506; x_wconf 92' lang='lat' dir='ltr'><strong>dubium</strong></span> <span class='ocrx_word' id='word_1_165' title='bbox 2718 1459 2801 1505; x_wconf 91' lang='lat' dir='ltr'><strong>est</strong></span> <span class='ocrx_word' id='word_1_166' title='bbox 2820 1450 2874 1505; x_wconf 93' lang='lat' dir='ltr'><strong>in</strong></span> <span class='ocrx_word' id='word_1_167' title='bbox 2899 1450 3093 1522; x_wconf 85' lang='lat' dir='ltr'><strong>quibus</strong></span> <span class='ocrx_word' id='word_1_168' title='bbox 3119 1447 3537 1504; x_wconf 89' lang='lat' dir='ltr'><strong>renuntiationis</strong></span> <span class='ocrx_word' id='word_1_169' title='bbox 3560 1455 3782 1511; x_wconf 67' lang='lat' dir='ltr'><strong>vestrae,</strong></span> 
     </span>
    </p>
   </div>
   <div class='ocr_carea' id='block_1_30' title="bbox 2187 1541 3788 1613">
    <p class='ocr_par' dir='ltr' id='par_1_30' title="bbox 2187 1541 3788 1613">
     <span class='ocr_line' id='line_1_31' title="bbox 2187 1541 3788 1613; baseline -0.003 -14"><span class='ocrx_word' id='word_1_170' title='bbox 2187 1554 2248 1599; x_wconf 89' lang='lat' dir='ltr'><strong>ut</strong></span> <span class='ocrx_word' id='word_1_171' title='bbox 2269 1543 2472 1613; x_wconf 91' lang='lat' dir='ltr'><strong>dicitis,</strong></span> <span class='ocrx_word' id='word_1_172' title='bbox 2497 1544 2800 1599; x_wconf 90' lang='lat' dir='ltr'><strong>rudimenta</strong></span> <span class='ocrx_word' id='word_1_173' title='bbox 2823 1545 3050 1598; x_wconf 86' lang='lat' dir='ltr'><strong>formata</strong></span> <span class='ocrx_word' id='word_1_174' title='bbox 3071 1553 3230 1608; x_wconf 91' lang='lat' dir='ltr'><strong>sunt;</strong></span> <span class='ocrx_word' id='word_1_175' title='bbox 3253 1556 3484 1611; x_wconf 90' lang='lat' dir='ltr'><strong>quorum</strong></span> <span class='ocrx_word' id='word_1_176' title='bbox 3509 1541 3788 1610; x_wconf 82' lang='lat' dir='ltr'><strong>principes</strong></span> 
     </span>
    </p>
   </div>
   <div class='ocr_carea' id='block_1_31' title="bbox 2192 1633 3788 1703">
    <p class='ocr_par' dir='ltr' id='par_1_31' title="bbox 2192 1633 3788 1703">
     <span class='ocr_line' id='line_1_32' title="bbox 2192 1633 3788 1703; baseline -0.003 -14"><span class='ocrx_word' id='word_1_177' title='bbox 2192 1634 2416 1690; x_wconf 77' lang='lat' dir='ltr'><strong>fratrum</strong></span> <span class='ocrx_word' id='word_1_178' title='bbox 2447 1633 2730 1692; x_wconf 80' lang='lat' dir='ltr'><strong>refectioni</strong></span> <span class='ocrx_word' id='word_1_179' title='bbox 2759 1649 2883 1688; x_wconf 92' lang='lat' dir='ltr'><strong>suas</strong></span> <span class='ocrx_word' id='word_1_180' title='bbox 2915 1634 3152 1688; x_wconf 82' lang='lat' dir='ltr'><strong>assolent</strong></span> <span class='ocrx_word' id='word_1_181' title='bbox 3181 1647 3500 1703; x_wconf 58' lang='lat' dir='ltr'><strong>praeponere</strong></span> <span class='ocrx_word' id='word_1_182' title='bbox 3532 1633 3788 1687; x_wconf 83' lang='lat' dir='ltr'><strong>volunta-</strong></span> 
     </span>
    </p>
   </div>
   <div class='ocr_carea' id='block_1_32' title="bbox 487 1725 3788 1813">
    <p class='ocr_par' dir='ltr' id='par_1_32' title="bbox 487 1725 3788 1813">
     <span class='ocr_line' id='line_1_33' title="bbox 487 1725 3788 1813; baseline -0.006 -15"><span class='ocrx_word' id='word_1_183' title='bbox 487 1757 774 1813; x_wconf 85' lang='lat' dir='ltr'><strong>possumus</strong></span> <span class='ocrx_word' id='word_1_184' title='bbox 806 1755 1141 1811; x_wconf 65' lang='lat' dir='ltr'><strong>prtecavere,</strong></span> <span class='ocrx_word' id='word_1_185' title='bbox 1180 1747 1241 1793; x_wconf 94' lang='lat' dir='ltr'><strong>ut</strong></span> <span class='ocrx_word' id='word_1_186' title='bbox 1269 1754 1374 1794; x_wconf 92' lang='lat' dir='ltr'><strong>non</strong></span> <span class='ocrx_word' id='word_1_187' title='bbox 1403 1738 1488 1794; x_wconf 85' lang='lat' dir='ltr'><strong>vel</strong></span> <span class='ocrx_word' id='word_1_188' title='bbox 1517 1737 1668 1792; x_wconf 92' lang='lat' dir='ltr'><strong>inviti</strong></span> <span class='ocrx_word' id='word_1_189' title='bbox 1703 1735 1792 1792; x_wconf 88' lang='lat' dir='ltr'><strong>vel</strong></span> <span class='ocrx_word' id='word_1_190' title='bbox 1838 1734 2086 1790; x_wconf 89' lang='lat' dir='ltr'><strong>volentes</strong></span> <span class='ocrx_word' id='word_1_191' title='bbox 2115 1725 2164 1786; x_wconf 86' lang='lat' dir='ltr'><strong>B</strong></span> <span class='ocrx_word' id='word_1_192' title='bbox 2192 1736 2294 1796; x_wconf 88' lang='lat' dir='ltr'><strong>tes,</strong></span> <span class='ocrx_word' id='word_1_193' title='bbox 2324 1738 2380 1784; x_wconf 93' lang='lat' dir='ltr'><strong>et</strong></span> <span class='ocrx_word' id='word_1_194' title='bbox 2401 1729 2806 1784; x_wconf 90' lang='lat' dir='ltr'><strong>obstinatissme</strong></span> <span class='ocrx_word' id='word_1_195' title='bbox 2828 1728 2880 1782; x_wconf 93' lang='lat' dir='ltr'><strong>id</strong></span> <span class='ocrx_word' id='word_1_196' title='bbox 2909 1727 3053 1797; x_wconf 90' lang='lat' dir='ltr'><strong>quod</strong></span> <span class='ocrx_word' id='word_1_197' title='bbox 3083 1726 3255 1782; x_wconf 90' lang='lat' dir='ltr'><strong>semel</strong></span> <span class='ocrx_word' id='word_1_198' title='bbox 3289 1735 3472 1781; x_wconf 88' lang='lat' dir='ltr'><strong>mente</strong></span> <span class='ocrx_word' id='word_1_199' title='bbox 3513 1739 3788 1794; x_wconf 81' lang='lat' dir='ltr'><strong>concepe-</strong></span> 
     </span>
    </p>
   </div>
   <div class='ocr_carea' id='block_1_33' title="bbox 489 1826 2086 1906">
    <p class='ocr_par' dir='ltr' id='par_1_33' title="bbox 489 1826 2086 1906">
     <span class='ocr_line' id='line_1_34' title="bbox 489 1826 2086 1906; baseline -0.007 -16"><span class='ocrx_word' id='word_1_200' title='bbox 489 1849 747 1906; x_wconf 88' lang='lat' dir='ltr'><strong>cogamur</strong></span> <span class='ocrx_word' id='word_1_201' title='bbox 785 1832 838 1889; x_wconf 89' lang='lat' dir='ltr'><strong>in</strong></span> <span class='ocrx_word' id='word_1_202' title='bbox 879 1849 972 1889; x_wconf 91' lang='lat' dir='ltr'><strong>eas</strong></span> <span class='ocrx_word' id='word_1_203' title='bbox 1011 1834 1322 1899; x_wconf 84' lang='lat' dir='ltr'><strong>incurrere;</strong></span> <span class='ocrx_word' id='word_1_204' title='bbox 1371 1831 1523 1902; x_wconf 92' lang='lat' dir='ltr'><strong>quid,</strong></span> <span class='ocrx_word' id='word_1_205' title='bbox 1551 1844 1758 1901; x_wconf 75' lang='lat' dir='ltr'><strong>quzeso,</strong></span> <span class='ocrx_word' id='word_1_206' title='bbox 1782 1826 2086 1882; x_wconf 89' lang='lat' dir='ltr'><strong>faciendum</strong></span> 
     </span>
    </p>
   </div>
   <div class='ocr_carea' id='block_1_34' title="bbox 489 1919 2087 1995">
    <p class='ocr_par' dir='ltr' id='par_1_34' title="bbox 489 1919 2087 1995">
     <span class='ocr_line' id='line_1_35' title="bbox 489 1919 2087 1995; baseline -0.007 -12"><span class='ocrx_word' id='word_1_207' title='bbox 489 1938 608 1995; x_wconf 89' lang='lat' dir='ltr'><strong>est,</strong></span> <span class='ocrx_word' id='word_1_208' title='bbox 639 1942 762 1983; x_wconf 89' lang='lat' dir='ltr'><strong>cum</strong></span> <span class='ocrx_word' id='word_1_209' title='bbox 808 1925 1156 1982; x_wconf 92' lang='lat' dir='ltr'><strong>refectionem</strong></span> <span class='ocrx_word' id='word_1_210' title='bbox 1223 1924 1625 1994; x_wconf 83' lang='lat' dir='ltr'><strong>procrastinare</strong></span> <span class='ocrx_word' id='word_1_211' title='bbox 1673 1919 2087 1990; x_wconf 90' lang='lat' dir='ltr'><strong>disponentibus</strong></span> 
     </span>
    </p>
   </div>
   <div class='ocr_carea' id='block_1_35' title="bbox 492 2010 2078 2086">
    <p class='ocr_par' dir='ltr' id='par_1_35' title="bbox 492 2010 2078 2086">
     <span class='ocr_line' id='line_1_36' title="bbox 492 2010 2078 2086; baseline -0.005 -13"><span class='ocrx_word' id='word_1_212' title='bbox 492 2019 668 2086; x_wconf 91' lang='lat' dir='ltr'><strong>nobis,</strong></span> <span class='ocrx_word' id='word_1_213' title='bbox 718 2029 897 2074; x_wconf 88' lang='lat' dir='ltr'><strong>utrum</strong></span> <span class='ocrx_word' id='word_1_214' title='bbox 933 2017 1284 2072; x_wconf 85' lang='lat' dir='ltr'><strong>refecerimus</strong></span> <span class='ocrx_word' id='word_1_215' title='bbox 1320 2015 1388 2070; x_wconf 89' lang='lat' dir='ltr'><strong>ad</strong></span> <span class='ocrx_word' id='word_1_216' title='bbox 1415 2028 1696 2084; x_wconf 89' lang='lat' dir='ltr'><strong>vesperam</strong></span> <span class='ocrx_word' id='word_1_217' title='bbox 1722 2012 1888 2066; x_wconf 81' lang='lat' dir='ltr'><strong>frater</strong></span> <span class='ocrx_word' id='word_1_218' title='bbox 1918 2010 2078 2065; x_wconf 53' lang='lat' dir='ltr'><strong>advev</strong></span> 
     </span>
    </p>
   </div>
   <div class='ocr_carea' id='block_1_36' title="bbox 492 2104 2090 2177">
    <p class='ocr_par' dir='ltr' id='par_1_36' title="bbox 492 2104 2090 2177">
     <span class='ocr_line' id='line_1_37' title="bbox 492 2104 2090 2177; baseline -0.003 -14"><span class='ocrx_word' id='word_1_219' title='bbox 492 2109 644 2164; x_wconf 92' lang='lat' dir='ltr'><strong>niens</strong></span> <span class='ocrx_word' id='word_1_220' title='bbox 669 2117 1082 2177; x_wconf 83' lang='lat' dir='ltr'><strong>percunctatur;</strong></span> <span class='ocrx_word' id='word_1_221' title='bbox 1114 2107 1474 2163; x_wconf 90' lang='lat' dir='ltr'><strong>celandumne</strong></span> <span class='ocrx_word' id='word_1_222' title='bbox 1497 2105 1760 2176; x_wconf 87' lang='lat' dir='ltr'><strong>jejunium</strong></span> <span class='ocrx_word' id='word_1_223' title='bbox 1789 2113 1875 2159; x_wconf 90' lang='lat' dir='ltr'><strong>est</strong></span> <span class='ocrx_word' id='word_1_224' title='bbox 1894 2111 1950 2158; x_wconf 92' lang='lat' dir='ltr'><strong>et</strong></span> <span class='ocrx_word' id='word_1_225' title='bbox 1979 2104 2090 2158; x_wconf 87' lang='lat' dir='ltr'><strong>vir-</strong></span> 
     </span>
    </p>
   </div>
   <div class='ocr_carea' id='block_1_37' title="bbox 492 2195 2091 2270">
    <p class='ocr_par' dir='ltr' id='par_1_37' title="bbox 492 2195 2091 2270">
     <span class='ocr_line' id='line_1_38' title="bbox 492 2195 2091 2270; baseline -0.001 -16"><span class='ocrx_word' id='word_1_226' title='bbox 492 2209 580 2256; x_wconf 90' lang='lat' dir='ltr'><strong>tus</strong></span> <span class='ocrx_word' id='word_1_227' title='bbox 611 2201 960 2270; x_wconf 76' lang='lat' dir='ltr'><strong>parcimonize</strong></span> <span class='ocrx_word' id='word_1_228' title='bbox 980 2199 1314 2270; x_wconf 89' lang='lat' dir='ltr'><strong>contegenda</strong></span> <span class='ocrx_word' id='word_1_229' title='bbox 1336 2245 1349 2269; x_wconf 88' lang='lat'><strong>,</strong></span> <span class='ocrx_word' id='word_1_230' title='bbox 1381 2214 1446 2252; x_wconf 92' lang='lat' dir='ltr'><strong>an</strong></span> <span class='ocrx_word' id='word_1_231' title='bbox 1471 2197 1715 2253; x_wconf 86' lang='lat' dir='ltr'><strong>veritatis</strong></span> <span class='ocrx_word' id='word_1_232' title='bbox 1753 2195 2091 2267; x_wconf 89' lang='lat' dir='ltr'><strong>professione</strong></span> 
     </span>
    </p>
   </div>
   <div class='ocr_carea' id='block_1_38' title="bbox 492 2289 2089 2362">
    <p class='ocr_par' dir='ltr' id='par_1_38' title="bbox 492 2289 2089 2362">
     <span class='ocr_line' id='line_1_39' title="bbox 492 2289 2089 2362; baseline -0.003 -15"><span class='ocrx_word' id='word_1_233' title='bbox 492 2291 808 2362; x_wconf 78' lang='lat' dir='ltr'><strong>prodenda?</strong></span> <span class='ocrx_word' id='word_1_234' title='bbox 839 2303 863 2328; x_wconf 72' lang='grc' dir='ltr'>α</span> <span class='ocrx_word' id='word_1_235' title='bbox 895 2293 951 2348; x_wconf 89' lang='lat' dir='ltr'><strong>Si</strong></span> <span class='ocrx_word' id='word_1_236' title='bbox 983 2293 1226 2348; x_wconf 89' lang='lat' dir='ltr'><strong>celamus</strong></span> <span class='ocrx_word' id='word_1_237' title='bbox 1258 2301 1314 2346; x_wconf 91' lang='lat' dir='ltr'><strong>ut</strong></span> <span class='ocrx_word' id='word_1_238' title='bbox 1359 2289 1644 2346; x_wconf 91' lang='lat' dir='ltr'><strong>Dominico</strong></span> <span class='ocrx_word' id='word_1_239' title='bbox 1691 2289 2089 2344; x_wconf 77' lang='lat' dir='ltr'><strong>satisfaciamus</strong></span> 
     </span>
    </p>
   </div>
   <div class='ocr_carea' id='block_1_39' title="bbox 491 2382 2089 2456">
    <p class='ocr_par' dir='ltr' id='par_1_39' title="bbox 491 2382 2089 2456">
     <span class='ocr_line' id='line_1_40' title="bbox 491 2382 2089 2456; baseline -0.004 -18"><span class='ocrx_word' id='word_1_240' title='bbox 491 2383 741 2454; x_wconf 86' lang='lat' dir='ltr'><strong>imperio,</strong></span> <span class='ocrx_word' id='word_1_241' title='bbox 770 2384 913 2456; x_wconf 90' lang='lat' dir='ltr'><strong>quod</strong></span> <span class='ocrx_word' id='word_1_242' title='bbox 943 2383 1162 2446; x_wconf 85' lang='lat' dir='ltr'><strong>dicitur,</strong></span> <span class='ocrx_word' id='word_1_243' title='bbox 1198 2383 1321 2438; x_wconf 91' lang='lat' dir='ltr'><strong>Non</strong></span> <span class='ocrx_word' id='word_1_244' title='bbox 1351 2383 1576 2438; x_wconf 82' lang='lat' dir='ltr'><strong>videaris</strong></span> <span class='ocrx_word' id='word_1_245' title='bbox 1621 2382 1918 2436; x_wconf 84' lang='lat' dir='ltr'><strong>hominibus</strong></span> <span class='ocrx_word' id='word_1_246' title='bbox 1938 2384 2089 2453; x_wconf 86' lang='lat' dir='ltr'><strong>jeju-</strong></span> 
     </span>
    </p>
   </div>
   <div class='ocr_carea' id='block_1_40' title="bbox 493 2470 2086 2546">
    <p class='ocr_par' dir='ltr' id='par_1_40' title="bbox 493 2470 2086 2546">
     <span class='ocr_line' id='line_1_41' title="bbox 493 2470 2086 2546; baseline -0.003 -17"><span class='ocrx_word' id='word_1_247' title='bbox 493 2491 645 2546; x_wconf 82' lang='lat' dir='ltr'><strong>uans,</strong></span> <span class='ocrx_word' id='word_1_248' title='bbox 677 2475 766 2530; x_wconf 93' lang='lat' dir='ltr'><strong>sed</strong></span> <span class='ocrx_word' id='word_1_249' title='bbox 790 2473 940 2530; x_wconf 88' lang='lat' dir='ltr'><strong>Patri</strong></span> <span class='ocrx_word' id='word_1_250' title='bbox 967 2488 1054 2529; x_wconf 86' lang='lat' dir='ltr'><strong>tuo</strong></span> <span class='ocrx_word' id='word_1_251' title='bbox 1074 2476 1162 2546; x_wconf 87' lang='lat' dir='ltr'><strong>qui</strong></span> <span class='ocrx_word' id='word_1_252' title='bbox 1191 2485 1265 2530; x_wconf 90' lang='lat' dir='ltr'><strong>est</strong></span> <span class='ocrx_word' id='word_1_253' title='bbox 1293 2477 1346 2529; x_wconf 86' lang='lat' dir='ltr'><strong>in</strong></span> <span class='ocrx_word' id='word_1_254' title='bbox 1376 2473 1676 2528; x_wconf 87' lang='lat' dir='ltr'><strong>abscondito</strong></span> <span class='ocrx_word' id='word_1_255' title='bbox 1698 2472 1717 2544; x_wconf 94' lang='lat'>(</span> <span class='ocrx_word' id='word_1_256' title='bbox 1743 2471 1933 2526; x_wconf 76' lang='lat' dir='ltr'><strong>Matth.</strong></span> <span class='ocrx_word' id='word_1_257' title='bbox 1960 2470 2050 2542; x_wconf 86' lang='lat' dir='ltr'><strong>vt)</strong></span> <span class='ocrx_word' id='word_1_258' title='bbox 2074 2489 2086 2524; x_wconf 92' lang='lat'>:</span> 
     </span>
    </p>
   </div>
   <div class='ocr_carea' id='block_1_41' title="bbox 491 2569 2092 2640">
    <p class='ocr_par' dir='ltr' id='par_1_41' title="bbox 491 2569 2092 2640">
     <span class='ocr_line' id='line_1_42' title="bbox 491 2569 2092 2640; baseline -0.004 -14"><span class='ocrx_word' id='word_1_259' title='bbox 491 2570 560 2626; x_wconf 84' lang='lat' dir='ltr'><strong>Et</strong></span> <span class='ocrx_word' id='word_1_260' title='bbox 589 2571 804 2636; x_wconf 87' lang='lat' dir='ltr'><strong>iterum,</strong></span> <span class='ocrx_word' id='word_1_261' title='bbox 838 2569 1050 2625; x_wconf 88' lang='lat' dir='ltr'><strong>Nesciat</strong></span> <span class='ocrx_word' id='word_1_262' title='bbox 1077 2571 1285 2626; x_wconf 85' lang='lat' dir='ltr'><strong>sinistra</strong></span> <span class='ocrx_word' id='word_1_263' title='bbox 1307 2579 1400 2624; x_wconf 87' lang='lat' dir='ltr'><strong>tua</strong></span> <span class='ocrx_word' id='word_1_264' title='bbox 1423 2569 1546 2640; x_wconf 85' lang='lat' dir='ltr'><strong>quid</strong></span> <span class='ocrx_word' id='word_1_265' title='bbox 1573 2570 1734 2640; x_wconf 80' lang='lat' dir='ltr'><strong>faciat</strong></span> <span class='ocrx_word' id='word_1_266' title='bbox 1757 2569 1968 2623; x_wconf 76' lang='lat' dir='ltr'><strong>dextera</strong></span> <span class='ocrx_word' id='word_1_267' title='bbox 2001 2576 2092 2620; x_wconf 90' lang='lat' dir='ltr'><strong>tua</strong></span> 
     </span>
    </p>
   </div>
   <div class='ocr_carea' id='block_1_42' title="bbox 492 2659 2091 2735">
    <p class='ocr_par' dir='ltr' id='par_1_42' title="bbox 492 2659 2091 2735">
     <span class='ocr_line' id='line_1_43' title="bbox 492 2659 2091 2735; baseline 0 -19"><span class='ocrx_word' id='word_1_268' title='bbox 492 2660 734 2735; x_wconf 89' lang='lat' dir='ltr'><strong>(Ibid.);</strong></span> <span class='ocrx_word' id='word_1_269' title='bbox 767 2662 1008 2734; x_wconf 91' lang='lat' dir='ltr'><strong>profecto</strong></span> <span class='ocrx_word' id='word_1_270' title='bbox 1032 2663 1344 2719; x_wconf 89' lang='lat' dir='ltr'><strong>mentimur.</strong></span> <span class='ocrx_word' id='word_1_271' title='bbox 1372 2662 1429 2720; x_wconf 92' lang='lat' dir='ltr'><strong>Si</strong></span> <span class='ocrx_word' id='word_1_272' title='bbox 1453 2666 1707 2718; x_wconf 87' lang='lat' dir='ltr'><strong>virtutem</strong></span> <span class='ocrx_word' id='word_1_273' title='bbox 1740 2659 2091 2718; x_wconf 67' lang='lat' dir='ltr'><strong>continentiae</strong></span> 
     </span>
    </p>
   </div>
   <div class='ocr_carea' id='block_1_43' title="bbox 491 2752 2090 2828">
    <p class='ocr_par' dir='ltr' id='par_1_43' title="bbox 491 2752 2090 2828">
     <span class='ocr_line' id='line_1_44' title="bbox 491 2752 2090 2828; baseline -0.003 -16"><span class='ocrx_word' id='word_1_274' title='bbox 491 2756 861 2826; x_wconf 85' lang='lat' dir='ltr'><strong>propalamus,</strong></span> <span class='ocrx_word' id='word_1_275' title='bbox 901 2758 1207 2828; x_wconf 87' lang='lat' dir='ltr'><strong>evangelica</strong></span> <span class='ocrx_word' id='word_1_276' title='bbox 1240 2773 1337 2812; x_wconf 87' lang='lat' dir='ltr'><strong>nos</strong></span> <span class='ocrx_word' id='word_1_277' title='bbox 1363 2755 1628 2812; x_wconf 87' lang='lat' dir='ltr'><strong>sententia</strong></span> <span class='ocrx_word' id='word_1_278' title='bbox 1654 2756 1776 2826; x_wconf 91' lang='lat' dir='ltr'><strong>jure</strong></span> <span class='ocrx_word' id='word_1_279' title='bbox 1805 2752 2090 2824; x_wconf 86' lang='lat' dir='ltr'><strong>percellit,</strong></span> 
     </span>
    </p>
   </div>
   <div class='ocr_carea' id='block_1_44' title="bbox 494 2843 2090 2920">
    <p class='ocr_par' dir='ltr' id='par_1_44' title="bbox 494 2843 2090 2920">
     <span class='ocr_line' id='line_1_45' title="bbox 494 2843 2090 2920; baseline -0.001 -18"><span class='ocrx_word' id='word_1_280' title='bbox 494 2849 654 2906; x_wconf 77' lang='lat' dir='ltr'><strong>Amen</strong></span> <span class='ocrx_word' id='word_1_281' title='bbox 681 2849 796 2904; x_wconf 84' lang='lat' dir='ltr'><strong>dico</strong></span> <span class='ocrx_word' id='word_1_282' title='bbox 819 2848 983 2914; x_wconf 80' lang='lat' dir='ltr'><strong>vobis,</strong></span> <span class='ocrx_word' id='word_1_283' title='bbox 1017 2858 1319 2918; x_wconf 88' lang='lat' dir='ltr'><strong>receperunt</strong></span> <span class='ocrx_word' id='word_1_284' title='bbox 1354 2848 1638 2904; x_wconf 84' lang='lat' dir='ltr'><strong>mercedem</strong></span> <span class='ocrx_word' id='word_1_285' title='bbox 1673 2864 1822 2902; x_wconf 88' lang='lat' dir='ltr'><strong>suam</strong></span> <span class='ocrx_word' id='word_1_286' title='bbox 1847 2845 2022 2920; x_wconf 82' lang='lat' dir='ltr'><strong>(Ibid.</strong></span> <span class='ocrx_word' id='word_1_287' title='bbox 2048 2843 2090 2916; x_wconf 95' lang='lat'><strong>).</strong></span> 
     </span>
    </p>
   </div>
   <div class='ocr_carea' id='block_1_45' title="bbox 493 2939 2094 3012">
    <p class='ocr_par' dir='ltr' id='par_1_45' title="bbox 493 2939 2094 3012">
     <span class='ocr_line' id='line_1_46' title="bbox 493 2939 2094 3012; baseline 0.002 -16"><span class='ocrx_word' id='word_1_288' title='bbox 493 2941 646 3012; x_wconf 84' lang='lat' dir='ltr'><strong>Quod</strong></span> <span class='ocrx_word' id='word_1_289' title='bbox 671 2943 717 2997; x_wconf 93' lang='lat' dir='ltr'><strong>si</strong></span> <span class='ocrx_word' id='word_1_290' title='bbox 743 2941 979 2997; x_wconf 89' lang='lat' dir='ltr'><strong>oblatum</strong></span> <span class='ocrx_word' id='word_1_291' title='bbox 1011 2957 1040 2995; x_wconf 93' lang='lat' dir='ltr'><strong>a</strong></span> <span class='ocrx_word' id='word_1_292' title='bbox 1070 2939 1233 2996; x_wconf 89' lang='lat' dir='ltr'><strong>fratre</strong></span> <span class='ocrx_word' id='word_1_293' title='bbox 1260 2942 1524 3012; x_wconf 88' lang='lat' dir='ltr'><strong>quispiam</strong></span> <span class='ocrx_word' id='word_1_294' title='bbox 1553 2942 1804 3011; x_wconf 91' lang='lat' dir='ltr'><strong>poculum</strong></span> <span class='ocrx_word' id='word_1_295' title='bbox 1836 2957 1960 2996; x_wconf 92' lang='lat' dir='ltr'><strong>cum</strong></span> <span class='ocrx_word' id='word_1_296' title='bbox 1999 2941 2094 2999; x_wconf 82' lang='lat' dir='ltr'><strong>de-</strong></span> 
     </span>
    </p>
   </div>
   <div class='ocr_carea' id='block_1_46' title="bbox 495 3034 2092 3104">
    <p class='ocr_par' dir='ltr' id='par_1_46' title="bbox 495 3034 2092 3104">
     <span class='ocr_line' id='line_1_47' title="bbox 495 3034 2092 3104; baseline 0.002 -14"><span class='ocrx_word' id='word_1_297' title='bbox 495 3035 742 3091; x_wconf 85' lang='lat' dir='ltr'><strong>finitione</strong></span> <span class='ocrx_word' id='word_1_298' title='bbox 769 3034 1028 3101; x_wconf 89' lang='lat' dir='ltr'><strong>renuerit,</strong></span> <span class='ocrx_word' id='word_1_299' title='bbox 1061 3035 1307 3090; x_wconf 88' lang='lat' dir='ltr'><strong>absolute</strong></span> <span class='ocrx_word' id='word_1_300' title='bbox 1336 3043 1683 3104; x_wconf 90' lang='lat' dir='ltr'><strong>accepturum</strong></span> <span class='ocrx_word' id='word_1_301' title='bbox 1727 3049 1787 3091; x_wconf 90' lang='lat' dir='ltr'><strong>se</strong></span> <span class='ocrx_word' id='word_1_302' title='bbox 1827 3050 1949 3091; x_wconf 90' lang='lat' dir='ltr'><strong>esse</strong></span> <span class='ocrx_word' id='word_1_303' title='bbox 1994 3039 2092 3093; x_wconf 86' lang='lat' dir='ltr'><strong>de-</strong></span> 
     </span>
    </p>
   </div>
   <div class='ocr_carea' id='block_1_47' title="bbox 2189 1818 3788 1892">
    <p class='ocr_par' dir='ltr' id='par_1_47' title="bbox 2189 1818 3788 1892">
     <span class='ocr_line' id='line_1_48' title="bbox 2189 1818 3788 1892; baseline -0.004 -16"><span class='ocrx_word' id='word_1_304' title='bbox 2189 1821 2299 1876; x_wconf 90' lang='lat' dir='ltr'><strong>rint</strong></span> <span class='ocrx_word' id='word_1_305' title='bbox 2325 1832 2713 1892; x_wconf 82' lang='lat' dir='ltr'><strong>exsequuntur.</strong></span> <span class='ocrx_word' id='word_1_306' title='bbox 2741 1820 3013 1874; x_wconf 65' lang='lat' dir='ltr'><strong>Caeterum</strong></span> <span class='ocrx_word' id='word_1_307' title='bbox 3046 1819 3290 1874; x_wconf 85' lang='lat' dir='ltr'><strong>seniores</strong></span> <span class='ocrx_word' id='word_1_308' title='bbox 3323 1818 3518 1883; x_wconf 91' lang='lat' dir='ltr'><strong>nostri,</strong></span> <span class='ocrx_word' id='word_1_309' title='bbox 3554 1832 3788 1887; x_wconf 90' lang='lat' dir='ltr'><strong>quorum</strong></span> 
     </span>
    </p>
   </div>
   <div class='ocr_carea' id='block_1_48' title="bbox 2191 1911 3788 1983">
    <p class='ocr_par' dir='ltr' id='par_1_48' title="bbox 2191 1911 3788 1983">
     <span class='ocr_line' id='line_1_49' title="bbox 2191 1911 3788 1983; baseline -0.004 -13"><span class='ocrx_word' id='word_1_310' title='bbox 2191 1913 2312 1970; x_wconf 81' lang='lat' dir='ltr'><strong>ﬁdei</strong></span> <span class='ocrx_word' id='word_1_311' title='bbox 2359 1913 2779 1983; x_wconf 81' lang='lat' dir='ltr'><strong>apostolicarum</strong></span> <span class='ocrx_word' id='word_1_312' title='bbox 2827 1915 2980 1983; x_wconf 87' lang='lat' dir='ltr'><strong>signa</strong></span> <span class='ocrx_word' id='word_1_313' title='bbox 3027 1913 3347 1967; x_wconf 89' lang='lat' dir='ltr'><strong>virtututum</strong></span> <span class='ocrx_word' id='word_1_314' title='bbox 3413 1911 3788 1966; x_wconf 87' lang='lat' dir='ltr'><strong>testimonium</strong></span> 
     </span>
    </p>
   </div>
   <div class='ocr_carea' id='block_1_49' title="bbox 2190 2005 3794 2079">
    <p class='ocr_par' dir='ltr' id='par_1_49' title="bbox 2190 2005 3794 2079">
     <span class='ocr_line' id='line_1_50' title="bbox 2190 2005 3794 2079; baseline -0.004 -14"><span class='ocrx_word' id='word_1_315' title='bbox 2190 2008 2566 2075; x_wconf 89' lang='lat' dir='ltr'><strong>reddiderunt,</strong></span> <span class='ocrx_word' id='word_1_316' title='bbox 2597 2009 2796 2079; x_wconf 91' lang='lat' dir='ltr'><strong>quique</strong></span> <span class='ocrx_word' id='word_1_317' title='bbox 2832 2007 3085 2062; x_wconf 89' lang='lat' dir='ltr'><strong>universa</strong></span> <span class='ocrx_word' id='word_1_318' title='bbox 3127 2005 3334 2076; x_wconf 90' lang='lat' dir='ltr'><strong>judicio</strong></span> <span class='ocrx_word' id='word_1_319' title='bbox 3368 2007 3551 2076; x_wconf 90' lang='lat' dir='ltr'><strong>potius</strong></span> <span class='ocrx_word' id='word_1_320' title='bbox 3587 2019 3652 2060; x_wconf 84' lang='lat' dir='ltr'><strong>ac</strong></span> <span class='ocrx_word' id='word_1_321' title='bbox 3677 2006 3794 2059; x_wconf 82' lang='lat' dir='ltr'><strong>dis-</strong></span> 
     </span>
    </p>
   </div>
   <div class='ocr_carea' id='block_1_50' title="bbox 2191 2098 3795 2172">
    <p class='ocr_par' dir='ltr' id='par_1_50' title="bbox 2191 2098 3795 2172">
     <span class='ocr_line' id='line_1_51' title="bbox 2191 2098 3795 2172; baseline -0.002 -15"><span class='ocrx_word' id='word_1_322' title='bbox 2191 2103 2430 2157; x_wconf 90' lang='lat' dir='ltr'><strong>cretione</strong></span> <span class='ocrx_word' id='word_1_323' title='bbox 2478 2103 2702 2172; x_wconf 88' lang='lat' dir='ltr'><strong>spiritus</strong></span> <span class='ocrx_word' id='word_1_324' title='bbox 2748 2115 2910 2171; x_wconf 84' lang='lat' dir='ltr'><strong>quam</strong></span> <span class='ocrx_word' id='word_1_325' title='bbox 2967 2099 3138 2170; x_wconf 84' lang='lat' dir='ltr'><strong>rigida</strong></span> <span class='ocrx_word' id='word_1_326' title='bbox 3191 2099 3357 2154; x_wconf 91' lang='lat' dir='ltr'><strong>animi</strong></span> <span class='ocrx_word' id='word_1_327' title='bbox 3416 2098 3795 2154; x_wconf 84' lang='lat' dir='ltr'><strong>obstinatione</strong></span> 
     </span>
    </p>
   </div>
   <div class='ocr_carea' id='block_1_51' title="bbox 2191 2192 3796 2266">
    <p class='ocr_par' dir='ltr' id='par_1_51' title="bbox 2191 2192 3796 2266">
     <span class='ocr_line' id='line_1_52' title="bbox 2191 2192 3796 2266; baseline -0.001 -16"><span class='ocrx_word' id='word_1_328' title='bbox 2191 2206 2493 2266; x_wconf 87' lang='lat' dir='ltr'><strong>gesserunt,</strong></span> <span class='ocrx_word' id='word_1_329' title='bbox 2524 2210 2621 2250; x_wconf 91' lang='lat' dir='ltr'><strong>eos</strong></span> <span class='ocrx_word' id='word_1_330' title='bbox 2661 2198 2752 2264; x_wconf 92' lang='lat' dir='ltr'><strong>qui</strong></span> <span class='ocrx_word' id='word_1_331' title='bbox 2783 2193 2974 2249; x_wconf 91' lang='lat' dir='ltr'><strong>alienis</strong></span> <span class='ocrx_word' id='word_1_332' title='bbox 3020 2192 3429 2248; x_wconf 84' lang='lat' dir='ltr'><strong>infirmitatibus</strong></span> <span class='ocrx_word' id='word_1_333' title='bbox 3474 2193 3796 2262; x_wconf 86' lang='lat' dir='ltr'><strong>acquiesce-</strong></span> 
     </span>
    </p>
   </div>
   <div class='ocr_carea' id='block_1_52' title="bbox 2192 2286 3797 2358">
    <p class='ocr_par' dir='ltr' id='par_1_52' title="bbox 2192 2286 3797 2358">
     <span class='ocr_line' id='line_1_53' title="bbox 2192 2286 3797 2358; baseline -0.002 -13"><span class='ocrx_word' id='word_1_334' title='bbox 2192 2301 2313 2345; x_wconf 90' lang='lat' dir='ltr'><strong>rent</strong></span> <span class='ocrx_word' id='word_1_335' title='bbox 2351 2290 2517 2344; x_wconf 90' lang='lat' dir='ltr'><strong>multo</strong></span> <span class='ocrx_word' id='word_1_336' title='bbox 2564 2289 2842 2344; x_wconf 87' lang='lat' dir='ltr'><strong>uberiores</strong></span> <span class='ocrx_word' id='word_1_337' title='bbox 2888 2288 3095 2342; x_wconf 90' lang='lat' dir='ltr'><strong>fructus</strong></span> <span class='ocrx_word' id='word_1_338' title='bbox 3125 2303 3285 2358; x_wconf 89' lang='lat' dir='ltr'><strong>quam</strong></span> <span class='ocrx_word' id='word_1_339' title='bbox 3328 2303 3424 2342; x_wconf 90' lang='lat' dir='ltr'><strong>eos</strong></span> <span class='ocrx_word' id='word_1_340' title='bbox 3465 2286 3558 2357; x_wconf 87' lang='lat' dir='ltr'><strong>qui</strong></span> <span class='ocrx_word' id='word_1_341' title='bbox 3588 2286 3642 2342; x_wconf 90' lang='lat' dir='ltr'><strong>in</strong></span> <span class='ocrx_word' id='word_1_342' title='bbox 3673 2287 3797 2342; x_wconf 89' lang='lat' dir='ltr'><strong>suis</strong></span> 
     </span>
    </p>
   </div>
   <div class='ocr_carea' id='block_1_53' title="bbox 2193 2379 3796 2451">
    <p class='ocr_par' dir='ltr' id='par_1_53' title="bbox 2193 2379 3796 2451">
     <span class='ocr_line' id='line_1_54' title="bbox 2193 2379 3796 2451; baseline -0.003 -13"><span class='ocrx_word' id='word_1_343' title='bbox 2193 2381 2593 2438; x_wconf 87' lang='lat' dir='ltr'><strong>definitionibus</strong></span> <span class='ocrx_word' id='word_1_344' title='bbox 2625 2380 2978 2450; x_wconf 86' lang='lat' dir='ltr'><strong>perdurarent</strong></span> <span class='ocrx_word' id='word_1_345' title='bbox 2999 2395 3195 2451; x_wconf 89' lang='lat' dir='ltr'><strong>capere</strong></span> <span class='ocrx_word' id='word_1_346' title='bbox 3217 2389 3580 2446; x_wconf 90' lang='lat' dir='ltr'><strong>censuerunt;</strong></span> <span class='ocrx_word' id='word_1_347' title='bbox 3614 2379 3796 2434; x_wconf 85' lang='lat' dir='ltr'><strong>subli-</strong></span> 
     </span>
    </p>
   </div>
   <div class='ocr_carea' id='block_1_54' title="bbox 2193 2472 3794 2542">
    <p class='ocr_par' dir='ltr' id='par_1_54' title="bbox 2193 2472 3794 2542">
     <span class='ocr_line' id='line_1_55' title="bbox 2193 2472 3794 2542; baseline 0.001 -16"><span class='ocrx_word' id='word_1_348' title='bbox 2193 2472 2486 2542; x_wconf 84' lang='lat' dir='ltr'><strong>miorisque</strong></span> <span class='ocrx_word' id='word_1_349' title='bbox 2534 2473 3018 2541; x_wconf 87' lang='lat' dir='ltr'><strong>pronuntiaverunt</strong></span> <span class='ocrx_word' id='word_1_350' title='bbox 3064 2485 3187 2528; x_wconf 88' lang='lat' dir='ltr'><strong>esse</strong></span> <span class='ocrx_word' id='word_1_351' title='bbox 3238 2472 3455 2526; x_wconf 91' lang='lat' dir='ltr'><strong>virtutis</strong></span> <span class='ocrx_word' id='word_1_352' title='bbox 3492 2479 3794 2542; x_wconf 85' lang='lat' dir='ltr'><strong>contegere</strong></span> 
     </span>
    </p>
   </div>
   <div class='ocr_carea' id='block_1_55' title="bbox 2193 2563 3795 2633">
    <p class='ocr_par' dir='ltr' id='par_1_55' title="bbox 2193 2563 3795 2633">
     <span class='ocr_line' id='line_1_56' title="bbox 2193 2563 3795 2633; baseline 0 -15"><span class='ocrx_word' id='word_1_353' title='bbox 2193 2565 2375 2633; x_wconf 89' lang='lat' dir='ltr'><strong>potius</strong></span> <span class='ocrx_word' id='word_1_354' title='bbox 2404 2565 2791 2619; x_wconf 85' lang='lat' dir='ltr'><strong>continentiam</strong></span> <span class='ocrx_word' id='word_1_355' title='bbox 2839 2564 3174 2631; x_wconf 91' lang='lat' dir='ltr'><strong>necessario,</strong></span> <span class='ocrx_word' id='word_1_356' title='bbox 3219 2573 3276 2618; x_wconf 90' lang='lat' dir='ltr'><strong>ut</strong></span> <span class='ocrx_word' id='word_1_357' title='bbox 3306 2563 3511 2618; x_wconf 91' lang='lat' dir='ltr'><strong>dictum</strong></span> <span class='ocrx_word' id='word_1_358' title='bbox 3543 2573 3648 2627; x_wconf 88' lang='lat' dir='ltr'><strong>est,</strong></span> <span class='ocrx_word' id='word_1_359' title='bbox 3681 2563 3795 2618; x_wconf 89' lang='lat' dir='ltr'><strong>hu-</strong></span> 
     </span>
    </p>
   </div>
   <div class='ocr_carea' id='block_1_56' title="bbox 2195 2657 3796 2730">
    <p class='ocr_par' dir='ltr' id='par_1_56' title="bbox 2195 2657 3796 2730">
     <span class='ocr_line' id='line_1_57' title="bbox 2195 2657 3796 2730; baseline 0.001 -19"><span class='ocrx_word' id='word_1_360' title='bbox 2195 2657 2412 2728; x_wconf 90' lang='lat' dir='ltr'><strong>milique</strong></span> <span class='ocrx_word' id='word_1_361' title='bbox 2445 2658 2748 2726; x_wconf 89' lang='lat' dir='ltr'><strong>mendacio,</strong></span> <span class='ocrx_word' id='word_1_362' title='bbox 2781 2674 2945 2730; x_wconf 90' lang='lat' dir='ltr'><strong>quam</strong></span> <span class='ocrx_word' id='word_1_363' title='bbox 2977 2659 3280 2729; x_wconf 87' lang='lat' dir='ltr'><strong>patefacere</strong></span> <span class='ocrx_word' id='word_1_364' title='bbox 3307 2658 3548 2729; x_wconf 88' lang='lat' dir='ltr'><strong>superbo</strong></span> <span class='ocrx_word' id='word_1_365' title='bbox 3575 2658 3796 2715; x_wconf 81' lang='lat' dir='ltr'><strong>verita-</strong></span> 
     </span>
    </p>
   </div>
   <div class='ocr_carea' id='block_1_57' title="bbox 2197 2749 2512 2805">
    <p class='ocr_par' dir='ltr' id='par_1_57' title="bbox 2197 2749 2512 2805">
     <span class='ocr_line' id='line_1_58' title="bbox 2197 2749 2512 2805; baseline -0.003 -1"><span class='ocrx_word' id='word_1_366' title='bbox 2197 2750 2264 2804; x_wconf 89' lang='lat' dir='ltr'><strong>tis</strong></span> <span class='ocrx_word' id='word_1_367' title='bbox 2295 2749 2512 2805; x_wconf 90' lang='lat' dir='ltr'><strong>indicio.</strong></span> 
     </span>
    </p>
   </div>
   <div class='ocr_carea' id='block_1_58' title="bbox 2755 2842 3212 2902">
    <p class='ocr_par' dir='ltr' id='par_1_58' title="bbox 2755 2842 3212 2902">
     <span class='ocr_line' id='line_1_59' title="bbox 2755 2842 3212 2902; baseline -0.002 -3"><span class='ocrx_word' id='word_1_368' title='bbox 2755 2842 2982 2902; x_wconf 78' lang='lat' dir='ltr'><strong>CAPUT</strong></span> <span class='ocrx_word' id='word_1_369' title='bbox 3022 2842 3212 2900; x_wconf 81' lang='lat' dir='ltr'><strong>XXIV.</strong></span> 
     </span>
    </p>
   </div>
   <div class='ocr_carea' id='block_1_59' title="bbox 2201 2939 3802 3064">
    <p class='ocr_par' dir='ltr' id='par_1_59' title="bbox 2201 2939 3802 3064">
     <span class='ocr_line' id='line_1_60' title="bbox 2201 2939 3802 3064; baseline 0 -66"><span class='ocrx_word' id='word_1_370' title='bbox 2201 2943 2474 3012; x_wconf 82' lang='lat' dir='ltr'><strong>Quomodo</strong></span> <span class='ocrx_word' id='word_1_371' title='bbox 2520 2941 2676 2996; x_wconf 90' lang='lat' dir='ltr'><strong>abbas</strong></span> <span class='ocrx_word' id='word_1_372' title='bbox 2723 2939 2996 3064; x_wconf 63' lang='lat' dir='ltr'><strong>Piammoln</strong></span> <span class='ocrx_word' id='word_1_373' title='bbox 3025 2956 3170 3021; x_wconf 77' lang='lat' dir='ltr'><strong>suam</strong></span> <span class='ocrx_word' id='word_1_374' title='bbox 3215 2941 3585 2996; x_wconf 82' lang='lat' dir='ltr'><strong>continentiam</strong></span> <span class='ocrx_word' id='word_1_375' title='bbox 3622 2942 3802 2998; x_wconf 78' lang='lat' dir='ltr'><strong>celare</strong></span> 
     </span>
     <span class='ocr_line' id='line_1_61' title="bbox 2864 3019 3128 3064; baseline 0 0"><span class='ocrx_word' id='word_1_376' title='bbox 2864 3028 2948 3064; x_wconf 88' lang='lat' dir='ltr'><strong>ma</strong></span> <span class='ocrx_word' id='word_1_377' title='bbox 2974 3019 3128 3064; x_wconf 85' lang='lat' dir='ltr'><strong>uent.</strong></span> 
     </span>
    </p>
   </div>
   <div class='ocr_carea' id='block_1_60' title="bbox 2864 3019 3128 3065">
    <p class='ocr_par' dir='ltr' id='par_1_60' title="bbox 2864 3019 3128 3065">
     <span class='ocr_line' id='line_1_62' title="bbox 2864 3019 3128 3065; baseline 0 0"><span class='ocrx_word' id='word_1_378' title='bbox 2864 3019 3128 3065; x_wconf 84' lang='lat' dir='ltr'><strong>maluerit.</strong></span> 
     </span>
    </p>
   </div>
   <div class='ocr_carea' id='block_1_61' title="bbox 495 3106 3805 3214">
    <p class='ocr_par' dir='ltr' id='par_1_61' title="bbox 495 3106 3805 3214">
     <span class='ocr_line' id='line_1_63' title="bbox 495 3106 3805 3214; baseline 0 -28"><span class='ocrx_word' id='word_1_379' title='bbox 495 3145 699 3201; x_wconf 87' lang='lat' dir='ltr'><strong>negans</strong></span> <span class='ocrx_word' id='word_1_380' title='bbox 727 3128 871 3200; x_wconf 86' lang='lat' dir='ltr'><strong>quod</strong></span> <span class='ocrx_word' id='word_1_381' title='bbox 894 3127 986 3185; x_wconf 91' lang='lat' dir='ltr'><strong>ille</strong></span> <span class='ocrx_word' id='word_1_382' title='bbox 1010 3129 1250 3201; x_wconf 88' lang='lat' dir='ltr'><strong>gaudens</strong></span> <span class='ocrx_word' id='word_1_383' title='bbox 1277 3129 1510 3184; x_wconf 78' lang='lat' dir='ltr'><strong>adventu</strong></span> <span class='ocrx_word' id='word_1_384' title='bbox 1535 3129 1652 3200; x_wconf 89' lang='lat' dir='ltr'><strong>ejus</strong></span> <span class='ocrx_word' id='word_1_385' title='bbox 1691 3130 2003 3200; x_wconf 86' lang='lat' dir='ltr'><strong>suppliciter</strong></span> <span class='ocrx_word' id='word_1_386' title='bbox 2036 3139 2096 3186; x_wconf 91' lang='lat' dir='ltr'><strong>ut</strong></span> <span class='ocrx_word' id='word_1_387' title='bbox 2111 3106 2168 3214; x_wconf 6' lang='lat' dir='ltr'><strong>oc</strong></span> <span class='ocrx_word' id='word_1_388' title='bbox 2275 3131 2518 3202; x_wconf 86' lang='lat' dir='ltr'><strong>Denique</strong></span> <span class='ocrx_word' id='word_1_389' title='bbox 2553 3129 2581 3168; x_wconf 73' lang='grc' dir='ltr'>ά</span> <span class='ocrx_word' id='word_1_390' title='bbox 2622 3129 2787 3186; x_wconf 84' lang='lat' dir='ltr'><strong>abbas</strong></span> <span class='ocrx_word' id='word_1_391' title='bbox 2831 3128 3111 3184; x_wconf 86' lang='lat' dir='ltr'><strong>Piammon</strong></span> <span class='ocrx_word' id='word_1_392' title='bbox 3155 3135 3279 3198; x_wconf 87' lang='lat' dir='ltr'><strong>post</strong></span> <span class='ocrx_word' id='word_1_393' title='bbox 3317 3128 3507 3199; x_wconf 88' lang='lat' dir='ltr'><strong>viginti</strong></span> <span class='ocrx_word' id='word_1_394' title='bbox 3554 3126 3805 3199; x_wconf 87' lang='lat' dir='ltr'><strong>quinque</strong></span> 
     </span>
    </p>
   </div>
   <div class='ocr_carea' id='block_1_62' title="bbox 497 3223 2098 3294">
    <p class='ocr_par' dir='ltr' id='par_1_62' title="bbox 497 3223 2098 3294">
     <span class='ocr_line' id='line_1_64' title="bbox 497 3223 2098 3294; baseline 0 -14"><span class='ocrx_word' id='word_1_395' title='bbox 497 3233 742 3280; x_wconf 85' lang='lat' dir='ltr'><strong>sumatur</strong></span> <span class='ocrx_word' id='word_1_396' title='bbox 768 3233 991 3290; x_wconf 82' lang='lat' dir='ltr'><strong>exorat;</strong></span> <span class='ocrx_word' id='word_1_397' title='bbox 1025 3235 1300 3279; x_wconf 91' lang='lat' dir='ltr'><strong>rectumne</strong></span> <span class='ocrx_word' id='word_1_398' title='bbox 1323 3231 1409 3279; x_wconf 89' lang='lat' dir='ltr'><strong>est</strong></span> <span class='ocrx_word' id='word_1_399' title='bbox 1429 3234 1488 3279; x_wconf 90' lang='lat' dir='ltr'><strong>ut</strong></span> <span class='ocrx_word' id='word_1_400' title='bbox 1516 3223 1666 3280; x_wconf 88' lang='lat' dir='ltr'><strong>fratri</strong></span> <span class='ocrx_word' id='word_1_401' title='bbox 1685 3224 1750 3278; x_wconf 90' lang='lat' dir='ltr'><strong>ad</strong></span> <span class='ocrx_word' id='word_1_402' title='bbox 1769 3239 1941 3294; x_wconf 91' lang='lat' dir='ltr'><strong>genua</strong></span> <span class='ocrx_word' id='word_1_403' title='bbox 1973 3240 2098 3294; x_wconf 91' lang='lat' dir='ltr'><strong>pro-</strong></span> 
     </span>
    </p>
   </div>
   <div class='ocr_carea' id='block_1_63' title="bbox 501 3315 2093 3387">
    <p class='ocr_par' dir='ltr' id='par_1_63' title="bbox 501 3315 2093 3387">
     <span class='ocr_line' id='line_1_65' title="bbox 501 3315 2093 3387; baseline 0.001 -19"><span class='ocrx_word' id='word_1_404' title='bbox 501 3319 688 3373; x_wconf 85' lang='lat' dir='ltr'><strong>voluto</strong></span> <span class='ocrx_word' id='word_1_405' title='bbox 717 3316 772 3371; x_wconf 90' lang='lat' dir='ltr'><strong>in</strong></span> <span class='ocrx_word' id='word_1_406' title='bbox 803 3327 1109 3387; x_wconf 84' lang='lat' dir='ltr'><strong>terramque</strong></span> <span class='ocrx_word' id='word_1_407' title='bbox 1141 3323 1432 3385; x_wconf 88' lang='lat' dir='ltr'><strong>prostrato,</strong></span> <span class='ocrx_word' id='word_1_408' title='bbox 1467 3317 1560 3387; x_wconf 91' lang='lat' dir='ltr'><strong>qui</strong></span> <span class='ocrx_word' id='word_1_409' title='bbox 1588 3332 1695 3371; x_wconf 92' lang='lat' dir='ltr'><strong>non</strong></span> <span class='ocrx_word' id='word_1_410' title='bbox 1731 3317 1831 3370; x_wconf 90' lang='lat' dir='ltr'><strong>nisi</strong></span> <span class='ocrx_word' id='word_1_411' title='bbox 1863 3315 1944 3370; x_wconf 91' lang='lat' dir='ltr'><strong>his</strong></span> <span class='ocrx_word' id='word_1_412' title='bbox 1971 3315 2093 3370; x_wconf 87' lang='lat' dir='ltr'><strong>offi-</strong></span> 
     </span>
    </p>
   </div>
   <div class='ocr_carea' id='block_1_64' title="bbox 499 3408 2095 3480">
    <p class='ocr_par' dir='ltr' id='par_1_64' title="bbox 499 3408 2095 3480">
     <span class='ocr_line' id='line_1_66' title="bbox 499 3408 2095 3480; baseline -0.001 -14"><span class='ocrx_word' id='word_1_413' title='bbox 499 3409 598 3466; x_wconf 91' lang='lat' dir='ltr'><strong>ciis</strong></span> <span class='ocrx_word' id='word_1_414' title='bbox 643 3411 847 3466; x_wconf 87' lang='lat' dir='ltr'><strong>viscera</strong></span> <span class='ocrx_word' id='word_1_415' title='bbox 890 3409 1170 3465; x_wconf 89' lang='lat' dir='ltr'><strong>charitatis</strong></span> <span class='ocrx_word' id='word_1_416' title='bbox 1198 3409 1535 3480; x_wconf 82' lang='lat' dir='ltr'><strong>expleturum</strong></span> <span class='ocrx_word' id='word_1_417' title='bbox 1581 3423 1702 3465; x_wconf 90' lang='lat' dir='ltr'><strong>esse</strong></span> <span class='ocrx_word' id='word_1_418' title='bbox 1737 3426 1796 3466; x_wconf 88' lang='lat' dir='ltr'><strong>se</strong></span> <span class='ocrx_word' id='word_1_419' title='bbox 1835 3408 2095 3480; x_wconf 87' lang='lat' dir='ltr'><strong>credidit,</strong></span> 
     </span>
    </p>
   </div>
   <div class='ocr_carea' id='block_1_65' title="bbox 499 3502 2098 3575">
    <p class='ocr_par' dir='ltr' id='par_1_65' title="bbox 499 3502 2098 3575">
     <span class='ocr_line' id='line_1_67' title="bbox 499 3502 2098 3575; baseline -0.001 -16"><span class='ocrx_word' id='word_1_420' title='bbox 499 3504 662 3559; x_wconf 89' lang='lat' dir='ltr'><strong>etiam</strong></span> <span class='ocrx_word' id='word_1_421' title='bbox 690 3517 811 3558; x_wconf 91' lang='lat' dir='ltr'><strong>cum</strong></span> <span class='ocrx_word' id='word_1_422' title='bbox 845 3502 1031 3558; x_wconf 90' lang='lat' dir='ltr'><strong>labore</strong></span> <span class='ocrx_word' id='word_1_423' title='bbox 1051 3518 1152 3558; x_wconf 89' lang='lat' dir='ltr'><strong>suo</strong></span> <span class='ocrx_word' id='word_1_424' title='bbox 1179 3512 1382 3575; x_wconf 87' lang='lat' dir='ltr'><strong>pareat,</strong></span> <span class='ocrx_word' id='word_1_425' title='bbox 1419 3519 1486 3558; x_wconf 89' lang='lat' dir='ltr'><strong>an</strong></span> <span class='ocrx_word' id='word_1_426' title='bbox 1519 3503 1571 3557; x_wconf 92' lang='lat' dir='ltr'><strong>in</strong></span> <span class='ocrx_word' id='word_1_427' title='bbox 1603 3503 1874 3558; x_wconf 85' lang='lat' dir='ltr'><strong>sermonis</strong></span> <span class='ocrx_word' id='word_1_428' title='bbox 1903 3502 1984 3557; x_wconf 84' lang='lat' dir='ltr'><strong>sui</strong></span> <span class='ocrx_word' id='word_1_429' title='bbox 2016 3512 2098 3558; x_wconf 90' lang='lat' dir='ltr'><strong>at-</strong></span> 
     </span>
    </p>
   </div>
   <div class='ocr_carea' id='block_1_66' title="bbox 501 3595 1594 3668">
    <p class='ocr_par' dir='ltr' id='par_1_66' title="bbox 501 3595 1594 3668">
     <span class='ocr_line' id='line_1_68' title="bbox 501 3595 1594 3668; baseline -0.004 -15"><span class='ocrx_word' id='word_1_430' title='bbox 501 3612 607 3668; x_wconf 88' lang='lat' dir='ltr'><strong>que</strong></span> <span class='ocrx_word' id='word_1_431' title='bbox 636 3595 894 3668; x_wconf 90' lang='lat' dir='ltr'><strong>propositi</strong></span> <span class='ocrx_word' id='word_1_432' title='bbox 920 3597 1216 3666; x_wconf 85' lang='lat' dir='ltr'><strong>pertinacia</strong></span> <span class='ocrx_word' id='word_1_433' title='bbox 1237 3605 1550 3668; x_wconf 89' lang='lat' dir='ltr'><strong>perseveret</strong></span> <span class='ocrx_word' id='word_1_434' title='bbox 1569 3595 1594 3649; x_wconf 78' lang='grc' dir='ltr'><strong><em>τ</em></strong></span> 
     </span>
    </p>
   </div>
   <div class='ocr_carea' id='block_1_67' title="bbox 1081 3711 1515 3768">
    <p class='ocr_par' dir='ltr' id='par_1_67' title="bbox 1081 3711 1515 3768">
     <span class='ocr_line' id='line_1_69' title="bbox 1081 3711 1515 3768; baseline 0.002 -1"><span class='ocrx_word' id='word_1_435' title='bbox 1081 3711 1313 3768; x_wconf 83' lang='lat' dir='ltr'><strong>CAPUT</strong></span> <span class='ocrx_word' id='word_1_436' title='bbox 1350 3711 1515 3768; x_wconf 75' lang='lat' dir='ltr'><strong>XXII.</strong></span> 
     </span>
    </p>
   </div>
   <div class='ocr_carea' id='block_1_68' title="bbox 507 3806 2095 3880">
    <p class='ocr_par' dir='ltr' id='par_1_68' title="bbox 507 3806 2095 3880">
     <span class='ocr_line' id='line_1_70' title="bbox 507 3806 2095 3880; baseline -0.001 -17"><span class='ocrx_word' id='word_1_437' title='bbox 507 3808 761 3880; x_wconf 85' lang='lat' dir='ltr'><strong>Objectio,</strong></span> <span class='ocrx_word' id='word_1_438' title='bbox 791 3807 930 3878; x_wconf 88' lang='lat' dir='ltr'><strong>quod</strong></span> <span class='ocrx_word' id='word_1_439' title='bbox 956 3815 1187 3880; x_wconf 80' lang='lat' dir='ltr'><strong>oporteat</strong></span> <span class='ocrx_word' id='word_1_440' title='bbox 1211 3807 1414 3875; x_wconf 86' lang='lat' dir='ltr'><strong>quidem</strong></span> <span class='ocrx_word' id='word_1_441' title='bbox 1441 3806 1686 3880; x_wconf 89' lang='lat' dir='ltr'><strong>abscondi</strong></span> <span class='ocrx_word' id='word_1_442' title='bbox 1708 3808 2095 3874; x_wconf 88' lang='lat' dir='ltr'><strong>continentiam,</strong></span> 
     </span>
    </p>
   </div>
   <div class='ocr_carea' id='block_1_69' title="bbox 813 3878 1787 3949">
    <p class='ocr_par' dir='ltr' id='par_1_69' title="bbox 813 3878 1787 3949">
     <span class='ocr_line' id='line_1_71' title="bbox 813 3878 1787 3949; baseline 0.001 -17"><span class='ocrx_word' id='word_1_443' title='bbox 813 3879 902 3932; x_wconf 90' lang='lat' dir='ltr'><strong>sed</strong></span> <span class='ocrx_word' id='word_1_444' title='bbox 931 3878 1126 3949; x_wconf 83' lang='lat' dir='ltr'><strong>suscipi</strong></span> <span class='ocrx_word' id='word_1_445' title='bbox 1154 3886 1388 3931; x_wconf 84' lang='lat' dir='ltr'><strong>recusato</strong></span> <span class='ocrx_word' id='word_1_446' title='bbox 1418 3895 1522 3932; x_wconf 89' lang='lat' dir='ltr'><strong>non</strong></span> <span class='ocrx_word' id='word_1_447' title='bbox 1552 3879 1787 3933; x_wconf 85' lang='lat' dir='ltr'><strong>debeant.</strong></span> 
     </span>
    </p>
   </div>
   <div class='ocr_carea' id='block_1_70' title="bbox 560 3965 2102 4042">
    <p class='ocr_par' dir='ltr' id='par_1_70' title="bbox 560 3965 2102 4042">
     <span class='ocr_line' id='line_1_72' title="bbox 560 3965 2102 4042; baseline 0.001 -16"><span class='ocrx_word' id='word_1_448' title='bbox 560 3965 884 4026; x_wconf 63' lang='lat' dir='ltr'><strong>&#39;Germanus</strong></span> <span class='ocrx_word' id='word_1_449' title='bbox 915 3984 932 4024; x_wconf 88' lang='lat'><strong>:</strong></span> <span class='ocrx_word' id='word_1_450' title='bbox 959 3969 1016 4024; x_wconf 88' lang='lat' dir='ltr'><strong>In</strong></span> <span class='ocrx_word' id='word_1_451' title='bbox 1041 3969 1134 4024; x_wconf 93' lang='lat' dir='ltr'><strong>illo</strong></span> <span class='ocrx_word' id='word_1_452' title='bbox 1159 3970 1376 4039; x_wconf 84' lang='lat' dir='ltr'><strong>quidem</strong></span> <span class='ocrx_word' id='word_1_453' title='bbox 1417 3972 1699 4038; x_wconf 85' lang='lat' dir='ltr'><strong>superiore</strong></span> <span class='ocrx_word' id='word_1_454' title='bbox 1725 3972 1975 4042; x_wconf 78' lang='lat' dir='ltr'><strong>exemplo</strong></span> <span class='ocrx_word' id='word_1_455' title='bbox 2003 3971 2102 4028; x_wconf 86' lang='lat' dir='ltr'><strong>du-</strong></span> 
     </span>
    </p>
   </div>
   <div class='ocr_carea' id='block_1_71' title="bbox 507 4059 2100 4133">
    <p class='ocr_par' dir='ltr' id='par_1_71' title="bbox 507 4059 2100 4133">
     <span class='ocr_line' id='line_1_73' title="bbox 507 4059 2100 4133; baseline 0 -15"><span class='ocrx_word' id='word_1_456' title='bbox 507 4062 682 4129; x_wconf 89' lang='lat' dir='ltr'><strong>bium,</strong></span> <span class='ocrx_word' id='word_1_457' title='bbox 707 4069 765 4117; x_wconf 89' lang='lat' dir='ltr'><strong>ut</strong></span> <span class='ocrx_word' id='word_1_458' title='bbox 784 4060 1080 4128; x_wconf 87' lang='lat' dir='ltr'><strong>credimus,</strong></span> <span class='ocrx_word' id='word_1_459' title='bbox 1105 4077 1212 4117; x_wconf 91' lang='lat' dir='ltr'><strong>non</strong></span> <span class='ocrx_word' id='word_1_460' title='bbox 1238 4071 1348 4129; x_wconf 88' lang='lat' dir='ltr'><strong>est,</strong></span> <span class='ocrx_word' id='word_1_461' title='bbox 1368 4059 1397 4100; x_wconf 73' lang='grc' dir='ltr'><strong>ι’</strong></span> <span class='ocrx_word' id='word_1_462' title='bbox 1419 4063 1548 4133; x_wconf 86' lang='lat' dir='ltr'><strong>quin</strong></span> <span class='ocrx_word' id='word_1_463' title='bbox 1569 4063 1816 4133; x_wconf 80' lang='lat' dir='ltr'><strong>expediat</strong></span> <span class='ocrx_word' id='word_1_464' title='bbox 1841 4065 2100 4118; x_wconf 85' lang='lat' dir='ltr'><strong>abscondi</strong></span> 
     </span>
    </p>
   </div>
   <div class='ocr_carea' id='block_1_72' title="bbox 2201 3220 3802 3292">
    <p class='ocr_par' dir='ltr' id='par_1_72' title="bbox 2201 3220 3802 3292">
     <span class='ocr_line' id='line_1_74' title="bbox 2201 3220 3802 3292; baseline -0.003 -10"><span class='ocrx_word' id='word_1_465' title='bbox 2201 3242 2372 3282; x_wconf 87' lang='lat' dir='ltr'><strong>annos</strong></span> <span class='ocrx_word' id='word_1_466' title='bbox 2403 3226 2639 3282; x_wconf 89' lang='lat' dir='ltr'><strong>oblatam</strong></span> <span class='ocrx_word' id='word_1_467' title='bbox 2667 3223 2768 3278; x_wconf 90' lang='lat' dir='ltr'><strong>sibi</strong></span> <span class='ocrx_word' id='word_1_468' title='bbox 2801 3237 2828 3275; x_wconf 92' lang='lat' dir='ltr'><strong>a</strong></span> <span class='ocrx_word' id='word_1_469' title='bbox 2861 3223 3095 3292; x_wconf 89' lang='lat' dir='ltr'><strong>quodam</strong></span> <span class='ocrx_word' id='word_1_470' title='bbox 3125 3220 3290 3276; x_wconf 90' lang='lat' dir='ltr'><strong>fratre</strong></span> <span class='ocrx_word' id='word_1_471' title='bbox 3322 3236 3478 3276; x_wconf 83' lang='lat' dir='ltr'><strong>uvam</strong></span> <span class='ocrx_word' id='word_1_472' title='bbox 3507 3235 3570 3276; x_wconf 95' lang='lat' dir='ltr'><strong>ac</strong></span> <span class='ocrx_word' id='word_1_473' title='bbox 3599 3221 3802 3277; x_wconf 80' lang='lat' dir='ltr'><strong>vinum</strong></span> 
     </span>
    </p>
   </div>
   <div class='ocr_carea' id='block_1_73' title="bbox 2204 3313 3807 3390">
    <p class='ocr_par' dir='ltr' id='par_1_73' title="bbox 2204 3313 3807 3390">
     <span class='ocr_line' id='line_1_75' title="bbox 2204 3313 3807 3390; baseline -0.003 -16"><span class='ocrx_word' id='word_1_474' title='bbox 2204 3319 2408 3390; x_wconf 87' lang='lat' dir='ltr'><strong>absque</strong></span> <span class='ocrx_word' id='word_1_475' title='bbox 2437 3317 2777 3372; x_wconf 78' lang='lat' dir='ltr'><strong>Inesitatione</strong></span> <span class='ocrx_word' id='word_1_476' title='bbox 2807 3313 3130 3385; x_wconf 90' lang='lat' dir='ltr'><strong>suscipiens,</strong></span> <span class='ocrx_word' id='word_1_477' title='bbox 3163 3314 3448 3368; x_wconf 88' lang='lat' dir='ltr'><strong>confestim</strong></span> <span class='ocrx_word' id='word_1_478' title='bbox 3475 3328 3536 3369; x_wconf 89' lang='lat' dir='ltr'><strong>ea</strong></span> <span class='ocrx_word' id='word_1_479' title='bbox 3565 3329 3684 3384; x_wconf 71' lang='lat' dir='ltr'><strong>qua:</strong></span> <span class='ocrx_word' id='word_1_480' title='bbox 3709 3315 3807 3369; x_wconf 91' lang='lat' dir='ltr'><strong>in-</strong></span> 
     </span>
    </p>
   </div>
   <div class='ocr_carea' id='block_1_74' title="bbox 2203 3406 3806 3482">
    <p class='ocr_par' dir='ltr' id='par_1_74' title="bbox 2203 3406 3806 3482">
     <span class='ocr_line' id='line_1_76' title="bbox 2203 3406 3806 3482; baseline -0.002 -15"><span class='ocrx_word' id='word_1_481' title='bbox 2203 3421 2353 3482; x_wconf 85' lang='lat' dir='ltr'><strong>gesta</strong></span> <span class='ocrx_word' id='word_1_482' title='bbox 2382 3411 2595 3466; x_wconf 90' lang='lat' dir='ltr'><strong>fuerant</strong></span> <span class='ocrx_word' id='word_1_483' title='bbox 2620 3421 2806 3464; x_wconf 90' lang='lat' dir='ltr'><strong>contra</strong></span> <span class='ocrx_word' id='word_1_484' title='bbox 2829 3407 3274 3464; x_wconf 89' lang='lat' dir='ltr'><strong>consuetudinem</strong></span> <span class='ocrx_word' id='word_1_485' title='bbox 3297 3406 3600 3477; x_wconf 88' lang='lat' dir='ltr'><strong>degustare,</strong></span> <span class='ocrx_word' id='word_1_486' title='bbox 3626 3422 3806 3478; x_wconf 82' lang='lat' dir='ltr'><strong>quam</strong></span> 
     </span>
    </p>
   </div>
   <div class='ocr_carea' id='block_1_75' title="bbox 2203 3503 3806 3580">
    <p class='ocr_par' dir='ltr' id='par_1_75' title="bbox 2203 3503 3806 3580">
     <span class='ocr_line' id='line_1_77' title="bbox 2203 3503 3806 3580; baseline -0.005 -14"><span class='ocrx_word' id='word_1_487' title='bbox 2203 3511 2399 3580; x_wconf 80' lang='lat' dir='ltr'><strong>ignotae</strong></span> <span class='ocrx_word' id='word_1_488' title='bbox 2427 3508 2640 3562; x_wconf 92' lang='lat' dir='ltr'><strong>cunctis</strong></span> <span class='ocrx_word' id='word_1_489' title='bbox 2669 3504 3018 3561; x_wconf 59' lang='lat' dir='ltr'><strong>continentiae</strong></span> <span class='ocrx_word' id='word_1_490' title='bbox 3055 3503 3244 3558; x_wconf 88' lang='lat' dir='ltr'><strong>maluit</strong></span> <span class='ocrx_word' id='word_1_491' title='bbox 3288 3503 3578 3572; x_wconf 90' lang='lat' dir='ltr'><strong>propalare</strong></span> <span class='ocrx_word' id='word_1_492' title='bbox 3619 3504 3806 3558; x_wconf 88' lang='lat' dir='ltr'><strong>virtu-</strong></span> 
     </span>
    </p>
   </div>
   <div class='ocr_carea' id='block_1_76' title="bbox 2205 3595 3806 3669">
    <p class='ocr_par' dir='ltr' id='par_1_76' title="bbox 2205 3595 3806 3669">
     <span class='ocr_line' id='line_1_78' title="bbox 2205 3595 3806 3669; baseline -0.002 -13"><span class='ocrx_word' id='word_1_493' title='bbox 2205 3611 2336 3657; x_wconf 90' lang='lat' dir='ltr'><strong>tem.</strong></span> <span class='ocrx_word' id='word_1_494' title='bbox 2368 3599 2498 3654; x_wconf 86' lang='lat' dir='ltr'><strong>Nam</strong></span> <span class='ocrx_word' id='word_1_495' title='bbox 2522 3599 2568 3653; x_wconf 87' lang='lat' dir='ltr'><strong>si</strong></span> <span class='ocrx_word' id='word_1_496' title='bbox 2593 3599 2724 3654; x_wconf 91' lang='lat' dir='ltr'><strong>illud</strong></span> <span class='ocrx_word' id='word_1_497' title='bbox 2753 3611 2967 3669; x_wconf 90' lang='lat' dir='ltr'><strong>quoque</strong></span> <span class='ocrx_word' id='word_1_498' title='bbox 2991 3596 3338 3652; x_wconf 90' lang='lat' dir='ltr'><strong>considerare</strong></span> <span class='ocrx_word' id='word_1_499' title='bbox 3366 3595 3617 3659; x_wconf 88' lang='lat' dir='ltr'><strong>velimus,</strong></span> <span class='ocrx_word' id='word_1_500' title='bbox 3646 3596 3806 3664; x_wconf 88' lang='lat' dir='ltr'><strong>quod</strong></span> 
     </span>
    </p>
   </div>
   <div class='ocr_carea' id='block_1_77' title="bbox 2209 3687 3806 3755">
    <p class='ocr_par' dir='ltr' id='par_1_77' title="bbox 2209 3687 3806 3755">
     <span class='ocr_line' id='line_1_79' title="bbox 2209 3687 3806 3755; baseline -0.005 -5"><span class='ocrx_word' id='word_1_501' title='bbox 2209 3695 2454 3750; x_wconf 82' lang='lat' dir='ltr'><strong>seniores</strong></span> <span class='ocrx_word' id='word_1_502' title='bbox 2492 3704 2706 3748; x_wconf 89' lang='lat' dir='ltr'><strong>nostros</strong></span> <span class='ocrx_word' id='word_1_503' title='bbox 2755 3692 3132 3745; x_wconf 87' lang='lat' dir='ltr'><strong>incunctanter</strong></span> <span class='ocrx_word' id='word_1_504' title='bbox 3171 3687 3364 3744; x_wconf 89' lang='lat' dir='ltr'><strong>fecisse</strong></span> <span class='ocrx_word' id='word_1_505' title='bbox 3412 3687 3806 3755; x_wconf 89' lang='lat' dir='ltr'><strong>meminimus,</strong></span> 
     </span>
    </p>
   </div>
   <div class='ocr_carea' id='block_1_78' title="bbox 2209 3782 3810 3859">
    <p class='ocr_par' dir='ltr' id='par_1_78' title="bbox 2209 3782 3810 3859">
     <span class='ocr_line' id='line_1_80' title="bbox 2209 3782 3810 3859; baseline -0.002 -18"><span class='ocrx_word' id='word_1_506' title='bbox 2209 3788 2298 3859; x_wconf 90' lang='lat' dir='ltr'><strong>qui</strong></span> <span class='ocrx_word' id='word_1_507' title='bbox 2334 3787 2600 3842; x_wconf 89' lang='lat' dir='ltr'><strong>mirabilia</strong></span> <span class='ocrx_word' id='word_1_508' title='bbox 2643 3787 2898 3841; x_wconf 90' lang='lat' dir='ltr'><strong>virtutum</strong></span> <span class='ocrx_word' id='word_1_509' title='bbox 2947 3798 3188 3848; x_wconf 89' lang='lat' dir='ltr'><strong>suarum,</strong></span> <span class='ocrx_word' id='word_1_510' title='bbox 3227 3783 3312 3837; x_wconf 97' lang='lat' dir='ltr'><strong>vel</strong></span> <span class='ocrx_word' id='word_1_511' title='bbox 3346 3782 3592 3852; x_wconf 89' lang='lat' dir='ltr'><strong>proprios</strong></span> <span class='ocrx_word' id='word_1_512' title='bbox 3641 3791 3810 3838; x_wconf 88' lang='lat' dir='ltr'><strong>actus</strong></span> 
     </span>
    </p>
   </div>
   <div class='ocr_carea' id='block_1_79' title="bbox 2209 3873 3810 3954">
    <p class='ocr_par' dir='ltr' id='par_1_79' title="bbox 2209 3873 3810 3954">
     <span class='ocr_line' id='line_1_81' title="bbox 2209 3873 3810 3954; baseline -0.006 -17"><span class='ocrx_word' id='word_1_513' title='bbox 2209 3897 2345 3954; x_wconf 90' lang='lat' dir='ltr'><strong>quos</strong></span> <span class='ocrx_word' id='word_1_514' title='bbox 2371 3895 2594 3936; x_wconf 90' lang='lat' dir='ltr'><strong>necesse</strong></span> <span class='ocrx_word' id='word_1_515' title='bbox 2621 3888 2740 3934; x_wconf 87' lang='lat' dir='ltr'><strong>erat</strong></span> <span class='ocrx_word' id='word_1_516' title='bbox 2765 3878 2832 3932; x_wconf 88' lang='lat' dir='ltr'><strong>ad</strong></span> <span class='ocrx_word' id='word_1_517' title='bbox 2864 3878 3274 3932; x_wconf 86' lang='lat' dir='ltr'><strong>instructionem</strong></span> <span class='ocrx_word' id='word_1_518' title='bbox 3297 3874 3569 3945; x_wconf 90' lang='lat' dir='ltr'><strong>juniorum</strong></span> <span class='ocrx_word' id='word_1_519' title='bbox 3597 3873 3651 3928; x_wconf 93' lang='lat' dir='ltr'><strong>in</strong></span> <span class='ocrx_word' id='word_1_520' title='bbox 3682 3875 3810 3928; x_wconf 86' lang='lat' dir='ltr'><strong>col-</strong></span> 
     </span>
    </p>
   </div>
   <div class='ocr_carea' id='block_1_80' title="bbox 2209 3966 3809 4041">
    <p class='ocr_par' dir='ltr' id='par_1_80' title="bbox 2209 3966 3809 4041">
     <span class='ocr_line' id='line_1_82' title="bbox 2209 3966 3809 4041; baseline -0.005 -13"><span class='ocrx_word' id='word_1_521' title='bbox 2209 3973 2414 4028; x_wconf 89' lang='lat' dir='ltr'><strong>latione</strong></span> <span class='ocrx_word' id='word_1_522' title='bbox 2442 3969 2694 4041; x_wconf 89' lang='lat' dir='ltr'><strong>proferri,</strong></span> <span class='ocrx_word' id='word_1_523' title='bbox 2727 3969 2829 4023; x_wconf 90' lang='lat' dir='ltr'><strong>sub</strong></span> <span class='ocrx_word' id='word_1_524' title='bbox 2857 3969 3085 4022; x_wconf 91' lang='lat' dir='ltr'><strong>aliorum</strong></span> <span class='ocrx_word' id='word_1_525' title='bbox 3127 3967 3372 4022; x_wconf 87' lang='lat' dir='ltr'><strong>solebant</strong></span> <span class='ocrx_word' id='word_1_526' title='bbox 3397 3966 3644 4020; x_wconf 90' lang='lat' dir='ltr'><strong>colorare</strong></span> <span class='ocrx_word' id='word_1_527' title='bbox 3670 3980 3809 4034; x_wconf 84' lang='lat' dir='ltr'><strong>per-</strong></span> 
     </span>
    </p>
   </div>
   <div class='ocr_carea' id='block_1_81' title="bbox 2211 4060 3811 4134">
    <p class='ocr_par' dir='ltr' id='par_1_81' title="bbox 2211 4060 3811 4134">
     <span class='ocr_line' id='line_1_83' title="bbox 2211 4060 3811 4134; baseline -0.003 -15"><span class='ocrx_word' id='word_1_528' title='bbox 2211 4065 2383 4134; x_wconf 81' lang='lat' dir='ltr'><strong>sonis,</strong></span> <span class='ocrx_word' id='word_1_529' title='bbox 2421 4074 2443 4101; x_wconf 79' lang='grc' dir='ltr'>θ</span> <span class='ocrx_word' id='word_1_530' title='bbox 2476 4062 2603 4134; x_wconf 90' lang='lat' dir='ltr'><strong>quid</strong></span> <span class='ocrx_word' id='word_1_531' title='bbox 2633 4060 2777 4116; x_wconf 87' lang='lat' dir='ltr'><strong>aliud</strong></span> <span class='ocrx_word' id='word_1_532' title='bbox 2812 4074 3098 4131; x_wconf 89' lang='lat' dir='ltr'><strong>possumus</strong></span> <span class='ocrx_word' id='word_1_533' title='bbox 3128 4073 3288 4130; x_wconf 88' lang='lat' dir='ltr'><strong>quam</strong></span> <span class='ocrx_word' id='word_1_534' title='bbox 3337 4065 3580 4128; x_wconf 88' lang='lat' dir='ltr'><strong>apertum</strong></span> <span class='ocrx_word' id='word_1_535' title='bbox 3630 4070 3811 4127; x_wconf 85' lang='lat' dir='ltr'><strong>super</strong></span> 
     </span>
    </p>
   </div>
   <div class='ocr_carea' id='block_1_82' title="bbox 1583 4155 2724 4213">
    <p class='ocr_par' dir='ltr' id='par_1_82' title="bbox 1583 4155 2724 4213">
     <span class='ocr_line' id='line_1_84' title="bbox 1583 4155 2724 4213; baseline -0.001 -2"><span class='ocrx_word' id='word_1_536' title='bbox 1583 4155 1847 4211; x_wconf 73' lang='lat' dir='ltr'><strong>ALAIIDI</strong></span> <span class='ocrx_word' id='word_1_537' title='bbox 1885 4156 2120 4213; x_wconf 73' lang='grc' dir='ltr'><strong>ΟΑΖΑΞΙ</strong></span> <span class='ocrx_word' id='word_1_538' title='bbox 2158 4155 2724 4213; x_wconf 78' lang='lat' dir='ltr'><strong>COMMENTARIUS.</strong></span> 
     </span>
    </p>
   </div>
   <div class='ocr_carea' id='block_1_83' title="bbox 583 4245 2103 4319">
    <p class='ocr_par' dir='ltr' id='par_1_83' title="bbox 583 4245 2103 4319">
     <span class='ocr_line' id='line_1_85' title="bbox 583 4245 2103 4319; baseline 0.001 -18"><span class='ocrx_word' id='word_1_539' title='bbox 583 4255 610 4285; x_wconf 80' lang='grc' dir='ltr'>ι</span> <span class='ocrx_word' id='word_1_540' title='bbox 648 4245 819 4319; x_wconf 69' lang='lat' dir='ltr'><strong>Negat</strong></span> <span class='ocrx_word' id='word_1_541' title='bbox 849 4248 911 4305; x_wconf 93' lang='lat' dir='ltr'><strong>S.</strong></span> <span class='ocrx_word' id='word_1_542' title='bbox 941 4247 1274 4318; x_wconf 80' lang='lat' dir='ltr'><strong>Augustinus</strong></span> <span class='ocrx_word' id='word_1_543' title='bbox 1300 4265 1315 4302; x_wconf 86' lang='lat'><strong>:</strong></span> <span class='ocrx_word' id='word_1_544' title='bbox 1342 4249 1466 4304; x_wconf 90' lang='lat' dir='ltr'><strong>Non</strong></span> <span class='ocrx_word' id='word_1_545' title='bbox 1493 4250 1647 4313; x_wconf 87' lang='lat' dir='ltr'><strong>enim,</strong></span> <span class='ocrx_word' id='word_1_546' title='bbox 1674 4248 1872 4319; x_wconf 87' lang='lat' dir='ltr'><strong>inquit,</strong></span> <span class='ocrx_word' id='word_1_547' title='bbox 1901 4250 2000 4303; x_wconf 76' lang='lat' dir='ltr'><strong>hoc</strong></span> <span class='ocrx_word' id='word_1_548' title='bbox 2029 4261 2103 4303; x_wconf 88' lang='lat' dir='ltr'><strong>est</strong></span> 
     </span>
    </p>
   </div>
   <div class='ocr_carea' id='block_1_84' title="bbox 510 4317 2098 4392">
    <p class='ocr_par' dir='ltr' id='par_1_84' title="bbox 510 4317 2098 4392">
     <span class='ocr_line' id='line_1_86' title="bbox 510 4317 2098 4392; baseline 0.001 -20"><span class='ocrx_word' id='word_1_549' title='bbox 510 4317 771 4392; x_wconf 70' lang='lat' dir='ltr'><strong>occultare</strong></span> <span class='ocrx_word' id='word_1_550' title='bbox 817 4317 1118 4381; x_wconf 77' lang='lat' dir='ltr'><strong>ueritatem.</strong></span> <span class='ocrx_word' id='word_1_551' title='bbox 1168 4321 1306 4390; x_wconf 90' lang='lat' dir='ltr'><strong>quod</strong></span> <span class='ocrx_word' id='word_1_552' title='bbox 1348 4329 1424 4374; x_wconf 90' lang='lat' dir='ltr'><strong>est</strong></span> <span class='ocrx_word' id='word_1_553' title='bbox 1468 4321 1698 4392; x_wconf 77' lang='lat' dir='ltr'><strong>proferre</strong></span> <span class='ocrx_word' id='word_1_554' title='bbox 1730 4317 2098 4392; x_wconf 60' lang='lat' dir='ltr'><strong>mendacium.</strong></span> 
     </span>
    </p>
   </div>
   <div class='ocr_carea' id='block_1_85' title="bbox 515 4389 2103 4463">
    <p class='ocr_par' dir='ltr' id='par_1_85' title="bbox 515 4389 2103 4463">
     <span class='ocr_line' id='line_1_87' title="bbox 515 4389 2103 4463; baseline 0.003 -21"><span class='ocrx_word' id='word_1_555' title='bbox 515 4389 764 4457; x_wconf 82' lang='lat' dir='ltr'><strong>Quamuis</strong></span> <span class='ocrx_word' id='word_1_556' title='bbox 795 4392 930 4444; x_wconf 90' lang='lat' dir='ltr'><strong>enim</strong></span> <span class='ocrx_word' id='word_1_557' title='bbox 951 4392 1117 4444; x_wconf 91' lang='lat' dir='ltr'><strong>omnis</strong></span> <span class='ocrx_word' id='word_1_558' title='bbox 1142 4389 1229 4463; x_wconf 85' lang='lat' dir='ltr'><strong>qui</strong></span> <span class='ocrx_word' id='word_1_559' title='bbox 1252 4389 1499 4463; x_wconf 72' lang='lat' dir='ltr'><strong>mentitur</strong></span> <span class='ocrx_word' id='word_1_560' title='bbox 1518 4389 1637 4446; x_wconf 86' lang='lat' dir='ltr'><strong>velit</strong></span> <span class='ocrx_word' id='word_1_561' title='bbox 1661 4389 1832 4446; x_wconf 85' lang='lat' dir='ltr'><strong>celare</strong></span> <span class='ocrx_word' id='word_1_562' title='bbox 1858 4393 1995 4459; x_wconf 85' lang='lat' dir='ltr'><strong>quod</strong></span> <span class='ocrx_word' id='word_1_563' title='bbox 2020 4409 2103 4446; x_wconf 79' lang='lat' dir='ltr'><strong>ve-</strong></span> 
     </span>
    </p>
   </div>
   <div class='ocr_carea' id='block_1_86' title="bbox 510 4462 2101 4532">
    <p class='ocr_par' dir='ltr' id='par_1_86' title="bbox 510 4462 2101 4532">
     <span class='ocr_line' id='line_1_88' title="bbox 510 4462 2101 4532; baseline 0.002 -19"><span class='ocrx_word' id='word_1_564' title='bbox 510 4477 628 4514; x_wconf 86' lang='lat' dir='ltr'><strong>rum</strong></span> <span class='ocrx_word' id='word_1_565' title='bbox 650 4472 747 4527; x_wconf 86' lang='lat' dir='ltr'><strong>est,</strong></span> <span class='ocrx_word' id='word_1_566' title='bbox 781 4477 884 4516; x_wconf 90' lang='lat' dir='ltr'><strong>non</strong></span> <span class='ocrx_word' id='word_1_567' title='bbox 907 4471 1077 4532; x_wconf 81' lang='lat' dir='ltr'><strong>tamen</strong></span> <span class='ocrx_word' id='word_1_568' title='bbox 1105 4462 1270 4516; x_wconf 86' lang='lat' dir='ltr'><strong>omnis</strong></span> <span class='ocrx_word' id='word_1_569' title='bbox 1298 4465 1385 4532; x_wconf 90' lang='lat' dir='ltr'><strong>qui</strong></span> <span class='ocrx_word' id='word_1_570' title='bbox 1416 4462 1522 4516; x_wconf 80' lang='lat' dir='ltr'><strong>vult</strong></span> <span class='ocrx_word' id='word_1_571' title='bbox 1548 4464 1684 4531; x_wconf 92' lang='lat' dir='ltr'><strong>quod</strong></span> <span class='ocrx_word' id='word_1_572' title='bbox 1717 4477 1890 4517; x_wconf 85' lang='lat' dir='ltr'><strong>verum</strong></span> <span class='ocrx_word' id='word_1_573' title='bbox 1920 4473 1993 4516; x_wconf 81' lang='lat' dir='ltr'><strong>est</strong></span> <span class='ocrx_word' id='word_1_574' title='bbox 2021 4480 2101 4516; x_wconf 90' lang='lat' dir='ltr'><strong>ce-</strong></span> 
     </span>
    </p>
   </div>
   <div class='ocr_carea' id='block_1_87' title="bbox 511 4531 2102 4598">
    <p class='ocr_par' dir='ltr' id='par_1_87' title="bbox 511 4531 2102 4598">
     <span class='ocr_line' id='line_1_89' title="bbox 511 4531 2102 4598; baseline 0.003 -14"><span class='ocrx_word' id='word_1_575' title='bbox 511 4533 642 4598; x_wconf 87' lang='lat' dir='ltr'><strong>lare,</strong></span> <span class='ocrx_word' id='word_1_576' title='bbox 687 4533 952 4588; x_wconf 86' lang='lat' dir='ltr'><strong>mentitur.</strong></span> <span class='ocrx_word' id='word_1_577' title='bbox 1001 4531 1316 4598; x_wconf 79' lang='lat' dir='ltr'><strong>Plerumque</strong></span> <span class='ocrx_word' id='word_1_578' title='bbox 1345 4535 1480 4587; x_wconf 90' lang='lat' dir='ltr'><strong>enim</strong></span> <span class='ocrx_word' id='word_1_579' title='bbox 1521 4551 1637 4589; x_wconf 76' lang='lat' dir='ltr'><strong>vera</strong></span> <span class='ocrx_word' id='word_1_580' title='bbox 1666 4550 1768 4588; x_wconf 89' lang='lat' dir='ltr'><strong>non</strong></span> <span class='ocrx_word' id='word_1_581' title='bbox 1814 4535 2102 4589; x_wconf 70' lang='lat' dir='ltr'><strong>mentiendo</strong></span> 
     </span>
    </p>
   </div>
   <div class='ocr_carea' id='block_1_88' title="bbox 511 4603 2102 4676">
    <p class='ocr_par' dir='ltr' id='par_1_88' title="bbox 511 4603 2102 4676">
     <span class='ocr_line' id='line_1_90' title="bbox 511 4603 2102 4676; baseline 0.002 -20"><span class='ocrx_word' id='word_1_582' title='bbox 511 4603 993 4676; x_wconf 63' lang='lat' dir='ltr'><strong>occultamus,sed</strong></span> <span class='ocrx_word' id='word_1_583' title='bbox 1050 4603 1311 4676; x_wconf 35' lang='lat' dir='ltr'><strong>tacendo,</strong></span> <span class='ocrx_word' id='word_1_584' title='bbox 1349 4603 1531 4676; x_wconf 82' lang='lat' dir='ltr'><strong>Neque</strong></span> <span class='ocrx_word' id='word_1_585' title='bbox 1571 4607 1709 4660; x_wconf 88' lang='lat' dir='ltr'><strong>enim</strong></span> <span class='ocrx_word' id='word_1_586' title='bbox 1750 4607 1992 4659; x_wconf 88' lang='lat' dir='ltr'><strong>mentitus</strong></span> <span class='ocrx_word' id='word_1_587' title='bbox 2030 4615 2102 4660; x_wconf 83' lang='lat' dir='ltr'><strong>est</strong></span> 
     </span>
    </p>
   </div>
   <div class='ocr_carea' id='block_1_89' title="bbox 2203 4247 3810 4320">
    <p class='ocr_par' dir='ltr' id='par_1_89' title="bbox 2203 4247 3810 4320">
     <span class='ocr_line' id='line_1_91' title="bbox 2203 4247 3810 4320; baseline 0.001 -17"><span class='ocrx_word' id='word_1_588' title='bbox 2203 4253 2499 4306; x_wconf 83' lang='lat' dir='ltr'><strong>necessitate</strong></span> <span class='ocrx_word' id='word_1_589' title='bbox 2544 4260 2782 4320; x_wconf 79' lang='lat' dir='ltr'><strong>cogente,</strong></span> <span class='ocrx_word' id='word_1_590' title='bbox 2825 4265 2944 4302; x_wconf 79' lang='lat' dir='ltr'><strong>uera</strong></span> <span class='ocrx_word' id='word_1_591' title='bbox 2989 4247 3052 4301; x_wconf 88' lang='lat' dir='ltr'><strong>de</strong></span> <span class='ocrx_word' id='word_1_592' title='bbox 3091 4263 3146 4301; x_wconf 92' lang='lat' dir='ltr'><strong>se</strong></span> <span class='ocrx_word' id='word_1_593' title='bbox 3184 4248 3316 4301; x_wconf 90' lang='lat' dir='ltr'><strong>bona</strong></span> <span class='ocrx_word' id='word_1_594' title='bbox 3353 4247 3600 4320; x_wconf 80' lang='lat' dir='ltr'><strong>loquitur,</strong></span> <span class='ocrx_word' id='word_1_595' title='bbox 3653 4257 3810 4305; x_wconf 83' lang='lat' dir='ltr'><strong>tanto</strong></span> 
     </span>
    </p>
   </div>
   <div class='ocr_carea' id='block_1_90' title="bbox 2204 4317 3805 4394">
    <p class='ocr_par' dir='ltr' id='par_1_90' title="bbox 2204 4317 3805 4394">
     <span class='ocr_line' id='line_1_92' title="bbox 2204 4317 3805 4394; baseline 0 -20"><span class='ocrx_word' id='word_1_596' title='bbox 2204 4325 2368 4394; x_wconf 77' lang='lat' dir='ltr'><strong>magis</strong></span> <span class='ocrx_word' id='word_1_597' title='bbox 2403 4317 2681 4394; x_wconf 76' lang='lat' dir='ltr'><strong>humilitati</strong></span> <span class='ocrx_word' id='word_1_598' title='bbox 2712 4321 2992 4394; x_wconf 61' lang='lat' dir='ltr'><strong>jungitur,</strong></span> <span class='ocrx_word' id='word_1_599' title='bbox 3015 4330 3208 4388; x_wconf 86' lang='lat' dir='ltr'><strong>quanto</strong></span> <span class='ocrx_word' id='word_1_600' title='bbox 3233 4327 3285 4394; x_wconf 80' lang='lat' dir='ltr'><strong>et</strong></span> <span class='ocrx_word' id='word_1_601' title='bbox 3312 4317 3525 4394; x_wconf 81' lang='lat' dir='ltr'><strong>veritati</strong></span> <span class='ocrx_word' id='word_1_602' title='bbox 3547 4320 3805 4394; x_wconf 76' lang='lat' dir='ltr'><strong>sociatur.</strong></span> 
     </span>
    </p>
   </div>
   <div class='ocr_carea' id='block_1_91' title="bbox 2204 4390 3809 4459">
    <p class='ocr_par' dir='ltr' id='par_1_91' title="bbox 2204 4390 3809 4459">
     <span class='ocr_line' id='line_1_93' title="bbox 2204 4390 3809 4459; baseline -0.001 -13"><span class='ocrx_word' id='word_1_603' title='bbox 2204 4390 2512 4447; x_wconf 52' lang='lat' dir='ltr'><strong>An&#39;Paulus</strong></span> <span class='ocrx_word' id='word_1_604' title='bbox 2547 4393 2758 4446; x_wconf 82' lang='lat' dir='ltr'><strong>humilis</strong></span> <span class='ocrx_word' id='word_1_605' title='bbox 2789 4390 2889 4444; x_wconf 86' lang='lat' dir='ltr'><strong>non</strong></span> <span class='ocrx_word' id='word_1_606' title='bbox 2916 4392 3036 4459; x_wconf 79' lang='lat' dir='ltr'><strong>fuit,</strong></span> <span class='ocrx_word' id='word_1_607' title='bbox 3069 4391 3274 4455; x_wconf 86' lang='lat' dir='ltr'><strong>quando</strong></span> <span class='ocrx_word' id='word_1_608' title='bbox 3303 4390 3624 4444; x_wconf 75' lang='lat' dir='ltr'><strong>temulatione</strong></span> <span class='ocrx_word' id='word_1_609' title='bbox 3665 4393 3809 4445; x_wconf 74' lang='lat' dir='ltr'><strong>veri-</strong></span> 
     </span>
    </p>
   </div>
   <div class='ocr_carea' id='block_1_92' title="bbox 2203 4461 3806 4534">
    <p class='ocr_par' dir='ltr' id='par_1_92' title="bbox 2203 4461 3806 4534">
     <span class='ocr_line' id='line_1_94' title="bbox 2203 4461 3806 4534; baseline 0 -17"><span class='ocrx_word' id='word_1_610' title='bbox 2203 4467 2323 4518; x_wconf 88' lang='lat' dir='ltr'><strong>tatis</strong></span> <span class='ocrx_word' id='word_1_611' title='bbox 2349 4475 2527 4518; x_wconf 89' lang='lat' dir='ltr'><strong>contra</strong></span> <span class='ocrx_word' id='word_1_612' title='bbox 2558 4466 2718 4534; x_wconf 75' lang='lat' dir='ltr'><strong>falsos</strong></span> <span class='ocrx_word' id='word_1_613' title='bbox 2757 4466 3017 4531; x_wconf 86' lang='lat' dir='ltr'><strong>apostolos</strong></span> <span class='ocrx_word' id='word_1_614' title='bbox 3045 4472 3113 4514; x_wconf 92' lang='lat' dir='ltr'><strong>tot</strong></span> <span class='ocrx_word' id='word_1_615' title='bbox 3145 4461 3208 4534; x_wconf 89' lang='lat' dir='ltr'><strong>de</strong></span> <span class='ocrx_word' id='word_1_616' title='bbox 3243 4477 3297 4514; x_wconf 90' lang='lat' dir='ltr'><strong>se</strong></span> <span class='ocrx_word' id='word_1_617' title='bbox 3324 4461 3592 4534; x_wconf 80' lang='lat' dir='ltr'><strong>discipulis</strong></span> <span class='ocrx_word' id='word_1_618' title='bbox 3637 4463 3806 4528; x_wconf 82' lang='lat' dir='ltr'><strong>fortia</strong></span> 
     </span>
    </p>
   </div>
   <div class='ocr_carea' id='block_1_93' title="bbox 2202 4532 3801 4607">
    <p class='ocr_par' dir='ltr' id='par_1_93' title="bbox 2202 4532 3801 4607">
     <span class='ocr_line' id='line_1_95' title="bbox 2202 4532 3801 4607; baseline -0.001 -19"><span class='ocrx_word' id='word_1_619' title='bbox 2202 4547 2342 4607; x_wconf 87' lang='lat' dir='ltr'><strong>gesta</strong></span> <span class='ocrx_word' id='word_1_620' title='bbox 2366 4532 2591 4589; x_wconf 82' lang='lat' dir='ltr'><strong>narravit</strong></span> <span class='ocrx_word' id='word_1_621' title='bbox 2614 4538 2636 4589; x_wconf 82' lang='lat'><strong><em>?</em></strong></span> <span class='ocrx_word' id='word_1_622' title='bbox 2667 4535 2770 4601; x_wconf 83' lang='lat' dir='ltr'><strong>Qui</strong></span> <span class='ocrx_word' id='word_1_623' title='bbox 2794 4533 3259 4607; x_wconf 12' lang='lat' dir='ltr'><strong>nimirumiueritati</strong></span> <span class='ocrx_word' id='word_1_624' title='bbox 3278 4532 3512 4607; x_wconf 75' lang='lat' dir='ltr'><strong>inimicus</strong></span> <span class='ocrx_word' id='word_1_625' title='bbox 3534 4536 3801 4600; x_wconf 68' lang='lat' dir='ltr'><strong>existeret,</strong></span> 
     </span>
    </p>
   </div>
   <div class='ocr_carea' id='block_1_94' title="bbox 2204 4603 3804 4672">
    <p class='ocr_par' dir='ltr' id='par_1_94' title="bbox 2204 4603 3804 4672">
     <span class='ocr_line' id='line_1_96' title="bbox 2204 4603 3804 4672; baseline -0.002 -11"><span class='ocrx_word' id='word_1_626' title='bbox 2204 4603 2248 4662; x_wconf 77' lang='lat' dir='ltr'><strong>si</strong></span> <span class='ocrx_word' id='word_1_627' title='bbox 2275 4608 2633 4662; x_wconf 87' lang='lat' dir='ltr'><strong>abscondendo</strong></span> <span class='ocrx_word' id='word_1_628' title='bbox 2651 4607 2863 4659; x_wconf 79' lang='lat' dir='ltr'><strong>virtutes</strong></span> <span class='ocrx_word' id='word_1_629' title='bbox 2886 4606 3142 4672; x_wconf 85' lang='lat' dir='ltr'><strong>praprias,</strong></span> <span class='ocrx_word' id='word_1_630' title='bbox 3171 4603 3534 4669; x_wconf 71' lang='lat' dir='ltr'><strong>prwdicatores</strong></span> <span class='ocrx_word' id='word_1_631' title='bbox 3561 4621 3804 4658; x_wconf 81' lang='lat' dir='ltr'><strong>errorum</strong></span> 
     </span>
    </p>
   </div>
   <div class='ocr_carea' id='block_1_95' title="bbox 515 4665 3682 4750">
    <p class='ocr_par' dir='ltr' id='par_1_95' title="bbox 515 4665 3682 4750">
     <span class='ocr_line' id='line_1_97' title="bbox 515 4665 3682 4750; baseline 0.001 -25"><span class='ocrx_word' id='word_1_632' title='bbox 515 4669 797 4750; x_wconf 73' lang='lat' dir='ltr'><strong>Dominus,</strong></span> <span class='ocrx_word' id='word_1_633' title='bbox 828 4675 914 4728; x_wconf 89' lang='lat' dir='ltr'><strong>ubi</strong></span> <span class='ocrx_word' id='word_1_634' title='bbox 941 4676 1016 4728; x_wconf 90' lang='lat' dir='ltr'><strong>ait</strong></span> <span class='ocrx_word' id='word_1_635' title='bbox 1046 4691 1065 4729; x_wconf 94' lang='lat'><strong><em>:</em></strong></span> <span class='ocrx_word' id='word_1_636' title='bbox 1095 4675 1146 4729; x_wconf 83' lang='grc' dir='ltr'><em>Μ</em></span> <span class='ocrx_word' id='word_1_637' title='bbox 1155 4677 1264 4750; x_wconf 77' lang='lat' dir='ltr'><strong>ulla</strong></span> <span class='ocrx_word' id='word_1_638' title='bbox 1291 4665 1454 4750; x_wconf 70' lang='lat' dir='ltr'><strong>habeo</strong></span> <span class='ocrx_word' id='word_1_639' title='bbox 1480 4678 1618 4731; x_wconf 79' lang='lat' dir='ltr'><strong>vobis</strong></span> <span class='ocrx_word' id='word_1_640' title='bbox 1645 4677 1813 4750; x_wconf 71' lang='lat' dir='ltr'><strong>dicere</strong></span> <span class='ocrx_word' id='word_1_641' title='bbox 1837 4694 1852 4730; x_wconf 89' lang='lat'><strong><em>:</em></strong></span> <span class='ocrx_word' id='word_1_642' title='bbox 1881 4680 1968 4730; x_wconf 86' lang='lat' dir='ltr'><strong>sed</strong></span> <span class='ocrx_word' id='word_1_643' title='bbox 1998 4694 2100 4732; x_wconf 89' lang='lat' dir='ltr'><strong>non</strong></span> <span class='ocrx_word' id='word_1_644' title='bbox 2128 4665 2178 4724; x_wconf 70' lang='grc' dir='ltr'><strong><em>Β</em></strong></span> <span class='ocrx_word' id='word_1_645' title='bbox 2205 4681 2482 4750; x_wconf 76' lang='lat' dir='ltr'><strong>prwvolere</strong></span> <span class='ocrx_word' id='word_1_646' title='bbox 2511 4680 2816 4750; x_wconf 73' lang='lat' dir='ltr'><strong>permisisset</strong></span> <span class='ocrx_word' id='word_1_647' title='bbox 2844 4678 2862 4745; x_wconf 92' lang='lat'><strong>(</strong></span> <span class='ocrx_word' id='word_1_648' title='bbox 2886 4665 3026 4750; x_wconf 45' lang='lat' dir='ltr'><strong>&#39;Vide</strong></span> <span class='ocrx_word' id='word_1_649' title='bbox 3060 4665 3342 4729; x_wconf 31' lang='lat' dir='ltr'><strong>Clin-iocum</strong></span> <span class='ocrx_word' id='word_1_650' title='bbox 3368 4678 3533 4750; x_wconf 77' lang='lat' dir='ltr'><strong>gradu</strong></span> <span class='ocrx_word' id='word_1_651' title='bbox 3563 4674 3682 4747; x_wconf 74' lang='lat' dir='ltr'><strong>I2).</strong></span> 
     </span>
    </p>
   </div>
   <div class='ocr_carea' id='block_1_96' title="bbox 513 4744 2098 4817">
    <p class='ocr_par' dir='ltr' id='par_1_96' title="bbox 513 4744 2098 4817">
     <span class='ocr_line' id='line_1_98' title="bbox 513 4744 2098 4817; baseline 0.004 -21"><span class='ocrx_word' id='word_1_652' title='bbox 513 4745 722 4817; x_wconf 79' lang='lat' dir='ltr'><strong>potestis</strong></span> <span class='ocrx_word' id='word_1_653' title='bbox 746 4746 838 4817; x_wconf 87' lang='lat' dir='ltr'><strong>illa</strong></span> <span class='ocrx_word' id='word_1_654' title='bbox 866 4754 1072 4811; x_wconf 83' lang='lat' dir='ltr'><strong>portare</strong></span> <span class='ocrx_word' id='word_1_655' title='bbox 1101 4748 1250 4800; x_wconf 88' lang='lat' dir='ltr'><strong>modo</strong></span> <span class='ocrx_word' id='word_1_656' title='bbox 1285 4744 1516 4817; x_wconf 75' lang='lat' dir='ltr'><strong>(Joann.</strong></span> <span class='ocrx_word' id='word_1_657' title='bbox 1552 4763 1643 4802; x_wconf 78' lang='lat' dir='ltr'>va</span> <span class='ocrx_word' id='word_1_658' title='bbox 1663 4753 1700 4815; x_wconf 74' lang='lat' dir='ltr'><strong>l.</strong></span> <span class='ocrx_word' id='word_1_659' title='bbox 1755 4747 1890 4802; x_wconf 84' lang='lat' dir='ltr'><strong>Vera</strong></span> <span class='ocrx_word' id='word_1_660' title='bbox 1921 4751 2098 4814; x_wconf 87' lang='lat' dir='ltr'><strong>tacuit,</strong></span> 
     </span>
    </p>
   </div>
   <div class='ocr_carea' id='block_1_97' title="bbox 511 4815 2104 4899">
    <p class='ocr_par' dir='ltr' id='par_1_97' title="bbox 511 4815 2104 4899">
     <span class='ocr_line' id='line_1_99' title="bbox 511 4815 2104 4899; baseline 0.006 -35"><span class='ocrx_word' id='word_1_661' title='bbox 511 4832 616 4899; x_wconf 67' lang='lat' dir='ltr'><strong>non</strong></span> <span class='ocrx_word' id='word_1_662' title='bbox 647 4815 782 4899; x_wconf 72' lang='lat' dir='ltr'><strong>falsa</strong></span> <span class='ocrx_word' id='word_1_663' title='bbox 812 4816 1016 4899; x_wconf 72' lang='lat' dir='ltr'><strong>locutus</strong></span> <span class='ocrx_word' id='word_1_664' title='bbox 1034 4826 1120 4899; x_wconf 56' lang='lat' dir='ltr'><strong>est</strong></span> <span class='ocrx_word' id='word_1_665' title='bbox 1153 4815 1346 4899; x_wconf 73' lang='lat' dir='ltr'><strong>quibus</strong></span> <span class='ocrx_word' id='word_1_666' title='bbox 1367 4821 1494 4874; x_wconf 79' lang='lat' dir='ltr'><strong>veris</strong></span> <span class='ocrx_word' id='word_1_667' title='bbox 1521 4819 1795 4899; x_wconf 82' lang='lat' dir='ltr'><strong>audiendis</strong></span> <span class='ocrx_word' id='word_1_668' title='bbox 1825 4821 2104 4899; x_wconf 23' lang='lat' dir='ltr'><strong>eosintinus</strong></span> 
     </span>
    </p>
   </div>
   <div class='ocr_carea' id='block_1_98' title="bbox 512 4886 2102 4966">
    <p class='ocr_par' dir='ltr' id='par_1_98' title="bbox 512 4886 2102 4966">
     <span class='ocr_line' id='line_1_100' title="bbox 512 4886 2102 4966; baseline 0.003 -27"><span class='ocrx_word' id='word_1_669' title='bbox 512 4886 721 4966; x_wconf 70' lang='lat' dir='ltr'><strong>idoneos</strong></span> <span class='ocrx_word' id='word_1_670' title='bbox 732 4887 1012 4960; x_wconf 85' lang='lat' dir='ltr'><strong>judicavit.</strong></span> <span class='ocrx_word' id='word_1_671' title='bbox 1034 4886 1150 4966; x_wconf 79' lang='lat' dir='ltr'><strong>Non</strong></span> <span class='ocrx_word' id='word_1_672' title='bbox 1169 4886 1250 4942; x_wconf 85' lang='lat' dir='ltr'><strong>est</strong></span> <span class='ocrx_word' id='word_1_673' title='bbox 1271 4889 1441 4966; x_wconf 75' lang='lat' dir='ltr'><strong>igitur</strong></span> <span class='ocrx_word' id='word_1_674' title='bbox 1464 4895 1752 4966; x_wconf 84' lang='lat' dir='ltr'><strong>austeritas</strong></span> <span class='ocrx_word' id='word_1_675' title='bbox 1770 4896 1890 4945; x_wconf 69' lang='lat' dir='ltr'><strong>vita:</strong></span> <span class='ocrx_word' id='word_1_676' title='bbox 1907 4893 2102 4966; x_wconf 70' lang='lat' dir='ltr'><strong>(quam</strong></span> 
     </span>
    </p>
   </div>
   <div class='ocr_carea' id='block_1_99' title="bbox 514 4955 2106 5032">
    <p class='ocr_par' dir='ltr' id='par_1_99' title="bbox 514 4955 2106 5032">
     <span class='ocr_line' id='line_1_101' title="bbox 514 4955 2106 5032; baseline 0.006 -24"><span class='ocrx_word' id='word_1_677' title='bbox 514 4955 603 5032; x_wconf 78' lang='lat' dir='ltr'><strong>hic</strong></span> <span class='ocrx_word' id='word_1_678' title='bbox 629 4955 793 5032; x_wconf 70' lang='lat' dir='ltr'><strong>abbas</strong></span> <span class='ocrx_word' id='word_1_679' title='bbox 814 4967 971 5013; x_wconf 87' lang='lat' dir='ltr'><strong>vocat</strong></span> <span class='ocrx_word' id='word_1_680' title='bbox 989 4955 1402 5032; x_wconf 78' lang='lat' dir='ltr'><strong>continentiam)</strong></span> <span class='ocrx_word' id='word_1_681' title='bbox 1422 4964 1700 5016; x_wconf 88' lang='lat' dir='ltr'><strong>mendacio</strong></span> <span class='ocrx_word' id='word_1_682' title='bbox 1730 4955 1982 5032; x_wconf 68' lang='lat' dir='ltr'><strong>celanda,</strong></span> <span class='ocrx_word' id='word_1_683' title='bbox 2006 4963 2106 5018; x_wconf 87' lang='lat' dir='ltr'><strong>sed</strong></span> 
     </span>
    </p>
   </div>
   <div class='ocr_carea' id='block_1_100' title="bbox 513 5026 2103 5104">
    <p class='ocr_par' dir='ltr' id='par_1_100' title="bbox 513 5026 2103 5104">
     <span class='ocr_line' id='line_1_102' title="bbox 513 5026 2103 5104; baseline 0.006 -25"><span class='ocrx_word' id='word_1_684' title='bbox 513 5026 598 5104; x_wconf 80' lang='lat' dir='ltr'><strong>vel</strong></span> <span class='ocrx_word' id='word_1_685' title='bbox 623 5028 839 5104; x_wconf 86' lang='lat' dir='ltr'><strong>silentio</strong></span> <span class='ocrx_word' id='word_1_686' title='bbox 858 5026 1453 5104; x_wconf 83' lang='lat' dir='ltr'><strong>aut_aliqua_verborum</strong></span> <span class='ocrx_word' id='word_1_687' title='bbox 1477 5033 1832 5102; x_wconf 86' lang='lat' dir='ltr'><strong>ambiguitate</strong></span> <span class='ocrx_word' id='word_1_688' title='bbox 1851 5026 2103 5104; x_wconf 77' lang='lat' dir='ltr'><strong>tegenda,</strong></span> 
     </span>
    </p>
   </div>
   <div class='ocr_carea' id='block_1_101' title="bbox 513 5097 2104 5174">
    <p class='ocr_par' dir='ltr' id='par_1_101' title="bbox 513 5097 2104 5174">
     <span class='ocr_line' id='line_1_103' title="bbox 513 5097 2104 5174; baseline 0.004 -22"><span class='ocrx_word' id='word_1_689' title='bbox 513 5097 621 5174; x_wconf 76' lang='lat' dir='ltr'><strong>vel,</strong></span> <span class='ocrx_word' id='word_1_690' title='bbox 658 5100 747 5153; x_wconf 92' lang='lat' dir='ltr'><strong>ubi</strong></span> <span class='ocrx_word' id='word_1_691' title='bbox 776 5100 1012 5174; x_wconf 77' lang='lat' dir='ltr'><strong>expedit,</strong></span> <span class='ocrx_word' id='word_1_692' title='bbox 1041 5097 1108 5155; x_wconf 82' lang='lat' dir='ltr'><strong>ad</strong></span> <span class='ocrx_word' id='word_1_693' title='bbox 1140 5099 1234 5156; x_wconf 90' lang='lat' dir='ltr'><strong>Dei</strong></span> <span class='ocrx_word' id='word_1_694' title='bbox 1275 5101 1526 5174; x_wconf 81' lang='lat' dir='ltr'><strong>gloriam,</strong></span> <span class='ocrx_word' id='word_1_695' title='bbox 1561 5097 1664 5160; x_wconf 75' lang='lat' dir='ltr'><strong>non</strong></span> <span class='ocrx_word' id='word_1_696' title='bbox 1713 5097 2008 5174; x_wconf 73' lang='lat' dir='ltr'><strong>propriam,</strong></span> <span class='ocrx_word' id='word_1_697' title='bbox 2043 5097 2104 5160; x_wconf 59' lang='lat' dir='ltr'><strong>lié</strong></span> 
     </span>
    </p>
   </div>
   <div class='ocr_carea' id='block_1_102' title="bbox 512 5167 2102 5246">
    <p class='ocr_par' dir='ltr' id='par_1_102' title="bbox 512 5167 2102 5246">
     <span class='ocr_line' id='line_1_104' title="bbox 512 5167 2102 5246; baseline 0.006 -24"><span class='ocrx_word' id='word_1_698' title='bbox 512 5167 644 5222; x_wconf 89' lang='lat' dir='ltr'><strong>bere</strong></span> <span class='ocrx_word' id='word_1_699' title='bbox 679 5167 980 5246; x_wconf 77' lang='lat' dir='ltr'><strong>profitenda</strong></span> <span class='ocrx_word' id='word_1_700' title='bbox 1011 5188 1024 5224; x_wconf 88' lang='lat'><strong>:</strong></span> <span class='ocrx_word' id='word_1_701' title='bbox 1054 5167 1320 5246; x_wconf 73' lang='lat' dir='ltr'><strong>quodqui</strong></span> <span class='ocrx_word' id='word_1_702' title='bbox 1367 5173 1518 5246; x_wconf 87' lang='lat' dir='ltr'><strong>facit,</strong></span> <span class='ocrx_word' id='word_1_703' title='bbox 1569 5191 1675 5229; x_wconf 91' lang='lat' dir='ltr'><strong>non</strong></span> <span class='ocrx_word' id='word_1_704' title='bbox 1708 5167 1891 5245; x_wconf 75' lang='lat' dir='ltr'><strong>utique</strong></span> <span class='ocrx_word' id='word_1_705' title='bbox 1923 5167 2102 5246; x_wconf 82' lang='lat' dir='ltr'><strong>perdit</strong></span> 
     </span>
    </p>
   </div>
   <div class='ocr_carea' id='block_1_103' title="bbox 509 5240 2104 5314">
    <p class='ocr_par' dir='ltr' id='par_1_103' title="bbox 509 5240 2104 5314">
     <span class='ocr_line' id='line_1_105' title="bbox 509 5240 2104 5314; baseline 0.006 -22"><span class='ocrx_word' id='word_1_706' title='bbox 509 5240 820 5296; x_wconf 89' lang='lat' dir='ltr'><strong>mercedem</strong></span> <span class='ocrx_word' id='word_1_707' title='bbox 869 5240 1160 5309; x_wconf 35' lang='lat' dir='ltr'><strong>suam,’ut</strong></span> <span class='ocrx_word' id='word_1_708' title='bbox 1201 5240 1289 5298; x_wconf 88' lang='lat' dir='ltr'><strong>hic</strong></span> <span class='ocrx_word' id='word_1_709' title='bbox 1336 5245 1480 5300; x_wconf 90' lang='lat' dir='ltr'><strong>male</strong></span> <span class='ocrx_word' id='word_1_710' title='bbox 1506 5240 1938 5314; x_wconf 53' lang='lat' dir='ltr'><strong>interpreta‘turf</strong></span> <span class='ocrx_word' id='word_1_711' title='bbox 1980 5249 2104 5302; x_wconf 83' lang='lat' dir='ltr'><strong>Vide</strong></span> 
     </span>
    </p>
   </div>
   <div class='ocr_carea' id='block_1_104' title="bbox 509 5315 1092 5362">
    <p class='ocr_par' dir='ltr' id='par_1_104' title="bbox 509 5315 1092 5362">
     <span class='ocr_line' id='line_1_106' title="bbox 509 5315 1092 5362; baseline 0 0"><span class='ocrx_word' id='word_1_712' title='bbox 509 5323 830 5362; x_wconf 75' lang='lat' dir='ltr'><strong>seauenlem</strong></span> <span class='ocrx_word' id='word_1_713' title='bbox 855 5315 1092 5362; x_wconf 74' lang='lat' dir='ltr'><strong>annulati</strong></span> 
     </span>
    </p>
   </div>
   <div class='ocr_carea' id='block_1_105' title="bbox 538 5323 2110 5464">
    <p class='ocr_par' dir='ltr' id='par_1_105' title="bbox 538 5323 2110 5464">
     <span class='ocr_line' id='line_1_107' title="bbox 538 5323 1284 5380; baseline 0.007 -15"><span class='ocrx_word' id='word_1_714' title='bbox 538 5323 830 5380; x_wconf 85' lang='lat' dir='ltr'><strong>equentem</strong></span> <span class='ocrx_word' id='word_1_715' title='bbox 855 5323 1284 5370; x_wconf 85' lang='lat' dir='ltr'><strong>annotationem.</strong></span> 
     </span>
     <span class='ocr_line' id='line_1_108' title="bbox 572 5380 2110 5464; baseline 0.005 -28"><span class='ocrx_word' id='word_1_716' title='bbox 572 5380 608 5464; x_wconf 46' lang='grc' dir='ltr'><strong>,ις</strong></span> <span class='ocrx_word' id='word_1_717' title='bbox 650 5381 774 5438; x_wconf 83' lang='lat' dir='ltr'><strong>Non</strong></span> <span class='ocrx_word' id='word_1_718' title='bbox 799 5385 874 5439; x_wconf 89' lang='lat' dir='ltr'><strong>ita</strong></span> <span class='ocrx_word' id='word_1_719' title='bbox 900 5394 1092 5464; x_wconf 60' lang='lat' dir='ltr'><strong>tomen,</strong></span> <span class='ocrx_word' id='word_1_720' title='bbox 1111 5394 1173 5464; x_wconf 78' lang='lat' dir='ltr'><strong>ut</strong></span> <span class='ocrx_word' id='word_1_721' title='bbox 1200 5387 1325 5464; x_wconf 81' lang='lat' dir='ltr'><strong>dum</strong></span> <span class='ocrx_word' id='word_1_722' title='bbox 1347 5399 1552 5464; x_wconf 67' lang='lat' dir='ltr'><strong>cavetur</strong></span> <span class='ocrx_word' id='word_1_723' title='bbox 1577 5389 1899 5464; x_wconf 59' lang='lat' dir='ltr'><strong>arrogantia,</strong></span> <span class='ocrx_word' id='word_1_724' title='bbox 1923 5389 2110 5464; x_wconf 60' lang='lat' dir='ltr'><strong>ueritas</strong></span> 
     </span>
    </p>
   </div>
   <div class='ocr_carea' id='block_1_106' title="bbox 508 5451 2103 5532">
    <p class='ocr_par' dir='ltr' id='par_1_106' title="bbox 508 5451 2103 5532">
     <span class='ocr_line' id='line_1_109' title="bbox 508 5451 2103 5532; baseline 0.008 -28"><span class='ocrx_word' id='word_1_725' title='bbox 508 5451 854 5532; x_wconf 40' lang='lat' dir='ltr'><strong>relinquatur;</strong></span> <span class='ocrx_word' id='word_1_726' title='bbox 893 5457 971 5532; x_wconf 68' lang='lat' dir='ltr'><strong>ait</strong></span> <span class='ocrx_word' id='word_1_727' title='bbox 998 5451 1428 5532; x_wconf 17' lang='lat' dir='ltr'><strong>D_.’Augustinus</strong></span> <span class='ocrx_word' id='word_1_728' title='bbox 1465 5451 1786 5532; x_wconf 29' lang='lat' dir='ltr'><strong>(Tractfﬂ</strong></span> <span class='ocrx_word' id='word_1_729' title='bbox 1822 5451 2103 5516; x_wconf 80' lang='lat' dir='ltr'><strong>inloann.</strong></span> 
     </span>
    </p>
   </div>
   <div class='ocr_carea' id='block_1_107' title="bbox 508 5526 2110 5607">
    <p class='ocr_par' dir='ltr' id='par_1_107' title="bbox 508 5526 2110 5607">
     <span class='ocr_line' id='line_1_110' title="bbox 508 5526 2110 5607; baseline 0.008 -32"><span class='ocrx_word' id='word_1_730' title='bbox 508 5528 765 5607; x_wconf 47' lang='lat' dir='ltr'><strong>canuit).</strong></span> <span class='ocrx_word' id='word_1_731' title='bbox 808 5526 878 5607; x_wconf 85' lang='lat' dir='ltr'><strong>Et</strong></span> <span class='ocrx_word' id='word_1_732' title='bbox 913 5527 974 5581; x_wconf 85' lang='grc' dir='ltr'><strong>Ι).</strong></span> <span class='ocrx_word' id='word_1_733' title='bbox 1003 5526 1316 5607; x_wconf 83' lang='lat' dir='ltr'><strong>_Gregorit_ts</strong></span> <span class='ocrx_word' id='word_1_734' title='bbox 1351 5526 1492 5607; x_wconf 49' lang='grc' dir='ltr'><strong>μιγῇ</strong></span> <span class='ocrx_word' id='word_1_735' title='bbox 1538 5531 1820 5587; x_wconf 81' lang='lat' dir='ltr'><strong>Moralium</strong></span> <span class='ocrx_word' id='word_1_736' title='bbox 1850 5550 1864 5586; x_wconf 88' lang='lat'>:</span> <span class='ocrx_word' id='word_1_737' title='bbox 1892 5533 2110 5588; x_wconf 85' lang='lat' dir='ltr'><strong>Incaute</strong></span> 
     </span>
    </p>
   </div>
   <div class='ocr_carea' id='block_1_108' title="bbox 509 5592 2110 5678">
    <p class='ocr_par' dir='ltr' id='par_1_108' title="bbox 509 5592 2110 5678">
     <span class='ocr_line' id='line_1_111' title="bbox 509 5592 2110 5678; baseline 0.008 -31"><span class='ocrx_word' id='word_1_738' title='bbox 509 5592 732 5678; x_wconf 74' lang='lat' dir='ltr'><strong>humiles</strong></span> <span class='ocrx_word' id='word_1_739' title='bbox 759 5604 901 5678; x_wconf 79' lang='lat' dir='ltr'><strong>sunt,</strong></span> <span class='ocrx_word' id='word_1_740' title='bbox 1043 5616 1102 5654; x_wconf 92' lang='lat' dir='ltr'><strong>se</strong></span> <span class='ocrx_word' id='word_1_741' title='bbox 1132 5592 1394 5678; x_wconf 71' lang='lat' dir='ltr'><strong>mendacio</strong></span> <span class='ocrx_word' id='word_1_742' title='bbox 1425 5604 1714 5678; x_wconf 78' lang='lat' dir='ltr'><strong>illaqueant</strong></span> <span class='ocrx_word' id='word_1_743' title='bbox 1735 5646 1749 5667; x_wconf 88' lang='lat'><strong>,</strong></span> <span class='ocrx_word' id='word_1_744' title='bbox 1793 5609 1929 5678; x_wconf 72' lang='lat' dir='ltr'><strong>dum</strong></span> <span class='ocrx_word' id='word_1_745' title='bbox 1963 5621 2110 5660; x_wconf 88' lang='lat' dir='ltr'><strong>arro-</strong></span> 
     </span>
    </p>
   </div>
   <div class='ocr_carea' id='block_1_109' title="bbox 511 5671 2111 5752">
    <p class='ocr_par' dir='ltr' id='par_1_109' title="bbox 511 5671 2111 5752">
     <span class='ocr_line' id='line_1_112' title="bbox 511 5671 2111 5752; baseline 0.008 -35"><span class='ocrx_word' id='word_1_746' title='bbox 511 5671 749 5752; x_wconf 55' lang='lat' dir='ltr'><strong>gantiam</strong></span> <span class='ocrx_word' id='word_1_747' title='bbox 773 5671 932 5724; x_wconf 77' lang='lat' dir='ltr'><strong>vitant</strong></span> <span class='ocrx_word' id='word_1_748' title='bbox 959 5687 977 5723; x_wconf 90' lang='lat'><strong><em>:</em></strong></span> <span class='ocrx_word' id='word_1_749' title='bbox 1001 5671 1156 5752; x_wconf 78' lang='lat' dir='ltr'><strong>immo</strong></span> <span class='ocrx_word' id='word_1_750' title='bbox 1177 5674 1465 5730; x_wconf 85' lang='lat' dir='ltr'><strong>mentiendo</strong></span> <span class='ocrx_word' id='word_1_751' title='bbox 1493 5671 1812 5752; x_wconf 79' lang='lat' dir='ltr'><strong>superbiant,</strong></span> <span class='ocrx_word' id='word_1_752' title='bbox 1844 5676 1964 5752; x_wconf 81' lang='lat' dir='ltr'><strong>quia</strong></span> <span class='ocrx_word' id='word_1_753' title='bbox 1987 5692 2111 5752; x_wconf 84' lang='lat' dir='ltr'><strong>con-</strong></span> 
     </span>
    </p>
   </div>
   <div class='ocr_carea' id='block_1_110' title="bbox 512 5743 2112 5815">
    <p class='ocr_par' dir='ltr' id='par_1_110' title="bbox 512 5743 2112 5815">
     <span class='ocr_line' id='line_1_113' title="bbox 512 5743 2112 5815; baseline 0.008 -24"><span class='ocrx_word' id='word_1_754' title='bbox 512 5743 595 5792; x_wconf 75' lang='lat' dir='ltr'><strong>tra</strong></span> <span class='ocrx_word' id='word_1_755' title='bbox 625 5743 885 5798; x_wconf 75' lang='lat' dir='ltr'><strong>veritatem</strong></span> <span class='ocrx_word' id='word_1_756' title='bbox 923 5757 979 5798; x_wconf 88' lang='lat' dir='ltr'><strong>se</strong></span> <span class='ocrx_word' id='word_1_757' title='bbox 1018 5743 1241 5813; x_wconf 76' lang='lat' dir='ltr'><strong>erigunt,</strong></span> <span class='ocrx_word' id='word_1_758' title='bbox 1291 5760 1450 5814; x_wconf 82' lang='lat' dir='ltr'><strong>quam</strong></span> <span class='ocrx_word' id='word_1_759' title='bbox 1493 5743 1806 5815; x_wconf 79' lang='lat' dir='ltr'><strong>relinquunt.</strong></span> <span class='ocrx_word' id='word_1_760' title='bbox 1843 5749 1946 5813; x_wconf 77' lang='lat' dir='ltr'><strong>Qui</strong></span> <span class='ocrx_word' id='word_1_761' title='bbox 1973 5751 2112 5804; x_wconf 84' lang='lat' dir='ltr'><strong>enim</strong></span> 
     </span>
    </p>
   </div>
   <div class='ocr_carea' id='block_1_111' title="bbox 2281 4747 3805 4814">
    <p class='ocr_par' dir='ltr' id='par_1_111' title="bbox 2281 4747 3805 4814">
     <span class='ocr_line' id='line_1_114' title="bbox 2281 4747 3805 4814; baseline 0.002 -12"><span class='ocrx_word' id='word_1_762' title='bbox 2281 4761 2303 4787; x_wconf 81' lang='grc' dir='ltr'><strong><em>ο</em></strong></span> <span class='ocrx_word' id='word_1_763' title='bbox 2346 4748 2514 4804; x_wconf 87' lang='lat' dir='ltr'><strong>Immo</strong></span> <span class='ocrx_word' id='word_1_764' title='bbox 2541 4758 2728 4803; x_wconf 87' lang='lat' dir='ltr'><strong>contra</strong></span> <span class='ocrx_word' id='word_1_765' title='bbox 2757 4747 3032 4802; x_wconf 87' lang='lat' dir='ltr'><strong>fatendum</strong></span> <span class='ocrx_word' id='word_1_766' title='bbox 3060 4757 3143 4802; x_wconf 91' lang='lat' dir='ltr'><strong>est</strong></span> <span class='ocrx_word' id='word_1_767' title='bbox 3165 4762 3454 4814; x_wconf 87' lang='lat' dir='ltr'><strong>numquam</strong></span> <span class='ocrx_word' id='word_1_768' title='bbox 3489 4748 3805 4805; x_wconf 86' lang='lat' dir='ltr'><strong>inevitabile</strong></span> 
     </span>
    </p>
   </div>
   <div class='ocr_carea' id='block_1_112' title="bbox 2209 4818 3801 4876">
    <p class='ocr_par' dir='ltr' id='par_1_112' title="bbox 2209 4818 3801 4876">
     <span class='ocr_line' id='line_1_115' title="bbox 2209 4818 3801 4876; baseline 0 -1"><span class='ocrx_word' id='word_1_769' title='bbox 2209 4834 2331 4876; x_wconf 85' lang='lat' dir='ltr'><strong>esse</strong></span> <span class='ocrx_word' id='word_1_770' title='bbox 2372 4820 2732 4874; x_wconf 90' lang='lat' dir='ltr'><strong>mendacium.</strong></span> <span class='ocrx_word' id='word_1_771' title='bbox 2761 4822 2843 4873; x_wconf 87' lang='lat' dir='ltr'><strong>0b</strong></span> <span class='ocrx_word' id='word_1_772' title='bbox 2874 4820 2969 4874; x_wconf 88' lang='lat' dir='ltr'><strong>has</strong></span> <span class='ocrx_word' id='word_1_773' title='bbox 3000 4835 3132 4874; x_wconf 86' lang='lat' dir='ltr'><strong>vero</strong></span> <span class='ocrx_word' id='word_1_774' title='bbox 3173 4828 3224 4871; x_wconf 90' lang='lat' dir='ltr'><strong>et</strong></span> <span class='ocrx_word' id='word_1_775' title='bbox 3253 4818 3462 4874; x_wconf 89' lang='lat' dir='ltr'><strong>similes</strong></span> <span class='ocrx_word' id='word_1_776' title='bbox 3491 4823 3801 4875; x_wconf 85' lang='lat' dir='ltr'><strong>sententias</strong></span> 
     </span>
    </p>
   </div>
   <div class='ocr_carea' id='block_1_113' title="bbox 2209 4889 3803 4961">
    <p class='ocr_par' dir='ltr' id='par_1_113' title="bbox 2209 4889 3803 4961">
     <span class='ocr_line' id='line_1_116' title="bbox 2209 4889 3803 4961; baseline -0.001 -15"><span class='ocrx_word' id='word_1_777' title='bbox 2209 4907 2463 4946; x_wconf 79' lang='lat' dir='ltr'><strong>erroneus</strong></span> <span class='ocrx_word' id='word_1_778' title='bbox 2490 4900 2545 4944; x_wconf 94' lang='lat' dir='ltr'><strong>et</strong></span> <span class='ocrx_word' id='word_1_779' title='bbox 2575 4892 2875 4959; x_wconf 83' lang='lat' dir='ltr'><strong>paradoxas</strong></span> <span class='ocrx_word' id='word_1_780' title='bbox 2904 4893 2956 4944; x_wconf 93' lang='lat' dir='ltr'><strong>in</strong></span> <span class='ocrx_word' id='word_1_781' title='bbox 2986 4893 3084 4945; x_wconf 83' lang='lat' dir='ltr'><strong>hac</strong></span> <span class='ocrx_word' id='word_1_782' title='bbox 3108 4889 3398 4961; x_wconf 82' lang='lat' dir='ltr'><strong>collatione</strong></span> <span class='ocrx_word' id='word_1_783' title='bbox 3427 4906 3647 4957; x_wconf 87' lang='lat' dir='ltr'><strong>sparsas</strong></span> <span class='ocrx_word' id='word_1_784' title='bbox 3674 4893 3803 4961; x_wconf 81' lang='lat' dir='ltr'><strong>lego</strong></span> 
     </span>
    </p>
   </div>
   <div class='ocr_carea' id='block_1_114' title="bbox 2210 4960 3805 5033">
    <p class='ocr_par' dir='ltr' id='par_1_114' title="bbox 2210 4960 3805 5033">
     <span class='ocr_line' id='line_1_117' title="bbox 2210 4960 3805 5033; baseline 0 -17"><span class='ocrx_word' id='word_1_785' title='bbox 2210 4963 2408 5016; x_wconf 91' lang='lat' dir='ltr'><strong>alicubi</strong></span> <span class='ocrx_word' id='word_1_786' title='bbox 2442 4962 2548 5033; x_wconf 89' lang='lat' dir='ltr'><strong>(In</strong></span> <span class='ocrx_word' id='word_1_787' title='bbox 2572 4972 2670 5014; x_wconf 80' lang='lat' dir='ltr'><strong>vet.</strong></span> <span class='ocrx_word' id='word_1_788' title='bbox 2703 4963 2820 5015; x_wconf 89' lang='lat' dir='ltr'><strong>cod.</strong></span> <span class='ocrx_word' id='word_1_789' title='bbox 2853 4965 3012 5027; x_wconf 86' lang='lat' dir='ltr'><strong>mss.)</strong></span> <span class='ocrx_word' id='word_1_790' title='bbox 3044 4961 3182 5033; x_wconf 84' lang='lat' dir='ltr'><strong>hanc</strong></span> <span class='ocrx_word' id='word_1_791' title='bbox 3211 4960 3555 5014; x_wconf 87' lang='lat' dir='ltr'><strong>collationem</strong></span> <span class='ocrx_word' id='word_1_792' title='bbox 3585 4960 3805 5033; x_wconf 76' lang='lat' dir='ltr'><strong>abbatis</strong></span> 
     </span>
    </p>
   </div>
   <div class='ocr_carea' id='block_1_115' title="bbox 2211 5032 3801 5101">
    <p class='ocr_par' dir='ltr' id='par_1_115' title="bbox 2211 5032 3801 5101">
     <span class='ocr_line' id='line_1_118' title="bbox 2211 5032 3801 5101; baseline -0.001 -12"><span class='ocrx_word' id='word_1_793' title='bbox 2211 5033 2455 5101; x_wconf 85' lang='lat' dir='ltr'><strong>Josephi,</strong></span> <span class='ocrx_word' id='word_1_794' title='bbox 2487 5047 2588 5087; x_wconf 87' lang='lat' dir='ltr'><strong>una</strong></span> <span class='ocrx_word' id='word_1_795' title='bbox 2614 5048 2732 5086; x_wconf 82' lang='lat' dir='ltr'><strong>cum</strong></span> <span class='ocrx_word' id='word_1_796' title='bbox 2765 5033 3052 5087; x_wconf 86' lang='lat' dir='ltr'><strong>collatione</strong></span> <span class='ocrx_word' id='word_1_797' title='bbox 3081 5032 3289 5085; x_wconf 88' lang='lat' dir='ltr'><strong>decima</strong></span> <span class='ocrx_word' id='word_1_798' title='bbox 3322 5033 3699 5101; x_wconf 39' lang='lat' dir='ltr'><strong>tertiatquam</strong></span> <span class='ocrx_word' id='word_1_799' title='bbox 3733 5032 3801 5087; x_wconf 86' lang='grc' dir='ltr'><strong>Ι).</strong></span> 
     </span>
    </p>
   </div>
   <div class='ocr_carea' id='block_1_116' title="bbox 2213 5100 3802 5174">
    <p class='ocr_par' dir='ltr' id='par_1_116' title="bbox 2213 5100 3802 5174">
     <span class='ocr_line' id='line_1_119' title="bbox 2213 5100 3802 5174; baseline 0 -16"><span class='ocrx_word' id='word_1_800' title='bbox 2213 5100 2442 5174; x_wconf 89' lang='lat' dir='ltr'><strong>Prosper</strong></span> <span class='ocrx_word' id='word_1_801' title='bbox 2466 5105 2814 5174; x_wconf 89' lang='lat' dir='ltr'><strong>impugnavit,</strong></span> <span class='ocrx_word' id='word_1_802' title='bbox 2845 5119 2873 5156; x_wconf 84' lang='lat' dir='ltr'><strong>a</strong></span> <span class='ocrx_word' id='word_1_803' title='bbox 2901 5102 3152 5158; x_wconf 88' lang='lat' dir='ltr'><strong>facultate</strong></span> <span class='ocrx_word' id='word_1_804' title='bbox 3179 5101 3477 5170; x_wconf 86' lang='lat' dir='ltr'><strong>theologica</strong></span> <span class='ocrx_word' id='word_1_805' title='bbox 3502 5100 3802 5158; x_wconf 88' lang='lat' dir='ltr'><strong>Parisiensi</strong></span> 
     </span>
    </p>
   </div>
   <div class='ocr_carea' id='block_1_117' title="bbox 2208 5176 3216 5244">
    <p class='ocr_par' dir='ltr' id='par_1_117' title="bbox 2208 5176 3216 5244">
     <span class='ocr_line' id='line_1_120' title="bbox 2208 5176 3216 5244; baseline -0.004 -14"><span class='ocrx_word' id='word_1_806' title='bbox 2208 5178 2374 5230; x_wconf 88' lang='lat' dir='ltr'><strong>fuisse</strong></span> <span class='ocrx_word' id='word_1_807' title='bbox 2395 5176 2702 5230; x_wconf 86' lang='lat' dir='ltr'><strong>damnatam</strong></span> <span class='ocrx_word' id='word_1_808' title='bbox 2735 5185 2894 5244; x_wconf 88' lang='lat' dir='ltr'><strong>atque</strong></span> <span class='ocrx_word' id='word_1_809' title='bbox 2919 5177 3216 5243; x_wconf 81' lang='lat' dir='ltr'><strong>cxpl0sam.</strong></span> 
     </span>
    </p>
   </div>
   <div class='ocr_carea' id='block_1_118' title="bbox 2279 5243 3801 5314">
    <p class='ocr_par' dir='ltr' id='par_1_118' title="bbox 2279 5243 3801 5314">
     <span class='ocr_line' id='line_1_121' title="bbox 2279 5243 3801 5314; baseline -0.003 -12"><span class='ocrx_word' id='word_1_810' title='bbox 2279 5245 2305 5284; x_wconf 74' lang='grc' dir='ltr'><em>ά</em></span> <span class='ocrx_word' id='word_1_811' title='bbox 2338 5247 2462 5311; x_wconf 90' lang='lat' dir='ltr'><strong>Ille,</strong></span> <span class='ocrx_word' id='word_1_812' title='bbox 2515 5248 2671 5312; x_wconf 89' lang='lat' dir='ltr'><strong>cujus</strong></span> <span class='ocrx_word' id='word_1_813' title='bbox 2715 5243 3060 5300; x_wconf 24' lang='lat' dir='ltr'><strong>est’collatio</strong></span> <span class='ocrx_word' id='word_1_814' title='bbox 3101 5261 3220 5314; x_wconf 74' lang='lat' dir='ltr'><strong>quae</strong></span> <span class='ocrx_word' id='word_1_815' title='bbox 3260 5243 3531 5314; x_wconf 89' lang='lat' dir='ltr'><strong>sequitur,</strong></span> <span class='ocrx_word' id='word_1_816' title='bbox 3587 5243 3801 5299; x_wconf 87' lang='lat' dir='ltr'><strong>decima</strong></span> 
     </span>
    </p>
   </div>
   <div class='ocr_carea' id='block_1_119' title="bbox 2210 5316 3802 5386">
    <p class='ocr_par' dir='ltr' id='par_1_119' title="bbox 2210 5316 3802 5386">
     <span class='ocr_line' id='line_1_122' title="bbox 2210 5316 3802 5386; baseline -0.001 -14"><span class='ocrx_word' id='word_1_817' title='bbox 2210 5332 2422 5383; x_wconf 88' lang='lat' dir='ltr'><strong>octava,</strong></span> <span class='ocrx_word' id='word_1_818' title='bbox 2446 5321 2512 5374; x_wconf 87' lang='lat' dir='ltr'><strong>de</strong></span> <span class='ocrx_word' id='word_1_819' title='bbox 2539 5319 2709 5372; x_wconf 84' lang='lat' dir='ltr'><strong>tribus</strong></span> <span class='ocrx_word' id='word_1_820' title='bbox 2730 5317 3020 5386; x_wconf 87' lang='lat' dir='ltr'><strong>generibus</strong></span> <span class='ocrx_word' id='word_1_821' title='bbox 3051 5316 3483 5370; x_wconf 86' lang='lat' dir='ltr'><strong>monachorum:</strong></span> <span class='ocrx_word' id='word_1_822' title='bbox 3519 5316 3604 5369; x_wconf 92' lang='lat' dir='ltr'><strong>ubi</strong></span> <span class='ocrx_word' id='word_1_823' title='bbox 3642 5317 3802 5384; x_wconf 81' lang='lat' dir='ltr'><strong>plura</strong></span> 
     </span>
    </p>
   </div>
   <div class='ocr_carea' id='block_1_120' title="bbox 2212 5391 2777 5447">
    <p class='ocr_par' dir='ltr' id='par_1_120' title="bbox 2212 5391 2777 5447">
     <span class='ocr_line' id='line_1_123' title="bbox 2212 5391 2777 5447; baseline 0 -3"><span class='ocrx_word' id='word_1_824' title='bbox 2212 5392 2280 5446; x_wconf 87' lang='lat' dir='ltr'><strong>de</strong></span> <span class='ocrx_word' id='word_1_825' title='bbox 2304 5391 2493 5447; x_wconf 85' lang='lat' dir='ltr'><strong>eodem</strong></span> <span class='ocrx_word' id='word_1_826' title='bbox 2518 5391 2777 5445; x_wconf 80' lang='lat' dir='ltr'><strong>nutanda.</strong></span> 
     </span>
    </p>
   </div>
   <div class='ocr_carea' id='block_1_121' title="bbox 2286 5457 3804 5532">
    <p class='ocr_par' dir='ltr' id='par_1_121' title="bbox 2286 5457 3804 5532">
     <span class='ocr_line' id='line_1_124' title="bbox 2286 5457 3804 5532; baseline -0.005 -14"><span class='ocrx_word' id='word_1_827' title='bbox 2286 5472 2309 5498; x_wconf 86' lang='lat'><strong>°</strong></span> <span class='ocrx_word' id='word_1_828' title='bbox 2335 5463 2608 5517; x_wconf 81' lang='lat' dir='ltr'><strong>Frivolum</strong></span> <span class='ocrx_word' id='word_1_829' title='bbox 2633 5463 2792 5532; x_wconf 89' lang='lat' dir='ltr'><strong>plane</strong></span> <span class='ocrx_word' id='word_1_830' title='bbox 2820 5467 3220 5531; x_wconf 84' lang='lat' dir='ltr'><strong>argumentum,</strong></span> <span class='ocrx_word' id='word_1_831' title='bbox 3247 5466 3308 5514; x_wconf 91' lang='lat' dir='ltr'><strong>ut</strong></span> <span class='ocrx_word' id='word_1_832' title='bbox 3335 5459 3630 5532; x_wconf 12' lang='lat' dir='ltr'><strong>meritorait</strong></span> <span class='ocrx_word' id='word_1_833' title='bbox 3655 5457 3804 5532; x_wconf 81' lang='lat' dir='ltr'><strong>Cuy.</strong></span> 
     </span>
    </p>
   </div>
   <div class='ocr_carea' id='block_1_122' title="bbox 2213 5531 3806 5599">
    <p class='ocr_par' dir='ltr' id='par_1_122' title="bbox 2213 5531 3806 5599">
     <span class='ocr_line' id='line_1_125' title="bbox 2213 5531 3806 5599; baseline -0.001 -11"><span class='ocrx_word' id='word_1_834' title='bbox 2213 5533 2385 5588; x_wconf 86' lang='lat' dir='ltr'><strong>chius.</strong></span> <span class='ocrx_word' id='word_1_835' title='bbox 2416 5535 2546 5599; x_wconf 82' lang='lat' dir='ltr'><strong>Quis</strong></span> <span class='ocrx_word' id='word_1_836' title='bbox 2567 5536 2710 5586; x_wconf 90' lang='lat' dir='ltr'><strong>enim</strong></span> <span class='ocrx_word' id='word_1_837' title='bbox 2742 5533 2950 5587; x_wconf 78' lang='lat' dir='ltr'><strong>dixerit</strong></span> <span class='ocrx_word' id='word_1_838' title='bbox 2979 5533 3197 5586; x_wconf 88' lang='lat' dir='ltr'><strong>tnentiri</strong></span> <span class='ocrx_word' id='word_1_839' title='bbox 3235 5547 3357 5586; x_wconf 89' lang='lat' dir='ltr'><strong>eum</strong></span> <span class='ocrx_word' id='word_1_840' title='bbox 3400 5532 3488 5599; x_wconf 88' lang='lat' dir='ltr'><strong>qui</strong></span> <span class='ocrx_word' id='word_1_841' title='bbox 3519 5531 3587 5584; x_wconf 92' lang='lat' dir='ltr'><strong>de</strong></span> <span class='ocrx_word' id='word_1_842' title='bbox 3622 5545 3684 5586; x_wconf 84' lang='lat' dir='ltr'><strong>se</strong></span> <span class='ocrx_word' id='word_1_843' title='bbox 3716 5531 3806 5586; x_wconf 79' lang='lat' dir='ltr'><strong>lo-</strong></span> 
     </span>
    </p>
   </div>
   <div class='ocr_carea' id='block_1_123' title="bbox 2217 5603 3806 5672">
    <p class='ocr_par' dir='ltr' id='par_1_123' title="bbox 2217 5603 3806 5672">
     <span class='ocr_line' id='line_1_126' title="bbox 2217 5603 3806 5672; baseline 0 -14"><span class='ocrx_word' id='word_1_844' title='bbox 2217 5608 2400 5672; x_wconf 81' lang='lat' dir='ltr'><strong>quitur</strong></span> <span class='ocrx_word' id='word_1_845' title='bbox 2444 5604 2496 5657; x_wconf 93' lang='lat' dir='ltr'><strong>in</strong></span> <span class='ocrx_word' id='word_1_846' title='bbox 2532 5605 2684 5658; x_wconf 85' lang='lat' dir='ltr'><strong>tertia</strong></span> <span class='ocrx_word' id='word_1_847' title='bbox 2740 5619 2992 5671; x_wconf 83' lang='lat' dir='ltr'><strong>persona.</strong></span> <span class='ocrx_word' id='word_1_848' title='bbox 3044 5605 3086 5657; x_wconf 92' lang='lat' dir='ltr'><strong>si</strong></span> <span class='ocrx_word' id='word_1_849' title='bbox 3122 5604 3253 5657; x_wconf 86' lang='lat' dir='ltr'><strong>nihil</strong></span> <span class='ocrx_word' id='word_1_850' title='bbox 3307 5603 3423 5656; x_wconf 84' lang='lat' dir='ltr'><strong>falsi</strong></span> <span class='ocrx_word' id='word_1_851' title='bbox 3463 5603 3806 5672; x_wconf 77' lang='lat' dir='ltr'><strong>admisceat?</strong></span> 
     </span>
    </p>
   </div>
   <div class='ocr_carea' id='block_1_124' title="bbox 2220 5671 3808 5742">
    <p class='ocr_par' dir='ltr' id='par_1_124' title="bbox 2220 5671 3808 5742">
     <span class='ocr_line' id='line_1_127' title="bbox 2220 5671 3808 5742; baseline 0 -12"><span class='ocrx_word' id='word_1_852' title='bbox 2220 5671 2359 5742; x_wconf 72' lang='lat' dir='ltr'><strong>Ergo</strong></span> <span class='ocrx_word' id='word_1_853' title='bbox 2399 5675 2656 5729; x_wconf 77' lang='lat' dir='ltr'><strong>mentitas</strong></span> <span class='ocrx_word' id='word_1_854' title='bbox 2697 5686 2779 5728; x_wconf 85' lang='lat' dir='ltr'><strong>est</strong></span> <span class='ocrx_word' id='word_1_855' title='bbox 2809 5677 3089 5738; x_wconf 73' lang='lat' dir='ltr'><strong>Christus,</strong></span> <span class='ocrx_word' id='word_1_856' title='bbox 3134 5676 3350 5741; x_wconf 82' lang='lat' dir='ltr'><strong>quando</strong></span> <span class='ocrx_word' id='word_1_857' title='bbox 3391 5675 3525 5728; x_wconf 80' lang='lat' dir='ltr'><strong>dixit</strong></span> <span class='ocrx_word' id='word_1_858' title='bbox 3558 5690 3571 5726; x_wconf 88' lang='lat'><strong>:</strong></span> <span class='ocrx_word' id='word_1_859' title='bbox 3623 5671 3808 5730; x_wconf 83' lang='lat' dir='ltr'><strong>Filius</strong></span> 
     </span>
    </p>
   </div>
   <div class='ocr_carea' id='block_1_125' title="bbox 2219 5747 3806 5817">
    <p class='ocr_par' dir='ltr' id='par_1_125' title="bbox 2219 5747 3806 5817">
     <span class='ocr_line' id='line_1_128' title="bbox 2219 5747 3806 5817; baseline 0 -14"><span class='ocrx_word' id='word_1_860' title='bbox 2219 5748 2435 5803; x_wconf 83' lang='lat' dir='ltr'><strong>hominis</strong></span> <span class='ocrx_word' id='word_1_861' title='bbox 2475 5747 2710 5801; x_wconf 80' lang='lat' dir='ltr'><strong>tradetur</strong></span> <span class='ocrx_word' id='word_1_862' title='bbox 2744 5749 2978 5817; x_wconf 83' lang='lat' dir='ltr'><strong>gentibus</strong></span> <span class='ocrx_word' id='word_1_863' title='bbox 2997 5749 3066 5802; x_wconf 86' lang='lat' dir='ltr'><strong>ad</strong></span> <span class='ocrx_word' id='word_1_864' title='bbox 3093 5747 3418 5803; x_wconf 74' lang='lat' dir='ltr'><strong>illudendum</strong></span> <span class='ocrx_word' id='word_1_865' title='bbox 3446 5758 3495 5801; x_wconf 88' lang='lat' dir='ltr'><strong>et</strong></span> <span class='ocrx_word' id='word_1_866' title='bbox 3511 5747 3806 5817; x_wconf 81' lang='lat' dir='ltr'><strong>ﬂagellan-</strong></span> 
     </span>
    </p>
   </div>
  </div>
