4072 6324
339 177 476 236 107⁸1

1361 171 1705 230 COLLATIO
1742 172 1909 230 XVII.
1940 205 2014 219 —
2040 177 2127 231 DE
2166 173 2598 231 DEFIMENDO.

3497 183 3635 243 1078

338 293 424 350 his
451 291 702 363 judicare
731 289 1110 345 mendacium?
1141 289 1315 360 Atque
1351 289 1553 344 utinam
1597 304 1698 344 nos
1725 303 1939 359 quoque
1966 299 2020 362 Α
2045 306 2136 361 per
2164 291 2379 344 salutem
2423 289 2740 356 Pharaonis,
2765 289 3122 361 exploratores
3148 293 3270 347 estis
3290 290 3443 363 (Gen.
3479 306 3634 370 xui).

342 386 566 457 dignum
617 385 817 455 aliquid
867 383 1193 439 haberemus
1219 384 1362 454 quod
1409 385 1476 439 ad
1515 384 1845 440 incitandam
1877 383 1942 438 fi-

343 479 464 534 dem
521 478 747 548 proponi
798 477 1105 546 junioribus
1151 478 1370 546 posset?
1419 477 1666 549 profecto
1715 476 1942 534 minime

342 586 661 628 vereremur
711 571 1087 642 hujuscemodi
1138 571 1354 626 illorum
1405 572 1660 642 ﬁgmenta
1715 571 1937 627 sectari.

344 665 568 720 ltectius
602 665 747 720 enim
799 672 886 719 est
921 664 1022 720 sub
1063 664 1184 720 talis
1231 664 1415 735 figurae
1457 666 1644 722 colore
1694 666 1937 736 mentiri,

345 772 508 827 quam
539 771 637 826 pro
665 758 1009 812 Observantia
1043 756 1438 814 irrationabilis
1482 758 1640 814 istius
1670 759 1938 825 veritatis,

343 861 435 905 aut
462 865 529 906 ea
554 865 677 920 qua:
703 849 985 906 audientes
1010 850 1275 905 :ediiicare
1301 858 1612 920 potuerant,
1645 852 1941 921 incongrua

349 942 728 998 taciturnitate
768 952 1086 1014 contegere:
1139 949 1230 996 aut
1276 943 1320 996 si
1366 959 1433 998 ex
1479 951 1660 998 nostra
1709 957 1940 1012 persona

346 1035 623 1091 veraciter
672 1033 1039 1106 proferantur,
1092 1033 1414 1104 jactantiam
1462 1035 1639 1090 noxia:
1685 1035 1941 1092 vanitatis

345 1141 626 1183 enarrare.
655 1127 736 1182 Ad
765 1127 910 1198 quod
937 1127 1101 1183 etiam
1132 1142 1233 1182 nos
1264 1127 1581 1197 magisterio
1621 1143 1722 1183 suo
1749 1127 1943 1184 doctor

348 1220 591 1291 gentium
625 1220 904 1275 evidenter
951 1219 1206 1285 instituit,
1250 1220 1338 1290 qui
1386 1219 1778 1276 revelationum
1809 1235 1941 1275 sua-

347 1329 468 1368 rum
505 1313 931 1383 magnitudinem
965 1328 1029 1368 ex
1060 1313 1288 1369 alterius
1331 1314 1514 1369 maluit
1548 1313 1791 1384 proferre
1821 1330 1943 1385 per-

345 1419 502 1469 sona,
533 1405 721 1460 dicens
754 1424 767 1458 :
805 1406 928 1460 Scio
963 1405 1223 1460 hominem
1252 1407 1306 1460 in
1336 1402 1563 1474 Christo,
1610 1408 1714 1462 sive
1741 1408 1795 1462 in
1820 1423 1941 1462 cor-

343 1513 491 1568 pore,
521 1499 628 1553 sive
654 1508 801 1553 extra
840 1514 1028 1571 corpus
1060 1501 1256 1564 nescio,
1289 1498 1428 1555 Deus
1468 1502 1584 1570 scit,
1614 1511 1823 1570 raptum
1854 1518 1944 1556 us-

342 1606 441 1660 que
464 1590 537 1644 ad
563 1591 767 1644 tertium
791 1591 992 1658 (telum,
1019 1602 1067 1646 et
1091 1593 1199 1647 scio
1221 1593 1521 1664 hujusmodi
1541 1593 1797 1648 hominem
1819 1594 1942 1664 quia

2045 382 2103 438 Si
2133 384 2277 439 enim
2308 399 2414 440 non
2458 399 2554 438 eos
2588 385 2688 439 hoc
2719 386 3058 441 misericordi
3086 387 3374 442 mendacio
3401 390 3633 444 terruis~

2045 487 2150 543 set,
2179 493 2276 532 nec
2304 487 2514 548 patrem
2538 477 2870 550 fratremque
2896 482 3158 548 revisere,
3190 495 3293 536 nec
3320 497 3414 536 eos
3443 484 3494 536 in
3515 491 3635 536 tan-

2045 570 2115 625 tis
2135 571 2328 640 inopize
2349 571 2604 641 periculis
2626 573 2795 636 alere,
2818 590 2918 630 nec
2939 575 3331 630 conscientiam
3357 585 3637 646 postremo

2043 663 2274 719 fratrum
2301 680 2329 717 a
2352 673 2504 720 reatu
2531 665 2856 721 venditionis
2880 682 2992 722 suae
3017 682 3321 738 expurgare
3343 670 3634 735 potuisset.

2045 756 2164 812 Non
2202 772 2334 828 ergo
2371 768 2476 813 tam
2517 759 2947 829 reprehensibile
2984 759 3086 816 fuit
3130 769 3331 816 metum
3369 759 3636 814 fratribus

2044 849 2346 905 incussisse
2375 851 2678 919 mendacio,
2709 867 2872 922 quam
2903 863 3148 907 sanctum
3170 861 3332 920 atque
3361 851 3636 906 laudabile

2045 942 2333 996 occasione
2365 942 2470 996 licti
2511 943 2734 1012 periculi
2778 943 3023 1000 inimicos
3052 959 3116 998 ac
3146 943 3462 999 venditores
3503 956 3635 996 suos

2044 1033 2111 1088 ad
2137 1035 2429 1089 salutarem
2462 1035 2834 1103 pteuitentiam
2857 1038 3201 1106 compulisse.
3238 1035 3479 1106 Denique
3505 1050 3634 1090 cum

2045 1128 2376 1198 gravissimae
2419 1128 2842 1185 insimulationis
2881 1139 3205 1200 urgerentur
3250 1129 3485 1193 invidia,
3519 1144 3633 1184 non

2046 1221 2190 1277 illius
2217 1223 2359 1291 quod
2399 1221 2538 1278 falso
2573 1223 2953 1293 objiciebatur,
2996 1223 3091 1278 sed
3120 1222 3409 1278 anterioris
3441 1221 3635 1277 crimi-

2047 1318 2130 1372 uis
2157 1318 2490 1372 conscientia
2520 1316 2928 1387 frangebantur,
2967 1318 3209 1373 dicentes
3247 1316 3313 1371 ad
3346 1317 3581 1372 invicem
3613 1335 3628 1369 :

2047 1408 2236 1465 Merito
2262 1411 2371 1464 haec
2403 1411 2652 1481 patimur,
2688 1411 2811 1480 quia
2851 1410 3166 1479 peccauimus
3202 1410 3256 1462 in
3298 1409 3513 1480 fratrem
3540 1422 3636 1459 no-

2044 1512 2231 1571 strum,
2259 1507 2381 1571 quia
2403 1503 2729 1575 despeximus
2752 1503 3132 1557 tribulationem
3152 1504 3337 1558 animat
3358 1505 3493 1575 ejus,
3518 1517 3636 1554 cum

2046 1605 2253 1668 rogaret
2285 1614 2378 1651 nos
2405 1606 2454 1651 et
2493 1614 2594 1650 non
2626 1597 2918 1651 audivimus
2941 1614 3056 1651 eum
3080 1614 3100 1651 :
3129 1605 3340 1667 propter
3364 1595 3466 1650 hoc
3499 1595 3637 1649 venit

343 1695 528 1756 raptus
551 1694 627 1738 est
657 1686 710 1738 in
756 1685 1077 1753 paradisum,
1105 1696 1155 1740 et
1180 1687 1379 1740 audivit
1418 1685 1706 1754 inelfabilia
1743 1689 1897 1744 verba
1920 1730 1938 1757 ,
1968 1684 2018 1744 B
2046 1690 2192 1744 nobis
2219 1691 2384 1744 omnis
2415 1689 2680 1744 tribulatio
2709 1691 2815 1745 haec
2845 1687 3059 1762 (Ibid.).
3102 1690 3231 1758 Quae
3257 1688 3474 1760 quidem
3501 1701 3638 1742 conc

345 1792 462 1846 que
489 1793 593 1831 non
623 1777 740 1831 licet
772 1778 967 1830 homini
994 1778 1134 1848 loqui
1162 1781 1178 1846 (
1207 1778 1248 1832 ll
1280 1778 1400 1834 Cor.
1431 1779 1558 1849 xtl).

897 1892 1127 1951 CAPUT
1167 1894 1334 1950 XXV.

347 1986 670 2043 Testimonia
724 1989 1141 2116 Scripturarumb
1178 1992 1241 2046 de
1291 1992 1620 2046 commutatis
1679 1992 1943 2062 deﬁnitio-

1056 2079 1106 2116 ni
1148 2079 1222 2116 us.

1056 2079 1222 2116 1120118.

419 2154 762 2226 impossibile
813 2156 972 2212 nobis
1019 2167 1104 2212 est
1135 2156 1375 2212 breviter
1422 2157 1674 2213 universa
1710 2174 1940 2228 percur-

347 2265 494 2306 rere.
539 2251 674 2317 Quis
705 2251 908 2306 etenim
942 2267 1270 2307 enumerare
1307 2251 1547 2308 sufﬂciat
1585 2268 1774 2308 omnes
1816 2270 1941 2323 pro-

344 2345 640 2415 pemodum
702 2345 1041 2414 patriarchas
1101 2354 1427 2418 sanctosque
1479 2348 1940 2415 innumerabiles,

345 2439 480 2494 alios
512 2455 612 2510 pro
641 2440 767 2493 vitae
800 2443 1090 2506 tutamine,
1119 2440 1258 2495 alios
1291 2457 1387 2510 pro
1419 2441 1817 2497 benedictionis
1846 2442 1944 2498 de-

344 2533 572 2599 siderio,
629 2533 766 2589 alios
814 2550 912 2604 pro
953 2534 1183 2605 alicujus
1231 2534 1607 2591 occultatione
1657 2537 1936 2606 mysterii,

345 2626 485 2681 alios
517 2641 616 2696 pro
645 2628 764 2681 zelo
790 2627 905 2694 Dei,
929 2626 1068 2681 alios
1099 2642 1200 2697 pro
1234 2628 1637 2683 examinatione
1667 2629 1936 2697 veritatis,

350 2728 374 2754 ⁸
408 2721 774 2790 patrocinium
807 2719 889 2792 (ut
930 2720 1000 2773 ita
1033 2719 1292 2790 dixerim)
1318 2719 1683 2791 assumpsisse
1719 2720 1941 2776 menda-

344 2811 446 2866 cii?
483 2811 616 2880 Quae
651 2813 791 2867 sicut
829 2812 1141 2868 enumerari
1185 2823 1380 2868 cuncta
1413 2830 1518 2868 non
1564 2819 1820 2884 possunt,
1865 2815 1941 2869 ita

346 2907 687 2975 praetermitti
717 2908 932 2975 penitus
958 2907 1207 2960 universa
1242 2922 1349 2961 non
1393 2907 1612 2964 debent.
1648 2909 1780 2963 Nam
1808 2909 1939 2964 bea-

347 3007 458 3053 tum
482 2997 688 3068 Joseph
720 2999 893 3068 pietas
917 2999 1196 3069 compulit,
1233 3007 1292 3054 ut
1321 2999 1512 3054 falsum
1546 2999 1811 3056 fratribus
1833 3006 1940 3056 cri-

346 3107 471 3146 men
499 3092 660 3146 etiam
691 3106 812 3146 cum
845 3092 1216 3148 obtestatione
1253 3093 1416 3164 regia:
1445 3093 1639 3148 salutis
1676 3094 1942 3165 impinge-

343 3195 446 3251 ret,
493 3185 726 3240 dicens:
782 3184 810 3224 δ
840 3183 1211 3256 Exploratores
1249 3186 1393 3248 estis,
1447 3186 1740 3254 infirmiora
1791 3198 1941 3242 terra

341 3280 552 3333 venistis
581 3278 835 3346 inspicere
863 3277 1076 3348 (Geues.
1112 3280 1260 3347 xui).
1297 3277 1365 3332 Et
1399 3278 1536 3332 infra
1564 3295 1577 3330 :
1612 3276 1824 3343 Mittite,
1859 3279 1938 3333 itt-

341 3375 485 3446 quit,
531 3391 594 3428 ex
629 3374 810 3428 vestris
858 3390 1052 3439 unum;
1093 3381 1140 3427 et
1181 3372 1425 3426 adducite
1464 3373 1677 3443 fratrem
1717 3383 1940 3426 vestrum

345 3466 466 3536 huc,
502 3484 590 3522 vos
612 3476 784 3522 autent
808 3467 1170 3522 custodiemini
1191 3465 1297 3533 hic,
1323 3483 1484 3536 usque
1511 3466 1632 3520 dum
1661 3467 1942 3537 manifesta

344 3563 473 3632 [iant
491 3563 645 3618 verba
671 3573 860 3630 vestra,
877 3579 946 3616 an
971 3577 1143 3616 verum
1167 3560 1372 3625 dicatis,
1390 3577 1458 3614 an
1486 3577 1590 3614 non
1606 3561 1717 3614 :sin
1742 3569 1938 3626 autem,

1968 3070 2014 3137 C

2044 1780 2212 1838 fessio
2243 1796 2347 1837 non
2375 1783 2548 1837 solum
2581 1783 2719 1854 apud
2751 1782 3006 1849 fratrem,
3042 1784 3094 1837 in
3122 1797 3282 1853 quem
3314 1782 3476 1852 impia
3504 1795 3636 1836 cru-

2042 1873 2264 1929 delitate
2314 1886 2701 1944 peccaverant,
2746 1891 2931 1931 verum
2964 1877 3126 1930 etiam
3154 1874 3456 1930 humilitate
3486 1872 3638 1929 salu-

2042 1966 2279 2024 berrima
2315 1977 2522 2023 tantum
2556 1983 2742 2024 eorum
2777 1967 3011 2034 facinus,
3037 1979 3091 2023 ut
3122 1968 3417 2033 credimus,
3453 1965 3638 2036 expia-

2042 2063 2140 2118 vit.
2173 2073 2196 2102 ε
2224 2063 2361 2129 Quid
2392 2065 2672 2133 Salomon,
2698 2065 2788 2134 qui
2819 2072 3135 2133 perceptum
3161 2077 3191 2116 a
3219 2061 3333 2116 Deo
3357 2059 3640 2130 sapientiae

2044 2160 2246 2216 donum
2305 2161 2358 2214 in
2410 2164 2584 2229 primo
2609 2159 2818 2228 judicio
2857 2173 2959 2213 suo
2990 2173 3098 2212 non
3129 2157 3231 2211 nisi
3264 2155 3640 2224 assumptione

2047 2250 2310 2307 mendacii
2335 2251 2664 2307 declaravit?
2686 2251 2818 2304 Nam
2847 2262 2902 2303 ut
2927 2251 3212 2303 veritatem
3241 2263 3361 2318 quae
3392 2245 3638 2300 mulieris

2047 2346 2332 2402 mendacio
2350 2344 2632 2416 tegebatur
2652 2343 3018 2412 exsculperet,
3038 2341 3201 2396 etiam
3228 2342 3346 2410 ipse
3364 2337 3640 2394 mendacii

2046 2443 2232 2512 utique
2279 2441 2615 2496 astutissime
2659 2438 2949 2509 excogitati
3003 2438 3284 2506 usurpavit
3335 2434 3635 2499 auxilium,

2045 2535 2274 2590 dicens:
2306 2532 2503 2602 A/I'erte
2529 2532 2654 2586 mihi
2684 2529 2945 2602 gladium,
2977 2538 3023 2584 et
3045 2529 3255 2583 dividite
3281 2529 3531 2599 infantem
3559 2524 3640 2578 oi-

2045 2643 2162 2682 oum
2193 2628 2248 2681 in
2277 2626 2411 2681 duas
2440 2635 2635 2696 partes,
2669 2632 2718 2679 et
2747 2625 2866 2678 date
2899 2623 3167 2676 dimidiam
3207 2631 3402 2692 partem
3435 2617 3557 2683 uni,
3589 2623 3639 2669 et

2045 2722 2316 2776 dimidiam
2339 2731 2536 2790 partem
2561 2720 2711 2774 alteri
2763 2717 2854 2790 (lll
2879 2719 3006 2791 Reg.
3037 2718 3138 2786 III).
3182 2716 3314 2782 Quae
3356 2712 3638 2768 simulatio

2045 2816 2382 2872 crudelitatis
2407 2830 2527 2871 cum
2551 2829 2692 2869 verae
2721 2813 2910 2868 matris
2928 2813 3136 2867 viscera
3165 2809 3541 2880 permovisset,
3568 2808 3638 2862 ab

2044 2925 2106 2966 ea
2139 2919 2322 2965 autem
2353 2925 2473 2980 qua:
2515 2915 2688 2962 mater
2718 2921 2826 2961 non
2853 2913 2970 2962 erat
3005 2903 3334 2969 laudaretur,
3371 2911 3500 2956 tunc
3539 2899 3638 2954 de-

2047 3018 2192 3057 mum
2244 3000 2600 3071 sagacissimo
2626 2997 2878 3054 veritatis
2925 2996 3134 3067 judicio
3164 2995 3274 3069 [Αι.
3306 2990 3531 3062 indicio]
3574 2993 3639 3046 il-

2049 3095 2153 3151 lam
2183 3095 2509 3150 sententiam
2539 3089 2936 3163 promulgavit,
2967 3103 3130 3160 quam
3162 3101 3324 3143 nemo
3351 3101 3382 3140 a
3405 3085 3522 3141 Deo
3552 3083 3640 3139 in-

2048 3191 2302 3260 spiratam
2327 3203 2447 3243 esse
2475 3202 2579 3241 non
2604 3185 2838 3242 credidit
2867 3201 2881 3237 :
2913 3181 3066 3249 Date,
3101 3180 3374 3250 inquiens,
3406 3176 3526 3232 huic
3552 3177 3636 3230 in-

2045 3291 2242 3356 fantem
2269 3284 2460 3347 vivum,
2501 3287 2548 3334 et
2585 3296 2688 3334 non
2719 3278 3009 3343 occidatur,
3050 3275 3160 3330 haec
3195 3284 3271 3329 est
3309 3276 3445 3327 enim
3475 3281 3637 3326 mater

2045 3378 2157 3440 ejus
2191 3372 2402 3442 (Ibid.).
2435 3371 2668 3426 Proinde
2704 3385 2805 3425 nec
2831 3368 3032 3424 debere
3058 3380 3162 3421 nec
3189 3379 3352 3435 posse
3374 3377 3469 3417 nos
3509 3363 3637 3416 uni-

2047 3481 2203 3520 versa
2234 3463 2532 3533 complere,
2557 3475 2680 3532 qua:
2709 3460 2792 3515 vel
2823 3474 2947 3514 cum
2977 3457 3162 3528 quiete
3191 3453 3360 3509 animi
3385 3452 3475 3509 vel
3511 3467 3638 3506 cum

2046 3557 2410 3614 commotione
2449 3554 2816 3620 decernimus,
2863 3551 3026 3608 etiam
3052 3549 3177 3604 aliis
3225 3547 3637 3616 Scripturarum

1420 3717 1675 3774 ALARDI
1715 3716 1952 3774 GAZEI
1989 3711 2566 3773 COMMENTARIUS.

343 3864 467 3920 dum
497 3872 544 3917 et
567 3860 998 3933 cruciﬁgendum.
1030 3860 1123 3922 Et,
1151 3856 1322 3912 Filius
1345 3855 1574 3933 hominis
1599 3865 1840 3933 venturus
1863 3863 1938 3933 est

345 3952 461 3988 cum
492 3926 968 4004 potestate'mngna
997 3941 1043 3986 et
1073 3933 1358 4004 majestate,
1389 3937 1495 3984 etc.
1541 3928 1660 3994 Quo
1690 3926 1818 3997 quid
1847 3927 1939 3982 ab-

345 4005 566 4062 surdius
592 4004 700 4059 dici
733 4005 942 4074 potest?

421 4086 450 4116 ι
482 4078 645 4131 Valde
670 4070 863 4131 mirum
890 4083 976 4130 est
1003 4075 1147 4130 hunc
1190 4074 1442 4129 abbatem
1476 4070 1546 4125 ita
1578 4072 1848 4140 desipere,
1882 4079 1940 4124 ut

346 4150 509 4204 etiam
535 4147 882 4219 patriarcttis,
906 4149 1073 4201 immo
1107 4145 1408 4219 Apostulis,
1441 4144 1754 4219 nonsolum
1789 4156 1941 4219 men-

348 4220 488 4275 dacii
535 4213 739 4286 notam,
791 4218 888 4273 sed
937 4227 995 4274 et
1027 4213 1382 4284 patrbcinium
1431 4215 1702 4286 ascribere
1735 4229 1838 4266 non
1870 4213 1942 4267 sit

349 4293 595 4346 veritus:
645 4291 786 4359 quod
839 4300 944 4344 tam
999 4290 1235 4343 alienum
1290 4296 1372 4340 est
1409 4299 1439 4359 a
1494 4285 1742 4359 veritate,
1766 4299 1942 4359 quam

351 4364 495 4432 quod
525 4355 780 4417 maxime.
815 4361 922 4416 Sed
952 4359 1342 4431 indulgendum
1372 4357 1492 4426 ejus
1521 4357 1738 4424 generis
1766 4355 1940 4409 humi-

352 4451 479 4488 uum
520 4433 874 4501 simplicitati.

420 4505 449 4543 ι)
475 4497 694 4560 Sciebat
721 4503 920 4572 Joseph
950 4503 1147 4558 fratres
1176 4515 1305 4556 suos
1337 4513 1443 4554 non
1475 4497 1940 4572 esseexplorato-

353 4592 464 4645 res,
499 4592 599 4632 nec
622 4577 692 4631 de
722 4575 826 4630 hoc
853 4569 1164 4639 dubitabat,
1197 4583 1255 4645 ut
1285 4570 1547 4645 tentando
1581 4569 1857 4645 dumtaxat
1887 4576 1943 4623 et

353 4639 715 4716 explorando,
745 4662 849 4700 non
880 4644 1245 4701 asseverandu
1276 4659 1335 4698 ea
1373 4642 1536 4695 verba
1570 4639 1850 4716 proferret,
1882 4647 1942 4716 ut

353 4711 572 4788 quidam
608 4711 1056 4784 interpretantur.
1087 4717 1193 4772 Sed
1226 4716 1327 4770 huc
1356 4715 1563 4768 crimen
1589 4713 1666 4766 eis
1696 4711 1937 4788 impegit,

356 4783 415 4845 ut
444 4799 682 4860 cogeret,
717 4783 822 4856 quo
854 4791 906 4844 in
935 4798 1075 4842 statu
1124 4797 1273 4856 pater
1295 4794 1632 4860 versaretur,
1663 4793 1715 4839 et
1745 4783 1940 4849 Benja-

357 4863 466 4916 min
515 4856 686 4915 frater
728 4861 975 4915 uterinus
1015 4874 1174 4929 quem
1221 4860 1380 4912 unice
1421 4856 1698 4929 diligebat,
1747 4869 1942 4929 expro-

357 4947 527 4988 mere.
559 4932 635 4986 lta
667 4930 937 4999 Josephus
965 4925 1232 4998 Atitiquit.
1286 4930 1379 4984 lib.
1418 4942 1603 4999 urcap.
1647 4928 1698 4992 5,
1734 4935 1787 4980 et
1805 4925 1943 4999 _Sul-

357 5003 522 5075 pitius
551 5004 688 5057 Hist.
717 4995 898 5075 Sacra:
921 5002 1013 5075 lib.
1046 5016 1080 5075 t.
1115 4995 1430 5075 Nectatneu
1458 4998 1653 5075 injuste
1684 5005 1771 5075 aut
1803 4995 1944 5075 inju-

360 5067 505 5130 riose
537 5076 614 5130 sic
644 5089 738 5129 eos
767 5074 1124 5138 insimulavit;
1153 5073 1274 5141 quia
1299 5085 1421 5125 cum
1451 5067 1941 5141 publicamjudicis

360 5163 649 5218 personam
673 5154 888 5214 gereret
915 5147 965 5200 in
997 5138 1249 5215 Egypto,
1287 5150 1494 5218 poterat
1523 5154 1644 5193 cuiu
1667 5138 1760 5218 .eis
1791 5153 1941 5218 more

357 5208 599 5287 iudicum
627 5208 863 5270 severius
891 5208 1159 5284 ageref'e't
1190 5208 1246 5287 ut
1274 5208 1522 5287 Conscius
1549 5226 1578 5263 a
1606 5209 1712 5264 reis
1747 5208 1939 5287 patrati

364 5282 417 5343 in
446 5304 506 5344 se
527 5288 772 5342 criminis
798 5282 1007 5356 publica
1035 5286 1356 5340 auctoritate
1379 5282 1937 5356 vittdictatuexigere.

363 5361 624 5415 Minorem
659 5350 835 5412 tamen
863 5361 1020 5426 longe
1048 5358 1224 5424 exegit
1243 5350 1733 5426 quamcommeriti
1759 5361 1938 5426 erant,

361 5433 484 5502 quia
517 5446 605 5487 res
644 5445 752 5502 non
783 5421 1036 5502 agebatur
1067 5421 1282 5502 publica
1307 5425 1531 5496 judicio.
1564 5423 1751 5502 Restat
1773 5421 1942 5502 igitur

360 5493 420 5558 tit
449 5501 792 5558 mendacium
818 5493 1088 5568 ijuuddam
1117 5493 1446 5561 ofﬁciosum,
1472 5496 1710 5568 autghuic
1739 5493 1937 5558 simile,

358 5590 468 5630 non
497 5566 884 5646 perniciosum,
916 5572 1038 5643 quia
1084 5585 1191 5646 non
1244 5571 1532 5646 injttsttttn,
1567 5566 1731 5646 fuisse
1771 5568 1939 5646 latea-

357 5637 514 5701 mur:
551 5647 805 5700 Attamen
853 5637 1306 5712 DCAugustinus‘
1341 5643 1409 5693 ab
1454 5639 1601 5693 omni
1652 5637 1939 5712 tueudacio

353 5733 626 5776 excusare
646 5717 880 5784 videtur,
903 5717 1032 5772 dum
1053 5705 1217 5771 verba
1245 5714 1335 5768 illa
1361 5713 1440 5769 sic
1466 5710 1690 5780 exponit
1714 5705 1936 5779 (Quaest.

1966 4679 2022 4741 Ι)

2049 3851 2148 3907 168
2198 3853 2251 3905 in
2281 3848 2542 3919 Genesim)
2578 3867 2590 3905 :
2623 3847 2992 3917 Exploratores
3021 3843 3248 3919 estis,_id
3273 3852 3371 3919 est,
3391 3841 3635 3919 explora-

2043 3931 2211 3978 torum
2240 3939 2391 3994 paena
2413 3911 2576 3994 digni,
2607 3919 2688 3995 vel
2709 3911 2808 3995 pro
2844 3917 3255 3995 exploratoribus
3281 3913 3523 3995 habendi;
3563 3911 3634 3965 Et

2045 3997 2166 4048 huic
2185 3987 2488 4059 sententia;
2509 3987 3035 4064 inquit,'interposuit
3054 3987 3398 4064 jurationem,
3431 3987 3636 4064 quia-st

2042 4083 2160 4121 vera
2191 4083 2293 4121 non
2328 4055 2597 4128 dixissent,
2626 4055 2979 4134 exploratores
3017 4055 3203 4122 essent,
3247 4059 3300 4112 id
3327 4065 3424 4118 est,
3452 4055 3638 4134 explo-

2046 4148 2281 4192 ratorum
2333 4153 2480 4203 pwna
2509 4126 2653 4206 digni
2695 4126 2892 4199 essent,
2939 4148 3067 4202 quos
3109 4142 3280 4206 tamen
3309 4126 3635 4206 vera_dicere

2045 4209 2251 4264 sciebat.
2303 4198 2484 4278 Neque
2515 4198 2648 4261 eu'im
2678 4198 3023 4278 perjurusg'est
3053 4203 3295 4278 quisque,
3329 4200 3374 4253 si
3398 4198 3635 4278 einquem

2045 4267 2580 4343 castissimum'nooit,
2611 4267 2794 4331 dicat':
2823 4276 2884 4332 Si
2924 4275 3018 4328 hoc
3055 4267 3410 4343 adulterium,
3441 4267 3504 4321 de
3529 4281 3633 4343 quo

2044 4355 2298 4421 argueris,
2331 4337 2653 4411 commisisti,
2685 4349 2895 4401 damnat
2927 4356 2974 4400 te
3003 4344 3181 4421 Deus;
3213 4350 3259 4421 et
3285 4342 3331 4394 si
3350 4337 3633 4421 his'tterbis

2043 4406 2298 4477 adhibeat,
2323 4406 2686 4485 jurationcnt.
2738 4435 2912 4472 verum
2962 4406 3170 4469 omnino
3208 4416 3381 4485 jurat.
3429 4406 3514 4462 Ibi
3557 4415 3634 4460 est

2044 4495 2178 4547 enim
2205 4486 2454 4552 conditio.
2494 4507 2609 4562 qua
2638 4490 2770 4542 dixit
2786 4504 2812 4562 Δ;
2843 4489 2905 4562 Si
2936 4486 3120 4562 fecisti,
3145 4500 3295 4562 quem
3322 4493 3489 4534 tamen
3529 4495 3633 4560 uo_n

2045 4566 2226 4634 fecisse
2255 4573 2447 4634 certum
2481 4551 2652 4615 hhbet.
2686 4559 2793 4634 Sed
2814 4559 2893 4631 ait
2914 4551 3108 4634 aliquis
3180 4553 3366 4634 Verum
3389 4561 3484 4614 est,
3511 4551 3633 4634 quia

2044 4623 2090 4688 si
2139 4637 2261 4706 fecit
2307 4633 2640 4693 adulterium,
2675 4623 2886 4706 damnat
2931 4623 3292 4706 illumMDeus;
3331 4623 3426 4706 hoc
3459 4628 3633 4706 autem

2045 4692 2302 4778 quomodo
2324 4719 2498 4778 verum
2525 4711 2600 4778 est
2624 4718 2641 4755 :
2668 4702 2712 4754 si
2733 4716 2836 4778 non
2855 4715 3026 4753 verum
3053 4697 3244 4777 dicitis,
3277 4692 3633 4778 exploratore:

2044 4761 2190 4841 estis,
2218 4793 2334 4830 cum
2357 4775 2514 4828 etiam
2541 4775 2584 4827 si
2614 4774 2949 4831 mentiantur,
2983 4784 3086 4821 non
3115 4768 3216 4820 sint
3239 4761 3632 4841 exploratores?

2047 4848 2156 4903 Sed
2179 4834 2291 4901 'hoc
2329 4855 2400 4900 est
2429 4845 2568 4917 quod
2603 4844 2711 4898 dixi
2751 4845 2828 4896 ita
2852 4842 3047 4917 dictum
3075 4853 3184 4917 esse
3206 4852 3232 4917 ί
3258 4834 3633 4917 Exploratores

2047 4921 2189 4985 estis,
2221 4919 2316 4972 hoc
2347 4907 2829 4988 est,'exploratores
2862 4907 3232 4988 deputabimini
3261 4907 3634 4988 meritolmen:

2045 4973 2189 5044 dacii'
2212 4990 2385 5044 vestri.
2430 4973 2568 5041 Estis
2597 4996 2764 5040 autem
2793 4973 3020 5058 potuisse
3049 4979 3150 5058 dici
3187 4992 3279 5058 pro
3319 4973 3634 5058 habebimini

2045 5072 2092 5116 et
2123 5059 2514 5130 deputabiminj,
2563 5045 2847 5130 innumerae
2885 5052 3074 5130 similes
3111 5045 3393 5102 locutiones
3425 5045 3630 5130 docent.

2052 5115 2200 5187 Unde
2226 5141 2300 5186 est
2324 5130 2418 5184 illa
2443 5115 2575 5183 Elia:
2600 5126 2895 5198 praphetw:
2927 5123 3245 5198 Quicumque
3270 5115 3558 5198 exaudiuit
3577 5115 3634 5164 in

2047 5185 2185 5272 igne,
2216 5185 2324 5272 ipse
2352 5202 2448 5255 erit
2472 5185 2634 5272 θεαί.
2674 5185 2791 5252 Non
2818 5185 3104 5250 enim'tunc
3127 5185 3243 5253 erit,
3278 5187 3366 5242 sed
3389 5196 3508 5239 tunc
3540 5185 3632 5236 ha-

2049 5271 2745 5340 bebiturJtaAugustinus.
2908 5336 2920 5340 _
2997 5337 3007 5340 _
3145 5334 3156 5340 _
3233 5333 3245 5340 ι
3476 5327 3564 5340 η,
3675 5271 3678 5274 ’

2120 5357 2144 5385 ο
2173 5344 2392 5400 Nullum
2416 5327 2727 5413 agnoscitur
2763 5336 3106 5394 mendacium
3142 5334 3198 5413 in
3226 5327 3632 5413 judicio-Salo-

2044 5418 2241 5483 monis,
2286 5415 2407 5486 quia
2442 5406 2571 5468 nihil
2601 5418 3066 5486 contt'a__mentem
3108 5406 3352 5484 elocutus
3381 5410 3632 5486 estape-

2045 5470 2475 5559 qu-ensim'ulatio
2525 5484 2742 5559 proprie
2773 5481 2934 5559 dicta,
2969 5480 3094 5559 quia
3137 5477 3406 5559 nstninem
3442 5470 3631 5559 fallere

2046 5545 2256 5616 voluit:
2291 5560 2383 5613 sed
2413 5545 2759 5624 sagacissime
2794 5545 3356 5624 exploratioatl'ectus
3399 5545 3630 5624 materni

2046 5645 2099 5687 et
2132 5632 2421 5694 naturalis;
2452 5617 2517 5681 ex
2551 5641 2676 5695 quo,
2705 5617 3211 5695 cujusiessctutilius
3237 5617 3306 5672 de
3333 5629 3444 5686 quo
3473 5621 3625 5682 quae

2045 5705 2285 5772 rebatur,
2322 5689 2596 5772 sapienter
2627 5689 2845 5768 agnovit
2873 5705 2927 5751 et
2954 5689 3236 5763 judicavit.
