4072 6324
466 278 601 337 i079

1527 288 1806 347 JOANNIS
1843 288 2161 348 CASSIANI
2197 289 2683 353 COLLATIONES.

3597 305 3737 364 1080

459 400 783 458 testimoniis
835 405 1109 476 copiosius
1156 407 1467 476 edocemur,
1521 410 1718 481 quibus
1765 410 1854 466 vel
1899 410 2047 468 viros
2072 423 2127 484 Α
2150 415 2410 466 statutum
2437 420 2649 468 mutare
2674 427 3003 481 sermonem,
3030 416 3173 473 sicut
3213 416 3493 489 Scriptura
3515 421 3742 493 subjun-

460 505 698 563 sanctos,
717 497 802 552 vel
823 498 1069 569 angelos,
1093 501 1176 555 vel
1202 501 1375 571 ipsum
1398 502 1822 573 omnipotentem
1853 503 2041 571 Deum,

458 603 523 643 ea
555 602 674 659 qua:
712 588 1041 646 deﬁnieram
1079 590 1393 662 frequenter
1435 593 1667 664 legimus
1707 596 2041 651 immutasse.

457 680 593 738 Nam
641 682 830 738 beatus
881 693 907 721 ι
939 684 1103 739 David
1155 700 1276 741 cum
1326 687 1685 758 jurisjurantli
1726 688 2046 747 deﬁnitione

456 779 718 847 decrevit,
754 780 979 838 dicens:
1012 780 1145 837 Htec
1170 785 1328 855 faciat
1358 785 1499 841 Deus
1519 786 1745 841 inimicis
1774 784 1963 854 Dauid,
1996 791 2046 839 et

456 873 566 925 [nec
596 875 788 942 addat,
823 877 869 930 si
897 877 1149 948 reliquero
1184 879 1248 933 de
1276 880 1514 935 omnibus
1543 898 1657 954 qua:
1684 884 1934 954 pertinent
1973 880 2044 936 ad

460 963 637 1019 Nabal
654 983 809 1037 usque
826 985 974 1024 ntane
993 971 1294 1043 mingentem
1317 974 1385 1027 ad
1404 975 1650 1043 parietem
1671 976 1717 1047 (l
1741 975 1871 1045 Reg.
1890 974 2039 1047 xxv).

457 1060 527 1112 Et
547 1061 801 1117 continuo
826 1063 1198 1121 intercedente
1234 1068 1444 1140 Abigail
1474 1084 1641 1126 uxore
1669 1072 1816 1138 ejus,
1846 1084 1911 1127 ac
1943 1085 2043 1142 pro

454 1152 649 1208 eodem
701 1157 1059 1226 supplicante,
1108 1158 1340 1215 remittit
1374 1161 1572 1230 minas,
1604 1162 1779 1219 mollit
1821 1175 2041 1221 senten-

454 1243 626 1312 tiam,
678 1255 732 1301 et
778 1249 982 1304 mavult
1035 1259 1407 1321 transgressor
1458 1254 1723 1329 propositi
1767 1255 2039 1326 judicari,

452 1351 613 1405 quam
653 1339 983 1396 sacramenti
1012 1342 1097 1397 sui
1128 1342 1286 1398 [idem
1310 1359 1433 1399 cum
1455 1345 1795 1402 crudelitatis
1819 1361 2043 1403 exseca-

454 1429 601 1484 tione
629 1445 874 1500 servare,
901 1432 1126 1489 dicens:
1156 1433 1290 1489 Vivit
1316 1434 1594 1503 Dominus,
1625 1438 1725 1493 nisi
1750 1437 1851 1492 cito
1879 1438 2042 1494 venis-

451 1540 531 1580 ses
557 1525 612 1580 in
660 1542 932 1582 occursum
976 1527 1139 1594 mihi,
1188 1544 1290 1584 non
1318 1531 1647 1586 remansisset
1680 1531 1854 1586 Nabal
1883 1548 2044 1604 usque

451 1620 521 1672 ad
548 1616 714 1673 lucem
742 1622 1049 1675 matutinum
1070 1623 1303 1692 mingens
1331 1623 1401 1678 ad
1426 1626 1671 1693 parietem
1692 1623 1908 1697 (Ibid.).
1937 1625 2043 1680 Cu-

449 1711 538 1781 jus
584 1711 726 1768 sicut
772 1712 918 1769 illam
967 1715 1263 1784 praecipitis
1306 1717 1633 1772 sacramenti
1688 1716 2037 1787 facilitatem,

2152 502 2227 572 git
2250 517 2266 556 :
2290 500 2361 555 Et
2382 504 2545 576 coegit
2559 518 2645 558 eos
2664 503 2782 573 Lot,
2805 506 3178 562 etdiverterunt
3193 508 3262 563 ad
3281 525 3399 564 eum
3417 509 3576 581 (Gen.
3595 513 3739 585 ιη).

2149 595 2250 664 Qui
2280 596 2467 667 utique
2496 598 2540 652 si
2568 598 2883 657 diversuros
2921 616 2983 657 se
3028 602 3094 656 ad
3134 618 3258 659 eum
3287 619 3412 660 esse
3442 618 3740 673 noverant,

2147 686 2430 746 invitantis
2455 690 2771 762 petitionem
2794 694 3131 751 simulatoria
3162 698 3513 754 excusatione
3539 715 3743 757 renue-

2147 788 2315 835 runt:
2365 781 2452 836 sin
2496 790 2680 838 autem
2731 785 2998 841 veraciter
3044 788 3400 857 excusabant,
3449 790 3743 848 evidenter

2144 872 2459 929 immutasse
2507 875 2829 931 sententiam
2880 879 3322 948 comprobantur.
3367 882 3503 950 Quae
3549 883 3743 955 utique

2146 978 2251 1020 non
2280 965 2351 1020 ob
2397 966 2558 1022 aliam
2603 968 2878 1025 credimus
2922 985 3142 1027 causam
3174 971 3439 1043 Spiritum
3483 985 3744 1032 sanctum

2144 1059 2313 1115 sacris
2337 1059 2699 1116 voluminibus
2728 1061 3013 1130 indidisse,
3050 1064 3157 1119 nisi
3181 1073 3240 1120 ut
3267 1065 3387 1122 istis
3414 1066 3740 1122 erudiamur

2144 1149 2431 1219 exemplis,
2478 1149 2973 1210 in~detinitionibus
3006 1156 3206 1211 nostris
3231 1172 3340 1213 non
3379 1159 3740 1228 pertinaciter

2144 1256 2481 1313 permanere.
2512 1245 2609 1301 sed
2632 1260 2726 1301 eas
2746 1247 2972 1304 arbitrio
2998 1259 3187 1306 nostro
3208 1248 3413 1307 debere
3431 1252 3736 1323 subjicere,

2142 1340 2199 1389 et
2228 1333 2297 1389 ita
2326 1334 2590 1403 judicium
2625 1347 2870 1394 nostrum
2897 1340 2967 1395 ab
2997 1341 3145 1397 omni
3176 1342 3311 1414 legis
3339 1342 3562 1399 vinculo
3592 1345 3741 1402 libe-

2144 1444 2260 1485 rum
2312 1443 2660 1498 conservare,
2707 1441 2767 1488 ut
2817 1444 3124 1505 promptum
3171 1437 3245 1492 sit
3290 1436 3360 1492 ad
3387 1438 3739 1509 sequendum

2144 1536 2482 1594 quocumque
2509 1525 2787 1581 vocaverit
2815 1526 3033 1584 salubre
3059 1528 3375 1595 consilium,
3429 1545 3535 1587 nec
3573 1531 3743 1589 diﬂ'e—

2143 1624 2228 1670 rat
2254 1624 2347 1671 aut
2372 1626 2588 1673 recuset
2609 1618 2675 1673 ad
2706 1618 2759 1674 id
2787 1619 2932 1689 quod
2960 1620 3145 1678 utilius
3177 1622 3439 1680 discretio
3473 1624 3742 1681 salutaris

2144 1713 2417 1770 invenerit
2444 1715 2646 1786 absque
2672 1716 2777 1772 ulla
2807 1719 3152 1775 cunctatione
3177 1720 3434 1777 transire.
3484 1720 3557 1777 Et
3580 1731 3644 1777 ut
3662 1720 3742 1777 ad

451 1818 573 1872 qua:
600 1804 668 1860 de
694 1806 1026 1876 perturbatae
1053 1811 1248 1865 mentis
1273 1811 1640 1868 commotione
1662 1810 2037 1882 descenderat,
2070 1807 2118 1869 B
2144 1806 2457 1863 sublimiora
2494 1808 2670 1865 adhuc
2697 1811 3054 1867 ascendam”
3081 1814 3327 1883 exempla
3346 1858 3361 1884 .
3392 1813 3738 1872 ἀθοιιηὶδεη·

450 1908 790 1966 nequaquam
824 1898 1137 1953 imitandam
1167 1914 1290 1956 esse
1317 1915 1626 1968 censemus,
1656 1902 1734 1958 ita
1759 1903 2039 1959 remissio-

449 2001 576 2043 nem
604 1996 764 2059 atque
790 1991 1226 2048 emendationem
1250 1995 1433 2049 statuti
1459 1995 1771 2053 sectandam
1795 2012 1917 2053 esse
1942 1996 2040 2054 de-

451 2082 754 2139 cernimus.
788 2082 1086 2140 Electionis
1116 2084 1224 2140 Vas
1261 2084 1559 2143 Corinthiis
1584 2088 1862 2154 scribens,
1894 2089 2040 2145 redi-

452 2159 566 2225 tum
615 2185 768 2226 suum
820 2174 1064 2230 absoluta
1121 2174 1441 2233 definitione
1483 2179 1772 2248 promittit,
1800 2180 2035 2238 dicens:

464 2258 680 2316 Veniant
709 2274 880 2318 autem
900 2266 968 2319 ad
996 2282 1082 2321 vos
1121 2283 1237 2322 cum
1268 2268 1632 2327 Macedoniam
1671 2275 2035 2343 pertransicro.

452 2353 819 2411 Macedoniam
858 2360 996 2412 enim
1039 2362 1388 2430 pertransibo,
1420 2366 1560 2435 apud
1595 2380 1681 2420 vos
1716 2376 1886 2421 autem
1928 2383 2040 2420 tna-

454 2449 602 2514 nebo,
632 2451 710 2504 uel
739 2452 893 2506 etiam
922 2453 1177 2515 hiemabo.
1202 2465 1258 2508 ut
1278 2472 1365 2510 vos
1394 2473 1474 2510 me
1501 2458 1769 2513 deducatis
1794 2474 2039 2525 quocum-

448 2555 545 2608 que
568 2540 694 2595 iera.
727 2541 868 2596 Nolo
892 2545 1033 2599 enim
1059 2561 1145 2599 vos
1162 2547 1315 2601 modo
1338 2548 1393 2601 in
1422 2550 1650 2604 transitu
1672 2550 1859 2618 uidere,
1886 2567 2036 2623 spero

446 2633 585 2686 enim
629 2650 706 2688 me
735 2636 1002 2706 aliquanto
1042 2647 1269 2706 tempore
1308 2655 1517 2695 manere
1543 2641 1684 2714 apud
1718 2658 1805 2697 vos
1841 2642 1882 2708 (Ι
1913 2641 2033 2697 Cor.

447 2722 580 2796 xvi).
613 2725 782 2796 Cujus
808 2728 888 2784 rei
914 2730 1076 2785 etiam
1106 2732 1163 2786 in
1196 2733 1431 2789 secunda
1460 2733 1704 2804 Epistola
1733 2735 1806 2790 ita
1847 2737 2036 2792 memi-

448 2816 567 2871 nit:
606 2817 671 2870 Et
715 2816 812 2873 Itac
841 2821 1157 2890 conﬁdentia
1194 2823 1338 2878 volui
1382 2825 1526 2896 prius
1552 2826 1720 2881 uenire
1746 2828 1814 2880 ad
1839 2843 1949 2892 vos,
1981 2838 2034 2882 ut

449 2912 724 2966 secundum
768 2915 988 2984 gratiam
1021 2916 1292 2985 haberetis,
1346 2926 1398 2973 et
1438 2936 1530 2991 per
1555 2936 1646 2973 uos
1684 2921 1953 2975 transirem
1981 2922 2038 2976 in

449 3003 838 3072 Macedoniam,
861 3016 911 3062 et
936 3010 1123 3063 iterum
1148 3027 1180 3063 a
1211 3009 1519 3066 Macedonia
1542 3014 1715 3068 uenire
1745 3015 1814 3068 ad
1836 3030 1951 3082 vos,
1985 3024 2036 3070 et

450 3114 482 3150 a
519 3097 661 3152 vobis
706 3099 894 3154 deduci
926 3101 980 3155 in
1017 3102 1257 3157 Judwam
1296 3103 1364 3175 (ll
1390 3103 1507 3159 Cor.
1539 3106 1602 3175 t).
1638 3105 1744 3161 Sed
1782 3121 2038 3177 superve-

2148 1908 2254 1954 tem
2284 1898 2336 1954 in
2366 1899 2509 1957 lecto
2534 1916 2716 1971 regem
2760 1903 3071 1972 Ezechiam,
3113 1904 3372 1976 gravique
3408 1906 3744 1978 aegritudine

2142 1990 2502 2060 laborantem,
2531 2008 2597 2049 ex
2628 2008 2856 2064 persona
2890 1995 2982 2051 Dei
3013 1994 3177 2051 Isaias
3205 1996 3470 2068 propheta
3498 1996 3741 2056 adet-sus

2140 2093 2242 2150 est,
2276 2084 2463 2143 dicens
2490 2104 2504 2141 :
2539 2086 2670 2143 Haec
2692 2088 2822 2143 dicit
2849 2088 3121 2155 Dominus,
3155 2090 3381 2163 Dispone
3403 2092 3580 2147 domui
3606 2104 3737 2161 tute,

2138 2177 2258 2246 quia
2304 2179 2535 2235 morieris
2581 2187 2637 2233 tu
2664 2186 2710 2234 et
2764 2195 2866 2234 non
2912 2182 3067 2238 vives.
3100 2179 3167 2236 Et
3206 2185 3474 2250 conuertit,
3529 2185 3735 2255 inquit,

2140 2266 2390 2325 Ezechias
2411 2272 2596 2341 faciem
2616 2288 2766 2326 suam
2791 2273 2861 2325 ad
2886 2274 3160 2343 parietem,
3183 2283 3233 2328 et
3261 2276 3427 2330 ararit
3449 2276 3519 2330 ad
3547 2275 3743 2332 Domi-

2140 2376 2284 2429 num,
2317 2369 2365 2415 et
2411 2362 2587 2417 dixit:
2634 2361 2878 2428 Obsecro,
2918 2363 3157 2431 Domine,
3205 2377 3478 2438 memento,
3531 2386 3735 2441 quaso,

2137 2452 2390 2522 quomodo
2438 2454 2803 2508 ambulaverint
2846 2471 3019 2510 coram
3062 2466 3111 2511 te
3137 2457 3189 2510 in
3214 2458 3447 2523 veritate,
3485 2469 3537 2514 et
3577 2462 3743 2516 corde

2139 2544 2387 2613 perfecto,
2429 2552 2475 2597 et
2518 2546 2653 2614 quod
2682 2546 2870 2600 bonum
2906 2555 2979 2601 est
3008 2548 3062 2601 in
3089 2548 3253 2603 oculis
3275 2550 3378 2603 tuis
3401 2551 3629 2621 fecerim.
3661 2549 3737 2606 Et

2136 2634 2274 2703 ﬂevit
2305 2633 2555 2690 Ezechias
2581 2637 2709 2707 [leta
2734 2654 2921 2709 magno
2954 2637 3137 2708 (Isaia:
3158 2649 3407 2711 xxxvut).
3438 2642 3568 2697 Post
3608 2659 3739 2712 quae

2140 2741 2327 2783 rursus
2351 2727 2553 2784 dicitur
2579 2729 2644 2783 ad
2672 2731 2922 2786 eumdem
2959 2749 2971 2784 :
3006 2731 3275 2788 Revertere
3298 2743 3345 2788 et
3376 2734 3463 2789 dic
3490 2733 3742 2790 Ezechiae

2137 2821 2246 2892 regi
2287 2817 2454 2889 Iuda,
2491 2822 2706 2876 dicens:
2756 2820 2887 2877 Haec
2931 2823 3059 2903 dicit
3110 2824 3362 2878 Dominus
3391 2825 3531 2880 Deus
3556 2824 3738 2880 Dauid

2139 2915 2303 2983 patris
2333 2914 2409 2967 tui
2434 2931 2454 2967 :
2483 2914 2674 2969 Audivi
2712 2915 2999 2969 orationem
3035 2924 3200 2982 tuam,
3225 2926 3276 2972 et
3298 2917 3404 2971 uidi
3442 2916 3737 2990 lacrymam

2138 3012 2303 3068 tuam,
2328 3012 2375 3057 et
2406 3019 2518 3058 ecce
2549 3004 2797 3075 adjiciam
2831 3021 2988 3077 super
3008 3006 3118 3061 dies
3158 3016 3271 3061 tuos
3306 3007 3594 3076 quindecim
3633 3027 3738 3063 an-

2137 3114 2251 3163 nos,
2283 3106 2330 3152 et
2359 3099 2422 3152 de
2449 3114 2607 3153 manu
2636 3100 2771 3170 regis
2801 3100 3134 3172 Assyriorum
3159 3101 3387 3157 liberabo
3415 3112 3494 3168 te,
3527 3113 3578 3159 et
3598 3105 3734 3159 civi-

450 3189 634 3245 niente
664 3190 973 3283 salubriore
1012 3194 1262 3259 consilio,
1314 3210 1650 3266 nequaquam
1692 3212 1753 3253 se
1800 3198 1852 3252 id
1892 3199 2033 3269 quod

2147 3199 2295 3246 tatem
2335 3191 2468 3245 hanc
2504 3199 2767 3262 protegam
2807 3202 3021 3263 propter
3061 3209 3168 3259 me,
3216 3203 3268 3248 et
3312 3204 3518 3267 prapter
3556 3195 3737 3250 Dauid

451 3284 775 3352 promiserat
796 3296 1114 3343 exsecutum
1135 3288 1543 3346 evidentissime
1564 3291 1873 3348 conﬁtetur.
1905 3291 2035 3347 Cum

453 3378 569 3444 hoc,
604 3380 793 3449 inquit,
827 3381 1122 3448 voluissem,
1170 3383 1419 3452 numquid
1463 3381 1669 3439 levitate
1715 3401 1840 3439 usus
1884 3386 2038 3440 sum?

452 3469 555 3524 Aut
580 3487 694 3541 qua:
713 3473 898 3543 cogito,
932 3475 1215 3529 secundum
1249 3491 1457 3529 carnem
1494 3477 1685 3549 cegito,
1715 3485 1770 3532 ut
1800 3478 1868 3532 sit
1895 3478 2037 3547 apud

453 3577 534 3616 me
561 3571 634 3617 est
662 3571 710 3618 et
755 3581 855 3620 non
887 3564 1123 3638 (Ibid)?
1155 3567 1396 3637 Denique
1432 3585 1533 3625 cur
1565 3569 1818 3625 maluerit
1848 3569 2040 3626 delini-

452 3656 657 3711 tionem
688 3660 773 3713 sui
820 3661 1101 3730 praeterire
1131 3663 1424 3729 sermonis,
1453 3678 1612 3733 quam
1659 3664 1893 3720 adventu
1940 3679 2038 3721 suo

454 3763 738 3805 onerosam
766 3751 1047 3822 discipulis
1071 3753 1279 3810 inferre
1298 3754 1599 3820 tristitiam,
1619 3757 1781 3812 etiam
1803 3770 1927 3811 cum
1957 3771 2041 3811 sa-

454 3857 671 3898 cramen
681 3842 717 3898 ti
728 3845 1089 3902 obtestatione
1100 3846 1337 3902 declarat
1353 3846 1485 3918 :Ego
1499 3857 1667 3903 autem
1680 3858 1857 3905 testem
1871 3849 2040 3906 Deum

453 3937 635 3990 invoco
664 3937 719 3990 in
746 3938 974 3992 animam
1000 3955 1186 4004 meam,
1208 3941 1346 4011 quod
1368 3956 1581 4011 parcens
1608 3943 1768 4009 vobis,
1793 3959 1895 3997 non
1925 3944 2041 3999 ueni

456 4023 781 4082 Corinthum.
805 4027 977 4083 Statui
1001 4031 1136 4084 enim
1157 4030 1255 4086 hoc
1285 4034 1454 4104 ipsum
1481 4034 1622 4104 apud
1649 4050 1752 4099 me,
1772 4051 1836 4090 ne
1857 4036 2042 4091 iterum

454 4118 510 4171 in
541 4117 751 4173 tristitia
778 4127 1001 4175 ventrem
1021 4123 1089 4174 ad
1108 4140 1195 4178 vos
1226 4123 1305 4196 (ll
1326 4124 1447 4179 Cor.
1475 4126 1539 4197 t).
1571 4124 1705 4182 Cum
1739 4128 2041 4184 intraturos

454 4224 518 4264 se
545 4208 766 4266 domum
806 4212 909 4268 Lot
937 4212 1183 4270 Sodomis
1214 4216 1392 4286 angeli
1428 4217 1816 4288 denegassent,
1850 4219 2040 4276 dicen-

457 4309 540 4357 tes
562 4301 628 4355 ad
659 4317 806 4371 eum,
836 4301 865 4341 ι’
894 4303 1019 4358 Νοη
1038 4305 1371 4372 intrabimus,
1405 4307 1496 4363 sed
1524 4308 1581 4363 in
1604 4310 1776 4379 platea
1805 4311 2040 4366 manebi-

456 4412 571 4453 mus
599 4395 754 4468 (Gen.
784 4397 922 4470 xtx),
943 4398 1202 4456 continuo
1225 4399 1345 4470 ejus
1367 4401 1617 4471 precibus
1645 4403 2044 4475 compelluntur

2142 3299 2344 3338 servum
2372 3299 2541 3338 meum
2580 3281 2794 3355 (Ibid.).
2832 3283 2973 3351 Quid
3000 3284 3306 3341 evidentius
3345 3288 3449 3343 hoc
3490 3289 3739 3344 testimo-

2144 3375 2257 3443 nio,
2299 3390 2408 3447 quo
2457 3375 2850 3432 misericordias
2895 3392 2960 3434 ac
3002 3378 3219 3452 pietatis
3256 3379 3448 3434 intuitu
3474 3391 3495 3419 ε
3524 3382 3741 3437 mavult.

2150 3466 2410 3522 Dominus
2442 3481 2600 3523 suum
2624 3482 2845 3525 caesare
2873 3483 3208 3537 sermonem,
3241 3479 3295 3525 et
3322 3471 3389 3526 ad
3415 3472 3741 3542 praestituta:

2148 3562 2338 3618 mortis
2385 3561 2643 3618 terminos
2685 3562 2993 3633 quindecim
3035 3563 3193 3618 annis
3246 3564 3411 3619 vitam
3461 3568 3737 3634 precantis

2150 3655 2488 3722 extendere,
2554 3672 2713 3727 quam
2763 3672 2861 3728 per
2906 3656 3341 3713 imtnobilitatem
3393 3657 3594 3714 decreti
3645 3661 3735 3714 sui

2149 3748 2498 3806 inexorabilis
2550 3748 2824 3806 inveniri?
2854 3749 3119 3807 Similiter
3163 3750 3325 3805 etiam
3379 3750 3619 3821 loquitur
3661 3751 3736 3806 ad

2147 3840 2411 3897 Ninivitas
2433 3856 2662 3899 censura
2702 3840 2882 3897 divina
2913 3859 2927 3896 :
2976 3841 3159 3896 Adhuc
3184 3842 3414 3896 triduum
3442 3852 3489 3897 et
3539 3841 3739 3899 Niniee

2148 3934 2462 3989 subvertetur
2484 3933 2661 4007 (lance
2686 3931 2788 4004 nt).
2821 3932 3052 4003 Moxque
3082 3932 3402 4002 poenitentia
3439 3947 3627 3989 eorum
3651 3935 3739 4004 je-

2143 4024 2418 4096 juniisque
2444 4025 2684 4080 mollitur
2708 4033 2815 4079 tant
2843 4023 3030 4079 minax
3061 4034 3116 4079 et
3158 4023 3393 4095 abrupta
3438 4025 3735 4091 sententia,

2147 4128 2308 4190 atque
2337 4119 2402 4173 ad
2452 4126 2661 4187 partem
2692 4116 3083 4173 misericordia:
3125 4132 3295 4188 prona
3324 4117 3521 4187 pietate
3560 4116 3741 4173 delle-

2148 4217 2332 4273 ctitnr.
2371 4216 2525 4284 Quod
2574 4216 2619 4271 si
2664 4216 2805 4286 quis,
2854 4214 2999 4269 velut
3029 4214 3318 4284 praescium
3361 4214 3742 4269 conversionis

2150 4325 2364 4376 corum,
2394 4308 2801 4364 subversionem
2830 4305 3066 4362 civitatis
3106 4305 3173 4360 ad
3203 4305 3308 4361 hoc
3337 4306 3417 4361 eis
3444 4304 3741 4360 Dominum

2151 4411 2360 4459 asserat
2386 4402 2795 4467 comminatum,
2829 4408 2888 4454 ut
2923 4412 3018 4455 eos
3045 4397 3116 4455 ad
3141 4398 3436 4456 salutarem
3462 4397 3740 4469 paniten-

1526 4534 1778 4593 ALARDl
1819 4535 2054 4594 GAZIEI
2092 4530 2658 4595 COMMENTARIUS.

533 4669 559 4698 ι
583 4659 663 4714 De
689 4658 791 4714 hoc
819 4657 1035 4713 Davidis
1058 4658 1367 4726 jurameuto
1399 4667 1604 4713 temere
1625 4657 1785 4725 facto,
1821 4658 2045 4728 ejusque
2068 4657 2122 4718 D
2147 4657 2303 4728 abest
2340 4655 2468 4725 quin
2498 4662 2552 4708 et
2572 4651 2761 4728 Deum
2790 4649 3203 4728 ipsum_doceat
3228 4662 3351 4704 esse
3393 4645 3737 4728 mendacem.

456 4730 661 4785 salubri
691 4730 1029 4786 correctione
1057 4739 1111 4799 et
1141 4730 1523 4784 retractatione
1565 4729 1685 4785 haec
1718 4729 2045 4799 Augustinus

455 4801 595 4856 libro
626 4816 771 4870 stepe
816 4800 982 4855 citato
1026 4796 1199 4868 (Cant.
1232 4800 1465 4870 mendae.
1495 4816 1541 4853 c.
1574 4800 1633 4869 9)
1665 4817 1677 4851 :
1706 4800 1787 4853 An
1810 4796 1937 4870 quia
1952 4801 2047 4869 ju-
2087 4828 2097 4837 -

455 4873 587 4925 ravit
626 4869 796 4925 David
835 4888 889 4925 se
913 4871 1202 4925 occisurum
1229 4886 1336 4924 esse
1364 4869 1559 4936 Nabal,
1592 4879 1640 4923 ct
1666 4869 1898 4925 clementi
1920 4887 2046 4924 con-

457 4943 770 4997 sideratione
809 4958 912 4996 non
953 4943 1091 5012 fecit,
1127 4950 1396 5010 prapterea
1424 4940 1577 4995 illum
1606 4940 1916 4995 imitandum
1941 4957 2048 5012 esse

459 5014 705 5079 dicemus,
756 5022 810 5067 ut
855 5011 1041 5067 temere
1073 5013 1311 5082 jurcmus
1349 5026 1441 5066 nos
1482 5027 1592 5065 esse
1635 5012 1879 5081 facturos,
1911 5011 2048 5081 quod

461 5100 568 5136 non
592 5100 698 5138 esse
724 5083 1019 5155 faciendum
1057 5092 1233 5155 postea
1261 5083 1565 5137 videamus?
1602 5082 1767 5151 Quasi
1792 5082 2000 5137 diceret
2032 5100 2043 5136 :

465 5154 641 5208 Absit.

539 5224 565 5261 ι’
599 5226 755 5281 Putat
803 5224 892 5280 hic
933 5226 1101 5306 abbas
1136 5225 1550 5306 angelosusos
1578 5225 1922 5306 simulatione
1966 5223 2051 5306 vel

467 5296 1090 5378 tittttassesenteutiam.
1134 5296 1241 5352 Sed
1282 5296 1618 5378 probabilius
1657 5306 1740 5352 est
1770 5294 1915 5378 quod
1944 5294 2050 5378 alii

468 5366 687 5432 docent,
717 5375 923 5422 tantum
964 5382 1190 5435 negasse
1238 5366 1301 5424 se
1336 5367 1678 5437 ingressurus
1705 5366 1876 5436 prima
1906 5367 2046 5434 vice,

469 5447 526 5491 ut
548 5439 763 5504 dicitur,
789 5439 839 5494 id
863 5446 967 5509 est,
996 5438 1060 5493 ad
1088 5441 1315 5508 primam
1345 5439 1484 5509 hanc
1505 5438 1906 5509 invitationem;
1937 5452 2048 5493 non

466 5523 633 5593 vero,
638 5512 696 5593 si
716 5507 959 5593 amplius
980 5518 1316 5593 urgerentur.
1350 5507 1762 5593 lta‘Cajetanus.
1883 5587 1897 5593 Δ
1999 5581 2011 5593 υ

544 5589 567 5650 9
610 5580 753 5635 Nihil
783 5596 888 5636 non
919 5582 1031 5651 agit
1055 5582 1144 5637 hic
1173 5581 1360 5648 abbas,
1394 5588 1454 5635 ut
1480 5580 1766 5636 mendacio
1810 5581 2047 5648 patroci-

472 5651 619 5705 nium
669 5650 1043 5723 undecumque
1078 5662 1343 5708 accersat.
1388 5650 1574 5721 ltaque
1613 5665 1719 5723 non
1764 5659 2049 5706 contentus

474 5723 733 5777 hactenus
778 5722 1025 5779 homines
1065 5724 1228 5779 etiam
1257 5723 1651 5788 sanctissimos,
1683 5722 1849 5776 immo
1879 5730 1933 5777 et
1955 5736 2051 5776 an-

475 5793 623 5857 gelos
646 5792 838 5851 fecisse
861 5794 1148 5853 mendaces
1175 5802 1232 5851 et
1258 5793 1528 5853 mendacii
1550 5801 1827 5866 patronos,
1860 5798 2049 5864 parum

2150 4727 2322 4781 Porro
2349 4717 2635 4780 sententia:
2665 4724 2771 4800 illa;
2800 4717 3246 4800 comminatorim,
3279 4717 3509 4800 qu_as.in
3537 4718 3742 4800 contir-

2153 4798 2441 4870 mationetu
2481 4810 2599 4870 suae
2623 4794 2893 4870 opinionis
2933 4806 3213 4870 perperam
3243 4788 3507 4870 _add_ncit,_
3533 4788 3736 4870 quibus

2150 4868 2360 4923 scilicet
2390 4866 2529 4920 Deus
2565 4859 2808 4941 Ezechite
2839 4859 3093 4941 mortem,
3140 4860 3391 4941 Ninivitis
3427 4859 3741 4941 subversio-

2153 4954 2296 5003 nem,
2327 4938 2451 4991 aliis
2489 4934 2866 5003 peccatoribus
2896 4935 3043 4988 varia
3083 4931 3346 5003 supplicia
3376 4931 3742 5003 comminatus

2153 5018 2257 5069 est,
2284 5001 2416 5078 qua:
2454 5001 2631 5061 tamen
2675 5020 2782 5060 non
2829 5005 3032 5083 intulit,
3062 5001 3413 5083 non‘fuerunt
3434 5001 3697 5083 absolutae
3721 5042 3741 5063 ,

2153 5079 2247 5134 sed
2278 5072 2774 5155 condit_ionatae,_et
2814 5075 2915 5155 sub
2960 5075 3059 5155 hac
3088 5074 3174 5129 vel
3219 5072 3386 5155 simili
3425 5072 3745 5155 conditione

2164 5149 2523 5219 intelligenda:
2559 5167 2570 5202 :
2606 5141 2707 5202 nisi
2748 5147 3119 5219 paenitentiam
3148 5144 3355 5219 egerint
3378 5151 3473 5197 aut
3508 5141 3603 5197 Dei
3634 5143 3744 5196 mi-

2161 5216 2513 5276 sericordiam
2568 5218 2991 5287 imploraverint.
3048 5216 3279 5295 l’rojnde
3333 5222 3747 5295 tiong.cassatur

2161 5292 2256 5347 Dei
2279 5307 2480 5359 sermo,
2510 5305 2610 5345 nec
2632 5285 2870 5367 mutatur
2891 5287 3103 5357 proprie
3132 5285 3225 5367 Dei
3251 5285 3749 5367 sententia,_qitan-

2159 5362 2230 5418 do
2262 5364 2359 5418 hac
2387 5363 2721 5429 conditione,
2753 5360 2804 5413 id
2832 5369 2934 5440 est,
2965 5359 3300 5440 correctione
3325 5366 3379 5409 et
3419 5359 3749 5440 ptenitent‘ia

2158 5435 2445 5489 subsecuta
2472 5425 3172 5489 etl‘ectus'comminatorius
3208 5442 3317 5482 non
3348 5426 3611 5497 sequitur.
3646 5425 3750 5497 Μὶτ

2158 5515 2319 5560 natur
2339 5506 2482 5581 enim
2518 5507 2677 5581 Deus,
2712 5518 2819 5557 non
2846 5510 2905 5557 ut
2930 5502 3100 5581 minas
3131 5513 3295 5570 opere
3318 5495 3611 5581 compleat,
3649 5495 3750 5551 sed

2156 5577 2337 5645 potius
2362 5585 2419 5631 ut
2446 5574 2749 5632 hominibus
2775 5572 3085 5645 emendatis
3108 5581 3159 5627 et
3189 5572 3558 5645 ptpnitcntiam
3583 5582 3754 5645 agen-

2158 5637 2301 5705 iibus
2333 5662 2438 5704 non
2476 5655 2827 5718 exsequatur.
2864 5643 2994 5701 Vide
3035 5637 3199 5715 plura
3236 5641 3291 5697 in
3334 5652 3564 5697 censura
3593 5637 3749 5693 dom.

2155 5717 2401 5792 Cuycltii.
