4072 6324
361 214 492 272 1081

1375 216 1716 275 COLLATIO
1755 217 1918 276 XVII.
1950 250 2021 262 —
2047 221 2135 278 DE
2175 222 2605 279 DEFINIENDO.

3503 228 3641 285 1083

359 334 487 388 tiam
536 340 874 402 provocaret,
905 345 1244 404 consequens
1271 343 1354 390 est
1383 343 1443 390 ut
1482 335 1536 391 hi
1569 335 1660 405 qui
1689 336 1943 392 fratribus
1968 341 2024 402 Α
2048 339 2291 408 quotidie
2331 353 2485 394 suam
2530 341 2758 411 gratiam
2804 341 2889 396 vel
2932 348 3164 397 avertat.
3211 339 3364 410 Quod
3411 340 3486 398 ita
3518 357 3642 400 esse

359 437 603 498 praesunt
633 428 835 498 absque
872 427 1296 498 reprehensione
1336 430 1599 486 mendacii
1633 430 1717 486 his
1747 430 1840 502 qui
1862 431 1944 486 in-

357 522 543 591 digrnt
585 520 864 576 emendari
907 521 1082 590 aliqua
1131 524 1292 576 etiam
1322 521 1651 578 districtiora
1678 539 1836 593 quam
1867 523 1946 578 la-

356 615 496 670 cturi
527 622 686 682 sunt,
729 615 774 669 si
806 630 945 684 opus
989 613 1182 679 luerit,
1217 617 1636 673 comminentur.
1667 617 1763 675 Sin
1812 633 1944 673 vero

355 709 557 764 dixerit
584 707 757 763 Deum
790 722 1040 764 severam
1065 709 1211 763 illam
1239 711 1562 765 sententiam
1593 724 1743 766 suam
1772 711 1945 781 poeni-

357 804 539 858 tentia:
583 818 769 857 eorum
811 801 1249 858 consideratione
1295 818 1600 871 revocasse,
1647 805 1941 862 secundum

352 896 483 951 illud
541 896 684 966 quod
735 912 833 967 per
886 897 1230 953 Ezechielem
1279 898 1374 965 ait,
1430 899 1490 954 Si
1535 899 1713 954 dixero
1757 901 1940 972 impio,

350 1001 514 1045 morte
563 992 819 1059 morieris,
867 1003 913 1046 et
953 992 1113 1065 egerit
1136 992 1484 1060 paenitentiam
1520 1010 1552 1045 a
1593 1002 1797 1060 peccato
1824 1009 1938 1060 suo,

349 1086 630 1156 feceritque
640 1086 902 1157 judicium
931 1098 980 1139 et
997 1087 1275 1158 justitiam,
1310 1087 1413 1141 vita
1441 1087 1590 1154 vivet,
1620 1096 1670 1141 et
1697 1104 1801 1142 non
1831 1105 1941 1143 mo-

349 1181 514 1234 rietur
559 1177 777 1250 (Eseclt.
826 1179 1048 1250 xxxnt);
1097 1181 1292 1251 quibus
1343 1180 1604 1238 docemur
1641 1182 1937 1252 exemplis,

349 1287 459 1326 non
509 1271 711 1328 debere
739 1286 838 1327 nos
865 1273 1138 1328 obstinate
1179 1273 1232 1328 in
1286 1274 1488 1330 nostris
1532 1273 1940 1331 deﬁnitionibus

350 1363 674 1433 perdurare,
720 1365 814 1420 sed
847 1365 1324 1421 comminationem
1356 1381 1422 1422 ex
1450 1366 1773 1424 necessitate
1809 1383 1938 1437 pro-

347 1457 604 1526 positam,
634 1457 889 1514 clementi
931 1459 1281 1515 miseratione
1308 1460 1543 1516 mollire.
1575 1461 1729 1530 Quod
1758 1478 1826 1518 ne
1852 1478 1939 1518 Sc-

348 1551 415 1604 lis
461 1551 772 1620 specialiter
803 1551 1052 1607 Ninivitis
1078 1553 1395 1608 crederetur
1431 1553 1691 1608 Dominus
1731 1557 1940 1625 praesti-

344 1645 498 1708 tisse,
532 1645 694 1699 etiam
737 1645 1065 1714 generaliter
1097 1660 1222 1715 erga
1259 1659 1451 1701 omnes
1491 1645 1680 1702 eadem
1724 1662 1786 1704 se
1815 1662 1938 1703 esse

2048 431 2212 487 etiam
2243 433 2333 488 illa
2365 434 2544 490 Saulis
2570 434 2880 491 manifestat
2903 435 3096 492 electio
3135 435 3181 508 (Ι
3210 436 3341 507 Reg.
3373 435 3453 508 χ),
3485 435 3640 506 cujus

2049 523 2233 593 utique
2281 540 2401 581 cuin
2447 528 2866 598 vituperabilem
2918 528 3080 584 linem
3138 529 3481 600 praescientia
3541 529 3636 585 Dei

2047 617 2295 688 ignorare
2332 634 2438 673 non
2479 629 2680 690 posset,
2728 619 2797 677 de
2839 628 2918 676 tot
2961 621 3198 677 millibus
3225 621 3444 677 lsraelis
3475 619 3639 691 elegit

2046 724 2168 765 eum
2208 720 2263 765 et
2306 711 2458 766 unxit
2501 711 2553 766 in
2607 727 2812 782 regem,
2858 714 3140 782 praesentis
3167 713 3222 768 in
3254 713 3351 768 illo
3380 712 3634 767 meritum

2045 804 2170 859 vitae
2199 819 2576 874 remunerans,
2619 821 2728 862 non
2757 815 3038 877 peccatum
3079 807 3278 864 lutum
3311 807 3637 876 praevarica-

2047 897 2209 952 tionis
2248 897 2541 953 intendens
2585 915 2598 952 :
2642 899 2714 954 ita
2741 908 2802 954 ut
2838 909 3124 970 postquam
3167 898 3430 970 reprobus
3458 899 3634 954 lactus

2043 997 2149 1056 est,
2181 989 2326 1044 velut
2353 989 2750 1060 pmnitudinem
2776 1006 2972 1062 gerens
3002 990 3291 1048 electionis
3320 1006 3433 1046 sua:
3468 990 3630 1056 Dens,

2045 1079 2294 1136 humanis
2323 1081 2721 1150 quodammodo
2749 1082 2818 1138 de
2847 1083 3036 1140 eodem
3070 1083 3295 1138 vocibus
3321 1091 3484 1152 atque
3505 1080 3638 1136 alle-

2043 1175 2218 1230 ctibus
2238 1176 2820 1247 conqueratur,dicens
2850 1195 2863 1230 :
2895 1187 2922 1216 ι
2944 1175 3165 1233 Paenitet
3188 1193 3266 1232 me
3285 1177 3424 1249 quod
3446 1176 3638 1230 consti-

2045 1268 2228 1322 tuerim
2264 1268 2400 1324 Saul
2427 1285 2617 1340 regem,
2654 1270 2778 1341 quia
2815 1270 3086 1341 dereliquit
3121 1286 3222 1337 me,
3256 1279 3305 1324 et
3343 1270 3496 1325 verba
3523 1286 3638 1324 mea

2043 1377 2196 1428 apere
2225 1377 2324 1414 non
2352 1362 2600 1431 implevit.
2636 1362 2701 1418 Et
2729 1363 2926 1419 iterum
2967 1382 2980 1417 :
3031 1363 3396 1420 Verumtamen
3425 1365 3636 1436 lugebat

2043 1453 2260 1509 Samuel
2295 1455 2533 1523 Saulem,
2577 1456 2824 1528 quoniam
2866 1455 3150 1512 Dominum
3192 1459 3469 1529 paenitebat
3498 1460 3636 1529 quod

2043 1550 2384 1603 constituisset
2415 1566 2586 1620 regem
2611 1549 2744 1607 Saul
2769 1567 2923 1620 super
2947 1551 3120 1609 Israel
3150 1554 3196 1626 (Ι
3219 1554 3350 1626 Reg.
3381 1558 3495 1626 xv).
3531 1556 3636 1612 De-

2042 1643 2204 1712 nique
2235 1642 2337 1697 hoc
2365 1643 2620 1712 quoniam
2655 1642 2819 1716 [quod
2843 1644 2978 1718 jam]
3010 1661 3176 1716 opere
3203 1647 3376 1703 luerat
3406 1663 3635 1704 exsecu-

347 1733 615 1789 l’acturum
651 1750 748 1804 per
774 1735 1067 1791 Jeremiam
1100 1737 1427 1805 prophetam
1474 1747 1826 1806 protestatur,
1857 1747 1933 1806 et,
1966 1734 2014 1792 B
2043 1743 2149 1799 tus,
2185 1744 2374 1806 postea
2401 1735 2562 1791 etiam
2595 1752 2690 1807 per
2723 1737 3064 1794 Ezechielem
3096 1741 3410 1810 prophetam
3445 1741 3633 1797 Domi-

341 1845 468 1885 cum
514 1845 742 1886 necesse
798 1829 981 1896 fuerit,
1030 1830 1411 1887 incunctanter
1449 1847 1600 1887 suam
1633 1846 1692 1888 se
1723 1843 1942 1888 senten-

341 1923 476 1978 tiam
505 1933 836 1978 mutaturum
869 1937 967 1992 pro
998 1924 1200 1978 nostris
1227 1924 1436 1979 meritis
1466 1925 1825 1994 repromittit.
1854 1925 1938 1980 di-

340 2030 517 2071 cens:
568 2015 792 2085 Repente
847 2013 1032 2086 loquar
1074 2015 1320 2070 adversus
1360 2025 1557 2088 gentem
1601 2025 1648 2070 et
1693 2017 1939 2072 adversus

338 2128 580 2184 regnum,
638 2119 693 2165 ut
723 2110 940 2164 evellam
983 2119 1030 2165 et
1060 2111 1321 2165 destruam
1349 2119 1398 2165 et
1450 2110 1749 2180 disperdam
1778 2110 1933 2164 illud.

341 2205 407 2261 Si
434 2203 782 2275 penitentiam
809 2203 967 2274 egerit
1005 2219 1128 2272 gens
1168 2203 1262 2257 illa
1306 2220 1338 2256 a
1377 2203 1516 2256 malo
1543 2202 1684 2274 quod
1733 2201 1938 2256 locutus

335 2313 452 2350 sunt
497 2296 745 2348 adversus
787 2311 924 2361 eam,
975 2311 1128 2364 agam
1179 2304 1228 2350 et
1254 2311 1352 2367 ego
1393 2295 1742 2364 penitentiam
1779 2310 1937 2366 super

339 2388 535 2440 malum
559 2387 696 2456 quod
723 2387 940 2457 cogitavi
965 2396 1020 2438 ut
1045 2387 1266 2456 facerem
1288 2387 1354 2440 ei.
1385 2385 1448 2439 Et
1473 2387 1640 2440 subito
1663 2386 1846 2457 loquar
1873 2387 1938 2440 de

335 2491 487 2550 gente
517 2490 562 2533 et
593 2497 772 2550 regno,
808 2490 862 2532 ut
891 2481 1140 2545 aediﬁcem
1185 2489 1230 2533 et
1261 2478 1491 2550 plantem
1523 2479 1679 2535 illud.
1716 2479 1778 2534 Si
1805 2481 1936 2550 fece-

333 2575 406 2626 rit
431 2575 630 2627 malum
655 2575 707 2627 in
737 2573 901 2626 oculis
929 2573 1078 2638 meis,
1108 2582 1164 2626 ut
1193 2589 1296 2626 non
1326 2573 1508 2625 audiat
1546 2587 1718 2625 vocem
1747 2588 1930 2638 meam,

336 2666 690 2736 paenitentiam
731 2681 883 2735 agam
925 2680 1080 2732 super
1109 2666 1298 2718 bonum
1337 2663 1474 2735 quod
1503 2663 1705 2718 locutus
1734 2679 1850 2717 sum
1878 2671 1935 2717 ut

339 2764 565 2829 facerem
596 2761 644 2812 ei
683 2759 897 2829 (Jerem.
933 2760 1045 2829 xv).
1080 2759 1164 2814 Ad
1203 2757 1545 2813 Ezechielem
1573 2773 1787 2828 quoque
1816 2757 1929 2812 ait:

340 2853 472 2908 Noli
492 2853 789 2907 subtrahere
829 2851 1054 2916 verbum,
1097 2853 1143 2905 si
1172 2855 1306 2922 forte
1331 2852 1568 2916 audiant,
1591 2861 1638 2904 et
1663 2859 1932 2906 converta-

336 2961 424 3000 tur
448 2947 799 3018 unusquisque
825 2963 855 2999 a
878 2947 961 3000 via
997 2963 1092 2999 sua
1119 2944 1277 3011 .nalu,
1307 2953 1356 3000 et
1399 2946 1659 3014 paenitebit
1697 2962 1778 2999 me
1806 2945 1932 2998 mali

334 3041 478 3109 quod
515 3040 730 3110 cogitavi
771 3043 948 3111 facere
987 3039 1056 3092 eis
1099 3046 1308 3110 prapter
1350 3038 1604 3091 malitiam
1641 3039 1931 3091 studiorum

2047 1842 2150 1882 nus
2189 1837 2522 1896 protestatur
2560 1843 2684 1884 cum
2722 1830 2973 1887 omnibus
3009 1846 3070 1887 se
3111 1830 3421 1888 hominibus
3457 1833 3634 1904 quoti-

2045 1921 2207 1977 diano
2257 1932 2535 1993 gesturum
2576 1939 2694 1980 esse
2739 1925 2944 1996 judicio
2978 1943 2992 1979 :
3027 1925 3247 1981 Etiamsi
3287 1927 3501 1996 dixero,
3545 1928 3633 1982 in-

2041 2015 2235 2085 quiens
2268 2015 2484 2088 (Ezeclt.
2520 2019 2738 2090 χχχιιι),
2767 2021 2904 2086 iusto
2931 2020 3073 2091 quod
3109 2022 3211 2075 vita
3240 2021 3392 2088 vivat,
3424 2032 3472 2076 et
3509 2037 3634 2076 conv

2041 2108 2174 2177 fisus
2203 2110 2256 2162 in
2289 2110 2498 2178 justitia
2525 2127 2624 2164 sua
2652 2113 2831 2182 fecerit
2858 2112 3194 2182 iniquitatem,
3217 2128 3390 2168 omnes
3413 2114 3635 2183 justitiat

2041 2200 2153 2270 ejus
2177 2200 2418 2255 oblivioni
2445 2204 2738 2268 tradentur,
2769 2213 2814 2258 et
2834 2204 2889 2258 in
2916 2205 3184 2276 iniquitate
3205 2222 3361 2276 quam
3389 2214 3633 2278 operatus

2041 2302 2116 2346 est
2143 2294 2197 2347 in
2228 2295 2346 2363 ipsa
2374 2296 2643 2350 morietur.
2687 2295 2784 2351 Sin
2831 2306 3002 2352 autem
3031 2297 3210 2353 dixero
3250 2299 3431 2369 impio,
3462 2298 3633 2354 Morte

2038 2388 2297 2453 morieris,
2325 2397 2370 2442 et
2391 2390 2552 2461 egerit
2571 2390 2916 2460 paenitentiam
2939 2407 2971 2444 a
2989 2400 3198 2462 peccato
3219 2408 3332 2456 suo,
3360 2393 3633 2462 feceritque

2029 2481 2294 2553 judicium
2336 2493 2382 2538 et
2417 2483 2701 2556 justitiam,
2745 2484 2930 2554 pignus
2972 2483 3254 2538 restituerit
3293 2483 3382 2538 ille
3417 2483 3626 2554 impius,

2038 2577 2374 2644 rapinamque
2400 2575 2706 2641 reddiderit,
2748 2577 2803 2628 in
2845 2575 3103 2630 mandatis
3136 2577 3257 2630 vita:
3294 2575 3630 2630 ambulaverit

2037 2683 2130 2721 nec
2159 2669 2333 2738 fecerit
2356 2668 2638 2740 quidquam
2661 2671 2934 2740 injustum,
2957 2669 3059 2722 vita
3086 2668 3215 2723 vivet
3243 2677 3289 2722 et
3316 2684 3420 2722 non
3442 2668 3630 2722 morie-

2037 2769 2153 2827 tur;
2175 2762 2349 2816 omnia
2378 2772 2587 2834 peccata
2617 2764 2730 2830 ejus
2756 2777 2872 2832 qua:
2895 2762 3138 2828 peccarit,
3173 2777 3274 2814 non
3299 2759 3632 2831 imputabitu-

2039 2863 2123 2908 tur
2151 2856 2217 2910 ei.
2248 2856 2496 2927 Denique
2517 2871 2641 2911 cum
2665 2857 2733 2911 ab
2762 2857 2852 2911 illo
2879 2857 3080 2927 populo
3102 2870 3263 2926 quem
3289 2871 3355 2911 ex
3378 2855 3631 2911 omnibus

2037 2949 2288 3018 gentibus
2322 2949 2584 3006 Dominus
2615 2949 2910 3020 adoptavit,
2953 2957 3176 3019 propter
3216 2947 3448 3002 subitam
3479 2948 3632 3002 vituli

2036 3043 2540 3112 praevaricationem
2583 3043 2971 3099 misericordia:
3009 3057 3120 3097 sua:
3149 3041 3436 3096 avertisset
3477 3056 3634 3110 aSpe-

335 3151 516 3189 eorum
547 3132 759 3202 (Jerem.
811 3131 984 3198 xxvr).
1017 3132 1228 3200 Quibus
1266 3131 1594 3188 testimoniis
1624 3130 1932 3187 declaratur
1959 3118 2007 3182 C
2038 3144 2181 3189 ctum
2206 3177 2221 3202 ,
2274 3135 2648 3191 interveniens
2695 3150 2795 3205 pro
2856 3149 2922 3190 eo
2983 3134 3267 3206 Iegislator
3299 3174 3314 3199 ,
3369 3133 3637 3188 exclamat

339 3243 449 3282 non
489 3234 746 3297 oportere
785 3235 845 3282 ut
887 3226 1238 3295 pertinaciter
1278 3225 1334 3279 in
1372 3225 1571 3279 nostris
1599 3223 1931 3279 deﬁnitioni-

337 3320 439 3375 bus
471 3321 795 3386 baereamus,
820 3319 914 3375 sed
941 3320 1148 3374 ratione
1174 3332 1268 3374 eas
1300 3331 1363 3372 ac
1389 3317 1596 3387 judicio
1621 3327 1931 3386 temperan-

335 3413 458 3478 das,
485 3428 810 3484 semperque
831 3412 1171 3482 praelegenda
1205 3427 1266 3466 at:
1292 3409 1635 3482 praeferenda
1667 3424 1790 3466 esse
1818 3426 1931 3466 me-

338 3506 514 3560 liora:
567 3514 622 3561 et
652 3505 718 3559 ad
752 3505 896 3560 illam
927 3521 1049 3576 quae
1093 3504 1274 3559 utilior
1295 3502 1588 3572 dijudicata
1617 3501 1779 3558 fuerit
1809 3515 1934 3570 par-

343 3609 454 3654 tem
479 3597 598 3653 sine
625 3597 976 3653 cunctatione
1007 3597 1178 3666 aliqua
1210 3594 1618 3652 transeundum.

899 3690 1130 3747 CAPUT
1173 3686 1360 3746 XXVI.

339 3787 496 3854 Quod
529 3804 631 3842 non
657 3787 938 3842 secundum
967 3787 1360 3840 immensitatem
1387 3785 1724 3858 praseientite
1753 3785 1930 3840 divina

410 3881 701 3944 clementia,
745 3881 832 3934 sed
873 3880 1154 3933 secundum
1184 3885 1457 3947 praesentes
1485 3886 1630 3935 actus
1655 3877 1732 3933 vel
1757 3895 1931 3932 remu-

411 3985 550 4030 neret
582 3990 992 4045 unumquemque
1019 3975 1096 4029 vel
1131 3973 1330 4044 puniat.

409 4067 542 4122 illud
562 4066 725 4122 etiam
752 4082 865 4136 pra:
886 4066 1142 4122 omnibus
1157 4066 1554 4124 inaestimabilis
1579 4068 1669 4124 illa
1693 4081 1927 4124 censura

338 4177 440 4217 nos
465 4162 689 4217 instruit
714 4160 859 4232 quod
888 4175 1011 4216 cum
1042 4161 1112 4215 sit
1137 4161 1188 4216 ei
1217 4170 1344 4216 ante
1370 4171 1551 4216 ortum
1577 4161 1925 4232 uniuscujus-

332 4270 442 4325 que
473 4253 835 4323 prtecognitus
873 4252 1020 4319 linis,
1058 4251 1131 4306 ita
1161 4251 1412 4309 ordinate
1443 4267 1507 4308 ac
1536 4255 1746 4309 ratione
1777 4267 1928 4308 com-

330 4345 485 4401 muni
546 4355 602 4401 et
657 4344 911 4399 humanis
958 4343 1360 4414 quodammodo
1419 4345 1599 4400 omnia
1645 4346 1926 4416 dispensat

327 4440 638 4504 allectibus,
675 4447 737 4493 ut
765 4453 874 4494 non
903 4437 1278 4508 potentialiter
1321 4453 1422 4495 nec
1448 4423 1748 4495 secundum
1777 4455 1921 4509 prm-

2039 3225 2234 3298 (Exod.
2269 3225 2444 3297 xxxii)
2489 3244 2502 3279 :
2556 3226 2801 3291 Obsecro,
2854 3226 3094 3295 Domine,
3138 3215 3365 3295 peccavil
3407 3225 3634 3296 populus

2035 3319 2131 3373 iste
2159 3329 2426 3388 peccatum
2454 3334 2743 3390 maguum:
2776 3321 3008 3387 fecerunt
3049 3316 3142 3371 sibi
3180 3317 3301 3370 deos
3341 3331 3559 3381 aureos;
3586 3322 3636 3370 et

2035 3427 2173 3466 nunc
2202 3412 2246 3465 si
2271 3412 2488 3465 remittis
2529 3420 2801 3479 peccatum
2835 3426 3038 3476 eorum,
3080 3409 3315 3473 remitte;
3364 3409 3444 3461 sin
3474 3407 3632 3474 alias,

2035 3505 2149 3558 dele
2174 3520 2254 3558 me
2280 3503 2343 3558 de
2367 3503 2498 3558 libro
2526 3519 2677 3573 quem
2705 3502 2979 3572 scripsisti.
3015 3500 3112 3556 Cui
3136 3498 3418 3570 respondit
3442 3497 3632 3552 Domi-

2035 3613 2136 3653 nus
2162 3617 2173 3652 :
2201 3597 2263 3654 Si
2289 3598 2427 3670 quis,
2455 3596 2649 3667 inquit,
2688 3595 2969 3666 peccaverit
2994 3610 3166 3648 coram
3196 3609 3294 3660 me,
3319 3591 3494 3647 delebo
3515 3607 3634 3646 eum

2035 3691 2099 3746 de
2136 3691 2266 3745 libro
2293 3707 2426 3745 meo.
2471 3689 2640 3744 David
2685 3701 2900 3759 quoque
2939 3687 3067 3742 dum
3097 3685 3165 3742 de
3193 3684 3330 3742 Juda
3364 3693 3419 3739 et
3448 3698 3634 3754 perse-

2033 3785 2312 3841 cutoribus
2341 3783 2537 3840 Christi
2571 3781 2889 3852 prophetico
2916 3780 3113 3850 spiritu
3143 3786 3492 3848 quereretur,
3526 3775 3633 3830 De-

2034 3880 2254 3945 teantur,
2279 3877 2469 3948 inquit,
2499 3876 2562 3931 de
2584 3875 2715 3930 libro
2740 3875 3040 3928 viventium.
3068 3873 3134 3928 Et
3161 3871 3286 3941 quia
3319 3884 3426 3926 non
3455 3883 3628 3924 mere-

2033 3972 2230 4028 bantur
2277 3970 2345 4027 ad
2392 3969 2764 4041 panitentiam
2815 3967 3111 4024 salutarem
3161 3979 3261 4036 pro
3299 3972 3454 4020 reatu
3495 3963 3630 4018 tanti

2031 4065 2276 4123 criminis
2323 4066 2635 4136 pervenire,
2681 4063 2959 4134 subiungit
3002 4079 3018 4117 :
3059 4060 3128 4114 Et
3166 4076 3281 4114 cum
3321 4058 3487 4132 justis
3528 4073 3631 4112 non

2031 4159 2324 4215 scribantur
2362 4157 2540 4229 (Psal.
2590 4158 2800 4223 mm).
2841 4156 3088 4226 Denique
3127 4154 3181 4210 in
3221 4155 3340 4224 ipso
3383 4151 3515 4208 Juda
3549 4151 3631 4205 vis

2033 4255 2363 4326 prophetica:
2385 4252 2782 4308 maledictionis
2804 4249 3085 4305 evidenter
3106 4247 3325 4317 impleta
3353 4253 3435 4301 est
3456 4261 3471 4308 ;
3503 4259 3626 4299 nam

2031 4347 2250 4418 expleto
2308 4343 2630 4415 proditionis
2685 4341 2916 4397 crimine
2977 4338 3256 4411 suspendio
3309 4352 3364 4392 se
3429 4337 3629 4391 necavit

2031 4438 2250 4509 (Matth.
2293 4435 2489 4507 xxvu),
2524 4450 2593 4490 ne
2621 4435 2666 4490 si
2699 4441 2821 4504 post
2850 4432 2995 4487 illam
3025 4431 3351 4486 deletionem
3388 4426 3628 4483 nominis

325 4535 572 4590 scientia:
623 4548 736 4589 suae
775 4531 1110 4588 inell'ahilem
1159 4533 1428 4602 notitiam,
1475 4533 1569 4589 sed
1619 4533 1920 4590 secundum
1951 4506 2118 4590 Dsui
2162 4546 2459 4589 conversus
2496 4529 2564 4585 ad
2615 4526 2987 4598 paenitentiam
3034 4532 3204 4592 esset,
3258 4524 3456 4582 iterum
3501 4536 3624 4577 cum

327 4636 629 4698 praesentes
661 4626 943 4681 hominum
985 4637 1139 4683 actus
1167 4627 1425 4682 universa
1463 4626 1804 4697 dijudicans,
1838 4628 1923 4684 vel

321 4729 548 4793 respuat
576 4735 1012 4792 unumquemque
1049 4720 1134 4778 vel
1176 4721 1442 4788 attrahat,
1477 4731 1530 4778 et
1560 4722 1643 4778 vel
1675 4721 1924 4778 infundat

2029 4629 2192 4700 iustis
2226 4627 2388 4683 scribi
2419 4631 2724 4682 mereretur
2754 4622 2806 4678 in
2835 4620 2995 4679 calo.
3035 4619 3152 4676 Non
3183 4633 3313 4688 ergo
3341 4627 3424 4673 est
3448 4617 3625 4672 anthi-

2033 4721 2291 4793 gendum,
2331 4718 2496 4775 etiam
2529 4715 2684 4774 Judse
2714 4729 2913 4771 nomen
2953 4713 3050 4770 illo
3090 4721 3338 4784 tempore
3377 4723 3484 4781 quo
3513 4708 3627 4764 ele-

1411 4883 1671 4940 ALARDI
1710 4884 1949 4942 ΟΑΖᾸΞΙ
1985 4880 2546 4943 COMMENTARIUS.

393 5034 418 5060 η
444 5023 504 5077 D.
524 5020 815 5090 Gregorius
839 5018 931 5091 (ιη
952 5019 972 5073 Ι
998 5017 1122 5087 Reg.
1139 5020 1233 5086 xv)
1253 5034 1264 5069 :
1285 5017 1424 5091 Quid
1445 5019 1749 5091 est,inquit,
1765 5021 1905 5090 quod

314 5097 564 5168 paenitere
573 5087 821 5168 Dominus
846 5087 1054 5157 dicitur,
1072 5106 1186 5168 cum
1196 5090 1388 5168 mutari
1400 5087 1668 5168 aﬁ'ectibu's
1682 5087 1786 5168 non
1795 5109 1908 5168 cre-

313 5162 474 5219 Hatur
487 5167 510 5218 ?
525 5163 632 5220 Sed
653 5163 776 5231 quia
805 5179 924 5215 cum
954 5162 1280 5214 mutabilibus
1301 5176 1500 5214 sumnta
1517 5162 1907 5217 immutabilitas

310 5239 568 5307 loquitur,
587 5250 728 5288 more
747 5250 922 5307 eorum
943 5232 1246 5307 quibuscum
1269 5233 1648 5307 loquitur,dum
1671 5237 1909 5301 ptenitere

310 5305 525 5373 dicitur,
553 5307 825 5373 displicere
835 5306 936 5377 sibi
953 5305 1286 5377 superborum
1310 5305 1568 5377 temeritas
1583 5305 1908 5377 designatur.

309 5377 576 5434 Plenitere
600 5377 734 5431 enim
763 5376 1009 5440 solemus,
1034 5391 1148 5427 cum
1165 5375 1302 5427 mala
1331 5375 1476 5428 nobis
1494 5374 1570 5428 illi
1595 5374 1904 5443 retr'ibuunt,

306 5451 500 5514 quibus
531 5465 625 5504 nos
658 5449 875 5500 honores
916 5455 1006 5499 aut
1040 5446 1176 5498 dona
1206 5447 1516 5514 impendisse
1543 5462 1903 5501 memorantur.

314 5523 453 5588 Quia
496 5537 616 5593 ergo
655 5534 798 5593 more
837 5516 1362 5593 nostroomnipotens
1414 5517 1550 5572 Deus
1595 5520 1658 5593 de
1702 5519 1909 5587 superbi

306 5596 448 5664 regis
472 5589 848 5664 ing't'atitudine
877 5591 1132 5664 queritur,
1162 5589 1467 5664 dignitatem
1511 5591 1703 5659 regiam
1729 5601 1907 5664 contu-

304 5652 432 5728 lisse
457 5681 512 5719 se
531 5652 620 5718 illi
659 5652 900 5730 poenitere
927 5652 1239 5728 perhibetur:
1285 5659 1436 5724 Quod
1462 5652 1687 5730 profecto
1717 5662 1785 5714 ad
1813 5678 1907 5714 cu-

309 5739 515 5802 mulum
545 5746 748 5804 magna
785 5733 1133 5787 damnationis
1178 5731 1241 5787 de
1284 5731 1518 5802 superbis
1559 5732 1747 5788 dicitur
1785 5733 1905 5798 quia

2014 5022 2149 5089 quod
2181 5030 2318 5077 sunt.
2345 5021 2460 5090 jam
2492 5034 2594 5090 non
2625 5017 2692 5071 ad
2724 5013 3108 5090 meritum,_sed
3129 5011 3212 5090 ad
3243 5027 3464 5090 pmnam_
3478 5020 3621 5090 sunt,

2015 5082 2103 5163 qui
2144 5093 2196 5146 in
2241 5082 2501 5145 voluntate
2534 5089 2770 5163 Deinon
2814 5099 2962 5163 sunt.
2991 5085 3246 5140 Paenitere
3273 5099 3392 5153 ergo
3409 5082 3521 5163 _Dei
3554 5093 3629 5136 est

2015 5154 2334 5218 voluntatem
2380 5163 2434 5215 in
2479 5160 2711 5233 reprobis
2741 5177 2842 5214 non
2872 5157 3077 5233 habere,
3106 5173 3222 5210 cum
3253 5173 3285 5208 a
3315 5154 3623 5233 seultonores

2017 5235 2274 5306 impensas
2302 5224 2560 5298 meminit}
2604 5233 2693 5306 sed
2721 5241 2807 5286 eas
2844 5231 3027 5306 quibus
3053 5229 3186 5282 bona
3217 5227 3455 5306 contulit,
3488 5224 3623 5306 male

2020 5300 2100 5360 uti
2125 5306 2270 5361 bonis
2300 5321 2415 5374 qua:
2441 5303 2663 5357 contulit
2691 5303 2943 5370 agnoscit.
2979 5300 3131 5374 lianc
3151 5300 3346 5374 quippe
3376 5300 3621 5374 paeniten-

2020 5377 2145 5430 tiam
2174 5370 2322 5432 suam
2358 5375 2490 5429 Deus
2517 5375 2638 5428 aliis
2665 5376 2825 5428 verbis
2851 5389 2940 5442 per
2970 5371 3287 5426 Malachiam
3315 5370 3622 5442 prophetam

2017 5447 2222 5503 ludatis
2252 5448 2478 5502 insinuat
2507 5446 2682 5500 dicens
2712 5439 2864 5516 (Cap.
2899 5444 2938 5516 ι)
2975 5461 2987 5498 :
3019 5442 3248 5516 Nonest
3279 5439 3404 5516 mihi
3433 5440 3620 5493 volun.

2020 5530 2100 5573 tas
2126 5521 2180 5573 in
2214 5518 2376 5585 vobis,
2429 5527 2477 5572 et
2523 5511 2836 5586 sacrificium
2888 5511 2988 5571 non
3025 5513 3308 5583 suscipiam
3345 5511 3418 5586 de
3466 5525 3623 5586 manu

2017 5601 2201 5645 vestra.
2239 5581 2373 5644 Vide
2404 5589 2463 5642 D.
2495 5581 2842 5642 Ambrosium
2875 5587 2968 5642 lib.
2995 5586 3066 5642 de
3093 5581 3230 5642 Arca
3255 5591 3312 5639 et
3341 5582 3456 5638 Noe
3481 5596 3528 5635 c.
3559 5581 3617 5645 tl;

2018 5663 2076 5731 δ.
2114 5661 2471 5731 Augustinum
2517 5659 2584 5712 de
2619 5657 2778 5731 Civit.
2828 5659 2924 5731 Dei
2950 5658 3047 5714 lib.
3092 5672 3159 5712 xv
3199 5669 3321 5727 cap.
3347 5654 3442 5724 25,
3473 5660 3528 5710 et
3555 5651 3620 5708 S.

2017 5727 2280 5789 Thomam
2316 5739 2453 5800 part.
2486 5742 2523 5795 ι.
2553 5743 2609 5801 q.
2644 5729 2731 5798 19,
2763 5738 2866 5786 art.
2898 5730 2952 5784 7.
