4072 6324
457 190 598 258 1085

461 403 599 464 libro
626 408 921 467 viventium
952 413 1117 471 fuisse
1150 418 1546 491 conscriptum,
1586 436 1651 478 ac
1692 425 1892 493 pariter
1919 440 2042 481 eum

457 502 676 560 audisse
701 519 823 561 cum
854 507 1069 564 caneris
1106 526 1121 565 :
1165 509 1349 568 Nolite
1388 517 1615 587 gaudere
1640 518 1764 586 quia
1790 519 2046 575 demonia

456 593 600 651 vobis
636 597 1007 668 subjiciuntur,
1045 602 1261 674 gaudete
1287 617 1463 661 autem
1491 608 1613 678 quia
1637 611 1851 666 nomina
1882 620 2048 668 uestra

457 687 653 759 scripta
693 698 814 743 sunt
851 690 989 746 caelis
1036 691 1218 763 (Lucae
1259 695 1338 768 κ).
1379 698 1485 754 Sed
1531 701 1658 772 quia
1704 700 2050 778 pbilargyrite

458 788 611 851 peste
642 792 955 853 corruptus,
1003 785 1072 841 de
1113 790 1441 861 ascriptione
1481 794 1689 852 calesti
1731 796 1797 853 ad
1837 780 2049 856 terrena

459 870 704 941 dejectus
731 885 837 942 est,
872 888 1247 948 competenter
1274 881 1341 938 de
1366 900 1433 940 eo
1464 901 1526 942 ac
1554 887 1621 943 de
1645 889 1913 946 similibus
1936 892 2051 962 ejus

458 962 662 1021 dicitur
689 980 787 1037 per
818 970 1134 1039 prophetam
1181 990 1196 1030 :
1240 975 1475 1047 Domine,
1510 996 1685 1036 omnes
1714 983 1801 1054 qui
1832 992 1879 1038 te
1904 983 2054 1038 dere-

458 1055 720 1128 linquunt,
747 1061 1160 1135 confundantur,
1194 1073 1489 1127 recedentes
1533 1091 1568 1129 a
1607 1084 1653 1130 te
1680 1076 1733 1130 in
1763 1087 1899 1132 terra
1928 1078 2055 1132 scri-

460 1149 678 1221 bantur;
716 1156 838 1225 quia
866 1157 1255 1233 dereliquerunt
1282 1180 1465 1220 venam
1501 1184 1751 1240 aquarum
1780 1170 2054 1225 viventium

458 1240 739 1302 Dominum
773 1248 989 1321 (Jerem.
1024 1251 1178 1327 xvn).
1218 1255 1285 1313 Et
1310 1257 1481 1313 alibi:
1515 1258 1584 1314 In
1614 1262 1829 1316 consilio
1870 1262 2051 1334 populi

457 1338 559 1392 mei
584 1355 689 1396 non
717 1352 891 1412 erunt,
933 1355 982 1400 et
1019 1349 1075 1402 in
1110 1349 1370 1417 scriptura
1395 1351 1579 1407 domus
1605 1350 1775 1409 Israel
1801 1371 1903 1409 non
1924 1355 2053 1409 scri-

459 1429 711 1505 bentur,et
724 1436 780 1491 in
800 1448 991 1493 terram
1008 1438 1177 1497 Israel
1197 1458 1303 1497 non
1316 1444 1667 1516 ingredientur
1683 1446 2047 1518 (Ezech.xm).

1518 214 1803 274 JOANNIS
1839 215 2154 276 CASSIANI
2190 216 2689 281 COLLATIONES.

456 325 579 404 ctus
609 329 641 370 a
668 316 891 376 Christo
929 323 1265 394 apostolatus
1302 328 1529 385 sortitus
1570 339 1653 386 est
1689 331 1941 403 gradum,
1989 333 2043 389 in
2070 343 2127 404 Α

3595 228 3739 290 1084

2700 337 2931 399 CAPUT
2966 335 3187 399 XXVII.

2152 512 2302 581 Quod
2326 518 2491 573 sancti
2518 517 2615 574 viri
2640 521 2923 592 pertinaces
2964 537 3027 576 ac
3068 521 3193 578 duri
3228 539 3341 581 esse
3366 541 3471 581 non
3501 536 3742 598 possunt.

2220 695 2329 754 Nec
2357 695 2503 753 illius
2519 699 2779 770 praecepti
2802 700 3007 757 utilitas
3028 708 3111 757 est
3135 700 3369 772 silenda,
3401 703 3546 776 quod
3577 705 3747 762 etiam

2151 791 2195 846 si
2228 790 2518 861 instigante
2542 790 2615 846 ita
2648 791 2730 847 vel
2771 792 3013 863 qualibet
3046 793 3152 850 alia
3186 797 3461 865 passione,
3494 804 3521 835 ι
3550 812 3745 854 sacra-

2156 895 2342 965 mento
2365 898 2465 939 nos
2485 883 2664 955 aliquo
2678 886 3035 955 vinxerimus,
3062 887 3207 957 quod
3229 903 3258 942 a
3283 889 3503 947 nemine
3521 890 3750 961 quidem

2156 976 2542 1032 monachorum
2590 976 2704 1033 fieri
2751 978 2968 1049 penitus
3011 978 3195 1045 debet,
3240 981 3523 1053 utriusque
3559 993 3749 1040 tamen

2153 1071 2232 1126 rei
2260 1085 2424 1127 causa
2461 1071 2673 1142 integro
2724 1073 2921 1128 mentis
2969 1081 3054 1128 est
3096 1072 3370 1143 pensanda
3412 1073 3643 1145 judicio,
3692 1082 3756 1132 et

2155 1164 2517 1235 comparanda
2566 1174 2651 1220 est
2688 1165 2776 1220 illa
2822 1179 2912 1220 res
2954 1181 3113 1237 quam
3159 1168 3466 1233 statuimus,
3511 1169 3638 1225 huic
3679 1168 3754 1225 ad

2156 1273 2313 1327 quam
2342 1257 2575 1313 transire
2603 1258 3004 1329 compellimur,
3034 1270 3194 1331 atque
3219 1259 3283 1316 ad
3315 1275 3435 1317 eam
3464 1261 3583 1331 sine
3614 1277 3757 1317 cun-

2158 1353 2395 1409 ctatione
2420 1361 2506 1408 est
2535 1352 2946 1419 transeundum,
2974 1367 3094 1424 qua:
3124 1355 3540 1423 superveniente
3566 1355 3759 1411 senio-

2161 1462 2278 1503 rum
2311 1453 2563 1512 tractalu,
2590 1445 2790 1516 justior
2814 1446 2977 1502 fuerit
3001 1445 3262 1517 iudicata.
3290 1445 3321 1486 δ
3347 1446 3571 1503 Rectius
3602 1449 3758 1505 enim

1531 1581 1793 1638 ALARDI
1831 1582 2062 1640 GAZIEI
2098 1578 2669 1638 COMMENTARIUS.

532 1690 643 1768 {Id
669 1702 777 1768 est,
807 1703 958 1764 voto,
984 1694 1296 1768 iuramento
1325 1695 1408 1751 vel
1439 1697 1801 1768 promissione
1832 1697 2047 1767 obliga-
2080 1678 2126 1740 Β
2153 1696 2475 1752 redderetur
2503 1694 2755 1768 inhabilis
2796 1701 2852 1768 et
2886 1693 3110 1768 ineptus
3136 1693 3204 1750 ad
3235 1695 3337 1750 alia
3368 1696 3548 1751 munia
3582 1698 3765 1768 magis

459 1764 713 1838 v_erimust
741 1764 1158 1838 Sacramentum
1198 1767 1365 1838 enim,
1410 1767 1573 1824 Festo
1603 1769 1925 1838 interprete,
1953 1764 2043 1822 di-

459 1834 600 1916 citur
628 1836 886 1916 quidquid
923 1837 1279 1908 jurejurando
1308 1840 1626 1916 interposito
1655 1834 1880 1911 geritur.
1926 1842 2044 1907 Quo

460 1907 622 1960 etiam
656 1907 814 1961 modo
843 1917 1026 1963 noster
1052 1907 1244 1965 auctor
1275 1907 1519 1972 usurpat.
1562 1907 1697 1965 Hinc
1734 1926 2045 1965 sacramen-

459 1981 573 2051 tum
600 1975 829 2051 militare
851 1979 1148 2045 dicebatur,
1185 1996 1291 2051 quo
1317 1981 1516 2036 milites
1545 1983 1596 2037 in
1623 1981 1785 2037 verba
1816 1982 2045 2047 impera-

461 2048 604 2123 toris
630 2049 710 2103 sui
748 2049 1025 2123 iurabant.
1069 2048 1236 2106 Porro
1274 2051 1458 2123 jurare
1486 2061 1636 2108 extra
1667 2054 2047 2108 necessitatem

462 2120 695 2194 maxime
736 2121 963 2194 dedecet
992 2120 1288 2194 religiosos
1309 2134 1365 2179 et
1408 2125 1573 2180 Deum
1607 2124 1881 2189 timentes,
1916 2140 2051 2191 prae-

463 2190 651 2264 sert_i_m
688 2207 753 2246 ex
786 2193 863 2246 ira
894 2204 984 2248 aut
1010 2190 1117 2264 alia
1148 2193 1420 2264 passione,
1454 2207 1507 2249 ut
1538 2195 1623 2250 h‘c
1664 2195 1879 2249 dicitur.
1916 2190 2050 2250 llinc

467 2259 923 2338 l)._llierot_t_ymus
954 2264 1018 2319 ad
1048 2259 1364 2320 Cwl:tntiatn
1407 2259 1598 2338 (Epist.
1646 2266 1756 2337 xxv)
1792 2284 1803 2319 :
1838 2265 2050 2319 Mentiri

461 2340 511 2384 et
526 2335 712 2409 jurare
734 2333 914 2404 lingua
942 2349 1030 2409 {ua
1056 2351 1265 2409 prorsus
1294 2333 1513 2407 ignoret,
1545 2333 1816 2409 tantusque
1841 2338 1894 2391 in
1918 2347 1966 2391 te
1985 2339 2051 2392 sit

462 2404 567 2482 tieri
594 2420 757 2482 amor,
791 2417 844 2459 ut
873 2406 1122 2477 quidquid
1159 2404 1375 2476 dixeris,
1408 2404 1653 2481 juratum
1692 2404 1859 2482 putes.
1891 2409 1957 2482 Et
1988 2410 2048 2463 Ι).

464 2473 795 2540 Augustinus
833 2473 959 2533 ante
998 2473 1427 2535 conversionem
1460 2496 1612 2535 suam
1658 2473 1723 2534 ad
1760 2479 2050 2547 jnrandum

463 2547 742 2621 proclivis,
791 2548 859 2602 de
900 2565 959 2604 se
1000 2550 1106 2618 jam
1142 2550 1429 2607 emendato
1466 2558 1522 2607 et
1557 2549 1622 2605 ad
1667 2552 2052 2621 perfectionem

464 2619 1123 2694 evangelicanLaSpirante
1148 2622 1344 2692 (Serm.
1374 2622 1440 2678 10
1459 2624 1522 2677 de
1544 2619 1775 2694 Sanctis)
1803 2622 2045 2678 :Tinten-

466 2689 553 2755 do,
589 2690 781 2763 ittgnit,
814 2689 1001 2755 Deum,
1031 2689 1340 2748 abstulimus
1360 2696 1677 2763 jarationem
1713 2689 1778 2749 de
1816 2711 1905 2749 ore
1944 2711 2054 2748 no-

466 2769 592 2836 stro.
621 2760 752 2836 Ecce
769 2763 1022 2836 vobiscum
1044 2765 1273 2820 t‘it't'mus.
1303 2760 1430 2833 Quis
1453 2782 1543 2820 nos
1565 2767 1762 2820 audivit
1778 2766 2055 2836 aliquando

467 2830 737 2905 furantes?
762 2844 865 2888 etc.
904 2835 1090 2889 Exstat
1115 2838 1257 2889 enim
1294 2830 1392 2891 hac
1424 2836 1491 2891 de
1518 2852 1577 2891 re
1611 2830 1927 2905 prmclarum
1957 2837 2055 2892 do-

469 2911 777 2958 cumentum
807 2905 1103 2961 Innocentii
1137 2907 1203 2962 ιιι
1241 2908 1510 2977 pontificis
1536 2909 1587 2962 in
1611 2907 1733 2978 jure
1762 2910 2051 2976 canonico,

469 2986 579 3041 quo
610 2978 923 3045 intonat-bos
976 2979 1238 3045 quosdam
1284 2978 1541 3034 admonet
1594 2990 1649 3034 et
1700 2980 1919 3035 instruit
1971 2980 2053 3034 his

2152 1769 2453 1834 sniritualna
2500 1776 2554 1822 et
2591 1766 2858 1823 salutaria
2902 1766 3181 1831 obeunda;
3227 1775 3321 1821 aut
3360 1767 3405 1822 si
3439 1767 3651 1836 juravit
3680 1766 3765 1824 'se

2152 1842 2351 1894 iturum
2382 1839 2445 1893 ad
2478 1836 2761 1893 ecclesiam
2792 1836 2880 1890 tali
2910 1836 3017 1903 die,
3044 1846 3101 1891 et
3131 1839 3408 1907 contingat
3440 1848 3565 1892 tunc
3598 1837 3763 1892 infir-

2151 1926 2298 1965 mum
2325 1908 2567 1979 indigere
2593 1908 2709 1976 ejus
2739 1908 3046 1975 praesentia.
3077 1908 3231 1973 Quod
3258 1910 3403 1964 enim
3435 1908 3758 1975 huiusmodi

2152 1982 2417 2052 promissa
2438 1993 2489 2035 et
2509 1980 2812 2052 juramenta
2835 1989 2929 2033 aut
2952 1994 3058 2033 non
3086 1979 3326 2052 obligant
3354 1980 3423 2035 ab
3445 1980 3625 2047 initio,
3657 1989 3765 2036 aut

2152 2051 2336 2124 postea
2383 2053 2622 2124 obligare
2676 2051 2943 2124 desinant,
3000 2051 3296 2124 ostendunt
3352 2052 3516 2124 verba
3580 2052 3759 2107 Beda:

2152 2121 2314 2193 supra
2348 2122 2544 2193 posita,
2575 2121 3009 2193 quandoquidem
3039 2122 3321 2193 observata
3353 2121 3595 2191 pejorem
3626 2138 3760 2178 ver-

2151 2192 2282 2267 gant
2319 2192 2372 2267 in
2416 2195 2644 2267 esintin,
2676 2192 2801 2267 dum
2838 2207 3023 2267 porca
3063 2192 3235 2261 majus
3268 2192 3468 2267 bonum
3501 2192 3761 2267 excludi-

2154 2263 2260 2321 tur.
2314 2265 2475 2334 Atqui
2515 2265 2633 2319 talis
2671 2264 2838 2319 fuisse
2866 2263 3082 2319 videtur
3109 2266 3330 2334 sponsio
3367 2264 3480 2333 illa,
3508 2264 3624 2319 sive
3655 2281 3762 2320 vo-

2154 2348 2291 2404 tum,
2325 2338 2440 2392 sive
2485 2338 2867 2402 inramentum,
2910 2349 3017 2404 quo
3047 2350 3109 2391 se
3152 2335 3443 2391 Cassianus
3483 2350 3605 2391 cum
3647 2352 3762 2391 suo

2154 2408 2423 2465 Germano
2453 2411 2564 2463 suis
2594 2406 2961 2477 superioribus
2984 2476 2987 2477 ν
3010 2415 3068 2462 et
3111 2404 3369 2462 fratribus
3411 2408 3462 2461 in
3495 2407 3758 2462 coenobio

2159 2480 2564 2535 Bethleemitieo
2592 2476 2959 2532 obstrinxerat
2979 2476 3121 2532 infra
3146 2477 3421 2533 definitum
3448 2488 3654 2545 tempus
3673 2479 3759 2533 ad

2156 2549 2541 2605 monasterium
2584 2562 2918 2603 reversuros.
2967 2548 3082 2616 Qua
3123 2557 3303 2604 tamen
3336 2563 3441 2604 non
3472 2549 3757 2616 obstante,

2154 2623 2366 2678 abbatis
2407 2620 2628 2689 Josephi
2667 2620 3003 2674 institutione
3032 2628 3088 2674 ct
3116 2620 3383 2686 doctrina,
3437 2630 3495 2675 ut
3531 2622 3584 2676 in
3628 2620 3751 2677 line

2157 2694 2314 2763 hujus
2338 2692 2646 2748 collationis
2675 2690 2890 2763 dicitur,
2914 2690 3060 2746 velut
3087 2690 3269 2747 divino
3292 2693 3513 2763 oraculo
3538 2692 3753 2748 contir-

2156 2762 2283 2821 mati
2326 2766 2378 2819 in
2425 2763 2661 2835 Egypto
2709 2762 2976 2835 reddere,
3022 2771 3077 2835 et
3118 2777 3239 2817 cum
3286 2762 3392 2835 illis
3424 2764 3662 2835 patribus
3690 2771 3759 2819 et

2155 2835 2498 2892 anachoretis
2528 2832 2734 2889 versari
2774 2841 2832 2888 et
2873 2833 3167 2889 convivere
3194 2832 3531 2889 maluerunt:
3572 2833 3759 2890 donec

2156 2908 2375 2964 tandem
2408 2907 2624 2976 expleto
2655 2905 2941 2971 septennio
2987 2903 3055 2960 ad
3103 2918 3259 2960 suum
3300 2905 3607 2961 coenobium
3647 2921 3762 2961 ex—

2157 2992 2436 3035 currentes
2479 2976 2823 3047 sponsionem
2869 2989 3020 3047 suam
3065 2978 3427 3047 exsolveruut.
3463 2976 3576 3032 Huc
3600 2976 3762 3032 enim

472 3044 651 3131 verbis
684 3045 830 3131 (Lib:
849 3064 912 3130 ,ιι
962 3044 1166 3131 Ite-cret:
1191 3051 1244 3103 in
1276 3066 1396 3131 cap:
1429 3048 1542 3131 Etsi
1571 3050 1837 3131 gliristus,
1870 3052 1947 3105 tit.
1994 3051 2055 3105 de
2087 3059 2134 3125 ο
2164 3052 2423 3131 spectavit
2462 3044 2576 3131 tota
2611 3046 3360 3131 hujus,abbatisndisputatio
3399 3060 3453 3103 et
3482 3047 3759 3131 institutio

471 3112 732 3192 Jurejuri)
760 3135 774 3192 ξ
800 3117 939 3172 Licet
967 3118 1192 3192 debeatis
1219 3112 1447 3192 esse-viri
1478 3121 1706 3190 perfecti,
1732 3132 1786 3175 ut
1812 3112 2061 3192 quantum

476 3188 729 3260 potestis“
746 3190 1036 3260 juramenti
1082 3190 1341 3244 vinculum
1385 3188 1610 3255 evitetis;
1641 3188 1864 3247 volentes
1892 3201 2065 3247 tamen

473 3250 816 3335 indemnitati
828 3262 986 3315 vestri
1012 3263 1310 3335 monasterii
1339 3250 1627 3335 providere,
1657 3279 1719 3317 ne
1743 3273 1951 3335 propter
1978 3267 2067 3318 dc-

474 3328 673 3405 {ect_unt
702 3332 929 3405 testium,
959 3333 1041 3405 sui
1061 3334 1202 3405 juris
1223 3328 1476 3405 sustineat
1504 3328 1798 3401 lwsionem;
1825 3328 2067 3404 pra'senti

474 3399 616 3475 nobis
639 3403 831 3473 pagina
858 3399 1184 3472 indulgemus
1212 3403 1287 3475 (id
1318 3415 1422 3469 est,
1453 3403 1716 3459 indultum
1740 3399 1862 3459 esse
1882 3416 2063 3460 osten-

474 3468 784 3551 ditnus,__ait
818 3468 1029 3551 glossa)’
1056 3490 1150 3547 pro
1177 3468 1289 3551 ipso
1318 3468 1584 3551 perhibere
1608 3477 1953 3531 testimonium
1977 3492 2058 3551 ne-

474 3544 638 3618 ritati.
673 3544 796 3618 Haec
826 3544 1071 3601 Pontifes
1105 3554 1163 3602 et
1189 3545 1293 3601 alia
1320 3544 1395 3602 ex
1424 3548 1618 3603 eodem
1655 3562 1775 3617 cap.
1812 3549 2065 3618 superius

475 3612 637 3686 citant
669 3615 773 3684 (Ad
800 3634 918 3686 cap.
951 3618 1065 3682 10).

548 3682 577 3723 δ
603 3682 792 3759 ldest,
825 3682 1033 3743 mutare
1064 3689 1419 3759 propositum,
1454 3691 1616 3747 etiam
1646 3700 1771 3746 voto
1800 3697 1895 3743 aut
1914 3690 2068 3759 jura-

478 3763 661 3831 mento
699 3756 1182 3831 firmatum.Q‘ood
1238 3771 1427 3830 postea
1460 3762 1622 3817 docet
1655 3756 2066 3831 intelligendum

479 3827 699 3901 nonde
733 3830 1126 3901 principalibus
1175 3827 1441 3886 mandatis
1496 3834 1561 3887 ad
1610 3827 2071 3888 salutem‘neees-

479 3899 679 3972 s_ariis,_
713 3901 763 3954 id
810 3899 923 3968 est,
958 3902 1027 3956 de
1073 3904 1360 3972 prmceptis
1386 3912 1442 3958 et
1470 3905 1610 3959 votis
1640 3904 1939 3972 religionis.
1969 3904 2067 3959 56d

480 3969 550 4023 de
572 3970 892 4044 quibusdam
920 3975 1195 4028 exercitiis
1213 3969 1607 4043 corporalibus,
1633 3975 1684 4030 id
1705 3969 2063 4044 est,jejuniis,

481 4042 837 4114 orationibus,
865 4044 1091 4112 aliisque
1117 4044 1544 4109 austeritatibns,
1576 4047 1641 4099 ad
1669 4060 1802 4114 quas
1823 4042 2069 4102 solebant

482 4109 558 4185 illi
590 4112 836 4185 monachi
868 4109 1100 4169 subinde
1143 4127 1272 4169 voto
1301 4124 1398 4170 aut
1429 4109 1735 4185 juramento
1761 4117 1977 4172 incaute
2014 4127 2070 4173 et

482 4182 854 4258 imprudenter
893 4200 952 4239 se
988 4186 1313 4258 astringere.
1358 4182 1511 4243 Unde
1540 4198 1725 4258 postea
1753 4191 1805 4243 in
1847 4204 2069 4257 magnos

482 4251 829 4327 conscientiae
860 4257 1143 4327 scrupulos
1172 4251 1227 4312 et
1255 4251 1874 4327 angustias-incidebant
1896 4304 1910 4327 ,
1937 4251 2066 4315 dum

483 4304 1427 4399 supervenientibusrfrairibuswant
1821 4304 1910 4385 vei
1965 4304 2068 4386 alia

482 4409 642 4471 causa
671 4397 943 4471 exigente,
973 4399 1429 4468 compellerentur
1448 4397 1648 4471 aliquid
1675 4402 1742 4456 de
1764 4417 1860 4459 sua
1888 4412 2067 4456 auste-

2171 3122 2222 3175 in
2257 3122 2355 3175 hac
2382 3115 2689 3191 Collatione
2711 3115 2871 3191 (Vide
2890 3133 3006 3187 cap.
3032 3116 3069 3172 2
3094 3115 3296 3191 supra),
3329 3128 3387 3173 ut
3409 3132 3504 3175 eos
3527 3120 3764 3175 doceret

2170 3207 2275 3247 non
2325 3192 2461 3246 bene
2507 3190 2610 3245 sibi
2660 3188 3030 3254 consuluisse,
3062 3188 3167 3246 nec
3218 3188 3492 3259 sapienter
3532 3191 3763 3256 fecisse,

2167 3263 2307 3333 quod
2338 3277 2398 3318 se
2425 3271 2531 3316 tam
2559 3263 2746 3316 stricte
2773 3260 2841 3314 ad
2867 3271 3074 3333 certum
3104 3271 3315 3330 tempus
3340 3261 3760 3333 astrinxissent;

2168 3331 2271 3402 qua
2294 3334 2604 3403 conditione
2634 3342 2847 3386 servata
2885 3346 2912 3403 ξι
2959 3332 3151 3403 majori
3180 3334 3342 3398 bono,
3372 3331 3425 3387 id
3452 3340 3554 3399 est,
3584 3347 3615 3387 a
3643 3336 3771 3403 spi-

2169 3399 2354 3459 rituali
2402 3402 2643 3474 profectu
2697 3414 2750 3457 et
2783 3399 3129 3474 perfectionis
3177 3404 3354 3458 studio
3400 3419 3463 3459 ac
3512 3399 3769 3460 feliciore

2170 3492 2264 3545 pro
2307 3472 2461 3532 ressu
2528 3476 2932 3529 rohiberentur.
2962 3472 3116 3529 Unde
3141 3475 3418 3531 concludit
3442 3489 3538 3531 eos
3568 3475 3769 3545 hujus-

2170 3494 2317 3602 ωαῗί
2364 3491 2676 3602 conditione
2704 3557 2757 3601 et
2805 3544 3123 3601 definitione
3153 3561 3260 3601 non
3298 3545 3492 3602 teneri.
3524 3560 3769 3602 eamuue

2170 3544 2317 3602 modi
2364 3544 2676 3602 conditione
2704 3557 2757 3601 et
2805 3544 3123 3601 definitione
3153 3561 3260 3601 non
3298 3545 3492 3614 teneri,
3524 3544 3770 3614 eamque

2171 3628 2285 3673 tuto
2335 3626 2390 3673 et
2431 3619 2577 3673 salva
2604 3617 2935 3672 conscientia
2967 3630 3125 3686 posse
3154 3625 3471 3683 retractare,
3519 3626 3614 3671 aut
3665 3633 3774 3684 per

2170 3690 2411 3746 lauimus
2456 3688 2739 3744 commode
2788 3687 3135 3756 interpretari
3181 3704 3194 3741 :
3239 3687 3384 3756 quod
3434 3687 3552 3757 ejus
3591 3702 3771 3743 suasu

2169 3763 2332 3816 etiam
2363 3761 2625 3815 fecerunt.
2650 3760 2767 3827 Qua
2797 3760 2849 3814 in
2870 3774 2931 3814 re
2950 3766 3099 3813 certe
3123 3773 3223 3814 nec
3250 3760 3339 3815 ille
3353 3759 3445 3828 qui
3467 3758 3772 3824 consuluit,

2171 3846 2271 3887 nec
2311 3831 2366 3885 bi
2410 3831 2502 3902 qui
2548 3831 2917 3886 consulentem
2959 3830 3272 3902 audierunt,
3299 3829 3547 3902 culpandi
3570 3829 3775 3885 viden-

2172 3912 2288 3970 tur;
2321 3900 2442 3958 nisi
2464 3902 2607 3973 quod
2639 3902 2731 3957 ille
2772 3902 2874 3973 hac
2912 3901 3194 3973 occasione
3226 3901 3279 3956 in
3309 3900 3675 3956 defensionem
3706 3911 3773 3956 et

2172 3971 2655 4044 proliugnationem
2694 3971 2958 4030 mendacii
2987 3988 3016 4025 a
3044 3987 3103 4027 re
3139 3974 3412 4040 proposita
3444 3981 3773 4044 extraneam

2171 4042 2224 4099 et
2254 4042 2710 4113 supervacaneam
2753 4044 3037 4100 devolutus
3062 4044 3151 4109 sit,
3180 4054 3234 4097 et
3262 4042 3598 4099 mendacium
3649 4044 3773 4110 ple-

2170 4132 2397 4188 rumque
2440 4133 2536 4185 pro
2584 4118 2877 4171 mutatione
2921 4113 3139 4188 consilii
3180 4123 3275 4170 aut
3311 4113 3573 4183 prepositi
3605 4127 3779 4188 accc-

2172 4186 2327 4259 perit,
2361 4189 2513 4259 quasi
2563 4188 2703 4242 idem
2729 4187 3039 4259 sitﬂmentiri
3075 4200 3139 4241 ac
3178 4186 3771 4259 mutaresentensiam,

2171 4250 2291 4329 qute
2313 4250 2451 4315 sane
2477 4259 2703 4313 multum
2728 4258 3001 4324 differunt,
3027 4266 3083 4310 ut
3103 4272 3167 4313 ex
3189 4250 3349 4329 dictis
3382 4255 3568 4328 liquet.
3595 4250 3776 4311 Vide-Q-

2173 4328 2329 4385 batur
2357 4328 2625 4400 siquidem
2656 4330 2757 4383 ista
2787 4338 2891 4383 tam
2923 4330 3065 4384 seria
3097 4338 3151 4383 et
3176 4328 3429 4383 diuturna
3456 4341 3775 4382 commora-

2175 4401 2250 4456 tio
2280 4403 2331 4457 in
2362 4402 2617 4457 convictu
2664 4409 2719 4456 et
2757 4400 3116 4455 contubernio
3144 4401 3610 4454 sanctissimorum
3639 4414 3771 4452 mo-

484 4465 647 4543 riiate
679 4447 952 4543 relasare',
989 4447 1175 4538 δίαιιῖιο
1202 4471 1469 4542 τοῑῧῖνθεὶ,
1500 4447 1586 4527 viai
1612 4447 1833 4542 periuri,
1865 4474 1949 4528 vel
1987 4475 2070 4528 ni-
2092 4447 2149 4507 Ῑ)
2174 4447 2468 4528 madida:
2510 4484 2565 4527 et
2589 4473 3038 4543 anachoretarum
3071 4470 3237 4543 (haud
3277 4470 3440 4543 dubie
3483 4469 3582 4524 sub
3606 4470 3774 4543 'obe—

484 4536 651 4618 mium
685 4541 985 4618 pertinaces
1016 4550 1069 4598 et
1089 4536 1743 4618 inhumanividerentur,
1777 4536 1897 4618 Quae
1925 4545 1977 4599 in
2010 4560 2070 4601 re

482 4609 735 4686 nimirum
792 4609 1118 4668 fallebantur
1167 4614 1263 4681 illi,
1302 4615 1638 4686 ignorantes
1686 4609 2070 4686 obligationem

482 4681 592 4733 voti
631 4689 685 4735 et
710 4680 1024 4751 juramenti,
1059 4695 1109 4739 et
1140 4680 1427 4751 cujuslibet
1470 4680 1843 4753 promissionis
1869 4687 2068 4757 duplici

481 4765 545 4805 ex
574 4766 734 4828 causa
765 4768 981 4809 cessare
1033 4775 1045 4809 :
1096 4756 1157 4828 i9
1199 4758 1254 4811 Si
1300 4772 1388 4812 res
1429 4766 1523 4812 aut
1552 4774 1690 4825 opus
1711 4756 1957 4828 joratum
1977 4767 2070 4813 aut

485 4823 1034 4899 promissumpostea
1067 4826 1322 4882 reddatur
1365 4823 1938 4899 impossibile'juranti
1979 4837 2071 4883 aut

484 4896 834 4975 \_'o\_'enti,‘vel
865 4896 1700 4975 illieituip,superior-gjegmg
1879 4901 2064 4975 Thom.

479 4970 512 5017 εὶ
550 4966 609 5043 '2,
624 4982 677 5043 q.
705 4967 1194 5043 §9,‘a_rt._7;_Beda
1219 4970 1395 5043 homil.
1426 4971 1519 5037 i5;
1550 4966 1787 5027 Gratian.
1818 4975 1906 5036 2.9.,
1936 4990 1987 5043 q.
2013 4973 2067 5036 4,

479 5052 523 5088 c.
571 5036 633 5109 Si
661 5036 908 5109 aliquid).
946 5040 1000 5094 In
1034 5040 1114 5094 his
1159 5042 1305 5096 enim
1358 5036 1536 5099 locum
1569 5043 1730 5099 habet
1764 5044 1851 5099 illa
1880 5036 2067 5098 Vener.

486 5108 638 5185 livdas
668 5108 990 5185 sententiaa
1018 5110 1275 5185 Gratiano
1297 5115 1458 5168 citata
1490 5132 1504 5167 :
1537 5113 1597 5169 Si
1625 5117 1748 5185 quid
1776 5132 1864 5169 nos
1893 5116 2074 5169 incau-

480 5180 581 5258 tius
600 5179 783 5262 furare
812 5183 1101 5262 contigerit,
1138 5179 1875 5262 quod-observatumpejorem
1898 5195 2072 5262 vergat

478 5252 528 5300 in
578 5252 792 5317 exitum,
838 5252 993 5307 libere
1034 5252 1170 5309 illud
1214 5253 1490 5310 salubriori
1525 5252 1741 5312 consilio
1772 5252 2071 5312 mutandum

479 5322 790 5402 noverimus,
828 5332 973 5390 etc,;
1017 5325 1162 5393 quod
1210 5328 1331 5382 aliis
1372 5327 1551 5402 verbis
1593 5330 1680 5384 hic
1709 5330 1874 5383 abbas
1919 5329 2069 5391 dicit,

476 5400 671 5469 rectius
708 5409 824 5469 esse
848 5405 1104 5469 _nostrum
1150 5413 1244 5453 nos
1292 5400 1556 5467 praterire
1582 5416 1885 5465 sermonem,
1917 5417 2072 5469 quant

475 5465 553 5541 rei
580 5464 884 5520 salubrioris
914 5483 988 5541 ac
1007 5469 1107 5537 pia:
1137 5464 1312 5525 subire
1334 5475 1615 5541 jacturam.
1646 5470 1703 5524 2⁸
1732 5472 1786 5526 Si
1818 5464 2071 5541 nun-qui-

477 5533 598 5589 dem
642 5551 740 5617 per
783 5551 842 5592 se
886 5533 1086 5617 malum
1132 5533 1538 5617 evadatanod
1582 5543 1817 5611 juratunt
1848 5533 2073 5617 rest'ant

480 5612 829 5675 promissum,
855 5612 947 5667 sed
979 5620 1155 5666 tamen
1187 5616 1406 5683 majoris
1438 5616 1559 5669 bunt
1598 5621 1813 5681 praestet
1847 5613 2072 5683 impedi-

477 5687 721 5758 inentum
749 5697 786 5758 __:
821 5695 877 5758 ut
906 5684 949 5758 si
983 5686 1278 5758 monachus
1306 5686 1519 5758 voverit
1559 5686 1710 5755 longa
1752 5694 1809 5741 et
1854 5695 2070 5740 austera

476 5747 702 5823 jejunia,
730 5750 1071 5822 disciplinas,
1109 5756 1258 5813 humi
1288 5756 1626 5826 cubationes,
1651 5747 1791 5829 veta,
1826 5772 1922 5828 per
1948 5772 2070 5828 quae

2171 4544 2389 4599 dientize
2423 4544 2629 4615 legibus
2660 4552 2714 4598 et
2738 4540 3304 4615 disciplinaregulari,
3329 4540 3774 4615 idque_non_alio

2173 4615 2279 4670 ﬁne
2309 4610 2598 4687 quam'ad
2624 4610 2891 4687 majorem
2923 4610 3305 4687 perfectionem
3348 4610 3773 4682 adquirendam)

2173 4684 2432 4741 transitus
2474 4685 2691 4756 quidam
2727 4686 2791 4737 ad
2822 4687 3112 4740 arctiorem
3140 4684 3482 4756 religionem,
3514 4695 3769 4756 somno-

2171 4758 2331 4812 bitica
2362 4758 2468 4812 vita
2494 4754 2568 4811 ad
2598 4756 3031 4812 anachoreticam
3061 4773 3075 4808 :
3107 4755 3199 4826 qui
3239 4754 3460 4826 quidem
3504 4755 3771 4809 transitus

2171 4843 2202 4883 a
2228 4829 2327 4884 SS.
2361 4828 2612 4883 Patribus
2640 4827 2990 4898 approbatur,
3019 4836 3071 4882 et
3114 4825 3236 4896 jure
3262 4825 3443 4882 etiam
3495 4825 3771 4898 canonico

2171 4899 2511 4966 conceditur,
2541 4896 3072 4969 petita’superiorum
3100 4898 3340 4969 licentia,
3369 4896 3616 4969 quamvis
3650 4910 3769 4969 non

2173 4971 2412 5038 obtenta,
2434 4966 2558 5041 cap:
2578 4969 2736 5033 Licet,
2761 4966 2823 5041 de
2847 4968 3185 5041 Regultsribus
3209 4966 3348 5039 (Lib.
3363 4981 3428 5041 tu
3451 4966 3765 5041 Decret_nt._).

2172 5042 2278 5097 Sed
2307 5042 2386 5097 eis
2408 5037 2642 5096 maiime
2671 5037 2994 5109 sutl‘ragat'ur
3022 5039 3085 5094 D.
3120 5037 3379 5109 Ber‘nardi
3404 5037 3671 5109 sententia
3703 5037 3769 5094 in

2173 5113 2310 5169 libro
2330 5114 2398 5169 de
2422 5112 2701 5180 Prmcepto
2727 5119 2781 5166 et
2803 5108 3216 5180 Dispensatione
3240 5108 3391 5178 (Cap.
3412 5108 3507 5179 20)
3525 5110 3595 5162 ita
3622 5111 3770 5163 scri-

2174 5186 2348 5240 bentis
2372 5204 2399 5256 :7
2418 5180 2559 5239 Sane
2587 5184 2649 5237 de
2684 5183 2939 5256 religiosis
2968 5198 3028 5235 ac
3056 5180 3188 5256 bene
3200 5180 3455 5256 ordinatis
3496 5189 3765 5256 monaste-

2172 5257 2261 5311 riis
2287 5255 2461 5311 nullus
2490 5251 2861 5325 professorum,
2888 5268 3001 5307 meo
3023 5251 3261 5325 consilio,
3291 5269 3353 5325 ne
3382 5251 3620 5325 arctioris
3643 5251 3767 5321 qui-

2172 5327 2290 5383 dem
2310 5329 2424 5382 vita:
2443 5322 2721 5389 desiderio,
2747 5326 2857 5379 sine
2880 5325 3083 5379 licentia
3102 5324 3182 5377 sui
3203 5323 3414 5378 senioris
3437 5322 3757 5393 egredietur.

2172 5397 2427 5471 Egressus
2462 5408 2652 5463 tamen,
2690 5396 2735 5451 si
2779 5394 2960 5471 melius
3006 5396 3264 5471 invenerit
3292 5402 3339 5447 et
3384 5394 3620 5471 elegerit,
3642 5410 3760 5471 meo

2171 5466 2507 5525 nihilominus
2542 5473 2648 5538 iam
2674 5468 2891 5530 consilio
2929 5483 3031 5521 non
3065 5466 3385 5537 regrediatur
3421 5469 3489 5519 ad
3533 5466 3758 5538 inferius

2172 5542 2361 5596 bonum
2390 5537 2843 5612 quodreliquerat
2865 5547 2912 5593 et
2942 5546 3307 5612 contempserat
3359 5552 3476 5612 prter
3520 5537 3758 5612 meliori;

2172 5557 2361 5596 bonum
2390 5557 2527 5612 quoa
2567 5557 2660 5594 τευ
2702 5557 2843 5598 uerat
2865 5557 2912 5593 et
2942 5557 3307 5609 contempserat
3359 5557 3467 5605 prw
3520 5557 3758 5604 mctwn;

2171 5615 2454 5686 praesertim
2474 5613 2522 5686 si
2550 5557 2695 5666 illud
2715 5612 2898 5686 melius
2927 5608 3027 5664 tale
3058 5609 3231 5686 fuerit,
3264 5609 3402 5679 quod
3432 5611 3544 5686 ejus
3575 5609 3765 5686 prima:

2172 5680 2482 5758 professioni
2509 5700 2789 5762 congruere
2816 5682 3063 5762 uidemur.
3098 5680 3122 5735 1
3130 5698 3219 5749 pse
3247 5697 3426 5762 nempe
3447 5680 3630 5733 uiderit
3659 5696 3770 5751 qua

2172 5753 2370 5814 ratione
2393 5771 2556 5829 quave
2580 5755 2863 5811 intentione
2902 5753 3092 5810 altiora
3125 5768 3215 5810 seu
3247 5753 3474 5809 arctiora
3501 5766 3775 5823 prmum.
