4072 6324
425 224 568 286 1085

1447 225 1791 286 COLLA'I‘IO
1831 227 1989 284 XVII.
2023 257 2094 272 —-
2122 229 2211 286 DE
2249 229 2684 287 DEFINIENDO.

3572 233 3704 296 I086

419 362 504 410 est
533 361 781 408 nostrum
811 363 913 404 nos
946 348 1226 420 praeterire
1253 363 1582 418 sermonem,
1611 363 1772 420 quam
1803 349 1882 404 rei
1910 363 1999 404 sa-
2029 351 2084 412 Α
2109 347 2342 404 mnabile
2369 357 2475 404 est.
2511 348 2588 404 De
2611 345 2720 404 illis'
2743 363 2871 406 vero
2892 350 3263 422 corporalibus
3283 355 3559 412 exercitiis
3579 372 3702 428 quae

419 443 675 501 lubrioris
703 457 764 498 ac
791 441 892 512 piae
922 441 1106 498 subire
1125 439 1416 512 jacturam.
1446 441 1686 514 Denique
1711 458 2003 512 numquam

419 533 776 593 rationabiles
816 549 880 590 ac
925 534 1180 604 probatos
1217 543 1399 606 patres
1424 535 1588 590 duros
1611 543 1708 590 aut
1733 535 2006 592 irrevoca-

419 631 555 688 biles
577 633 630 686 in
651 629 954 702 bujusmodi
977 627 1382 686 definitionibus
1397 629 1566 686 fuisse
1587 631 2002 699 reminiscimur;

415 723 512 781 sed
534 726 686 779 velut
715 739 894 780 ceram
919 723 1102 779 calore
1124 721 1274 790 solis,
1301 725 1372 779 ita
1396 739 1491 780 eos
1514 726 1723 782 ratione
1749 727 2003 796 mollitos,

416 825 473 872 et
502 813 874 872 intercedente
903 815 1206 872 salubriore
1233 817 1462 873 consilio
1493 819 1812 876 melioribus
1843 823 2010 891 parti-

418 909 522 964 bus
570 907 688 965 sine
729 907 1068 964 hmsitatione
1107 910 1361 964 cessisse.
1403 908 1784 982 Quoscumque
1829 922 2008 968 autem

417 999 655 1055 vidimus
703 999 1111 1056 definitionibus
1159 1001 1272 1056 suis
1320 1003 1672 1072 pertinaciter
1717 1001 2005 1074 inhaerere,

418 1091 821 1150 irrationabiles
875 1109 1090 1164 semper
1147 1093 1498 1164 probavimus
1550 1109 1612 1150 ac
1667 1093 2011 1152 discretionis

417 1197 688 1260 expertes.

957 1259 1186 1318 CAPUT
1223 1261 1456 1319 XXVIII.

413 1349 760 1424 Interrogatio
785 1369 852 1406 an
881 1353 948 1408 sit
971 1354 1285 1424 contrarium
1311 1355 1572 1422 pmdicta:
1594 1355 1854 1412 sententiae
1877 1355 2012 1411 illud

693 1424 834 1495 quod
871 1425 1094 1490 dicitur,
1119 1423 1302 1480 luraoi
1332 1436 1379 1480 et
1405 1429 1585 1493 statui,
1619 1438 1728 1484 etc.

485 1537 828 1594 Germanus:
857 1539 1129 1606 Quantum
1170 1539 1238 1594 ad
1285 1539 1424 1596 hanc
1469 1541 1734 1597 rationem
1782 1541 2019 1612 pertinet
2117 1511 2238 1582 quis
2285 1510 2512 1612 ίθτθίιίξη

411 1647 534 1702 qua:
560 1631 839 1687 evidenter
868 1633 1193 1702 copioseque
1221 1631 1426 1704 digesta
1470 1643 1587 1701 est,
1620 1633 1754 1688 nihil
1798 1643 2015 1704 oportet

411 1725 734 1780 monachum
765 1725 1012 1792 definire,
1047 1741 1113 1781 ne
1144 1735 1235 1782 aut
1273 1729 1658 1797 praevaricator
1703 1729 2010 1786 inveniatur
2039 1751 2088 1812 Β

409 1827 502 1874 aut
545 1819 812 1888 pertinax.
861 1817 927 1874 Et
973 1819 1064 1874 ubi
1113 1819 1244 1876 illud
1285 1819 1588 1876 Psalmistze
1635 1823 2006 1892 postponimus

407 1911 706 1982 eloquium,
737 1909 918 1966 Juravi
955 1919 1006 1966 et
1049 1913 1208 1966 statui
1251 1913 1510 1966 custodire
1544 1913 1750 1986 judicia
1787 1917 2008 1988 justitiuz

409 2011 512 2057 tute
535 2001 712 2073 (Psat.
745 2005 974 2072 cxvtu)?
997 2003 1132 2072 Quid
1161 2011 1246 2060 est
1269 2005 1412 2060 enim
1443 2005 1586 2060 aliud
1611 2005 1796 2074 jurare
1815 2017 1871 2064 et
1897 2019 2008 2064 sta-

407 2107 580 2166 tuere,
621 2112 775 2168 quam
807 2097 1032 2154 definita
1063 2097 1406 2154 immobiliter
1431 2097 1706 2156 custodire
1725 2099 1752 2154 τ

971 2209 1200 2269 CAPUT
1237 2211 1433 2268 XXIX.

405 2301 712 2370 Responsio,
743 2307 796 2361 in
826 2305 1006 2372 quibus
1031 2307 1306 2360 immobilis
1335 2309 1568 2378 deﬁnitio
1593 2311 1658 2364 sit
1687 2309 1925 2378 tenenda,
1953 2320 2004 2366 et

655 2379 709 2431 in
739 2378 946 2448 quibus,
973 2380 1018 2433 si
1047 2381 1360 2450 oportuerit,
1391 2381 1748 2436 rescindendo.

475 2489 674 2559 Ioseph
701 2507 716 2545 :
748 2489 854 2544 Nos
882 2499 908 2528 ι
935 2505 1040 2546 non
1065 2491 1131 2546 de
1159 2491 1545 2562 principalibus
1573 2493 1857 2562 mandatis,
1882 2495 2002 2552 sine

404 2582 600 2652 quibus
626 2597 730 2637 non
759 2591 938 2654 potest
967 2584 1118 2638 salus
1169 2595 1352 2639 nostra
1397 2587 1618 2640 omnino
1667 2587 1996 2654 subsistere,

403 2674 506 2730 ista
531 2673 894 2742 decernimus,
927 2675 1020 2730 sed
1049 2675 1118 2730 de
1143 2675 1228 2732 his
1256 2691 1378 2747 quae
1400 2677 1519 2732 sine
1545 2679 1786 2748 periculo
1827 2689 2000 2734 status

403 2769 574 2824 nostri
623 2771 868 2825 relaxare
915 2785 1240 2839 possumus,
1289 2771 1372 2826 vel
1421 2781 1644 2828 tenere:
1694 2781 1749 2826 ut
1777 2781 1902 2842 puta
1929 2773 1998 2830 de

401 2861 680 2917 irremisso
705 2863 882 2932 rigore
904 2863 1116 2932 jejunii,
1145 2863 1212 2918 de
1263 2863 1372 2918 vini
1423 2865 1540 2920 sive
1583 2863 1688 2920 olei
1737 2873 1996 2936 perpetua

403 2954 750 3022 abstinentia,
782 2957 848 3010 tle
876 2969 1164 3026 progressu
1191 2955 1400 3011 cellula:
1433 2957 1644 3028 penitus
1665 2957 1992 3026 cohibendo,

401 3048 472 3104 de
499 3047 746 3104 lectionis
772 3063 864 3104 seu
889 3049 1252 3104 meditationis
1277 3049 1580 3106 incessabili
1597 3050 1846 3120 jugitate,
1871 3065 1995 3122 quae

401 3141 520 3198 sine
539 3142 749 3210 jactura
781 3141 1128 3210 professionis
1156 3155 1219 3196 ac
1245 3143 1508 3212 propositi
1537 3143 1706 3197 nostri
1737 3151 1792 3198 et
1833 3158 1994 3200 exero
2019 3146 2068 3214 ο

403 3233 508 3288 ceri
541 3249 664 3288 cum
694 3233 906 3288 libuerit
933 3241 1178 3304 possunt,
1201 3241 1252 3288 et
1282 3249 1404 3288 cum
1435 3249 1654 3294 necesse
1679 3233 1838 3290 fuerit
1859 3235 1995 3292 irre-

399 3325 838 3396 prehensibiliter
875 3328 1236 3396 praetermitti.
1284 3327 1552 3382 Caeterum
1599 3343 1762 3396 super
1807 3329 1996 3384 obser-

403 3420 576 3474 vantia
609 3419 820 3474 illorum
853 3419 1225 3490 principalium
1254 3419 1628 3474 mandatorum
1665 3423 1992 3476 constantis-

399 3509 536 3565 sime
563 3511 928 3568 deliniendum
954 3521 1054 3574 est.
1087 3527 1150 3566 ac
1181 3527 1276 3582 pro
1305 3511 1387 3566 his
1417 3513 1580 3566 etiam
1621 3527 1789 3578 mors,
1822 3513 1868 3568 si
1899 3529 1996 3568 ne-

399 3619 552 3662 cesse
574 3605 758 3672 fuerit,
781 3620 888 3659 non
919 3604 1156 3670 vitanda,
1185 3619 1282 3674 pro
1312 3605 1504 3674 quibus
1535 3604 1884 3660 immobiliter
1909 3613 1992 3661 est

399 3695 708 3764 dicendum,
740 3693 924 3750 Juravi
955 3707 1000 3750 et
1027 3697 1205 3752 statui.
1238 3697 1390 3764 Quod
1425 3697 1536 3752 fieri
1565 3697 1728 3752 debet
1759 3713 1856 3767 pro
1898 3713 1994 3753 cu-

399 3790 568 3844 stodia
590 3791 894 3854 charitatis,
919 3803 1014 3858 pro
1035 3805 1138 3859 qua
1155 3789 1464 3859 spernenda
1485 3797 1608 3844 sunt
1631 3791 1901 3856 universa,
1925 3805 1992 3844 ne

401 3883 596 3937 bonum
641 3881 1042 3952 tranQuillitatis
1081 3883 1224 3938 illius
1265 3881 1636 3954 perfectioque
1671 3883 1990 3944 maculatur.

398 3975 1070 4044 Similiterquejuraudum
1101 3985 1184 4030 est
1225 3991 1326 4046 pro
1359 3977 1696 4032 castimoniae
1735 3977 1990 4046 puritate,

397 4087 494 4127 nec
523 4071 668 4126 aliud
695 4071 870 4126 facere
899 4085 1000 4124 nos
1025 4079 1242 4140 oportet
1269 4086 1364 4140 pro
1391 4070 1516 4136 ﬁde,
1551 4085 1646 4139 pro
1693 4071 1990 4126 sobrietate

397 4172 556 4233 atque
581 4163 812 4232 justitia,
842 4177 960 4230 quae
981 4161 1158 4216 omnia
1189 4161 1556 4217 indemutabili
1589 4161 1988 4232 perseverantia

399 4265 522 4310 sunt
549 4255 808 4323 tenenda,
836 4262 892 4310 et
921 4253 948 4294 δ
981 4269 1010 4308 a
1039 4254 1232 4324 quibus
1259 4255 1534 4324 paululum
1563 4255 1860 4310 recessisse
1889 4255 1990 4308 da-

2107 439 2174 494 ad
2205 439 2472 496 modicum
2503 439 2754 496 dicuntur
2780 456 2900 498 esse
2931 444 3082 500 utilia
3113 443 3160 516 (Ι
3185 442 3324 500 Tim.
3355 444 3454 518 tv),
3487 447 3560 502 ita
3590 457 3698 516 est,

2109 543 2167 588 ut
2189 533 2440 602 diximus,
2457 535 2822 600 statuendum,
2843 543 2898 590 ut
2919 536 2964 590 si
2985 550 3088 608 qua
3109 540 3482 606 supervenerit
3504 543 3706 598 certior

2109 629 2319 700 pietatis
2349 629 2565 686 occasio
2597 645 2718 700 quae
2745 630 2836 686 illa
2865 629 3088 686 suadeat
3125 631 3380 700 relaxari,
3426 633 3574 688 nulla
3611 651 3707 690 su-

2109 735 2205 790 per
2233 719 2315 776 bis
2341 721 2456 792 lege
2485 731 2786 788 teneamur,
2819 721 2912 778 sed
2945 723 3324 792 praetermissis
3359 723 3440 780 eis
3485 725 3552 780 ad
3601 727 3703 780 uti-

2111 813 2244 867 liora
2278 813 2443 868 libere
2485 825 2840 868 transeamus.
2893 813 2952 868 In
2995 813 3102 870 illis
3148 817 3292 870 enim
3331 817 3702 886 corporalibus

2110 905 2403 972 exercitiis,
2433 905 2476 960 si
2506 921 2605 976 pro
2654 917 2897 976 tempore
2941 907 3349 978 relinquantur,
3403 909 3700 979 periculum

2113 1011 2218 1052 non
2244 1007 2358 1062 est;
2389 997 2456 1052 ab
2487 995 2570 1052 bis
2599 1013 2728 1053 vero
2753 997 2820 1054 ad
2853 1008 3183 1056 momentum
3215 1001 3518 1059 declinasse
3558 1017 3703 1058 more

2113 1090 2329 1146 tiferum
2358 1100 2460 1148 est.

2693 1161 2922 1221 CAPUT
2959 1163 3126 1220 XXX.

2221 1275 2662 1345 Quemadmodum
2695 1277 2910 1332 celanda
2940 1279 3058 1334 aliis
3083 1281 3332 1336 committi
3359 1281 3591 1338 debeant.

2185 1414 2299 1471 Hoc
2325 1429 2540 1486 quoque
2567 1413 2730 1470 simili
2757 1415 3008 1472 cautione
3035 1417 3334 1472 curandum
3379 1429 3463 1473 est
3484 1457 3499 1482 ,
3546 1430 3602 1472 ut
3653 1417 3702 1473 si

2559 1523 2740 1566 sermo
2787 1525 2944 1578 quem
2983 1525 3107 1566 esse
3145 1512 3307 1566 vultis
3335 1512 3603 1566 occultum
3636 1511 3704 1568 de

2119 1617 2302 1662 vestro
2333 1619 2428 1662 ore
2459 1605 2619 1661 fuerit
2647 1605 2950 1675 prolapsus,
2986 1605 3130 1660 nulla
3159 1605 3536 1662 occultationis
3565 1619 3705 1675 prte-

2119 1711 2276 1769 cepta
2319 1699 2615 1756 sollicitent
2656 1699 2998 1766 audientem;
3049 1699 3218 1770 magis
3261 1701 3404 1755 enim
3444 1697 3632 1754 latebit
3657 1699 3704 1752 si

2115 1796 2446 1866 negligenter
2477 1807 2637 1865 atque
2666 1795 2984 1866 simpliciter
3025 1801 3336 1850 transeatur
3359 1837 3374 1862 ,
3421 1795 3544 1863 quia
3593 1809 3700 1850 non

2111 1887 2336 1956 quilibet
2365 1887 2591 1942 fratrum
2633 1901 2796 1956 super
2841 1887 3222 1958 divulgationis
3259 1887 3376 1958 ejus
3413 1888 3694 1957 impugna-

2113 1982 2258 2034 tionc
2309 1981 2684 2050 torquebitur,
2733 1980 3050 2035 existimans
3099 1995 3212 2036 rem
3265 1980 3420 2035 vilem
3464 1980 3700 2049 aliquam

2111 2075 2421 2129 transitoria
2455 2073 2894 2130 confabulatione
2936 2075 3202 2144 prolatam
3223 2115 3237 2140 ,
3271 2083 3324 2129 et
3353 2089 3472 2144 qua:
3500 2089 3566 2130 ex
3598 2074 3700 2129 hoc

2109 2169 2226 2236 ipso
2247 2169 2316 2224 sit
2337 2169 2526 2234 levior,
2557 2170 2680 2238 quia
2706 2169 3020 2224 cautissimo
3045 2169 3242 2224 silentii
3271 2177 3540 2239 praecepto
3571 2183 3696 2224 sen-

2106 2259 2253 2314 sibus
2280 2259 2548 2314 audientis
2567 2260 2942 2316 commendata
2969 2273 3074 2314 non
3099 2259 3281 2314 fuerit.
3309 2261 3438 2315 Nam
3463 2261 3510 2315 si
3535 2261 3696 2315 etiam

2108 2350 2266 2406 fidem
2319 2351 2434 2420 ejus
2483 2353 2658 2422 aliqua
2689 2361 3144 2408 sacramentorum
3195 2353 3556 2408 obtestatione
3604 2353 3700 2408 de-

2105 2443 2366 2512 vinxeris,
2406 2455 2427 2484 ο
2459 2445 2616 2500 citius
2645 2443 2774 2500 illud
2797 2445 3131 2514 prodendum
3162 2459 3410 2500 essenon
3433 2445 3688 2512 ambigas.

2107 2537 2272 2608 Major
2299 2539 2442 2593 enim
2471 2537 2730 2594 adversus
2763 2538 2935 2608 ipsum
2969 2543 3048 2592 vis
3087 2537 3370 2592 diabolicae
3411 2537 3693 2608 impugna-

2105 2631 2265 2684 tionis
2295 2629 2553 2700 insurget,
2583 2641 2640 2684 ut
2669 2639 2724 2684 et
2751 2637 2804 2684 te
2851 2629 3160 2685 mmstiflcet
3197 2629 3282 2684 vel
3333 2627 3594 2696 denudet,
3641 2639 3694 2683 ct

2103 2722 2250 2777 illum
2295 2731 2752 2794 transgressorem
2809 2723 3126 2792 quantocius
3179 2721 3260 2777 sui
3309 2721 3470 2778 faciat
3515 2735 3696 2776 sacra-

2104 2813 2292 2869 menti.

2671 2905 2898 2966 CAPUT
2938 2907 3134 2966 XXXI.

2103 3017 2252 3076 Nihil
2285 3036 2443 3094 super
2489 3021 2567 3076 his
2607 3037 2724 3094 qum
2753 3023 2822 3094 ad
2851 3039 3002 3094 usum
3025 3023 3310 3076 communis
3339 3021 3457 3077 uiue
3481 3023 3695 3076 attinent

2713 3092 3084 3162 deﬁniendum.

2173 3229 2238 3284 Et
2265 3228 2466 3284 idcirco
2497 3227 2628 3283 nihil
2659 3227 2818 3284 debet
2843 3229 3070 3298 abrupte
3097 3229 3392 3284 monachus
3419 3243 3583 3300 super
3613 3229 3696 3284 bis

2101 3323 2520 3392 dumtaxatquar
2543 3323 2610 3378 ad
2641 3323 2949 3390 corporales
2977 3322 3394 3378 exercitationes
3423 3324 3696 3392 pertinent

2097 3417 2344 3480 delinire,
2378 3431 2444 3470 ne
2475 3417 2844 3470 adversarium
2877 3416 2942 3470 ad
2996 3417 3454 3486 impugnationem
3505 3432 3694 3472 eorum

2099 3525 2218 3580 quas
2245 3510 2388 3564 velut
2419 3511 2520 3562 sub
2547 3511 2678 3578 legis
2705 3509 3084 3564 observatione
3113 3509 3374 3574 custodit,
3405 3509 3572 3580 magis
3610 3511 3692 3564 iu-

2095 3605 2290 3670 cilans,
2321 3604 2478 3658 citius
2504 3617 2564 3657 ea
2592 3603 2794 3658 violare
2823 3611 3068 3672 cogatur.
3101 3602 3398 3672 Praefigens
3428 3603 3692 3672 siquidem

2095 3699 2197 3753 sibi
2231 3698 2400 3768 legem
2430 3697 2794 3767 unusquisque
2815 3697 2915 3750 sub
2943 3695 3204 3750 libertatis
3229 3695 3400 3766 gratia
3425 3697 3692 3750 constitu-

2095 3801 2181 3848 tus
2205 3835 2218 3860 ,
2271 3790 2572 3860 perniciosa
2617 3791 2968 3860 semetipsum
2999 3789 3203 3860 obligat
3225 3791 3505 3854 servitute,
3541 3797 3598 3842 ut
3629 3805 3690 3844 ea

2095 3899 2214 3955 qua:
2256 3883 2433 3950 licite,
2467 3885 2632 3938 immo
2662 3885 2824 3938 etiam
2856 3881 3214 3948 laudabiliter,
3245 3897 3366 3936 cum
3395 3883 3689 3952 gratiarum

2095 3979 2302 4034 actione
2331 3993 2656 4046 praesumere
2689 3979 2980 4048 potuisset,
3013 3977 3058 4032 si
3112 3977 3410 4032 necessitas
3461 3977 3690 4032 fortasse

2096 4071 2436 4142 compulerit,
2471 4071 2617 4124 velut
2641 4081 3006 4138 transgressor
3027 4072 3310 4139 percipere
3333 4069 3689 4137 compellatur

2097 4177 2218 4218 cum
2274 4165 2720 4232 prteVat'icatiottc
2769 4163 2993 4232 peccati.
3051 4161 3148 4216 Ubi
3187 4163 3322 4216 enim
3351 4179 3450 4216 non
3481 4172 3554 4216 est
3583 4163 3687 4228 ter,

2098 4271 2190 4308 nec
2219 4257 2584 4326 prevarieutio
2610 4255 2788 4325 (Rom.
2821 4253 2916 4325 tv).
2949 4251 2978 4292 ἀ
3009 4255 3118 4310 Hac
3167 4255 3461 4312 beatissimi
3490 4255 3688 4325 .loscplt

1429 4367 1684 4424 ALARDI
1725 4365 1962 4422 GAZASI
1999 4367 2562 4424 COMMENTARIUS.

395 4466 548 4534 pserit
571 4481 589 4520 :
613 4481 732 4518 nam
755 4465 824 4518 ad
849 4465 1098 4534 inferiora
1121 4463 1199 4516 vel
1219 4463 1538 4534 remissiora,
1565 4477 1646 4516 me
1667 4463 1982 4534 consulente,
2011 4465 2067 4526 D
2095 4464 2266 4518 lnstit.
2299 4479 2419 4528 (πη).
2453 4463 2542 4526 5⁸5,
2576 4465 2626 4534 in
2663 4463 2773 4534 hinc
2803 4463 2960 4516 verba
2989 4481 3000 4515 :
3037 4463 3186 4518 Sicut
3233 4463 3478 4534 immensa

393 4531 840 4604 nonapostatabit.
867 4531 940 4588 Ita
971 4534 1298 4590 Bcrnardus.
1317 4533 1394 4588 Ex
1415 4533 1611 4604 quibus
1632 4531 1763 4586 satis
1789 4533 1982 4598 proba-

393 4603 573 4661 biliter
599 4607 776 4674 colligi
825 4615 1001 4674 potest
1045 4605 1360 4660 Cassianum
1399 4621 1462 4660 ac
1489 4603 1840 4668 Germanum,
1877 4621 1982 4657 non

391 4677 642 4732 obsmnte
689 4693 786 4732 sua
836 4677 1172 4745 professione
1198 4685 1252 4730 et
1303 4677 1686 4742 promissione,
1739 4675 1982 4743 potuisse

389 4750 528 4816 apud
573 4749 696 4803 illos
734 4757 912 4818 patres
945 4749 996 4800 in
1024 4761 1211 4818 eremo
1243 4761 1564 4814 permanere
1591 4755 1646 4800 et
1673 4745 1978 4814 religiosam

390 4819 554 4873 vitam
587 4835 710 4874 cum
761 4819 862 4872 illis
893 4833 1086 4888 agere;
1117 4817 1208 4884 qui
1239 4827 1408 4871 status
1441 4817 1538 4872 fuit
1577 4827 1632 4872 et
1661 4831 1860 4886 scopas
1895 4827 1976 4870 too

389 4893 494 4946 tius
520 4890 680 4957 hujus
705 4891 1084 4956 disputationis
1113 4897 1166 4942 et
1195 4889 1524 4944 collationis.

459 4971 484 4998 "
513 4961 813 5030 Diligenter
843 4960 1075 5014 notanda
1107 4959 1348 5014 definitio
1377 4961 1490 5014 sive
1519 4959 1778 5014 resolutio
1817 4959 1977 5028 hujus

383 5047 528 5104 cap.,
558 5047 669 5104 qua,
693 5048 797 5086 non
827 5033 1006 5085 minus
1033 5031 1188 5104 docte
1221 5046 1372 5104 quam
1407 5035 1494 5104 pie
1519 5031 1818 5104 explicatur
1855 5033 1976 5100 qui-

383 5101 482 5158 bus
513 5106 564 5158 in
599 5103 760 5158 rebus
791 5117 852 5157 ac
881 5101 1220 5156 sermonibus
1261 5103 1434 5154 locum
1483 5101 1680 5155 habeat
1727 5101 1812 5154 illa
1855 5117 1978 5156 sen-

384 5175 548 5229 tentia
577 5189 700 5243 cap.
730 5173 798 5227 27
829 5173 1078 5240 superius
1109 5173 1334 5242 allegata
1361 5187 1376 5225 :
1409 5171 1718 5243 Rectiusest
1745 5181 1978 5226 nostrum

379 5261 472 5298 nos
500 5241 760 5312 prwterire
801 5259 1085 5298 sermonem
1127 5241 1280 5314 quam
1324 5244 1398 5296 rei
1439 5241 1739 5296 salubrioris
1776 5259 1834 5296 ac
1877 5245 1980 5314 pice

377 5317 551 5370 subire
569 5318 856 5387 jacturum.

449 5387 478 5424 ¹³
509 5383 673 5443 Vides
705 5388 864 5442 etiam
891 5385 1032 5456 apud
1061 5395 1274 5440 veteres
1307 5383 1598 5456 monachos
1625 5385 1971 5440 violationem

379 5459 490 5514 voti
521 5458 871 5514 continentia:
895 5455 950 5512 et
987 5457 1216 5512 aliorum
1242 5455 1641 5522 cssentialium,
1679 5471 1784 5510 non
1815 5473 1972 5512 secus

375 5535 440 5588 ac
468 5529 846 5600 principalium
879 5529 1254 5584 mandatorum
1303 5527 1436 5594 Dei,
1473 5527 1764 5596 iudicatam
1811 5529 1973 5584 fuisse

375 5601 740 5666 damnabilem
772 5611 824 5656 et
857 5603 1155 5656 mortalem.
1183 5600 1336 5666 Quod
1359 5601 1644 5654 continuat
1665 5601 1802 5654 alius
1827 5602 1973 5656 locus

377 5675 503 5738 huic
531 5687 952 5738 consentaneus,
987 5687 1086 5726 nec
1117 5673 1290 5724 minus
1327 5673 1500 5725 serius
1549 5671 1722 5740 quoad
1769 5671 1972 5742 obliga-

375 5751 581 5809 tionem
611 5755 666 5802 et
693 5745 1040 5802 violationem
1067 5751 1314 5800 votorum
1346 5745 1711 5800 essentialium
1733 5783 1750 5809 ,
1781 5741 1899 5798 lib.’
1921 5758 1972 5798 tv

3557 4463 3686 4517 [aria

2095 4483 2266 4518 IIISIII.
2299 4483 2419 4528 (Ἧι).
2453 4483 2542 4526 OO,
2579 4483 2626 4514 Ill
2663 4483 2773 4516 "33C
2803 4483 3000 4516 νετυίιε
3037 4483 3185 4518 διειιι
3233 4483 3478 4516 υπηιρηδα
3519 4483 3686 4536 σιω-ια

2091 4535 2315 4602 ﬁdeliter
2345 4533 2677 4586 servientibus
2711 4532 2816 4586 Deo
2845 4549 2906 4585 ac
2934 4535 3218 4587 seruiulum
3249 4533 3459 4602 Regula:
3485 4536 3686 4588 institu-

2091 4608 2278 4658 tionem
2323 4606 2366 4656 εἰ
2411 4603 2790 4657 att/mirantibus
2835 4605 3207 4675 repromittitur
3251 4605 3302 4657 in
3337 4609 3588 4674 futurum,
3617 4607 3685 4659 ἐξα

2087 4693 2246 4743 paena:
2273 4677 2586 4744 grauissime
2617 4689 2973 4744 prwparamur
3002 4675 3083 4728 Itis
3112 4675 3201 4744 qui
3240 4675 3408 4742 tepide
3447 4691 3558 4728 eam
3599 4694 3684 4728 rte-

2083 4747 2434 4818 gligentcrquc
2464 4747 2652 4818 fuerint
2679 4747 2934 4818 exsecuti,
2985 4753 3032 4798 et
3081 4747 3358 4818 secuudum
3406 4747 3503 4799 hoc
3549 4747 3684 4812 quod

2083 4816 2302 4886 professi
2333 4827 2472 4882 sunt,
2499 4817 2732 4885 velquol
2780 4816 2842 4869 ab
2888 4816 3177 4870 hominibus
3223 4833 3335 4868 esse
3382 4819 3682 4882 creduntur,

2082 4887 2279 4958 fructus
2321 4891 2768 4958 etiammongruos
2807 4887 3092 4942 sanctitatis
3135 4887 3296 4958 eidem
3337 4887 3571 4940 exhibere
3597 4905 3682 4942 ne-

2079 4957 2348 5028 glexerint.
2383 4958 2571 5012 Metius
2597 4957 2666 5012 est
2693 4959 2850 5024 enim,
2871 4959 3144 5012 secundum
3167 4957 3450 5028 Scriptum
3475 4973 3681 5013 senten-

2083 5030 2226 5100 tiam,
2255 5046 2357 5100 non
2387 5045 2562 5100 uouere
2585 5047 2910 5100 quemquam.
2945 5047 3100 5096 quant
3127 5044 3325 5100 uouere,
3356 5039 3404 5081 et
3435 5046 3534 5100 non
3567 5031 3680 5082 red-

2081 5099 2217 5224 ἥρω.
2243 5099 2352 5224 Iit,
2383 5097 2692 5154 Maledictus
2737 5097 2824 5170 qui
2855 5103 2978 5172 [acit
3021 5115 3146 5170 Opus
3197 5097 3296 5152 Dei
3341 5097 3678 5171 negligenter.

2133 5185 2210 5224 asc
2243 5188 2254 5224 l
2299 5187 2336 5224 ι.

2133 5185 2210 5224 asc
2243 5172 2336 5226 ibi.

2157 5252 2178 5314 ξι
2215 5241 2358 5312 Ergo
2391 5257 2454 5296 ex
2486 5244 2750 5298 sententia
2781 5243 2938 5312 hujus
2967 5243 3173 5298 abbatis
3205 5259 3308 5300 non
3339 5243 3552 5314 expedit
3583 5243 3677 5297 ali-

2082 5313 2168 5368 cui
2196 5323 2403 5368 secreta
2427 5314 2541 5368 sive
2571 5327 2764 5368 arcana
2795 5329 2890 5368 sua
2923 5313 3022 5368 sub
3051 5315 3250 5370 silentii
3293 5313 3493 5368 fide’et
3531 5315 3676 5382 jura-

2078 5395 2261 5439 tnento
2287 5386 2644 5448 committere,
2693 5387 2792 5439 nisi
2841 5385 2917 5438 rei
2964 5387 3200 5454 gravitas
3251 5387 3332 5440 vel
3377 5387 3675 5440 necessitas

2079 5455 2220 5510 aliud
2251 5456 2491 5510 suadeat.
2535 5457 2646 5520 Qua
2685 5457 2752 5512 de
2774 5473 2831 5510 re
2852 5459 3072 5510 consule
3097 5467 3378 5512 tractatum
3407 5455 3672 5512 Dominici

2078 5541 2110 5580 a
2135 5525 2264 5582 Sotn
2295 5525 2362 5581 de
2391 5529 2596 5582 ratione
2623 5527 2836 5597 tegendi
2865 5529 3085 5584 secreti.

2148 5597 2172 5636 δ
2205 5599 2370 5654 Recte
2402 5597 2704 5652 observavit
2733 5599 2832 5650 Do.
2866 5599 3132 5664 Cttychitts
3159 5615 3224 5654 ex
3255 5599 3335 5652 his
3357 5599 3538 5654 verbis
3562 5601 3670 5655 col-

2075 5673 2166 5740 ltgi
2202 5671 2514 5742 Cassianum
2545 5671 2753 5742 abbatis
2783 5671 3002 5740 Just-plu
3032 5671 3266 5740 OpltlIOIlI
3297 5683 3458 5742 atque
3491 5688 3668 5727 asser-

2078 5743 2208 5798 tioni
2237 5743 2302 5798 de
2335 5741 2596 5798 mendacii
2623 5743 2841 5798 licentia
2873 5743 3188 5810 adlucsisse,
3218 5753 3310 5801 aut
3341 5741 3490 5802 certe
3515 5743 3660 5811 ejus-
