4072 6324
373 217 510 275 1087
1431 211 1714 271 JOANNIS
1748 211 1981 272 CASS“

2060 213 2066 271 l
2101 212 2596 273 COLLATIONES.
2619 274 2624 280 ,
3516 219 3668 278 1088

371 333 712 391 institutione
742 342 902 406 atque
925 333 1172 389 doctrina
1199 331 1346 388 velut
1373 330 1556 387 divino
1584 331 1804 386 oraculo
1829 347 1960 388 con-
1985 338 2042 400 Α
2063 332 2186 389 dem
2217 332 2506 403 insignium
2534 331 2776 387 virorum
2803 329 3156 401 reprehensio
3201 338 3406 388 nostra:
3447 334 3673 390 rustici-

372 428 591 496 ﬁrmati,
626 427 678 483 in
709 427 943 499 Egypto
969 425 1209 482 residere
1236 425 1543 480 maluimus.
1578 423 1684 480 Sed
1717 425 1847 480 licet
1874 439 1970 495 pa—
2073 429 2197 483 tatis
2239 435 2482 484 evacuet.
2531 426 2719 482 Tutius
2763 425 3031 497 siquidem
3071 425 3228 482 nobis
3271 427 3328 482 in
3369 438 3676 496 conspectu

369 535 495 577 rum
514 520 772 591 deinceps
792 519 861 575 de
883 529 1063 574 nostra
1083 532 1326 574 essemus
1353 517 1711 589 promissione
1732 518 1968 585 solliciti,
2073 520 2240 577 nostri
2265 519 2460 590 judicis
2491 521 2660 575 visum
2692 529 2775 574 est
2810 518 3072 576 doctrina
3111 519 3272 590 hujus
3314 519 3678 590 magniﬁcen-

374 627 554 669 tamen
580 614 794 684 expleto
820 619 1028 682 septem
1051 627 1316 668 annorum
1346 627 1591 681 numero,
1622 613 1968 683 sponsionem
2074 614 2204 669 tiam
2232 617 2317 670 vel
2347 613 2560 670 incultis
2597 613 2938 670 sermonibus
2980 613 3214 684 prodere
3253 629 3416 684 quam
3459 616 3630 670 silere
3655 632 3673 681 ;

374 715 616 761 nostram
649 714 924 774 gratanter
953 705 1316 776 implevimus.
1345 706 1711 762 Exeurrentcs
1739 721 1972 778 namque
2074 707 2270 778 quippe
2308 721 2432 762 cum
2469 717 2522 762 et
2573 702 2835 776 profectui
2879 706 3099 763 lectoris
3123 747 3138 774 ,
3187 706 3233 761 si
3279 706 3674 764 sublimitatem

375 799 443 854 ad
469 798 774 855 ctenobium
809 808 1053 854 nostrum
1082 799 1178 854 illo
1205 799 1313 869 jam
1349 808 1592 869 tempore
1627 815 1735 869 quo
1770 799 1837 855 de
1873 801 1975 854 im-
2074 814 2330 856 sensuum
2377 799 2810 870 contempletur,
2859 799 2961 854 hoc
3007 798 3149 870 quod
3191 799 3465 869 imperitia
3495 799 3680 856 nostri

378 890 638 961 petrando
671 891 740 945 ad
788 905 1031 946 eremum
1079 890 1255 946 reditu
1305 890 1554 946 tlduciam
1605 890 1927 960 gerebamus
1954 931 1970 957 ,
2075 893 2341 949 sermonis
2369 893 2658 949 otl‘enditur
2684 895 2878 949 obesse
2904 907 3013 948 non
3044 893 3243 963 possit,
3284 902 3340 948 et
3385 893 3563 964 major
3603 895 3683 949 sit

377 984 606 1054 primum
637 983 940 1038 senioribus
985 983 1185 1038 nostris
1230 985 1490 1038 honorem
1534 983 1773 1039 debitum
1812 984 1976 1039 solvi—
2078 986 2234 1042 nobis
2262 987 2506 1042 utilitatis
2531 1001 2658 1042 cura
2700 1000 2860 1056 quam
2911 984 3106 1040 laudis.
3147 984 3336 1054 Neque
3379 988 3524 1040 enim
3573 986 3684 1039 hoc

377 1090 532 1132 mus:
563 1074 758 1131 deinde
789 1074 981 1130 animis
1005 1089 1192 1130 eorum
1219 1078 1310 1145 qui
1340 1090 1438 1146 pro
1471 1075 1753 1130 charitatis
1780 1077 1976 1132 ardore
2078 1081 2221 1152 quod
2251 1089 2566 1137 sanctorum
2594 1079 2828 1135 virorum
2857 1077 3002 1134 dicta
3031 1077 3326 1147 descripsi,
3361 1086 3418 1132 et
3454 1077 3681 1147 plenum

377 1167 723 1224 creberrimis
747 1167 1047 1223 litterarum
1071 1177 1378 1223 nostrarum
1404 1168 1862 1225 satisfactionibus
1882 1184 1978 1225 ne-
2080 1173 2334 1246 periculi,
2381 1182 2438 1230 et
2481 1187 2708 1242 egenum
2753 1170 2926 1226 laudis
2963 1184 3086 1226 esse
3115 1183 3224 1224 non
3253 1181 3546 1232 noveram;
3579 1168 3686 1223 sed

382 1278 648 1334 quaquam
679 1263 892 1320 fuerant
920 1264 1145 1334 deliniti,
1185 1265 1463 1336 pristinam
1494 1266 1980 1337 redintegravimus
2082 1266 2336 1338 prudens,
2370 1273 2430 1320 ut
2454 1265 2672 1331 dicitur,
2710 1263 2903 1334 laqueo
2948 1261 3139 1333 pedem
3184 1261 3396 1326 indidi,
3444 1275 3548 1315 nec
3594 1275 3689 1316 me

382 1358 740 1422 charitatem;
792 1356 1118 1426 tandemque
1159 1359 1227 1414 ad
1277 1358 1492 1428 plenum
1541 1359 1730 1414 aculeo
1782 1369 1980 1414 nostra
2083 1360 2383 1416 indubitato
2409 1357 2709 1414 discrimini
2736 1356 2838 1412 sub
2859 1356 3065 1412 incerta
3092 1353 3375 1425 spealieni
3399 1353 3687 1423 profectus

385 1449 692 1521 sponsionis
738 1451 925 1504 avulso
949 1492 966 1516 ,
1009 1449 1094 1505 his
1142 1465 1358 1521 quoque
1398 1466 1521 1506 cum
1563 1451 1759 1522 gaudio
1790 1467 1979 1522 prose-
2084 1453 2300 1508 tradere
2327 1451 2606 1516 recusavi;
2637 1463 2865 1505 monens
2888 1461 3079 1504 omnes
3101 1445 3172 1500 ad
3215 1459 3445 1514 quorum
3486 1459 3690 1499 manus

387 1541 676 1612 quentibus
703 1542 768 1596 ad
799 1539 1152 1612 Scythiotieae
1181 1542 1486 1598 solitudinis
1519 1552 1729 1600 secreta
1773 1559 1983 1600 remea-
2085 1543 2341 1614 opuscula
2381 1542 2484 1598 ista
2524 1539 2902 1610 pervenerint,
2936 1548 2996 1594 ut
3020 1536 3280 1609 quidquid
3328 1535 3598 1606 placuerit
3631 1536 3691 1590 in

390 1635 587 1690 vimus.
621 1635 770 1690 Hanc
792 1636 962 1702 vobis,
999 1643 1027 1672 ι
1057 1651 1090 1691 o
1117 1636 1290 1690 sancti
1317 1636 1536 1702 fratres,
1569 1637 1855 1693 illustrium
1885 1638 1985 1692 Pa-
2087 1637 2187 1706 eis,
2217 1645 2455 1708 patrum,
2483 1643 2723 1689 nostrum
2751 1645 2878 1687 vero
2897 1631 3072 1686 sciant
3097 1643 3217 1685 esse
3237 1627 3382 1698 quod
3406 1627 3692 1698 displicet,

393 1740 532 1783 trum
582 1728 860 1783 scientiam
909 1740 1070 1798 atque
1119 1729 1421 1784 doctrinam
1465 1739 1669 1796 nostra,
1707 1739 1762 1784 ut
1791 1729 1982 1799 potuit,
2015 1737 2064 1796 Β
2091 1747 2280 1788 omnes
2309 1729 2502 1802 quibus
2527 1727 2774 1785 amabilis
2803 1736 2889 1784 est
2912 1725 3021 1781 vita
3070 1731 3128 1782 et
3165 1720 3417 1778 doctrina
3464 1728 3694 1776 sancto-

391 1825 725 1880 elucnbravit
754 1824 985 1891 inscitia,
1019 1841 1182 1895 quam
1231 1826 1442 1881 etiamsi
1486 1827 1716 1881 incultus
1762 1825 1984 1882 forsitan
2095 1839 2234 1881 rum.

394 1933 574 1974 sermo
601 1918 846 1974 confudit
870 1919 1049 1988 potius
1077 1935 1237 1989 quam
1268 1919 1516 1990 digessit,
1549 1937 1734 1992 quaeso
1765 1937 1843 1978 ne-
1876 1922 1994 1976 lau-

1472 2032 1730 2088 ALARDI
1767 2031 2004 2090 GAZJEI
2041 2026 2601 2088 COMMENTARIUS.

398 2123 520 2177 dem
550 2123 751 2177 erroris
777 2123 1137 2192 suspicionem
1171 2125 1480 2180 incurrisse.
1519 2125 1826 2180 Praesertim
1867 2141 1990 2180 cum
2102 2124 2405 2180 mendacio.
2434 2123 2610 2190 Quare
2639 2135 2743 2174 non
2779 2117 3048 2174 immerito
3066 2117 3363 2192 Cassianus
3400 2115 3502 2171 sub
3539 2115 3707 2192 titulo

400 2195 562 2248 etiam
594 2195 686 2248 lih.
719 2209 771 2248 vt
800 2190 1201 2251 Institutionum
1230 2198 1303 2252 de
1329 2197 1597 2252 Archebio
1631 2198 1826 2252 abbate
1856 2199 1994 2252 scri-
2103 2197 2386 2251 Coliatoris
2415 2209 2446 2248 a
2481 2195 2537 2248 ι).
2574 2193 2839 2261 Prospero
2862 2192 3024 2261 etiam
3063 2191 3164 2245 hoc
3193 2190 3411 2245 nomine
3436 2190 3708 2258 perstrin-

403 2266 558 2333 bens,
592 2281 820 2340 cumque
850 2267 1164 2340 collaudatis
1199 2269 1341 2323 dicat
1390 2269 1539 2322 illum
1587 2269 1836 2338 religiosa
1885 2271 1996 2324 cir-
2103 2269 2245 2340 gitur
2266 2265 2416 2340 (Lib.
2448 2259 2845 2340 contrqﬁdllat.
2879 2279 2926 2340 ἑ
2954 2259 3032 2340 9).

404 2330 852 2411 ciunventioneet
873 2339 1148 2411 charitatis
1169 2341 1451 2395 mendacio
1467 2341 1608 2407 apud
1633 2330 1824 2395 fratres
1843 2355 1996 2395 nsum
2103 2330 2133 2340 ⁷
2181 2348 2207 2376 ιι
2235 2330 2526 2411 llonorate,
2550 2335 2857 2411 scilicet,‘et
2879 2330 3134 2411 Eugheri,
3158 2331 3352 2411 quibus
3369 2330 3468 2411 luis
3487 2340 3708 2411 septem

405 2406 608 2482 fuisse;
641 2410 792 2482 quasi
828 2423 956 2482 vero
984 2409 1222 2464 charitas
1252 2401 1532 2466 mendacio
1558 2414 1820 2476 societur,
1856 2428 1998 2482 quae,
2108 2410 2424 2466 collationes
2451 2423 2482 2462 a
2617 2407 2919 2482 descriptas
2959 2403 3254 2482 C_assiauus_
3290 2401 3594 2471 dedicavit,
3643 2411 3714 2459 ut

407 2473 850 2554 testcuApostolo,
888 2478 1038 2554 Nihil
1063 2483 1171 2551 agit
1199 2499 1488 2553 perperam,
1516 2499 1618 2554 non
1640 2473 1828 2552 gaudet
1848 2473 2003 2554 super
2113 2491 2259 2554 patet
2285 2496 2356 2537 ex
2389 2479 2706 2552 praefatione
2735 2473 3036 2533 collationis
3067 2473 3385 2531 undecimae.

405 2550 710 2619 iniquitate;
751 2553 1037 2624 congaudet
1064 2550 1234 2607 autem
1262 2550 1463 2608 ueritati
1496 2553 1548 2626 (l
1575 2550 1695 2611 Cor.
1725 2554 1868 2624 xm),
1897 2550 2007 2610 non

449 2669 3680 2718 ’ΞΜ

1189 2815 1993 2931 JOANNIS
2073 2756 2923 2931 nassum:

1599 3010 1940 3072 ABBATIS
1983 3009 2526 3074 MASSILIENSIS

824 3167 2572 3337 COLLATIONUM
2705 3166 3312 3329 XXIV

1731 3436 2390 3528 COLLECTIO

1667 3601 1731 3652 IN
1765 3600 1926 3652 TRES
1959 3598 2207 3651 PARTES
2241 3599 2474 3650 DlVlSA.

1826 3733 2266 3749 Ψ

1467 3849 1880 3956 PARS
2012 3850 2601 3957 TERTIA
2633 3915 2671 3982 ,

1876 4065 2256 4110 COMPLICTINS

573 4187 821 4240 SEPl‘EM
859 4187 1138 4240 UL'l'IMAS
1170 4185 1640 4251 COLLATIONES,
1678 4185 1944 4240 PATRUM
1977 4188 2042 4241 IN
2079 4187 2460 4240 ULTERIORIS
2495 4186 2744 4240 IEGYPTI
2779 4183 3093 4236 PARTIBUS
3127 4182 3598 4236 HABITANTIUM.

1744 4414 2428 4600 amisistis.

1116 4641 1206 4693 AD
1238 4639 1649 4703 JOVINIANUM,
1685 4637 2066 4699 MINERVIUM,
2103 4635 2432 4688 LEONTIUM
2466 4634 2546 4686 ET
2579 4629 3000 4686 THEODORUM.

514 4851 539 4879 ι
554 4840 824 4908 Emensis,
845 4838 1065 4910 iuvante
1087 4835 1255 4908 gratia
1276 4835 1498 4901 Christi,
1521 4833 1710 4896 decem
1731 4831 2032 4889 collationi-
2058 4829 2106 4894 C
2137 4830 2272 4885 alias
2294 4829 2454 4886 beato
2475 4828 2732 4900 episcopo
2751 4828 3044 4892 llonorato,
3077 4834 3266 4882 sancto
3290 4839 3507 4896 quoque
3536 4825 3759 4883 famulo

438 4935 537 4990 lius
566 4933 808 5000 Patrum,
834 4947 976 5002 quas,
1022 4927 1360 5000 exigentibus
1407 4927 1734 4984 beatissimis
1761 4926 2033 4997 episcopis
2140 4925 2342 4982 Christi
2367 4925 2637 4981 Eucherio
2667 4921 2942 4979 dedicavi:
2970 4918 2998 4959 δ
3028 4920 3277 4976 Totidem
3309 4929 3363 4975 et
3392 4933 3538 4975 nunc
3563 4919 3758 4986 vobis,

441 5027 688 5085 llclladio
717 5041 781 5083 ac
807 5025 1056 5095 Leontio,
1086 5032 1376 5094 utcumque
1405 5021 1630 5094 digestae
1653 5031 1803 5090 sunt,
1827 5029 2036 5090 septem
2140 5034 2175 5077 ο
2218 5031 2240 5061 ε
2282 5019 2455 5077 sancti
2505 5017 2701 5074 fratres
2727 5060 2744 5086 ,
2792 5014 3078 5074 Joviniane
3103 5055 3119 5084 ,
3167 5013 3392 5071 Minervi
3413 5059 3427 5084 ,
3461 5012 3658 5070 Leonti
3694 5023 3764 5070 et

1520 5130 1784 5188 ALABDI
1823 5129 2060 5187 GAZIEI
2097 5126 2673 5186 COMMENTARIUS.

519 5247 544 5275 ι
571 5237 646 5293 lta
678 5248 909 5303 namque
935 5231 1210 5303 plerique;
1249 5229 1436 5303 excusi
1481 5240 1616 5283 vero
1641 5225 1918 5303 :_Einissi_s
1953 5226 2043 5294 ju-
2153 5225 2483 5303 collationes
2514 5229 2942 5303 suosmauctores
2989 5217 3364 5303 anachoreta}:
3410 5214 3555 5303 blant
3573 5214 3766 5303 prima

519 5251 544 5275 ⁸
571 5251 646 5293 ua
678 5252 799 5292 nam
843 5251 909 5289 ue
935 5251 1210 5303 plerique;
1249 5251 1436 5285 CXCIISI
1486 5251 1654 5283 vero:
1702 5251 1918 5281 ιωιηδδιδ
1953 5251 2043 5294 ju'
2153 5251 2469 5280 tzuuauuuca
2514 5251 2643 5280 auus
2691 5251 2942 5278 auctum:
2989 5251 3364 5274 αιιαωιυιυωδ.
3412 5251 3543 5298 eral"
3581 5251 3761 5298 wn}...

443 5319 594 5365 rante
619 5309 786 5376 gratia
805 5251 1018 5370 hac,
1046 5313 1155 5359 etc.
1189 5301 1578 5372 Paraphrastes
1602 5313 1614 5350 :
1645 5297 1836 5353 Finitis
1870 5298 2045 5353 decem
2153 5296 2274 5376 hace
2295 5307 2378 5376 es_t
2398 5297 2607 5376 abbatis
2636 5292 2990 5376 Piammonis,
3015 5289 3247 5376 secunda
3268 5288 3478 5376 abbatis
3468 5287 3761 5376 Joannis,

445 5357 1018 5440 'cli'z'ati’aﬁibisfété.”
1194 5357 1197 5358 ν
1330 5357 1380 5424 ’ρ
1820 5439 1823 5440 ν
2155 5369 2311 5440 tertia
2336 5367 2634 5440 Pynuphii;
2683 5375 2906 5440 quarta,
2948 5361 3136 5434 quinta
3179 5371 3234 5418 et
3272 5370 3426 5417 sexta
3468 5357 3765 5426 Theome;

520 5451 548 5490 ι’
581 5453 705 5507 llzec
736 5437 897 5520 igitur
923 5447 1080 5503 tertia
1106 5442 1672 5520 cl_assi_s_c_ollationum
1716 5455 1746 5495 a
1788 5439 2047 5520 Cassiano
2154 5437 2393 5520 denique
2417 5437 2644 5520 septima
2674 5437 2921 5520 Abrahae.

451 5503 860 5592 descript'ar‘t’im
895 5518 1202 5592 septenario
1242 5516 1443 5592 itidem
1509 5525 1734 5568 numero
1758 5555 1773 5579 ,
1833 5513 1901 5592 ab
1947 5511 2049 5566 hac
2166 5591 2169 5592 ν
2232 5521 2254 5548 ο
2287 5503 2530 5592 ιῖύθξυμξιι
2555 5510 2608 5563 hi
2628 5517 2869 5592 .quatno-r
2895 5505 3203 5592 abba‘tesc‘t
3231 5503 3626 5592 monachorum
3648 5516 3767 5592 pa:

451 5573 878 5650 aéiaivi’aéc‘iiiia
897 5573 1079 5660 usque
1110 5587 1175 5643 ad
1206 5586 1520 5660 vigesimam
1563 5573 1811 5660 quartam
1854 5591 1910 5638 et
1949 5597 2047 5652 po-
2159 5591 2269 5638 tres
2294 5598 2358 5638 ex
2381 5573 2671 5660 Gallicanis
2695 5582 2956 5660 partibus,
2989 5587 3064 5643 et.
3091 5577 3361 5660 nifallor,
3381 5592 3445 5659 es
3472 5573 3774 5660 Lyriueusi

455 5645 1152 5730 gilémam'édiapren'ensa,
1177 5668 1231 5714 et
1255 5645 1468 5728 propria
1493 5645 1809 5726 przéfatione
1832 5669 1894 5730 a‘c
1917 5645 2052 5730 nun-
2159 5655 2598 5727 congregatione,
2626 5645 2768 5722 quod
2798 5668 2865 5708 ex
2894 5645 3247 5721 sequentibus
3291 5645 3565 5716 conjicere
3605 5645 3768 5702 licet.

460 5735 746 5802 cupatione
775 5733 844 5790 ab
870 5721 996 5789 aliis
1042 5721 1299 5788 discreta.
1350 5721 1559 5785 llabeht
1604 5731 1782 5782 autem
1827 5721 2050 5794 singulis
