4072 6324
430 276 573 334 1089

1048 271 1395 336 COLLATIO
1431 275 1619 336 XVIII.
1649 306 1722 322 —-
1749 276 1840 334 DE
1879 275 2128 334 TRIBUS
2166 271 2561 337 GENERIBUS
2599 278 3098 343 MONACHORUM.

3575 299 3714 358 £090

426 395 732 462 Theodore,
778 395 980 452 credidi
1027 395 1380 466 deputandas.
1433 395 1709 452 Posterior
1753 393 2016 466 siquidem
2043 399 2102 461 Α
2125 408 2221 464 pro
2243 396 2551 454 conditione
2574 398 2814 456 locorum
2837 411 3095 486 aestatus
3115 405 3198 464 sui
3219 357 3469 468 mensura
3497 415 3713 486 plenius

423 497 667 545 vestrum
693 489 840 545 illam
866 490 1237 548 cmnobiorum
1268 499 1509 547 sanctam
1555 498 1714 561 atque
1749 489 2019 560 egregiam

425 581 768 653 disciplinam
794 583 846 638 in
875 583 1168 653 provinciis
1203 583 1497 640 Gallicanis
1535 584 1876 655 antiquarum
1911 582 2022 638 vir-

425 684 605 731 tutum
646 675 986 732 districtione
1033 675 1300 744 fundavit;
1333 676 1517 733 caeteri
1547 690 1677 732 vero
1705 691 1813 731 non
1841 674 2019 730 solum

424 767 786 824 cmnobialem
818 767 1209 837 professionem
1241 768 1482 838 apprime
1510 766 1807 824 monachos
1848 780 2022 838 expe-

427 872 566 930 tere,
594 877 782 919 vernm
812 862 976 918 etiam
1001 862 1434 919 anachoreticam
1455 862 1608 919 sitire
1637 863 2018 919 sublimitatem

425 953 624 1009 vestris
656 953 1088 1010 institutionibus
1113 955 1470 1025 provocastis.
1501 954 1576 1010 Ea
1601 969 1831 1026 namque
1851 954 2021 1010 colla-

426 1043 606 1100 tiones
626 1045 746 1101 ista:
767 1059 1100 1102 summorum
1121 1044 1340 1102 Patrum
1367 1047 1730 1118 disputatione
1747 1054 2021 1102 contextae

425 1146 574 1206 sunt,
598 1147 655 1194 et
674 1139 747 1194 ita
773 1140 826 1194 in
847 1140 1100 1196 omnibus
1130 1150 1462 1211 temperatae,
1495 1151 1552 1195 ut
1581 1138 1792 1210 utrique
1820 1138 2025 1210 profes-

425 1233 567 1288 sloni
593 1273 610 1299 ,
659 1248 764 1304 qua
811 1247 920 1290 non
963 1234 1137 1290 solum
1185 1235 1438 1291 occiduas
1487 1233 1736 1304 regiones
1761 1273 1778 1299 ,
1833 1247 2019 1287 verum

426 1325 594 1380 etiam
617 1334 645 1363 ι
674 1326 898 1393 insulas,
930 1327 1179 1382 maximis
1202 1327 1428 1383 fratrum
1448 1327 1682 1383 catervis
1702 1325 1904 1382 fecistis
1921 1324 2022 1382 ﬂo-

423 1433 569 1486 rere,
596 1420 946 1487 conveniant;
979 1420 1033 1477 id
1072 1431 1174 1488 est,
1206 1431 1264 1477 ut
1293 1437 1399 1478 non
1429 1421 1604 1477 solum
1633 1420 1686 1476 hi
1724 1421 1815 1492 qui
1842 1419 2022 1476 adhuc

424 1509 481 1565 in
526 1513 945 1582 congregatione
992 1513 1248 1570 laudabili
1294 1514 1630 1584 subjectione
1682 1514 2015 1583 perdurant,

424 1604 520 1659 sed
541 1605 704 1660 etiam
726 1605 802 1661 illi
827 1608 917 1677 qui
951 1606 1093 1662 haud
1121 1608 1277 1678 longe
1305 1625 1334 1663 a
1363 1607 1558 1664 vestris
1581 1607 1844 1664 cmuobiis
1869 1621 2022 1662 sece-

423 1695 620 1754 dentes
643 1697 1091 1756 anachoretarum
1125 1701 1321 1757 sectari
1355 1700 1596 1772 gestiunt
1641 1699 1978 1771 disciplinam
2000 1741 2016 1767 ,

2129 486 2480 582 instruantur.
2509 492 2716 561 Quibus
2747 496 2850 552 hoc
2874 484 3201 570 praecipuum
3240 509 3471 564 contulit
3499 484 3717 582 praece-

2125 579 2262 679 dens
2285 587 2449 639 vestri
2479 585 2679 643 laboris
2704 589 2988 661 industria,
3019 604 3077 649 ut
3108 603 3277 666 parati
3311 601 3422 672 jam
3462 579 3624 679 atque
3662 611 3717 670 in

2127 671 2315 729 Iisdem
2337 678 2607 735 exercitiis
2635 679 2984 754 deprehensi,
3009 686 3221 746 facilius
3245 707 3508 768 praecepta
3534 671 3718 759 senio-

2129 778 2246 817 rum
2268 775 2432 836 atque
2462 768 2702 826 instituta
2730 775 3054 847 suscipiant,
3080 779 3108 819 δ
3130 781 3384 856 ipsosque
3412 790 3464 845 in
3489 793 3717 853 cellulas

2127 869 2253 910 suas
2305 866 2553 916 auctores
2605 863 2956 924 collationum
3008 885 3133 926 cum
3189 875 3316 946 ipsis
3365 881 3716 944 collationum

2126 948 2486 1008 voluminibus
2509 954 2850 1028 recipientes,
2883 969 2938 1016 et
2962 965 3290 1034 quotidianis
3315 975 3716 1042 quodammodo

2125 1056 2246 1098 cum
2274 1044 2354 1099 eis
2386 1045 2894 1144 interrogationibus
2921 1070 2984 1110 ac
3015 1065 3290 1130 responsis
3319 1068 3712 1144 colloquentes,

2127 1151 2234 1192 non
2262 1139 2496 1207 pr0priis
2534 1141 3004 1205 adinventionihus
3039 1153 3261 1211 arduam
3295 1159 3452 1218 istam
3478 1139 3533 1220 et
3558 1139 3717 1224 ineo;

2126 1229 2325 1330 gnitam
2353 1230 2522 1288 ferme
2551 1233 2604 1289 in
2635 1235 2735 1330 hac
2770 1239 2990 1310 regione
3019 1257 3273 1316 appetant
3298 1252 3463 1321 viam,
3494 1257 3590 1313 sed
3618 1276 3716 1330 pe-

2124 1323 2415 1381 riculosam
2459 1329 2620 1383 etiam
2657 1329 2802 1400 illic,
2853 1333 2938 1390 uhi
2979 1336 3093 1406 jam
3144 1343 3412 1402 tritissimi
3459 1323 3632 1408 calles
3665 1365 3722 1410 et

2123 1415 2402 1475 innumera
2451 1421 2867 1490 praecedentium
2918 1431 3164 1500 exempla
3194 1450 3303 1492 non
3332 1438 3547 1510 desunt,
3579 1459 3714 1501 ana-

2124 1511 2419 1568 choreseos
2449 1515 2788 1585 disciplinam
2823 1519 3034 1577 illorum
3076 1528 3256 1596 potius
3297 1537 3580 1606 praeceptis
3621 1555 3716 1596 ca-

2124 1619 2252 1698 pere
2272 1615 2650 1698 consuescant,
2677 1624 2814 1677 quos
2842 1612 2893 1665 in
2914 1615 3162 1673 omnibus
3183 1629 3237 1675 et
3255 1625 3475 1698 antiqua
3501 1631 3718 1690 traditio

2124 1705 2179 1752 et
2206 1697 2378 1767 longae
2407 1697 2759 1767 experientiae
2787 1701 3043 1761 instruxit
3067 1707 3350 1771 industria.

1515 1815 1772 1872 ALARDI
1813 1813 2043 1872 GAZA‘JI
2083 1811 2649 1873 COMMENTARIUS.

501 1904 763 1994 :lns'nlas
789 1922 983 1979 nempe
1010 1908 1329 1994 Stmchadas
1359 1909 1411 1965 in
1455 1911 1588 1994 mari
1635 1907 1844 1966 Gallico
1889 1908 2020 1994 sitas
2051 1909 2097 1969 Β
2126 1910 2671 1994 taneadttmouachi
2701 1927 2889 1994 omnes
2912 1917 3009 1975 has
3031 1921 3350 1994 collationes
3371 1941 3493 1986 cum
3522 1947 3713 1994 eorum

424 1985 482 2051 et
505 1985 614 2032 tam
643 1978 838 2034 Lerino
865 1978 1024 2049 quam
1054 1981 1179 2036 aliis
1215 1982 1454 2046 vicinas,
1496 1991 1552 2036 et
1590 1995 1783 2051 magna
1829 1992 2016 2034 mona-

422 2047 652 2122 chorum
695 2047 994 2122 frequentia
1046 2061 1102 2107 et
1143 2054 1428 2108 sanctitate
1476 2047 1771 2116 ﬂorentes,
1823 2050 2016 2122 quibus

425 2117 564 2175 hanc
592 2117 807 2176 tertiani
835 2122 1182 2179 collationum
1215 2124 1446 2178 classem
1475 2123 1678 2179 Auctor
1703 2117 2012 2190 destinavit,

422 2197 484 2264 ut
511 2190 626 2258 ipse
657 2203 882 2248 testatur
913 2195 963 2248 in
989 2210 1085 2249 sua
1114 2195 1428 2264 prtefatione
1456 2195 1521 2250 ad
1550 2195 1892 2250 collationem
1925 2209 2015 2248 un-

421 2258 714 2334 decimam,
747 2264 816 2318 ita
851 2258 1180 2320 Honoratum
1225 2265 1540 2334 episcopum
1584 2276 1638 2321 et
1689 2264 2014 2320 Eucherium

422 2331 711 2402 alloquens
738 2353 751 2390 :
781 2334 845 2390 Si
869 2351 985 2390 vero
1011 2347 1246 2391 sanctam
1264 2331 1432 2390 studii
1460 2337 1611 2390 vestri
1637 2336 1774 2390 sitim
1804 2336 1912 2390 hac
1938 2352 2016 2388 sa-

421 2402 554 2458 tiare
580 2422 682 2459 non
708 2407 984 2478 quiverint,
1014 2418 1201 2478 septem
1240 2408 1359 2463 alia:
1406 2408 1702 2462 collationes
1727 2446 1744 2474 ,
1785 2422 1900 2478 qua:
1947 2407 2017 2460 ad

419 2485 630 2530 sanctos
653 2479 743 2546 qui
767 2477 821 2530 in
842 2477 1199 2534 Stoechadibus
1213 2480 1496 2534 consistunt
1520 2479 1704 2533 insulis
1725 2478 2019 2532 emittenda:

418 2549 804 2671 gri:,bfra:res,
832 2548 1148 2605 desiderium
1174 2595 1188 2620 ,
1223 2559 1280 2605 ut
1319 2550 1578 2615 arbitror,
1619 2549 1770 2604 vestri
1813 2548 2017 2602 ardoris

479 2632 520 2671 λυ
543 2634 570 2669 e
607 2636 671 2671 un
699 2660 714 2671 .

416 2629 714 2678 explebunt.

543 2634 570 2669 ε

485 2632 897 2747 ζιιέιείηέἶιοηίιίο
922 2701 978 2749 et
1003 2691 1235 2748 hortatio
1259 2707 1382 2749 meo
1409 2691 1594 2748 itidem
1624 2699 1751 2748 voto
1788 2705 2019 2748 consen-

2123 1975 2462 2065 auctorihus.‘
2481 1982 2684 2065 sanctis
2711 1985 2962 2045 videlicet
2995 1975 3246 2065 patribus
3258 1975 3691 2062 'éi'aBB'é'ttitiéii's'

2209 2049 2586 2146 suas-cellulas
2617 2053 2846 2146 libenter
2872 2070 2926 2115 et
2968 2049 3128 2146 avide
3169 2049 3721 2146 excipiat-trav

2123 2127 2789 2209 seLretitt‘eantgt,quotidie
2819 2145 2938 2186 cum
2965 2132 3072 2188 illis
3098 2127 3477 2209 colloquantur
3497 2127 3722 2202 6:303“.

2123 2187 2582 2282 ἷὲίὲιέῐίῗιιὲειῐνιθξξέ
2615 2195 2955 2282 “retussa
2973 2214 3025 2258 ει
3045 2187 3720 2282 ,ἐδηύῶῗῖεέὦὸεέ

2126 2264 2300 2345 piant;
2333 2272 2388 2317 ut
2416 2264 2484 2345 ab
2504 2264 2582 2345 eis
2607 2267 2805 2336 edocti,
2821 2264 3184 2339 perfectionis
3209 2280 3344 2336 viam
3366 2264 3535 2340 ibi};
3562 2264 3719 2345 mon-

2123 2340 2345 2418 s‘t'ratam
2376 2343 2431 2418 et
2456 2336 2719 2418 calcatant
2773 2336 3123 2414 propensius,
3155 2336 3426 2407 securius
3446 2336 3720 2418 iit-cedant.

2127 2401 2266 2489 {Vaut
2307 2403 2608 2489 collationis
2655 2401 2916 2489 Patrum,
2969 2427 3018 2470 et
3047 2401 3399 2489 instituta,

2124 2473 2224 2559 {ait
2251 2483 2434 2559 noster
2561 2477 2882 2559 Benedictus
2904 2473 3517 2551 'eorumazmul'at'nrvevtw
3536 2473 3717 2556 imitat

2125 2555 2211 2628 ιφ·
2236 2546 2511 2628 eximius),
2547 2552 2670 2618 quid
2692 2555 2838 2628 aliud
2868 2568 3018 2623 sunt,
3045 2561 3147 2614 nisi
3193 2546 3723 2628 bene—viventium...“

2125 2617 2476 2702 obedientium
2503 2623 2871 2702 monachorum
2921 2617 3151 2702 exempla
3175 2617 3718 2697 etinstrumentduirz

2125 2698 2290 2744 tutum
2322 2689 2475 2763 (Reg.
2502 2708 2619 2764 cap.
2652 2695 2798 2767 ult.).

1829 2816 3706 2856 ρ--ἊἪ

928 2896 1721 3004 οοιιΑΤιΟ
1795 2897 2013 3005 DE

2120 2897 2424 3006 ΙΜΑ
2499 2901 2941 3013 ΟΟΤΑ
2967 2906 3228 3031 Veil.

1559 3084 1717 3160 Qum
1745 3089 1842 3148 est
1876 3084 2270 3147 Piammonis
2317 3086 2589 3150 abbatis.

795 3231 883 3285 DE
913 3231 1144 3286 TRIBUS
1177 3230 1482 3294 ANTIQUIS
1516 3229 1875 3285 GENERIBUS
1907 3231 2376 3297 MONACHORUM,
2410 3233 2491 3284 ET
2528 3233 2789 3294 QUARTO
2821 3236 3036 3292 NUPER
3069 3241 3341 3299 EXORTO.

1875 3369 2287 3386 —

938 3452 1168 3511 CAPUT
1209 3454 1502 3513 PRIMUM.

422 3548 873 3616 Quemadmodum
890 3547 1112 3605 Diolcon
1135 3551 1391 3604 venientes
1411 3550 1476 3604 ab
1497 3549 1681 3605 abbate
1713 3545 2017 3604 Piammone

976 3622 1164 3693 recepti
1191 3622 1463 3692 fuerimus.

495 3739 626 3795 Post
663 3745 1016 3810 conspectum
1040 3746 1204 3809 atque
1247 3737 1578 3809 colloquium
1609 3737 1772 3794 trium
1800 3735 2015 3793 illorum

417 3849 645 3901 senum,
694 3848 925 3904 quorum
968 3832 1332 3898 Collationes,
1369 3843 1560 3889 sancto
1613 3831 1782 3889 fratre
1828 3840 2018 3888 nostro

416 3926 693 3984 Eucherio
741 3925 1125 3998 compellente,
1177 3934 1468 3997 utcumque
1513 3925 1860 3997 digessimus,
1889 3940 2013 3981 cum

418 4024 583 4078 etiam
623 4022 906 4079 ulterioris
950 4019 1172 4092 Egypti
1220 4029 1434 4092 partes,
1473 4021 1526 4076 in
1559 4019 1756 4091 quibus
1787 4018 2017 4090 amplior

416 4124 584 4184 atque
637 4115 930 4186 perfectior
981 4122 1296 4169 sanctorum
1339 4128 1600 4169 numerus
1648 4111 2014 4177 commeabat,

420 4207 633 4276 majore
664 4209 945 4279 ﬂagrantia
982 4207 1419 4264 desideraremus
1446 4213 1726 4277 expetere,
1769 4212 1796 4242 ι
1842 4203 1909 4258 ad
1937 4204 2020 4256 vi-

416 4314 545 4355 cum
571 4300 659 4356 cui
690 4315 890 4358 nomen
929 4309 1013 4357 est
1042 4299 1286 4365 Diolcos,
1318 4299 1415 4353 uni
1443 4312 1507 4353 es
1540 4305 1749 4366 septem
1781 4294 1886 4350 Nili
1919 4294 2019 4348 llu-

2040 3457 2088 3521 C
2121 3453 2281 3510 minis
2303 3454 2456 3510 ostiis
2482 3455 2998 3526 imminentem,non
3027 3469 3138 3517 tam
3164 3462 3374 3521 itineris
3397 3468 3722 3528 necessitate

2121 3563 2281 3618 quam
2315 3548 2588 3604 desiderio
2616 3561 2929 3607 sanctorum
2959 3554 3072 3610 illic
3091 3560 3540 3615 commorantium
3569 3577 3720 3618 com-

2120 3641 2381 3712 pellente,
2416 3643 2785 3711 pervenimus.
2833 3645 2965 3700 Cum
3014 3647 3158 3701 enim
3195 3648 3343 3704 velut
3383 3652 3719 3721 cupidissimi

2121 3746 2455 3792 mercatores
2477 3736 2708 3807 plurima
2742 3739 2854 3795 illic
2873 3740 3338 3814 celeberrimaque
3369 3748 3618 3803 cmuobia
3649 3750 3719 3805 ab

2121 3827 2360 3895 antiquis
2407 3829 2806 3885 audivissemus
2853 3831 3098 3902 patribus
3144 3834 3423 3904 instituta,
3456 3839 3718 3896 continuo

2122 3919 2274 3990 quasi
2305 3919 2704 3990 navigationem
2725 3921 3093 3992 inquisitionis
3113 3924 3355 3993 incertae,
3380 3941 3476 3996 spe
3498 3929 3718 3997 majoris

2121 4012 2255 4067 lucri
2285 4012 2668 4082 persuadente,
2700 4014 3056 4087 suscepimus.
3106 4017 3206 4074 Ubi
3258 4034 3379 4074 cum
3412 4020 3717 4080 diutissime

2123 4106 2446 4162 fluctuantes
2476 4107 2541 4161 ad
2575 4107 2696 4162 illos
2724 4107 2981 4164 virtutum
3018 4109 3351 4167 sublimitate
3389 4114 3714 4182 conspicuos

2123 4209 2337 4254 montes
2358 4198 2597 4270 undique
2620 4200 2809 4255 oculos
2827 4201 3194 4270 tenderemus,
3219 4203 3467 4260 abbatem
3493 4204 3518 4243 δ
3539 4205 3715 4261 Piam-

2126 4307 2340 4348 monem
2391 4291 2630 4347 omnium
2669 4294 3118 4350 anachoretarum
3156 4294 3270 4351 illic
3300 4296 3715 4354 inhabitantium

1496 4409 1757 4467 ALARDI
1793 4407 2031 4464 CAZAEI
2068 4406 2638 4463 COMMENTARIUS.

489 4521 520 4551 ³
545 4512 624 4568 De
658 4511 763 4567 hoc
791 4510 909 4567 vico
931 4510 1014 4566 vel
1056 4508 1254 4578 oppido
1292 4506 1428 4562 alias
1453 4505 1658 4578 dictum
1687 4502 1818 4578 est_(
1840 4500 1956 4578 Lib.
1982 4519 2012 4556 v

414 4581 558 4639 Inst.
585 4601 634 4639 c.
667 4582 806 4654 36);
848 4586 1035 4654 iniquo
1060 4571 1433 4635 Piammonem
1465 4576 1712 4632 abbatem
1751 4571 2013 4629 claruisse

414 4653 756 4711 Sosomenus
799 4663 855 4710 et
880 4653 1216 4711 Nicenhorus
1255 4660 1540 4706 testantur.

489 4728 518 4766 δ
549 4726 854 4791 Piammo‘u,
875 4741 981 4780 non
1013 4719 1266 4794 Piamon,
1289 4721 1573 4794 legendum
1605 4719 2014 4794 esseadmonet

410 4799 728 4862 Ciaconius,
746 4814 812 4854 ex
839 4789 1041 4853 Graecis
1062 4789 1396 4851 auctoribus.
1412 4795 1510 4848 Est
1527 4804 1706 4848 autem
1730 4791 1817 4847 hic
1838 4789 2014 4862 Pium-

414 4887 568 4936 snon,
602 4872 670 4926 de
695 4860 802 4940 quo
829 4867 1077 4939 superius
1096 4865 1289 4940 habita
1317 4867 1538 4940 mentio,
1563 4863 1804 4940 ‘nbi‘ejus
1836 4860 2014 4916 humi-

414 4943 542 4996 litas
563 4953 614 4997 et
644 4936 1162 5008 studium'tegenda:
1183 4938 1421 5008 propria:
1453 4936 1803 5008 perfectionis
1826 4942 1882 5008 et
1910 4949 2010 5008 au-

411 5013 678 5066 steritatis
709 5003 1076 5068 referturfDe
1098 5003 1307 5063 eodem
1324 5003 1661 5062 Sozomenus
1707 5007 1822 5060 haec
1853 5003 2014 5058 habet

410 5083 574 5143 (Lib.
606 5099 658 5138 vt
686 5099 731 5136 c.
778 5083 879 5148 ‘29;
914 5079 1137 5152 Niceph.
1173 5081 1211 5134 ι.
1245 5095 1297 5134 xt
1323 5095 1441 5152 cap.
1477 5079 1624 5152 55);
1661 5076 1933 5152 Βίαντι-[ποθι
1966 5083 2013 5152 et

407 5153 644 5209 Joannes
685 5153 740 5207 id
771 5145 1013 5226 temporis
1047 5145 1247 5222 quoque
1291 5151 1499 5226 circiter
1527 5145 2013 5226 Aioinéqugypti,

407 5225 762 5280 celeberrimis
784 5221 925 5292 praéf
925 5239 1046 5277 uere
1061 5223 1382 5276 monasteriis
1397 5237 1416 5287 ;
1433 5221 1826 5290 exquisitissime
1843 5229 2014 5270 autem

406 5297 704 5350 sacerdotio
737 5293 1042 5367 (presbyteri
1063 5294 1197 5367 enim
1221 5297 1392 5367 erant)
1421 5300 1468 5346 et
1499 5306 1844 5367 summacnm
1871 5304 2015 5341 reve-

407 5369 582 5441 rentia
604 5360 1062 5441 perfringebantur.
1090 5360 1515 5441 Traditummero
1545 5372 1618 5417 est
1656 5360 2011 5441 Piammouem

405 5433 640 5508 quodam
669 5433 932 5510 temﬁore,
961 5453 1078 5491 cum
1119 5452 1327 5510 sacrum
1355 5433 1608 5510 faciebat,
1637 5433 1828 5487 vidisse
1873 5433 2013 5510 circa

405 5501 616 5565 sacram
645 5501 873 5565 mensam
900 5501 1123 5565 stantem
1167 5501 1414 5577 angelum
1467 5504 1566 5559 Dei
1579 5501 1601 5571 ,⁷
1642 5515 1689 5559 et
1733 5501 2015 5577 monachos

404 5591 688 5654 precantes
719 5583 775 5636 in
809 5583 939 5636 libro
963 5573 1268 5654 scripsisse,
1312 5581 1544 5654 absentes
1556 5592 1691 5654 rego
1722 5575 1850 5654 inde
1874 5573 2016 5627 dele-

405 5645 562 5707 nisse.
586 5650 680 5715 Sic
705 5654 817 5709 ille.
836 5657 906 5712 At
927 5657 1026 5708 hoc
1054 5645 1194 5706 idem
1219 5648 1528 5718 exemplum
1556 5648 1607 5702 in
1633 5645 1766 5702 Vitis
1797 5646 2012 5718 Patrum

405 5725 576 5795 paulo
603 5724 897 5795 pleniustet
921 5721 1226 5795 accuratius
1245 5715 1596 5795 enarraturin
1627 5718 1772 5795 hunc
1799 5715 2016 5770 modum

399 5790 560 5863 (Lib.
591 5790 634 5853 ίι
651 5812 702 5860 c.
733 5796 842 5869 5'1)
874 5814 888 5854 :
928 5793 1168 5851 Vidimus
1215 5790 1579 5847 admirabilem
1622 5790 2016 5864 presbyterum,

2121 4503 2324 4555 nomine
2356 4499 2735 4566 Piammonem,
2769 4500 2930 4555 totius
2971 4501 3279 4557 humilitatis
3309 4512 3357 4558 et
3387 4503 3714 4572 benignitatis

2119 4574 2305 4634 virum,
2339 4574 2603 4625 habentem
2628 4573 2780 4626 etiam
2796 4573 3171 4644 revelationum
3202 4580 3446 4644 gratiam.
3479 4572 3715 4644 Denique

2117 4643 2344 4712 quodam
2373 4655 2614 4712 tempore,
2639 4659 2758 4695 cum
2782 4642 3005 4696 Domino
3027 4642 3342 4713 sacriﬁcium
3367 4644 3569 4713 offerret
3594 4687 3608 4710 ,
3630 4642 3712 4699 ivi—

2119 4715 2192 4767 dit
2221 4713 2459 4787 angelum
2491 4713 2585 4766 Dei
2611 4721 2827 4787 stantem
2842 4713 2999 4787 juxta
3021 4715 3210 4787 altare,
3237 4717 3716 4787 etuniuscujnsque

2119 4786 2489 4838 monachorum
2509 4783 2864 4838 accedentium
2889 4785 2958 4837 ad
2983 4785 3152 4839 altare
3179 4786 3475 4840 scribentem
3499 4783 3712 4841 nomina

2117 4857 2170 4909 in
2199 4856 2330 4910 libro
2360 4872 2508 4924 quem
2548 4857 2746 4925 tenebat
2774 4856 2828 4908 in
2853 4856 3088 4909 manibus
3113 4899 3127 4923 ,
3171 4861 3514 4925 quorumdam
3542 4867 3712 4912 tamen

2119 4944 2222 4982 non
2245 4929 2564 4981 scribentem.
2591 4924 2819 4994 Cumque
2864 4926 3140 4996 diligenter
3163 4924 3473 4982 observasset
3515 4931 3709 4994 senior,

2118 5004 2390 5071 quiessent
2434 5015 2652 5069 quorum
2697 4999 2908 5071 nomina
2950 5015 3053 5052 non
3096 4999 3406 5070 scripsisset,
3439 5011 3708 5068 postquam

2117 5070 2238 5124 sunt
2268 5072 2519 5139 completa
2551 5070 2822 5139 mysteria,
2850 5086 3259 5140 unumquemque
3282 5086 3454 5124 eorum
3479 5086 3708 5124 seorsum

2120 5158 2324 5208 t'ocans,
2377 5152 2740 5211 percunctatur
2784 5141 2911 5207 quid
2953 5142 3015 5192 ab
3054 5143 3126 5194 eis
3176 5143 3229 5194 in
3281 5141 3485 5195 occulto
3515 5143 3713 5210 peccati

2120 5215 2302 5284 fuisset
2323 5214 2643 5278 admissum;
2669 5221 2714 5266 et
2742 5213 2929 5284 invenit
2948 5227 3020 5284 ex,
3034 5213 3356 5284 confessione
3376 5227 3713 5281 unumquem-

2120 5282 2220 5355 que
2246 5301 2422 5338 eorum
2461 5285 2656 5354 peccati
2701 5283 2933 5337 mortalis
2970 5283 3272 5338 obnoxium.
3305 5282 3447 5336 Tunc
3475 5283 3713 5355 hortatur

2122 5351 2208 5409 eos
2237 5351 2584 5424 paenitentiam
2607 5370 2778 5426 agere.
2806 5363 2852 5408 et
2876 5355 3202 5423 semetipsum
3225 5371 3339 5407 cum
3365 5355 3439 5426 eis
3461 5362 3582 5426 ante
3603 5351 3714 5406 Do-

2118 5429 2312 5480 minum
2343 5425 2690 5493 prosternens,
2720 5425 2804 5478 die
2829 5441 2888 5479 ac
2927 5433 3093 5488 nocte,
3120 5438 3385 5496 tamquam
3409 5425 3520 5492 ipse
3544 5425 3597 5476 in
3626 5439 3711 5477 eo-

2117 5514 2234 5552 rum
2265 5500 2484 5566 peccatis
2534 5507 2662 5552 esset
2689 5496 2958 5560 obnoxins,
2991 5497 3146 5565 ﬂebat
3174 5507 3219 5550 et
3239 5495 3447 5549 tamdiu
3475 5510 3712 5567 perman-

2119 5571 2326 5622 sitcum
2372 5571 2444 5624 eis
2491 5570 2541 5622 in
2590 5567 2886 5640 pwnitentia
2935 5578 2984 5620 et
3041 5568 3302 5639 lacrymis,
3338 5567 3499 5640 donec
3528 5566 3712 5619 iterum

2118 5642 2313 5694 videret
2343 5638 2860 5707 eumdem‘angelum
2887 5645 3107 5692 stantem
3151 5638 3196 5692 et
3227 5638 3531 5693 scribentem
3568 5652 3713 5690 acce-

2123 5712 2356 5766 dentium
2385 5714 2614 5775 nomina,
2639 5720 2687 5764 et
2712 5721 3048 5778 posteaquam
3073 5711 3300 5764 omnium
3331 5709 3559 5780 scripsit,
3591 5718 3712 5762 tunc

2123 5787 2280 5838 etiam
2309 5784 2426 5839 illos
2454 5798 2517 5838 ea:
2545 5780 2836 5836 nominibus
2857 5792 3150 5838 evocantem
3175 5790 3221 5836 et
3250 5783 3319 5837 ad
3336 5780 3710 5838 reconciliatio-
