4072 6324
306 277 448 340 1095
936 277 1278 338 COLLA'I‘IO
1315 275 1590 336 XVIIL—
1613 275 1704 334 DE
1743 275 1996 338 TRIBUS
2033 277 2424 342 GENERIBUS
2459 283 2963 344 MONACHORUM.
3453 294 3596 352 i095

301 397 434 476 tatis
475 395 698 453 intrabit
723 395 970 466 quisquis
993 397 1388 463 adiacussione
1413 395 1640 464 coeperit
1673 393 1900 462 erudiri,
1930 407 1980 466 Α
2007 397 2234 466 optima,
2252 403 2467 456 tertium
2485 402 2724 472 tepidum
2738 411 2900 474 atque
2913 401 3237 461 Omnimodis
3251 405 3593 464 evitandum:

251 487 276 574 ἰ
301 491 426 561 quia
451 491 644 548 videns
688 505 814 548 eum
855 491 1106 546 inimicus
1132 506 1230 546 suo
1281 491 1460 561 potius
1490 505 1650 560 quam
1689 499 1902 560 patrum
2008 491 2238 560 primum
2279 504 2360 550 est
2389 496 2802 568 emnobitarum,
2833 499 2922 569 qui
2969 498 3178 555 scilicet
3215 499 3270 554 in
3301 517 3596 572 congrega-

299 587 507 660 judicio
535 585 922 653 conﬁdentem,
953 585 1116 642 facile
1155 587 1208 640 in
1241 585 1292 640 id
1320 600 1490 655 usque
1534 585 1803 656 pr0pellit,
1845 595 1905 642 ut

303 679 470 736 etiam
501 677 592 732 illa
613 693 734 750 qua
755 679 992 734 maxime
1012 677 1164 732 utilia
1185 685 1348 748 atque
1378 677 1732 732 saluberrima
1755 687 1900 744 sunt,

301 772 576 844 superﬂua
609 773 660 828 ei
690 771 977 828 videantur
1005 781 1062 828 et
1087 773 1270 826 noxia.
1308 771 1486 841 Atque
1531 771 1604 826 ita
1643 785 1904 841 praesum-

301 867 481 938 ptioni
515 866 636 935 ejus
663 864 894 921 callidus
917 864 1090 920 hostis
1119 862 1316 930 illudit,
1355 871 1414 918 ut
1443 862 1903 918 irrationabilibus

301 957 716 1013 definitionibus
741 958 856 1012 suis
904 957 1258 1028 pertinaciter
1305 956 1648 1022 inhaerendo,
1681 959 1785 1012 hoc
1815 971 1902 1012 so-

301 1050 586 1108 lummodo
607 1049 711 1106 sibi
738 1059 984 1106 sanetum
1007 1065 1128 1106 esse
1149 1049 1496 1122 persuadeat,
1525 1049 1666 1118 quod
1695 1059 1900 1106 rectum

305 1153 468 1216 atque
493 1145 854 1214 justissimum
901 1159 1015 1202 suae
1045 1152 1256 1200 tantum
1305 1143 1686 1198 obstinationis
1715 1157 1902 1200 errore

301 1239 604 1294 censuerit.

943 1331 1174 1388 CAPUT
1207 1329 1294 1388 IV.

307 1423 386 1479 De
408 1424 570 1480 tribus
601 1423 870 1495 generibus
895 1422 1266 1547 monachorum
1299 1437 1416 1494 qua:
1439 1423 1578 1476 intra
1607 1419 1898 1494 /Egyptum

1039 1512 1182 1547 sun.

1039 1512 1182 1550 sunt.

375 1633 740 1704 Quamobrem
793 1633 930 1688 ordo
977 1643 1138 1704 atque
1181 1629 1504 1704 principium
1551 1629 1900 1701 professionis

305 1735 528 1792 nostrae,
547 1723 998 1795 quemadmodum
1023 1724 1106 1780 vel
1131 1725 1274 1779 unde
1287 1723 1650 1790 descenderit,
1665 1723 1896 1792 primum

2008 583 2153 640 tione
2182 587 2383 656 pariter
2410 589 2772 646 consistentes
2791 633 2807 660 ,
2832 591 2992 646 unius
3023 591 3254 648 senioris
3269 593 3474 664 judicio
3492 609 3594 664 gu-

2003 674 2320 746 bernantur,
2351 681 2504 752 cujus
2547 685 2761 754 generis
2791 685 3060 739 maximus
3104 700 3359 742 numerus
3401 700 3594 742 mona-

2003 768 2234 825 chorum
2263 786 2358 842 per
2401 774 2708 830 universam
2743 785 3110 832 commoratur
3140 775 3471 850 Egyptum;
3503 793 3594 834 se-

2003 862 2236 916 cundum
2263 865 2736 934 anachoretarutn,
2765 868 2858 939 qui
2885 869 3034 940 prius
3067 873 3116 923 in
3149 870 3414 926 coenobiis
3439 871 3596 926 insti-

2005 956 2128 1019 tuti,
2156 955 2378 1026 jamque
2415 959 2467 1014 in
2499 961 2694 1016 actuali
2739 963 3151 1020 conversatione
3183 965 3429 1034 perfecti,
3461 967 3594 1022 soli-

2005 1049 2208 1106 tudinis
2227 1050 2442 1122 elegere
2465 1063 2694 1120 secreta,
2709 1055 2863 1124 cujus
2883 1056 3239 1126 professionis
3261 1073 3358 1112 nos
3379 1073 3593 1130 quoque

2001 1151 2250 1210 Optamus
2278 1159 2400 1200 esse
2440 1147 2759 1216 participes;
2799 1149 3014 1204 tertium
3056 1151 3479 1222 reprehensibile
3507 1168 3594 1209 sa-

2001 1233 2328 1290 rabaitarutn
2367 1247 2484 1302 est;
2538 1237 2606 1293 de
2647 1241 2840 1309 quibus
2891 1242 3166 1312 sigillatim
3217 1260 3314 1314 per
3346 1245 3589 1302 ordinem

2001 1325 2212 1396 plenius
2230 1328 2579 1384 disseremus.
2605 1329 2805 1386 Harum
2831 1333 2990 1404 igitur
3013 1335 3172 1390 trium
3196 1336 3590 1406 professionum

1999 1417 2312 1476 laudatores
2341 1422 2594 1492 primum,
2627 1433 2684 1478 ut
2727 1425 2990 1494 diximus,
3017 1427 3228 1482 debetis
3272 1443 3585 1499 agnoscere.

2001 1511 2134 1568 Nam
2157 1515 2400 1584 proiecto
2421 1532 2486 1572 ex
2511 1517 2613 1572 hoc
2633 1517 2748 1588 ipso
2761 1519 2842 1574 vel
2863 1520 3044 1574 odium
3073 1521 3424 1590 professionis
3445 1524 3590 1580 illius

2003 1609 2150 1664 nasci
2203 1610 2402 1680 poterit
2450 1627 2568 1680 quae
2609 1611 2822 1666 vitanda
2852 1621 2964 1679 est,
2999 1613 3084 1668 vel
3116 1614 3232 1685 ejus
3261 1615 3588 1672 desiderium

2001 1718 2122 1773 quae
2153 1705 2460 1774 sequenda;
2488 1705 2612 1774 quia
2645 1720 2866 1760 necesse
2893 1715 3429 1780 estunamquamqne
3449 1709 3588 1764 viam

299 1817 517 1872 debetis
545 1794 862 1886 ignoscere.
897 1816 1048 1872 Tum,
1096 1817 1238 1870 enim
1289 1817 1489 1885 poterit
1529 1817 1650 1887 quis
1687 1794 2069 1870 deside_Bad
2126 1795 2276 1864 illum
2327 1797 2484 1850 tinent
2539 1810 2696 1852 suum
2749 1797 3066 1867 pertrahere
3123 1810 3466 1870 sectatorem,
3521 1801 3590 1858 ad

297 1917 438 1962 rane
463 1908 596 1962 artis
621 1907 894 1964 eflicacius
923 1909 1140 1980 assequi
1170 1907 1530 1979 disciplinam,
1563 1918 1618 1966 et
1643 1907 1710 1964 ad
1739 1923 1897 1964 exer-

295 2001 532 2058 cendam
561 2015 680 2056 eam
715 2001 991 2058 ardentius
1045 2001 1292 2071 incitari,
1339 2015 1462 2058 cum
1509 2010 1791 2058 auctorum
1840 2011 1898 2056 et

299 2093 648 2148 fundatorum
672 2093 793 2164 ejus
818 2095 1102 2164 agnoverit
1123 2094 1462 2166 dignitatem.
1488 2101 1516 2132 ι
1547 2095 1672 2148 Tria
1695 2103 1820 2148 sunt
1841 2093 1896 2148 in

297 2186 540 2260 Egypto
591 2201 790 2258 genera
854 2188 1286 2258 monachorum,
1333 2203 1562 2260 quorum
1620 2187 1728 2242 duo
1771 2197 1898 2244 sunt

2001 1903 2161 1960 quem
2185 1897 2374 1944 auctor
2397 1891 2562 1960 ipsius
2589 1891 2946 1962 inventorque
2973 1893 3303 1962 pervenerit.

2717 2002 2848 2057 PUT
2888 2004 2952 2057 V.

2717 2004 2752 2057 P
2785 2003 2799 2026 τ
2937 2042 2952 2056 .

2007 2093 2206 2160 Quibus
2233 2094 2528 2148 auctoribus
2557 2003 2932 2150 cmﬁfbitlarui:
2951 2097 3018 2149 sit
3052 2097 3288 2150 instituta
3315 2099 3585 2170 professio.

2077 2189 2262 2258 Itaque
2289 2187 2316 2228 ι)
2347 2189 2740 2246 emnobitarum
2780 2190 3062 2260 disciplina
3104 2205 3133 2244 a
3167 2201 3409 2263 tempore
3451 2207 3587 2264 prse-

1373 2301 1629 2358 ALARDI
1665 2301 1900 2358 GAZAZI
1940 2301 2315 2358 COMMENTA
2328 2304 2504 2360 RIUS.

379 2407 404 2435 ι
431 2395 556 2453 'I‘ria
577 2395 854 2453 dumtaxat
883 2395 1186 2467 antiquiora
1224 2395 1280 2452 in
1320 2395 1424 2452 hoc
1446 2413 1566 2466 cap.
1603 2407 1882 2462 recenset;

295 2480 554 2542 quartum
579 2485 707 2526 vero
728 2470 876 2525 addit
897 2470 981 2542 his
1002 2469 1296 2533 recentius,
1325 2467 1487 2536 infra,
1513 2483 1631 2538 cap.
1659 2469 1713 2530 8.
1739 2469 1886 2542 quod

299 2539 488 2596 tamen
519 2557 628 2596 non
659 2543 919 2596 nominat.
955 2541 1030 2597 Ita
1079 2553 1310 2609 quatuor
1347 2553 1546 2610 genera
1591 2539 1886 2594 monacho-

299 2627 424 2668 rum
455 2613 754 2668 constituit.
785 2613 942 2669 Unde
968 2622 1024 2668 et
1051 2611 1232 2666 titulus
1273 2611 1397 2665 huic
1441 2611 1716 2665 collationi
1750 2627 1890 2680 prte-

299 2683 442 2738 ﬁxus
471 2701 484 2738 :
519 2683 596 2738 De
637 2685 798 2738 tribus
827 2685 1054 2756 antiquis
1084 2682 1350 2756 generibus
1397 2683 1795 2756 monachorum,
1842 2693 1890 2756 et

297 2765 489 2816 quarto
519 2771 682 2824 nuper
706 2767 908 2810 exorto.
937 2753 1006 2810 At
1037 2753 1100 2809 DS
1145 2754 1502 2825 Hieronymus
1533 2753 1587 2808 in
1629 2756 1788 2822 epist.
1819 2753 1890 2808 ad

299 2825 656 2881 Eustochium
690 2825 893 2894 (Epist.
935 2825 1072 2898 22),
1113 2826 1213 2880 tria
1253 2833 1460 2880 tantum
1503 2827 1890 2898 monachorum

301 2913 506 2968 genera
529 2899 582 2952 in
607 2899 846 2970 :Egypto
869 2897 1038 2952 fuisse
1061 2905 1480 2970 commemorat;
1507 2897 1648 2950 unde
1671 2905 1896 2966 apparet

301 2977 559 3040 quartum
600 2968 957 3040 eotentpore
981 2968 1219 3024 nondum
1269 2969 1433 3022 fuisse
1476 2976 1751 3040 exortum,
1800 2978 1896 3022 aut

305 3038 418 3095 rion
459 3041 528 3094 ita
573 3038 845 3110 cognitum
876 3059 888 3094 :
915 3039 1042 3094 Tria
1071 3049 1210 3104 sunt,
1245 3041 1434 3106 inquit,
1465 3039 1520 3092 in
1549 3038 1783 3109 .Eggpto
1805 3055 1896 3108 ge-

297 3127 430 3166 nera
459 3111 862 3165 monachorum:
887 3113 1108 3180 primum
1137 3111 1416 3176 ctenobitce,
1443 3111 1582 3180 quod
1611 3111 1690 3164 illi
1719 3127 1894 3164 sauses

299 3181 486 3254 gentili
512 3183 694 3252 lingua
723 3193 924 3248 vocant,
957 3199 1050 3236 nos
1093 3185 1146 3236 in
1177 3183 1433 3236 communi
1463 3183 1682 3254 viventes
1711 3197 1889 3254 possu-

297 3251 420 3307 inus
446 3251 744 3324 appellare;
761 3255 1038 3308 sec-undam
1061 3255 1404 3324 anachoretcc,
1428 3255 1517 3322 qui
1539 3251 1639 3306 soli
1657 3251 1890 3306 habitant

297 3340 398 3396 per
425 3323 644 3392 deserta,
666 3335 712 3379 et
736 3329 798 3378 ab
820 3341 878 3378 eo
897 3325 1035 3396 quod
1063 3324 1242 3393 procul
1262 3323 1324 3376 ab
1350 3323 1642 3376 hominibus
1673 3337 1892 3396 recesse-

295 3394 428 3448 runt
470 3405 868 3466 nuncupantur;
911 3394 1122 3450 tertium
1161 3411 1314 3462 genus
1342 3403 1416 3448 est
1445 3396 1603 3466 quod
1627 3394 1891 3466 remoboth

299 3467 506 3534 dicunt,
540 3465 870 3538 deterrimum
896 3477 1049 3536 atque
1075 3466 1375 3538 neglectum,
1403 3475 1447 3538 et
1469 3465 1604 3538 qttpd
1624 3465 1685 3538 in
1714 3475 1892 3518 nostra

293 3539 693 3612 provittciaﬂaut
729 3537 894 3612 solum
927 3535 1016 3612 aut
1046 3535 1266 3612 primum
1295 3545 1388 3590 est.
1418 3535 1586 3612 Ita_D.
1623 3535 1893 3612 I'Iierony-

295 3607 446 3663 inus.
475 3609 540 3664 D.
573 3607 928 3676 Benedictus,
969 3607 1316 3668 Cassianum.
1358 3616 1414 3660 ut
1440 3608 1607 3676 solet,
1648 3607 1891 3663 imitatUs

295 3693 424 3750 cap.
458 3681 484 3734 1
513 3697 623 3735 sua:
657 3680 1248 3750 Regttlze,quadruplex
1279 3677 1460 3731 it—it’lem
1493 3693 1662 3748 genus
1693 3693 1887 3750 monu-

295 3749 532 3806 chorum
563 3749 837 3822 designat,
873 3755 1102 3820 primum
1137 3751 1552 3822 t-(Bnobitarutn,
1591 3749 1885 3804 secundum

295 3821 775 3888 anacltoretarum,
803 3823 1017 3878 tertium
1053 3821 1470 3884 sarabaitarum,
1505 3831 1758 3890 quartum
1787 3837 1888 3892 gy-

295 3907 648 3964 rovagorum,
683 3903 736 3950 et
760 3895 1096 3964 singulorum
1139 3907 1319 3946 mores
1359 3903 1412 3947 et
1457 3893 1700 3947 instituta
1742 3909 1888 3948 sum-

297 3967 494 4034 matim
541 3965 814 4020 describit.
871 3965 1040 4020 Porro
1093 3965 1152 4018 D.
1202 3965 1562 4034 Augustinus,
1623 3965 1761 4019 libro
1819 3965 1888 4020 de

293 4033 544 4092 Moribus
573 4037 828 4093 Ecclesia:
848 4079 861 4102 ,
891 4035 1023 4090 duos
1057 4043 1260 4089 tantum
1296 4033 1520 4090 ordines
1549 4037 1660 4089 sive
1686 4051 1886 4105 genera

295 4109 692 4162 monachorum
737 4123 866 4164 vere
907 4119 961 4162 et
993 4109 1208 4175 protirie
1251 4107 1390 4160 dicta
1423 4108 1688 4174 agnoscit,
1723 4123 1884 4161 unum

293 4180 753 4236 anacltoretarum
786 4183 900 4234 sive
927 4181 1296 4244 eremitarum,
1329 4179 1560 4232 alterum
1586 4180 1887 4234 emnobita-

293 4265 446 4316 rum,
476 4251 543 4305 de
573 4253 765 4320 quibus
796 4253 956 4306 etiam
981 4249 1270 4304 Cassianus
1301 4249 1394 4303 lib.
1425 4265 1458 4303 v
1489 4249 1619 4304 Inst.
1645 4265 1764 4319 cap.
1791 4249 1876 4305 56.

295 4321 436 4390 Quae
467 4319 682 4390 quidem
715 4323 982 4376 sententia
1027 4330 1110 4375 est
1139 4321 1442 4376 verissima.
1489 4319 1620 4374 Nam
1669 4321 1884 4376 tertium

297 4393 442 4447 illud
473 4409 644 4462 genus
674 4409 700 4444 a
725 4391 790 4447 D.
825 4393 1174 4462 Hieronymo,
1207 4399 1260 4445 et
1292 4393 1508 4446 tertium
1537 4406 1600 4446 ac
1630 4403 1882 4460 quartum

293 4463 395 4518 hic
423 4479 452 4518 a
478 4465 792 4519 Piammone
820 4477 871 4519 et
897 4479 928 4520 a
963 4463 1023 4517 D.
1053 4463 1344 4517 Benedicto
1374 4472 1879 4528 commemoratum,

293 4551 414 4592 mon
473 4546 600 4590 sunt
655 4549 786 4590 vere
843 4549 1041 4606 genera
1089 4535 1497 4606 monachorum,
1549 4535 1646 4588 sed
1705 4534 1883 4604 potius

1920 3219 1968 3284 C

1995 2397 2278 2466 Distinguit
2310 2397 2524 2468 quidem
2557 2397 2792 2454 Isidorus
2829 2399 3085 2454 eremitas
3124 2401 3192 2454 ab
3229 2401 3576 2458 anachoretis

1995 2468 2280 2544 (Bt'llartn.
2294 2469 2389 2544 lib.
2423 2485 2458 2524 tt
2483 2471 2557 2544 de
2571 2469 2842 2544 Monac/tis
2869 2488 2986 2538 cap.
3011 2473 3086 2542 5),
3122 2473 3278 2537 Quod
3300 2473 3378 2526 illi
3399 2477 3583 2544 procul

1995 2540 2060 2594 ab
2089 2541 2376 2593 hominibus
2407 2542 2722 2606 recedentes,
2755 2543 2952 2595 deserta
2983 2540 3238 2597 et'vastas
3283 2540 3586 2600 solitudines

1997 2611 2307 2676 inhabitent,
2357 2612 2426 2664 ad
2471 2613 2832 2674 imitationem,
2883 2614 3075 2680 intulit,
3109 2614 3242 2669 Elia:
3271 2625 3318 2669 et
3361 2615 3588 2672 Joannis

1997 2681 2266 2758 Baptistae,
2295 2685 2384 2753 qui
2413 2685 2570 2736 eremi
2598 2699 2832 2758 secessus
2858 2697 3225 2752 penetrarunt;
3252 2686 3304 2739 hi
3333 2702 3448 2740 tero
3469 2691 3587 2758 jam

1999 2755 2266 2832 caenobiali
2299 2759 2682 2832 conversatione
2705 2755 2926 2832 perfecti
2965 2759 3238 2812 includunt
3283 2755 3587 2832 semetipsos

1995 2827 2050 2880 in
2083 2825 2226 2900 cellis
2255 2827 2436 2890 procul
2473 2826 2536 2878 ab
2573 2826 2842 2900 hominum
2871 2839 3144 2900 conspectu
3175 2831 3408 2900 remotis,
3453 2825 3589 2884 nulli

1995 2897 2588 2980 pfwbentesiacccssunt;
2609 2899 2704 2978 sed
2725 2899 2778 2950 in
2800 2899 2912 2952 sola
2933 2897 3363 2980 contemplatione
3389 2903 3583 2980 diuina,

1993 2968 2050 3040 id
2103 2979 2206 3026 est,
2265 2968 2512 3034 them-ica,
2575 2969 2792 3022 uiuentes
2843 2968 3183 3040 perseverent.
3219 2971 3414 3026 Verum
3469 2972 3588 3028 lucc

1997 3039 2296 3112 distinctio,
2329 3055 2445 3109 qun-9
2478 3055 2582 3094 non
2615 3049 2720 3093 tam
2767 3043 2816 3094 in
2846 3039 2918 3095 re
2961 3057 3120 3112 quam
3153 3043 3208 3096 in
3245 3043 3426 3097 verbis
3455 3058 3588 3098 con-

1997 3111 2160 3174 sistit,
2213 3127 2317 3164 non
2372 3112 2504 3182 tanti
2557 3121 2640 3166 est
2687 3121 2746 3165 ut
2793 3111 3246 3180 mutetspeciem
3294 3123 3386 3167 aut
3415 3129 3587 3182 genus

1999 3183 2372 3236 monacltatns.
2407 3181 2720 3253 Gyrovagos
2753 3191 2930 3237 tamen
2976 3183 3216 3239 Isidorus
3258 3201 3364 3238 non
3409 3181 3588 3240 nomi-

1999 3263 2109 3314 nat,
2129 3253 2224 3326 sed
2247 3269 2430 3326 eorum
2457 3255 2830 3326 tantummodo
2853 3269 3031 3326 mores
3048 3265 3102 3309 et
3119 3255 3296 3310 studia
3319 3257 3581 3326 depingit,

1994 3327 2172 3448 guallia
2207 3324 2265 3377 I).
2299 3325 2624 3378 Benedictus
2657 3333 2714 3378 et
2751 3325 2836 3378 alii
2871 3325 3058 3381 Patres
3093 3324 3588 3397 gyrovagis’ascri-

2034 3409 2102 3448 1111
2137 3435 2147 3446 .

2034 3403 2147 3448 11111.

2067 3463 2094 3502 b
2126 3465 2272 3518 Idem
2300 3475 2548 3518 astruuttt
2583 3467 2764 3519 cmteri
2800 3465 3010 3520 Patres.
3037 3467 3268 3521 Basilius
3305 3469 3354 3522 in
3389 3468 3583 3524 Const.

1995 3537 2223 3609 Monast.
2259 3551 2378 3609 cap.
2413 3535 2500 3592 it).
2544 3536 2612 3590 de
2661 3538 2954 3592 cmuobitis
3000 3553 3202 3607 agens:
3235 3537 3342 3604 Hi,
3379 3539 3583 3609 inquit,

1992 3607 2306 3662 Liberatoris
2337 3609 2496 3660 nostri
2526 3609 2734 3678 ejusque
2761 3621 2896 3662 ante.
2931 3609 3052 3661 dum
3079 3611 3210 3661 inter
3235 3625 3326 3662 nos
3353 3607 3583 3666 versare;

1993 3686 2104 3750 tur,
2145 3681 2498 3750 institutorum
2543 3679 2646 3730 veri
2681 3679 2990 3750 perfectique
3029 3681 3306 3734 imitatores
3335 3683 3580 3736 existunt.

1997 3749 2442 3816 Quemadmodum
2489 3751 2621 3802 enim
2666 3749 2754 3803 ille
2793 3761 2965 3803 coacto
3015 3750 3385 3810 discipulorum
3426 3753 3582 3808 choro

1991 3826 2284 3894 communia
2331 3831 2514 3894 cuncta
2563 3837 2710 3890 seque
2757 3821 2928 3889 ipsum
2976 3837 3293 3894 communem
3335 3825 3584 3891 apostolis

1991 3894 2204 3966 prtrbttit
2221 3909 2238 3958 ;
2271 3893 2343 3944 ita
2370 3893 2422 3944 hi
2449 3893 2888 3966 quoqneantistiti
2918 3909 3011 3946 suo
3041 3893 3440 3966 obtemperantes
3462 3897 3582 3966 (qui

1990 3964 2146 4016 modo
2171 3967 2284 4017 vita!
2320 3979 2428 4016 sua:
2459 3965 2754 4036 νικητήρια
2783 3975 2919 4018 recte
2957 3965 3275 4036 conservant)
3314 3964 3478 4034 genus
3501 3968 3580 4021 ui-

1991 4037 2140 4090 uendi
2172 4037 2538 4108 qttpostolorum
2583 4052 2641 4108 ac
2689 4035 2894 4090 Domini
2939 4037 3228 4090 imitantur.
3257 4035 3582 4108 Chrysoslo-

1992 4121 2133 4170 mus,
2171 4107 2356 4160 ltotnil.
2397 4107 2452 4160 ll
2490 4109 2540 4159 in
2573 4107 2738 4170 Acta,
2773 4109 2900 4160 dicit
2933 4109 3228 4162 monachos
3263 4109 3345 4163 sic
3373 4107 3575 4176 vivere,

1991 4187 2050 4231 ut
2099 4179 2226 4232 olim
2279 4179 2432 4232 initio
2475 4179 2732 4232 Ecclesiae
2771 4178 3026 4233 vivebant
3053 4193 3244 4232 omnes
3293 4181 3478 4234 lideles
3523 4183 3579 4236 in

1989 4251 2314 4305 Jerusalem.
2351 4252 2410 4304 Et
2445 4249 2537 4302 lih.
2573 4264 2630 4303 tu
2663 4259 2850 4304 contra
2885 4249 3281 4318 vituperatores
3315 4251 3438 4306 vitae
3465 4269 3580 4306 mo-

1991 4323 2212 4376 nastica-
2245 4322 2442 4376 asserit
2471 4337 2528 4374 ca
2555 4321 2624 4374 ab
2657 4321 2930 4390 Apostolis
2957 4323 3204 4390 impleta.
3227 4337 3349 4390 qua
3381 4337 3520 4378 nunc
3545 4340 3574 4378 a

1991 4394 2273 4448 monachis
2321 4393 2632 4458 implentur.
2681 4393 2904 4447 lIierou.
2959 4393 3010 4446 in
3055 4393 3358 4460 Catalago:
3403 4391 3577 4462 Philo,

1990 4465 2186 4533 inquit,
2219 4465 2427 4518 natione
2449 4462 2856 4535 Alexandrinus.
2897 4465 3082 4516 librum
3123 4465 3186 4516 de
3213 4465 3380 4535 prima
3411 4464 3582 4520 Marci

1991 4537 2325 4608 evangelistte
2353 4535 2490 4608 apud
2547 4533 2917 4587 Alexandriam
2948 4535 3170 4608 scribens
3214 4533 3476 4608 Ecclesia,
3525 4538 3581 4591 in

293 4615 548 4662 monstra
577 4615 669 4669 aut
695 4605 861 4660 larva!
893 4605 1312 4669 monachorum;
1361 4619 1457 4660 nec
1497 4606 1607 4658 veri
1639 4607 1880 4672 ordines,
1909 4606 1964 4668 D
1989 4605 2281 4660 nostrorum
2309 4607 2459 4658 laude
2481 4615 2710 4658 uersatus
2736 4616 2834 4668 est,
2863 4621 2962 4658 non
2992 4607 3155 4658 solum
3178 4621 3264 4660 eos
3291 4605 3380 4672 ibi,
3405 4610 3494 4660 sed
3523 4609 3576 4660 in

293 4677 402 4733 sed
438 4676 807 4742 confusiones,
837 4679 1150 4732 eversiones
1177 4688 1231 4731 et
1261 4675 1640 4744 corruptiones
1669 4677 1885 4745 religio-

293 4763 458 4812 num,
505 4759 566 4803 ut
611 4750 816 4802 notavit
863 4748 1224 4802 Bellarmintts
1271 4746 1414 4816 (Lib.
1457 4763 1496 4801 ιι
1526 4748 1588 4801 de
1615 4746 1887 4801 Monac/tis

293 4835 422 4890 cap.
454 4821 543 4890 '5).
585 4819 718 4874 Nam
769 4821 984 4874 tertium
1039 4833 1208 4888 genus
1249 4827 1446 4874 vocant
1493 4833 1680 4872 eorum
1711 4819 1798 4886 qui
1830 4819 1884 4872 in

291 4892 572 4946 canobiis
595 4891 803 4956 vivunt,
833 4891 928 4945 sed
951 4890 1128 4944 adhuc
1149 4890 1359 4959 aliquas
1383 4892 1628 4959 proprias
1649 4893 1888 4944 retinent

283 4963 610 5028 facultates,
633 4975 730 5015 nec
753 4962 804 5016 in
823 4963 1072 5014 omnibus
1093 4961 1468 5031 obtemperant
1490 4960 1884 5028 superioribus;

289 5047 428 5106 qua
449 5033 568 5088 sine
588 5033 754 5088 dubio
783 5043 866 5087 est
885 5033 1306 5106 cormptioqvita:
1328 5033 1687 5106 emnobiticm.
1718 5035 1888 5106 Quar-

288 5103 422 5160 t'um
450 5119 628 5174 genus
649 5115 842 5158 vocant
871 5119 1058 5160 eorum
1089 5103 1176 5172 qui
1205 5117 1270 5156 ex
1301 5103 1644 5174 monasteriis
1667 5103 1732 5174 ad
1762 5117 1886 5158 ere-

287 5173 785 5240 mum’transeunt,
832 5191 936 5230 non
989 5183 1048 5229 ut
1101 5175 1360 5238 sanctius,
1414 5173 1509 5229 sed
1559 5181 1617 5227 ut
1665 5173 1890 5228 liberius

289 5247 510 5314 vivant,
541 5247 794 5301 nimirum
838 5261 1066 5300 excusso
1091 5245 1220 5315 jugo
1252 5245 1595 5313 superiorum
1628 5254 1680 5298 et
1709 5245 1886 5314 legum

285 5317 780 5380 cmnobiticarum:
813 5331 932 5387 quae
959 5325 1045 5370 est
1070 5317 1376 5382 corruptela
1405 5316 1532 5369 vita:
1558 5316 1850 5370 eremiticte
1873 5333 1885 5368 :

285 5403 473 5460 quare
521 5391 718 5446 merito
754 5388 1013 5460 dicuntur
1061 5389 1161 5442 ista
1205 5387 1321 5460 duo
1359 5387 1886 5460 deterrimagenera

288 5457 721 5517 monachorum.
751 5459 977 5514 Fallitur
999 5469 1178 5512 autem
1205 5457 1448 5513 Isidorus
1469 5457 1562 5512 lib.
1589 5473 1627 5512 ιι
1649 5457 1716 5512 de
1745 5457 1889 5512 Divi-

287 5532 397 5589 nis
424 5533 627 5588 Ofﬁciis
655 5530 818 5602 (Cap.
849 5529 959 5600 l5),
997 5529 1085 5584 ubi
1111 5545 1204 5602 sex
1227 5537 1508 5602 enumerat
1537 5545 1732 5597 genera
1771 5543 1886 5583 mo-

287 5603 624 5669 nachorum,
656 5601 974 5670 emnobitas,
1011 5601 1283 5664 eremitas,
1320 5601 1696 5666 anacltoretas,
1725 5615 1885 5671 gyro-

285 5691 496 5746 vagos,
546 5673 1014 5731 circumcelliones
1071 5680 1125 5746 et
1175 5672 1492 5746 sarabaitas.
1535 5673 1664 5746 Nam
1725 5672 1883 5746 iidem

285 5743 431 5806 sunt
465 5743 810 5801 anachoretm
837 5757 891 5799 et
929 5745 1190 5808 eremitar,
1221 5745 1360 5796 sicut
1391 5745 1550 5797 iidem
1589 5743 1746 5798 etiam
1779 5745 1886 5796 cir-

285 5821 692 5878 cumcclltones
720 5827 772 5872 et
793 5817 1070 5884 gyrovagi,
1101 5823 1160 5869 ut
1183 5831 1250 5870 ex
1277 5817 1631 5884 sequentibus
1661 5816 1882 5884 patebit.

1989 4679 2167 4731 multis
2198 4693 2396 4748 quoque
2421 4674 2694 4748 provinciis
2721 4691 2828 4748 esse
2853 4692 3159 4744 memorans,
3205 4685 3255 4748 et
3285 4676 3580 4732 habitacula

1987 4763 2166 4802 eorum
2185 4747 2356 4801 dicens
2380 4747 2708 4799 monasteria.
2735 4747 2818 4818 Ea;
2833 4761 2932 4816 quo
2953 4757 3162 4818 apparet
3183 4747 3334 4801 talem
3356 4750 3579 4816 primum

1989 4818 2192 4873 Christo
2235 4819 2546 4871 credentium
2590 4818 2748 4886 fuisse
2775 4816 3078 4883 Ecclesium,
3111 4820 3285 4885 quales
3312 4836 3446 4872 nunc
3471 4836 3579 4872 mo-

1991 4889 2140 4943 nachi
2167 4906 2274 4942 esse
2301 4891 2534 4942 nituntur
2559 4899 2604 4940 et
2635 4891 2866 4958 cupiunt,
2889 4899 2942 4940 ut
2967 4889 3098 4942 nihil
3128 4893 3428 4960 cujusquam
3455 4908 3576 4960 pro-

1989 4963 2158 5034 prium
2178 4961 2266 5022 sit,
2296 4959 2467 5034 nullus
2494 4960 2631 5034 inter
2667 4975 2750 5012 eos
2779 4960 2934 5034 dives,
2959 4960 3128 5034 nullus
3156 4959 3349 5030 pauper
3375 4977 3392 5013 :
3420 4959 3578 5032 patri-

1991 5031 2162 5085 monia
2184 5031 2445 5102 egentibus
2469 5031 2783 5094 dividantur,
2805 5031 3022 5084 orationi
3045 5039 3318 5102 vacaturqet
3343 5031 3574 5102 psalmis,

1991 5100 2241 5156 doctrina:
2267 5117 2465 5170 quoque
2503 5109 2548 5154 et
2581 5103 2906 5156 continentia:
2927 5118 2944 5154 :
2967 5101 3144 5168 quales
3165 5113 3212 5154 et
3236 5100 3402 5156 Lucas
3425 5100 3577 5172 refert

1991 5177 2212 5244 primum
2243 5173 2795 5244 Hierosotynncfuisse
2815 5173 3073 5226 credent-es
3100 5171 3236 5242 (Act.
3253 5173 3348 5244 tv).
3365 5171 3573 5230 Cassia-

1993 5243 2094 5300 nus
2119 5246 2216 5299 lib.
2247 5259 2281 5298 ll
2317 5244 2442 5298 Inst.
2469 5259 2592 5312 cap.
2621 5243 2654 5298 5
2679 5255 2908 5298 testatur
2930 5245 2982 5296 in
3004 5245 3300 5312 primordiis
3325 5244 3578 5300 Ecclesia:

1991 5319 2270 5370 monachos
2307 5317 2448 5384 apud
2487 5315 2856 5369 Alexandriam
2883 5332 2914 5368 a
2943 5313 3010 5367 Β.
3046 5313 3226 5368 Marco
3265 5317 3576 5386 euangelista

1993 5403 2226 5442 normam
2247 5388 2530 5458 suscepisse
2555 5388 2770 5450 uiuendi,
2784 5395 2844 5458 ει
2869 5402 2971 5458 non
2995 5386 3163 5439 solum
3185 5385 3280 5440 illa
3299 5385 3578 5458 magniﬁci

1991 5461 2283 5523 retinuisse,
2333 5455 2444 5526 qua:
2489 5458 2726 5524 primitus
2775 5455 3082 5522 Ecclesium,
3132 5458 3208 5511 vel
3261 5455 3578 5513 credentimn

1993 5532 2166 5583 turbas
2211 5531 2264 5582 in
2321 5528 2528 5582 Actibus
2573 5527 2933 5594 Apostolorum
2977 5529 3188 5597 legimus
3238 5529 3518 5584 celebrasse
3562 5547 3578 5584 :

1996 5601 2342 5654 Multitudinis
2371 5599 2682 5654 credentium
2719 5607 2826 5651 erat
2858 5615 2944 5652 cor
2975 5616 3150 5666 unum,
3175 5609 3220 5652 et
3251 5601 3424 5654 anima
3454 5619 3578 5666 una,

1991 5681 2122 5734 etc.,
2164 5689 2348 5726 verum
2371 5673 2532 5725 etiam
2561 5671 2730 5724 multo
2752 5669 3062 5724 sublimiora
3087 5673 3412 5726 cumulasse.
3439 5673 3578 5726 Idl-tn

1992 5746 2325 5809 Augustinus
2355 5743 2548 5812 (Serm.
2591 5741 2617 5794 1
2659 5751 2706 5793 et
2743 5740 2779 5793 2
2807 5741 2871 5794 de
2909 5741 3026 5796 Vita
3063 5745 3317 5796 communi
3346 5746 3577 5812 ciet-itu),

1993 5815 2228 5869 Isidorus
2267 5815 2586 5884 (liqntolog.
2633 5815 2722 5866 lib.
2761 5829 2830 5870 vit
2863 5829 2976 5884 cap.
3012 5815 3134 5884 ult.)
3163 5825 3218 5868 et
3245 5819 3356 5870 alii.
3408 5819 3580 5869 (laute-
