4072 6324
512 188 651 252 1095

1592 184 1839 245 OANNIS
1876 182 2191 244 CASSIANI
2231 180 2728 243 COLLATIONES.

3650 183 3795 247 1096

507 304 795 363 dicationis
824 303 1155 377 'apostolicte
1201 300 1435 373 Sumpsit
1470 303 1774 360 exordium.
1806 302 1940 359 Nam
1972 303 2097 358 talis
2123 308 2173 367 Α
2202 303 2538 360 credulitatis
2583 303 2791 360 indulta
2835 310 2953 373 est,
3001 296 3163 359 etiam
3206 302 3352 359 illius
3381 302 3641 360 Ecclesiae
3668 318 3802 376 qua:

508 399 719 455 exstitit
745 398 797 455 in
820 398 1215 469 Hierosolymis
1237 397 1414 453 omnis
1436 396 1528 452 illa
1553 396 1890 452 credentium
1914 396 2097 451 multi-

512 493 666 559 tudo,
712 507 832 563 qnae
876 492 930 547 in
973 490 1196 546 Actibus
1247 489 1627 560 Apostolorum
1679 490 1751 545 ita
1796 489 2095 545 scribitur:

513 585 869 641 Multitudinis
894 584 1207 638 credentium
1240 589 1351 638 erat
1377 597 1466 637 cor
1494 599 1655 636 unum
1696 590 1743 637 et
1770 583 1947 636 anima
1972 598 2097 649 una,

512 694 605 733 nec
631 679 905 748 quisquam
931 692 1104 731 eorum
1125 691 1239 746 qua:
1263 673 1557 747 possidebat
1581 674 1780 745 aliquid
1805 689 1957 728 suum
1995 689 2103 729 esse

517 769 739 837 dicebat,
766 769 857 824 sed
884 777 1033 824 erant
1058 766 1165 822 illis
1203 767 1378 822 omnia
1403 767 1715 821 communia.
1741 764 2103 821 Possessiones

515 875 564 920 et
607 864 925 920 substantias
966 860 1289 927 vendebant,
1330 868 1379 915 et
1424 858 1719 913 dividebant
1762 873 1824 913 ea
1867 856 2104 911 omnibus

517 964 669 1024 prout
696 955 878 1025 cuique
906 969 1036 1019 opus
1058 961 1165 1006 erat
1198 952 1394 1023 (Actor.
1428 950 1526 1022 tv).
1560 950 1628 1005 Et
1658 951 1851 1005 iterum
1880 966 1893 1003 :
1931 949 2106 1019 Neque

516 1046 654 1100 enim
681 1046 954 1117 quisquam
993 1060 1143 1116 egens
1179 1056 1290 1100 erat
1327 1043 1463 1097 inter
1490 1043 1629 1097 illos.
1673 1041 1932 1112 Quotquot
1972 1041 2107 1095 enim

515 1152 835 1208 possessores
879 1150 1125 1207 agrorum
1171 1143 1261 1188 aut
1307 1133 1579 1187 domorum
1622 1141 1788 1197 erant,
1839 1131 2109 1186 uendentes

518 1230 804 1299 offerebant
832 1230 996 1300 pretia
1042 1245 1220 1284 eorum
1259 1242 1375 1299 qua:
1418 1226 1720 1294 vendebant,
1769 1233 1814 1279 et
1857 1224 2109 1296 ponebant

519 1336 641 1380 ante
686 1327 841 1398 pedes
871 1322 1241 1397 apostolorum.
1298 1321 1637 1376 Diridebatur
1677 1329 1849 1373 autem
1887 1319 2109 1391 singulis

522 1429 671 1489 prout
713 1419 894 1488 cuique
924 1434 1052 1490 opus
1092 1425 1200 1471 erat
1229 1413 1403 1487 (Ibid.
1421 1414 1462 1486 ).
1506 1414 1681 1481 Talis,
1714 1413 1966 1482 inquam,
1994 1420 2112 1468 erat

524 1520 654 1566 tunc
678 1512 857 1565 omnis
887 1510 1126 1564 Ecclesia
1146 1548 1161 1573 ,
1186 1507 1375 1577 quales
1405 1522 1547 1562 nunc
1580 1520 1879 1578 perpaucos
1905 1506 1960 1561 in
2002 1521 2111 1563 ete-

525 1605 706 1661 nobiis
731 1604 977 1661 invenire
1006 1601 1230 1658 difﬁcile
1257 1611 1363 1656 est.
1396 1600 1503 1657 Sed
1531 1614 1657 1654 cum
1695 1607 1816 1669 post
1840 1599 2111 1669 apostolo-

2208 396 2598 469 llierosolymis
2617 396 2951 453 consistebat
2972 396 3359 466 perfectionem
3379 398 3640 470 paulatim
3661 413 3803 455 con—

2207 491 2470 544 taminare
2500 489 2779 559 coepisset,
2804 499 2854 544 et
2884 499 3169 546 crescente
3199 490 3447 561 quotidie
3471 492 3561 548 vel
3589 493 3802 564 indige-

2207 597 2394 638 narum
2428 598 2680 650 numero,
2730 582 2817 638 vel
2862 582 3227 649 advenarum,
3277 585 3465 654 primae
3492 585 3641 641 illius
3669 585 3800 642 ﬁdei

2206 674 2583 745 refrigesceret
2626 675 2837 741 fervor;
2894 690 3001 731 non
3053 676 3228 732 solum
3278 676 3332 731 hi
3378 677 3470 746 qui
3517 677 3583 733 ad
3635 678 3800 734 ﬁdem

2207 766 2410 825 Christi
2454 769 2855 837 conﬂuxerant,
2904 784 3089 826 verum
3145 770 3306 826 etiam
3366 770 3447 827 illi
3495 771 3588 841 qui
3644 780 3805 826 erant

2215 861 2480 918 Ecclesia:
2507 862 2803 933 principes,
2833 861 2901 916 ab
2929 862 3019 917 illa
3060 862 3404 919 districtione
3444 863 3610 918 laxati
3648 875 3801 919 sunt.

2211 952 2468 1009 Nonnulli
2491 954 2637 1009 enim
2671 953 3047 1010 existimantes
3074 954 3125 1009 id
3155 954 3297 1026 quod
3338 954 3597 1011 videbant
3624 955 3806 1025 genti-

2211 1046 2311 1100 bus
2353 1060 2449 1116 pro
2494 1046 2809 1101 inﬁrmitate
2850 1060 3168 1101 concessum
3191 1089 3206 1111 ,
3240 1047 3341 1103 sibi
3371 1049 3536 1103 etiam
3567 1049 3801 1117 licitum,

2214 1136 2346 1191 nihil
2382 1153 2442 1192 se
2473 1137 2783 1193 detrimenti
2809 1140 3017 1209 perpeti
3048 1139 3418 1206 crediderunt,
3442 1141 3486 1194 si
3521 1156 3644 1195 cum
3671 1141 3806 1196 sub-

2213 1229 2427 1284 stantiis
2456 1244 2519 1285 ac
2550 1230 2891 1285 facultatibus
2926 1232 3042 1286 suis
3082 1231 3242 1288 fidem
3270 1232 3470 1288 Christi
3500 1234 3810 1291 confessio-

2216 1342 2450 1396 nemque
2470 1335 2851 1398 scquerentur.
2881 1326 2946 1381 lli
2968 1335 3146 1383 autem
3170 1328 3365 1398 quibus
3386 1328 3564 1384 adhuc
3584 1339 3807 1400 aposto-

2216 1418 2354 1474 licus
2388 1418 2560 1473 inerat
2610 1421 2812 1485 lervor,
2866 1434 3135 1474 memores
3191 1419 3341 1475 illius
3388 1420 3634 1489 pristinae
3684 1438 3812 1491 per-

2216 1511 2490 1576 fectionis,
2523 1511 2875 1567 discedentes
2904 1525 2932 1566 a
2964 1512 3274 1568 civitatibus
3306 1512 3440 1582 suis,
3475 1513 3810 1584 illorumque

2222 1608 2500 1661 consortio
2521 1607 2614 1677 qui
2643 1606 2746 1661 sibi
2773 1608 2857 1663 νει
2898 1607 3156 1663 Ecclesia:
3198 1607 3293 1662 Dei
3323 1609 3654 1664 remissioris
3685 1611 3811 1665 vita:

526 1716 647 1755 rum
675 1714 959 1756 excessum
986 1706 1268 1768 tepescere
1291 1696 1546 1767 coepisset
1571 1694 1909 1751 credentium
1933 1692 2115 1749 multi-
2144 1702 2192 1762 Β
2220 1699 2607 1770 negligentiam
2636 1700 2843 1755 licitam
2873 1715 2998 1756 esse
3027 1700 3343 1767 credebant,
3369 1702 3420 1756 in
3449 1702 3585 1757 locis
3616 1703 3811 1759 subur-

525 1793 689 1863 tudo,
722 1807 785 1848 ea
812 1793 899 1849 vel
932 1792 1164 1847 maxime
1190 1804 1313 1861 qua:
1342 1788 1412 1844 ad
1442 1788 1605 1845 ﬁdem
1650 1788 1848 1844 Christi
1887 1787 1954 1844 de
1982 1788 2113 1843 alie-

527 1886 736 1956 nigenis
785 1901 850 1941 ac
895 1883 1128 1941 diversis
1174 1882 1424 1953 gentibus
1476 1882 1805 1948 conﬂuebat,
1847 1897 1876 1936 a
1918 1881 2113 1952 quibus

525 1980 757 2050 apostoli
821 1994 918 2049 pro
961 1978 1099 2048 ipsis
1148 1977 1273 2032 fidei
1321 1976 1651 2032 rudimentis
1696 1991 1761 2032 ac
1811 1976 2110 2031 inveterata

523 2073 845 2145 gentilitatis
889 2071 1285 2128 consuetudine
1325 2070 1460 2126 nihil
1490 2069 1720 2140 amplius
1757 2068 2109 2138 expetebant,

525 2168 633 2223 nisi
659 2177 715 2221 ut
734 2167 799 2222 ab
819 2164 1159 2221 immolatitiis
1182 2162 1448 2218 idolorum
1476 2173 1525 2219 et
1553 2162 1898 2233 fornicatione
1918 2173 1962 2217 et
1992 2164 2109 2234 suf-

526 2261 711 2331 focatis
753 2269 803 2315 et
849 2258 1099 2330 sanguine
1142 2264 1506 2328 temperarent
1543 2255 1751 2327 (Actor.
1780 2256 1915 2325 xv),
1950 2265 2113 2326 atque

524 2353 627 2410 ista
651 2353 870 2409 libertas
889 2366 1011 2422 quin
1030 2350 1280 2422 gentibus
1297 2357 1520 2422 propter
1536 2349 1902 2405 inﬁrmitatem
1922 2349 2111 2419 primae

2221 1792 2377 1847 bonis
2426 1806 2490 1847 ac
2538 1791 2928 1848 secretioribus
2971 1807 3341 1860 commanere,
3388 1802 3445 1848 et
3481 1808 3543 1848 ea
3588 1809 3712 1863 qua
3742 1796 3812 1848 ab

2220 1883 2478 1955 apostolis
2498 1899 2597 1954 per
2626 1884 2939 1941 universum
2964 1899 3166 1955 corpus
3195 1884 3458 1940 Ecclesia:
3480 1887 3812 1955 generaliter

2221 1974 2584 2032 meminerant
2616 1976 2880 2044 instituta,
2908 1975 3162 2046 privatim
3187 1991 3251 2031 ac
3275 1976 3625 2046 peculiariter
3654 1992 3813 2033 exer-

2219 2081 2347 2123 cere
2368 2077 2682 2137 coeperunt;
2712 2075 2872 2138 atque
2888 2067 2960 2123 ita
2984 2067 3186 2123 coaluit
3206 2067 3332 2135 ista,
3354 2082 3517 2138 quam
3537 2067 3813 2136 diximus,

2222 2160 2607 2231 discipulorum
2636 2161 2731 2233 qui
2768 2176 2827 2218 se
2853 2161 2923 2217 ab
2953 2162 3169 2218 illorum
3211 2163 3461 2231 contagio
3490 2171 3814 2231 sequestra-

2220 2266 2433 2323 verant,
2459 2253 2771 2324 disciplina.
2790 2252 2893 2320 Qui
2918 2252 3177 2324 paulatim
3207 2262 3452 2323 tempore
3479 2253 3816 2323 procedente

2219 2350 2485 2420 segregati
2511 2365 2543 2405 a
2570 2347 2910 2405 credentium
2935 2346 3128 2415 turbis,
3153 2346 3221 2403 ab
3241 2362 3306 2403 eo
3329 2355 3355 2384 ι
3379 2347 3522 2417 quod
3546 2347 3815 2418 coniugiis

1594 2483 1855 2539 ALARDI
1894 2482 2128 2540 GAZIEI
2165 2482 2730 2540 COMMENTARIUS.

526 2603 647 2645 rum
671 2594 818 2643 recte
847 2581 1157 2639 observavit
1179 2580 1624 2636 Turrecrematus
1645 2578 1846 2644 (Traet.
1867 2579 1901 2633 8
1929 2580 1982 2633 in
2013 2577 2117 2633 Re-

526 2655 1084 2731 gulamD._Bened.),
1132 2653 1443 2731 hoc_gcnus
1490 2650 1913 2731 emnobitarutn,
1942 2650 2117 2718 quoad

526 2720 766 2796 aliquid,
799 2728 1008 2782 initium
1044 2720 1352 2796 sumpsisse
1400 2738 1429 2774 a
1470 2722 1654 2796 cuneis
1677 2720 2114 2796 prophetarum:

532 2793 704 2863 Unde,
738 2793 927 2863 inquit,
958 2796 1173 2852 Samuel
1199 2794 1386 2847 dicitur
1434 2794 1626 2863 primus
1670 2793 1950 2863 instituisse
1990 2794 2112 2846 reli-

526 2862 787 2946 giosorum
814 2862 1107 2946 conﬁcimus,
1126 2866 1324 2946 juginter
1349 2862 1673 2946 psallentium
1691 2862 1942 2946 Rumina,
1972 2874 2027 2918 ut
2049 2865 2121 2918 ait

531 2934 792 3015 ﬂagisten
809 2941 865 3015 in
897 2934 1141 3015 Ilistoria'
1158 2934 1486 3015 S'cltolastica
1509 2951 1662 3015 super
1684 2934 1870 3015 illudll
1898 2936 2026 3015 Reg.
2052 2951 2116 3015 x_:

2222 2579 2374 2633 etiam
2399 2579 2714 2632 monasteria
2745 2576 2962 2649 peperit.
2983 2576 3064 2632 Ad
3085 2576 3220 2632 hunc
3248 2594 3431 2632 sonum
3453 2580 3664 2634 excitati
3690 2591 3816 2636 sunt

2222 2653 2429 2718 fratres,
2452 2651 2542 2720 qui
2568 2651 2622 2703 in
2647 2666 2804 2703 unum
2833 2649 3064 2702 habitare
3088 2651 3477 2716 concupierunt.
3508 2651 3536 2704 1
3545 2663 3620 2705 ste
3640 2669 3816 2706 versus

2222 2721 2324 2790 fuit
2354 2720 2477 2775 tuba
2506 2721 2750 2792 ipsorum.
2784 2720 2971 2794 Sonuit
3012 2736 3101 2792 per
3140 2720 3307 2794 orbem
3341 2730 3613 2794 terrarum,
3644 2734 3693 2777 et
3725 2725 3817 2794 qui

2222 2793 2446 2863 dispersi
2489 2802 2635 2846 erant
2675 2793 2973 2863 congregati
3021 2801 3141 2844 sunt
3178 2792 3229 2844 in
3278 2809 3457 2846 unum.
3509 2792 3576 2847 Et
3625 2792 3763 2848 infra
3800 2814 3813 2847 :

2227 2862 2402 2937 Quare
2421 2878 2521 2918 non
2548 2862 2872 2937 appellemus
2907 2862 3203 2924 monachos,
3228 2879 3346 2937 cum
3368 2866 3510 2937 dicat
3537 2866 3777 2937 psalmus
3795 2884 3816 2921 :

2230 2935 2360 2989 Ecce
2384 2951 2540 3005 quam
2572 2934 2759 3006 bonum
2786 2942 2833 3006 et
2853 2949 3007 2998 quam
3032 2934 3327 3006 jucundum
3358 2933 3597 2989 habitare
3623 2939 3817 3003 fratres

533 2994 976 3071 abtiiumhabebis
1015 3023 1216 3079 gregem
1238 2994 1598 3079 praphetaruiit
1622 2994 2031 3079 descendentium
2056 3006 2119 3060 de
2145 2994 2193 3059 C
2223 3008 2277 3061 in
2307 2994 2489 3079 unum,
2535 3003 2686 3077 μόνος
2714 2994 3014 3079 εηὶηιξυηιε
3032 2994 3267 3079 dicitur;
3294 3016 3343 3059 ct
3383 3022 3483 3059 non
3515 2994 3650 3060 unus
3676 3025 3817 3078 quo-

528 3087 750 3147 excelso,
788 3092 835 3139 et
864 3089 981 3134 ante
1011 3076 1456 3146 eos'psalterium.
1501 3076 1650 3147 Quod
1694 3086 1867 3131 autem
1905 3078 2117 3131 istarum

531 3145 893 3229 praphetarum
920 3145 1196 3229 conventus
1226 3163 1494 3229 personam
1542 3145 1904 3229 religiosorum
1931 3164 2120 3229 repue-

530 3218 812 3292 sentarent,
833 3230 1049 3278 testatur
1079 3218 1122 3272 Η
1118 3220 1422 3292 ieroriymus
1441 3219 1497 3272 in
1518 3218 1733 3290 epistola
1754 3219 1822 3272 ad
1845 3218 2121 3292 Rusticum

530 3287 837 3354 monachum
864 3294 1037 3348 dicens
1061 3306 1079 3345 :
1110 3287 1238 3343 Filii
1267 3287 1658 3360 praphetarum,
1679 3306 1807 3360 quos
1837 3289 2118 3344 monachos

528 3371 588 3424 in
608 3370 759 3424 veteri
779 3366 1103 3420 Testamento
1126 3360 1359 3432 legimus,
1376 3370 1474 3432 etc.
1499 3360 1682 3427 Quoad
1705 3361 1979 3430 perfectam
2000 3377 2118 3415 vero

530 3442 754 3512 formam
791 3432 1072 3491 communis
1112 3430 1246 3512 vitis,
1279 3440 1325 3484 et
1363 3430 1856 3512 abrenuntiationem
1893 3441 2118 3512 terrena-

530 3502 671 3575 rum,
705 3511 799 3563 hoc
825 3502 1402 3578 genus_monacharum,
1433 3504 1540 3556 lucc
1567 3504 1934 3578 (tenebiturum
1961 3503 2119 3578 disci-

532 3573 699 3654 plina,
718 3589 787 3654 Διιι
817 3573 944 3633 dicit
962 3574 1273 3654 Cassianus,
1301 3590 1334 3627 a
1354 3584 1580 3654 tempore
1602 3573 1896 3645 apostolica
1921 3575 2117 3645 praedi-

532 3645 752 3731 cationis
777 3649 996 3731 sumpsit
1024 3645 1479 3731 exordium-time
1506 3645 1615 3700 ille.

606 3733 631 3762 ι
663 3714 909 3778 Monachi
934 3732 1102 3788 quare
1129 3717 1210 3771 sic
1236 3715 1386 3779 dicti,
1416 3725 1616 3788 etquo:
1668 3714 1991 3788 fueritgejus
2020 3730 2118 3771 no-

532 3795 697 3852 minis
726 3793 879 3863 origo
906 3786 970 3863 et:
990 3788 1347 3863 etymologia,
1375 3787 1523 3840 varie
1552 3802 1581 3839 a
1611 3786 1965 3863 scriptoribus
2008 3795 2119 3841 tra-

531 3867 699 3921 ditur.
744 3858 1004 3930 Qu'amvis
1046 3858 1190 3913 enim
1224 3871 1421 3930 nomen
1446 3858 1703 3930 monachi
1747 3858 1887 3927 apud
1926 3873 2117 3913 omnes

530 3926 888 4001 Patresﬂum
912 3930 1303 4001 Graecosttum
1336 3926 1580 4001 Latinos,
1614 3926 2113 4001 frequentissimum

534 4008 624 4072 sit,
651 3998 830 4060 tamen
854 4001 980 4071 quid
1007 3998 1296 4072 signiﬁcet,
1317 4014 1423 4072 non
1450 3999 1651 4072 eodem
1670 3998 1831 4072 modo
1852 4001 1920 4056 ab
1941 4002 2118 4055 omni-

530 4069 635 4134 bus
656 4069 958 4146 explicatur
975 4070 1308 4146 (Bellarmin.
1328 4069 1423 4146 lib.
1449 4086 1487 4126 tt
1507 4071 1571 4126 de
1597 4070 1867 4125 Monachis
1892 4072 2111 4146 cap._l).

537 4140 790 4218 Plerique
823 4161 858 4218 7a
904 4140 1533 4218 solitudine‘deductum
1567 4152 1778 4218 putant,
1812 4145 1935 4218 qui_a
1957 4140 2116 4218 ’μόνὸς

532 4212 729 4275 Latine
756 4217 906 4273 solus
934 4214 1154 4269 dicitur.
1196 4212 1404 4279 Quibus
1432 4212 1616 4269 favere
1652 4214 1869 4268 videtur
1895 4212 1974 4268 D.‘
1994 4216 2117 4271 Ilie-

533 4305 795 4363 ronymus
819 4290 871 4342 in
913 4286 1073 4363 epist.
1097 4284 1164 4363 ad
1196 4283 1761 4363 Heliodorum(£pist.
1786 4284 1864 4354 1),
1890 4285 1979 4339 ubi
2006 4290 2110 4363 ait;

2221 3075 2613 3145 modocumque,
2655 3091 2778 3130 nam
2798 3084 2845 3129 et
2886 3076 2940 3129 in
2971 3075 3120 3129 turba
3160 3086 3232 3129 est
3259 3094 3415 3141 unus,
3452 3078 3542 3132 sed
3568 3075 3821 3135 una'cum

2221 3148 2395 3202 multis
2423 3148 2525 3217 dici
2545 3158 2728 3221 potest.
2753 3147 2909 3221 Μόνος
2930 3163 3032 3221 non
3060 3156 3243 3221 potest,
3274 3147 3328 3221 id
3354 3156 3445 3214 est,
3474 3150 3640 3213 solus;
3660 3152 3822 3221 μόνος

2221 3221 2355 3273 enim
2385 3235 2516 3273 unus
2553 3220 2691 3273 solus
2732 3230 2826 3273 est.
2863 3217 2969 3283 Qui
2999 3233 3117 3290 ergo
3143 3219 3215 3273 sic
3242 3219 3413 3272 vivunt
3456 3221 3509 3273 in
3539 3217 3723 3287 unum,
3766 3233 3823 3277 ut

2219 3306 2379 3344 unum
2407 3290 2665 3344 hominem
2705 3292 2925 3359 faciant,
2954 3296 2999 3343 et
3029 3293 3094 3344 sit
3122 3290 3228 3343 illis
3256 3306 3370 3344 vere
3407 3294 3660 3360 quomodo
3679 3297 3824 3347 scri-

2221 3371 2363 3429 ptum
2391 3372 2484 3425 est,
2515 3378 2619 3415 una
2639 3362 2834 3429 anima,
2862 3372 2909 3415 et
2932 3376 3091 3414 unum
3115 3376 3235 3428 cor;
3266 3363 3427 3414 multa
3449 3378 3689 3432 corpora,
3721 3364 3823 3418 sed

2219 3449 2323 3485 non
2345 3432 2522 3505 inulla!
2541 3433 2751 3505 anima;
2776 3432 2941 3505 multa
2961 3448 3196 3505 corpora.
3214 3432 3304 3485 sed
3326 3434 3609 3505 nonmulta
3627 3435 3823 3504 corda;

2218 3503 2566 3577 rectedicitur
2590 3500 2762 3577 μόνος,
2784 3503 2849 3577 id
2862 3511 2958 3577 est,
2985 3500 3116 3577 unus
3145 3501 3468 3577 solus._lnde
3493 3513 3539 3577 et
3562 3504 3653 3557 ille
3674 3500 3823 3562 unus

2219 3575 2501 3629 sanabatur
2525 3571 2810 3646 in'piscina
2831 3571 3010 3643 (Joan.
3041 3575 3116 3646 v).
3147 3573 3274 3629 Hice
3300 3573 3658 3645 Augustinus.
3690 3579 3827 3645 qui«

2221 3645 2322 3701 bus
2348 3647 2529 3701 verbis
2557 3644 2759 3700 indicat
2788 3647 2921 3701 nihil
2951 3644 3099 3700 aliud
3141 3644 3452 3715 signiﬁcare
3480 3644 3822 3704 monachum

2219 3732 2380 3786 quam
2415 3716 2687 3772 hominem
2735 3718 2787 3771 in
2821 3716 2913 3771 tali
2944 3716 3148 3772 unitate
3176 3726 3229 3772 et
3259 3718 3650 3772 communitate
3679 3734 3820 3774 cum

2218 3788 2338 3842 aliis
2365 3788 2607 3856 ejusdem
2640 3789 2872 3843 instituti
2901 3789 3194 3853 viventem,
3227 3798 3287 3843 ut
3315 3804 3435 3843 cum
3466 3788 3573 3842 illis
3601 3788 3793 3846 efﬁcia
3812 3822 3825 3833 -

2220 3868 2307 3914 tur
2348 3859 2515 3915 veluti
2559 3874 2698 3914 unus
2747 3861 2940 3928 homo,
2986 3874 3150 3929 unum
3202 3875 3322 3925 cor,
3368 3872 3422 3915 et
3453 3860 3630 3915 anima
3678 3878 3824 3929 una,

2219 3931 2361 3985 sicut
2388 3930 2593 3986 dictum
2626 3941 2711 3985 est
2736 3931 2805 3986 de
2847 3930 3039 4001 primis
3077 3928 3424 3994 Christianis,
3468 3931 3663 3999 quibus
3696 3928 3824 3988 erat

2219 4018 2309 4076 cor
2336 4018 2518 4076 unum,
2549 4002 2720 4076 anima
2749 4018 2875 4071 una,
2904 4012 2951 4055 et
2990 4003 3164 4055 omnia
3189 4005 3485 4076 communia
3509 4004 3659 4074 (Act.
3689 4019 3753 4059 ιν
3772 4006 3821 4076 ).

2222 4074 2419 4130 Verum
2453 4073 2555 4129 hac
2586 4072 2797 4129 ratione
2836 4087 3033 4127 nomen
3063 4073 3320 4127 monachi
3362 4074 3492 4129 solis
3519 4072 3828 4131 cmntibitis

2219 4144 2561 4214 conveniret,
2596 4145 2762 4199 immo
2789 4159 2918 4201 vero
2950 4144 3082 4198 nihil
3108 4144 3255 4198 aliud
3279 4146 3611 4216 signiﬁcaret
3640 4163 3821 4216 quam

2218 4217 2570 4280 emnobitam,
2594 4216 2648 4271 id
2678 4227 2783 4284 eSt,
2819 4215 3182 4271 communiter
3209 4215 3341 4271 cum
3359 4219 3479 4272 aliis
3503 4215 3817 4274 viventem.

2218 4289 2564 4358 Relinquitur
2580 4302 2711 4357 ergo
2732 4287 3012 4343 verissima
3040 4288 3330 4357 explicatio
3354 4289 3513 4357 hujus
3534 4288 3821 4355 vocabuli,

530 4355 886 4446 interpretare
910 4355 1209 4446 vocabulum
1242 4355 1502 4446 machhi,
1545 4355 1641 4410 hoc
1665 4366 1756 4438 est.
1789 4359 2114 4446 tttun_i;'quid
2142 4386 2192 4446 ι)
2218 4375 2379 4446 quam
2402 4355 2508 4414 hoc
2536 4355 2663 4446 loeti
2688 4359 2854 4443 tradit
2879 4359 3048 4414 abbas
3068 4355 3372 4446 Piammon,
3396 4355 3669 4446 povazodc
3691 4361 3825 4441 sive

530 4434 661 4559 {fcis
685 4427 746 4485 in
780 4429 950 4487 turba.
981 4428 1068 4496 qui
1096 4427 1235 4481 solus
1260 4427 1352 4480 es?
1380 4428 1443 4479 Et
1470 4441 1659 4483 rursus
1690 4428 1741 4482 in
1786 4427 2020 4497 epistola
2046 4430 2112 4484 ad
2142 4427 2189 4446 υ
2216 4427 2531 4505 portatam;
2556 4430 2679 4486 inde
2703 4430 3029 4494 nominatos,
3060 4430 3198 4499 quod
3226 4447 3258 4483 a
3288 4427 3544 4500 coniugiis
3562 4427 3823 4484 abstine-

575 4504 817 4559 aulinum
844 4499 1035 4559 (Epist.
1071 4500 1171 4559 13)
1202 4515 1215 4550 :
1249 4497 1313 4552 Si
1340 4497 1484 4559 cupis
1511 4515 1618 4553 esse
1644 4499 1782 4559 quod
1818 4500 2026 4559 diceris.
2058 4502 2114 4555 id
2217 4514 2351 4559 rent.
2383 4514 2430 4558 et
2454 4521 2484 4556 a
2514 4511 2787 4559 parentum
2813 4519 2867 4557 se
2894 4503 3152 4557 consortio
3188 4517 3251 4555 ac
3284 4504 3465 4555 mundi
3485 4500 3647 4559 huius
3676 4518 3823 4556 con—

575 4504 817 4559 aulinum
844 4499 1036 4572 (Epist.
1071 4500 1215 4572 i_3)_:
1249 4497 1484 4572 Sicupis
1511 4515 1618 4553 esse
1644 4499 1782 4572 quod
1818 4500 2026 4570 diceris,
2058 4502 2114 4555 id

2217 4500 2351 4568 rent,
2383 4514 2430 4558 et
2454 4521 2484 4556 a
2512 4511 2787 4574 parentum
2813 4519 2867 4557 se
2894 4503 3152 4557 consortio
3188 4517 3251 4555 ac
3284 4504 3465 4574 mundi
3485 4500 3647 4573 hujus
3676 4518 3824 4556 con-

531 4585 626 4639 est,
657 4574 821 4638 solus,
853 4567 980 4642 quid
1010 4570 1138 4642 facis
1165 4567 1486 4642 inurbibus,
1513 4586 1629 4642 quia
1657 4567 1841 4641 utique
1869 4587 1969 4625 non
1995 4567 2116 4627 sunt
2154 4598 2184 4631 ο
2215 4567 2868 4638 υενδαιὶοηοέεεετηειέηι,
2899 4582 2957 4628 ut
2988 4573 3241 4627 nimirum
3269 4573 3369 4628 soli
3404 4573 3511 4626 Deo
3544 4567 3641 4640 per
3669 4586 3823 4628 cen-

528 4638 762 4702 solorum
790 4638 1108 4707 habitacula,
1148 4639 1239 4694 sed
1269 4638 1585 4697 multorum?
1617 4638 1775 4710 Atqui
1807 4643 2110 4698 secundum

536 4719 675 4772 hanc
696 4719 963 4772 rationem
988 4722 1045 4768 et
1067 4711 1448 4782 etymologiam
1472 4728 1666 4768 nomen
1697 4715 1950 4768 monachi
1979 4714 2110 4770 solis

528 4787 773 4845 eremitis
819 4797 874 4842 et
915 4783 1258 4839 anachoretis
1291 4785 1509 4854 proprie
1551 4784 1887 4851 conveniret,
1931 4787 2108 4853 utqui

528 4862 631 4916 soli
665 4859 983 4915 habitabant
1009 4855 1060 4909 in
1088 4854 1345 4921 desertis,
1370 4864 1694 4911 cumtamen
1720 4855 2106 4912 monachorum

529 4947 726 4986 nomen
748 4941 803 4986 et
826 4926 1092 4997 institutio
1112 4926 1418 4997 reperiatur
1436 4927 1576 4994 apud
1604 4927 1915 4997 Dionysium
1939 4928 2110 4983 Areo-

531 5006 783 5072 pagitam,
827 4998 919 5070 qui
964 4996 1080 5053 fere
1117 4996 1383 5072 trecentis
1424 4999 1577 5072 annis
1623 4996 1846 5072 Paulum
1876 5000 2105 5072 primum

528 5067 821 5129 biremium
847 5067 1185 5141 antecessit;
1235 5067 1445 5141 et_ipse
1474 5070 1636 5141 etiam
1669 5067 2027 5141 Hieronymus
2052 5070 2104 5124 in

526 5144 756 5212 epistola
780 5142 845 5197 ad
875 5140 1228 5196 Eustochium
1253 5137 1452 5211 (Epist.
1485 5139 1580 5212 22)
1616 5156 1810 5196 nomen
1854 5137 2105 5196 monachi

526 5222 634 5270 tam
656 5213 943 5270 cmnobitis
963 5226 1122 5282 quam
1145 5212 1487 5267 anachoretis
1507 5212 1635 5266 velit
1657 5227 1779 5267 esse
1796 5227 2103 5267 commune.

524 5285 634 5342 Alii
662 5301 690 5338 a
723 5284 952 5341 monade
996 5282 1293 5338 monachos
1337 5282 1513 5338 dictos
1557 5282 1999 5353 interpretantur,
2052 5285 2104 5339 id

523 5367 628 5426 est,
658 5357 729 5411 ab
756 5356 984 5422 unitate,
1009 5354 1123 5410 sive
1147 5354 1365 5409 unione.
1417 5354 1523 5411 Sed
1546 5354 1662 5409 haec
1687 5370 1899 5426 rursum
1930 5355 2105 5411 unitas

524 5430 640 5484 sive
673 5428 797 5483 unio
830 5426 1124 5493 dupliciter
1165 5427 1481 5494 exponitur.
1512 5427 1641 5481 Nam
1675 5426 1734 5479 D.
1770 5425 2106 5493 Augustinus

521 5513 800 5568 exponens
850 5497 1005 5553 illum
1058 5498 1388 5552 versiculum
1442 5498 1633 5568 psalmi
1684 5513 1919 5553 cxxxn:
1971 5496 2105 5552 Ecce

520 5567 672 5640 quam
719 5571 907 5625 bonum
960 5577 1007 5622 et
1045 5585 1198 5639 quam
1235 5569 1529 5640 jucundum
1572 5567 1803 5622 habitare
1841 5572 2026 5636 fratres
2049 5570 2105 5623 in

520 5655 682 5695 unum
706 5655 725 5694 :
754 5641 890 5707 ista,
921 5640 1116 5709 inquit,
1141 5639 1293 5695 verba
1322 5639 1585 5709 Psalterii,
1616 5642 1711 5695 iste
1730 5641 1898 5694 dulcis
1926 5656 2099 5707 sonus,

516 5710 624 5771 ista
651 5712 827 5768 suavis
855 5711 1080 5768 melodia
1105 5722 1208 5767 tam
1237 5712 1292 5767 in
1322 5714 1522 5769 cantico
1548 5728 1704 5784 quam
1728 5712 1784 5766 in
1813 5712 2099 5780 intellectu,

2216 4647 2618 4715 templationem
2641 4644 2992 4699 inhaererent.
3017 4643 3171 4709 Quod
3200 4652 3255 4700 et
3282 4642 3563 4699 conﬁrmat
3588 4643 3649 4698 Β.
3682 4644 3825 4700 b.0-

2214 4714 2401 4788 nysi’us
2432 4716 2758 4786 Areopagita
2785 4731 2919 4788 cap.
2963 4718 2995 4771 6
3040 4715 3252 4771 Eccles.
3281 4714 3515 4788 llierar.,
3553 4715 3825 4788 ubi_dicit

2214 4785 2510 4843 monachos
2542 4785 2822 4857 appellari,
2855 4787 2994 4855 quod
3020 4788 3167 4841 rebus
3204 4787 3539 4841 divisibilibus
3581 4785 3816 4854 relictis,

2213 4860 2445 4925 monadi,
2474 4859 2529 4912 id
2557 4868 2650 4922 est,
2681 4858 2943 4912 divinitati
2978 4860 3077 4912 soli
3103 4858 3305 4926 placere
3338 4868 3489 4927 atque
3510 4858 3649 4911 uniti
3673 4874 3821 4913 con-

2212 4930 2495 4984 tenderent.
2542 4929 2713 4995 Inde,
2777 4928 2982 4999 inquit,
3040 4929 3205 4983 sancti
3258 4937 3592 4999 praceptores
3641 4934 3823 4986 nostri

2212 5000 2527 5073 (Apostoli)
2556 5000 2742 5055 divinis
2784 5017 2868 5055 eos
2909 5000 3341 5069 appellationibus
3369 5009 3486 5053 sunt
3517 5004 3818 5122 Zrosecuti,

2212 5073 2399 5122 partim
2421 5071 2766 5122 theraneutas.
2789 5071 2843 5122 id
2863 5080 2954 5122 est.
2982 5074 3220 5122 cultores.
3249 5087 3280 5122 a
3299 5071 3499 5122 sincero
3566 5072 3613 5122 ei
3637 5071 3818 5122 fama.

2211 5071 2399 5141 partim
2421 5071 2766 5140 therapeutas,
2789 5071 2843 5125 id
2863 5080 2954 5137 est,
2982 5074 3220 5141 cultores,
3249 5087 3280 5122 a
3299 5071 3499 5125 sincero
3517 5071 3613 5141 Dei
3634 5071 3823 5137 [anm-

2210 5140 2319 5197 latu
2347 5152 2498 5214 atque
2525 5144 2700 5209 cultu;
2728 5143 2914 5211 partim
2942 5140 3216 5214 monachos
3246 5141 3308 5196 ab
3334 5140 3600 5195 individua
3621 5152 3666 5194 et
3694 5144 3822 5214 sin-

2209 5215 2379 5285 gulari
2406 5212 2508 5268 vita
2531 5214 2872 5285 appellantes,
2904 5223 2959 5266 ut
2987 5229 3102 5283 quis
3141 5212 3256 5266 illos
3289 5230 3379 5284 per
3401 5223 3603 5285 sanctas
3623 5213 3822 5268 divisi-

2211 5284 2391 5339 biliunt
2413 5284 2690 5353 affectuum
2716 5286 2770 5339 in
2792 5301 2953 5339 unum
2974 5285 3392 5354 complicationes
3414 5293 3460 5338 et
3479 5284 3821 5341 collectiones

2209 5357 2262 5409 in
2315 5356 2614 5430 deiformern
2651 5358 2932 5430 monadem
2980 5357 3816 5430 singularemqueperfectionem

2210 5426 2525 5498 promoveat.
2552 5428 2754 5483 Eodem
2787 5427 2980 5482 alludit
3006 5426 3179 5484 canon
3205 5426 3423 5483 concilii
3453 5427 3654 5498 Meneni
3680 5428 3815 5496 (lli,

2207 5496 2261 5570 q.
2296 5499 2348 5564 1,
2377 5516 2423 5554 c.
2454 5500 2511 5568 1)
2542 5515 2570 5552 a
2610 5500 2865 5555 Gratiano
2908 5500 3104 5555 citatus
3132 5501 3182 5553 in
3218 5499 3333 5554 hsce
3365 5498 3525 5554 verba
3552 5517 3568 5553 :
3593 5496 3819 5553 Placuit

2209 5570 2443 5624 omnibus
2465 5571 2802 5625 residentibus
2831 5572 2885 5625 in
2916 5581 3091 5625 sancta
3118 5570 3169 5624 Ν
3176 5572 3338 5624 ἱειεηα
3361 5570 3579 5640 synodo,
3611 5579 3668 5640 ut
3691 5584 3820 5622 mo-

2208 5642 2493 5696 nachorum
2533 5646 2846 5697 conversatio
2876 5652 2923 5697 et
2962 5645 3086 5709 vita,
3116 5638 3403 5713 secundum
3435 5638 3819 5713 etymologiam

2208 5715 2449 5780 nominis,
2480 5715 2543 5768 ab
2564 5716 2795 5772 omnibus
2817 5717 3091 5786 discrepet.
3120 5709 3412 5771 Monachus
3433 5708 3572 5767 enim
3597 5708 3812 5787 Grece,
