4072 6324
331 364 472 423 1108
945 362 1288 422 ροιιΑτιο
1323 361 1511 421 XVIII.
1540 391 1614 408 —
1642 362 1734 421 DE
1774 365 1904 422 'I‘Rll

2010 364 2456 425 IGENEBIBUS
2494 352 3003 428 nouacuouuu.
3470 365 3611 426 uos

327 476 742 547 renuntiantes,
793 485 886 532 aut
929 477 984 533 in
1029 477 1142 532 suis
1170 462 1460 533 domiciliis
1489 477 1588 533 sub
1635 477 1920 551 privilegio
1944 481 2266 544 Aomoium
2312 497 2494 539 rerum
2535 491 3013 554 paupertatemque
3053 479 3391 552 possideant,
3427 481 3514 538 isti
3553 490 3614 538 ut

330 568 490 640 hujus
522 569 758 625 nominis
795 568 984 625 iisdem
1027 568 1274 626 obstricti
1321 570 1766 640 occupationibus
1793 585 1920 642 per-
2021 577 2262 632 omnium
2294 580 2573 649 cupiarum
2603 576 2934 633 affluentiam
2965 583 3385 644 consequantur.
3429 573 3507 630 Illi
3540 574 3614 632 ob

325 672 602 729 severant,
627 672 717 716 aut
747 671 1128 717 construentes
1163 660 1265 716 sibi
1295 661 1539 727 cellulas,
1573 677 1777 734 easque
1807 677 1904 719 mo-

2021 668 2126 726 hoe
2145 674 2391 726 certatim
2416 680 2673 726 statutum
2703 671 3086 726 transcendere
3113 684 3376 725 cauonem
3401 668 3610 723 diurnis

328 757 566 814 nasteria
615 765 1026 828 nuncupantes,
1077 771 1176 811 suo
1223 757 1276 810 in
1320 758 1401 812 eis
1433 759 1555 825 jure
1584 772 1648 814 ac
1675 759 1917 814 libertate

324 850 670 913 consistunt.
715 865 1048 920 nequaquam
1092 850 1419 919 evangelicis
1465 853 1916 921 pra-ceptionibus

323 943 766 1007 succutttbentes.
795 954 852 998 ιιι
879 945 1024 999 nulla
1052 943 1259 1000 scilicet
1283 944 1584 1015 quotidiani
1611 945 1783 1001 victus
1808 946 1916 1002 sol-

323 1035 603 1091 licitudine
626 1077 642 1101 ,
676 1037 839 1092 nullis
885 1040 960 1092 rei
995 1037 1098 1092 fam
1125 1037 1276 1091 liaris
1306 1039 1726 1094 distentionibus
1755 1053 1916 1094 occu-

321 1140 542 1199 pentur.
596 1128 747 1197 Quod
795 1129 871 1184 illi
918 1129 1020 1184 soli
1069 1131 1273 1200 absque
1321 1130 1522 1186 inlideli
1578 1131 1914 1190 dubitatione

320 1231 701 1276 con-ttmmant
725 1261 741 1287 ,
787 1225 875 1292 qui
911 1222 1120 1278 cunctis
1165 1221 1350 1277 mundi
1377 1221 1541 1290 hujus
1573 1222 1914 1279 facultatibus

319 1311 577 1380 absoluti,
615 1314 685 1366 ita
717 1328 775 1366 se
799 1314 1170 1370 ('mzuobiorum
1203 1315 1504 1384 prts'positis
1534 1315 1911 1386 subdiderunt,

317 1412 380 1459 ut
408 1419 476 1458 ne
504 1403 589 1459 sui
619 1404 833 1475 quidem
882 1406 1048 1472 ipsius
1095 1404 1364 1461 fateantur
1390 1421 1515 1463 esse
1555 1421 1614 1462 se
1643 1408 1909 1463 dominos.

317 1493 397 1551 Ilii
423 1504 603 1549 autem
627 1497 717 1566 qui
743 1497 1165 1562 districtionem,
1190 1507 1247 1552 ut
1272 1499 1532 1566 diximus,
1564 1501 1794 1556 coenobii
1821 1501 1911 1555 de-

314 1587 630 1655 clinantes,
674 1587 786 1644 bini
817 1588 904 1643 vel
937 1591 1072 1643 terni
1127 1591 1178 1644 in
1224 1591 1438 1646 cellulis
1486 1603 1908 1661 cornmmantur,

315 1693 426 1734 non
457 1682 698 1735 contenti
729 1679 944 1735 abbatis
988 1696 1115 1736 cura
1157 1691 1318 1752 atque
1346 1685 1574 1751 imperio
1600 1683 1909 1754 gubernari,

315 1774 411 1828 sed
437 1771 542 1827 hoc
564 1787 833 1842 prmerpue
855 1783 1224 1842 procurantes.
1251 1782 1312 1829 ut
1333 1774 1559 1830 absoluti
1579 1791 1609 1830 a
1634 1776 1910 1832 seni-trum

2021 765 2279 833 Operibus
2321 765 2638 832 elaborant,
2673 775 2729 819 ut
2757 763 3015 836 quidquid
3057 761 3368 818 monasterii
3405 761 3610 816 Sanctis

2021 861 2208 914 usibus
2233 859 2570 923 redundarit,
2598 861 2681 913 vel
2710 860 3042 923 carceribus,
3073 859 3156 912 vel
3183 855 3214 895 δ
3244 855 3604 920 xeuodochio,

2019 953 2104 1008 vel
2135 954 2489 1026 nosocomio,
2515 955 2596 1009 vel
2630 954 2988 1026 indigentibus
3019 967 3117 1024 pro
3146 950 3356 1006 abbatis
3385 951 3608 1020 dispen-

2016 1056 2168 1101 setur
2195 1046 2440 1102 arbitrio.
2485 1042 2575 1102 isti
2606 1056 2664 1102 ut
2689 1047 2943 1118 quidquid
2975 1044 3299 1115 quotidianae
3325 1042 3607 1112 superfue-

2017 1139 2088 1195 rit
2113 1141 2283 1210 gulze,
2312 1151 2402 1194 aut
2433 1139 2716 1208 profusiori
2748 1139 2996 1209 proficiat
3024 1139 3306 1205 voluptati,
3337 1144 3430 1190 aut
3457 1142 3608 1190 certe

2015 1231 2358 1304 pbilargyrim
2395 1232 2527 1287 vitio
2557 1231 2899 1288 recondatur.
2941 1233 3218 1287 Postremo
3244 1239 3303 1284 ut
3339 1228 3606 1282 conceda-

2018 1340 2140 1381 mus
2167 1325 2236 1379 ab
2264 1325 2380 1379 istis
2407 1323 2522 1380 haec
2554 1340 2768 1396 quoque
2798 1340 2918 1396 quae
2949 1340 3054 1378 non
3091 1326 3296 1394 optimo
3326 1322 3605 1391 preposilo

2015 1427 2408 1488 congeruntur,
2441 1419 2634 1473 melius
2671 1433 2830 1486 quam
2870 1417 3111 1472 diximus
3140 1430 3296 1484 posse
3326 1413 3601 1478 distribui,

2016 1526 2118 1568 nec
2143 1511 2220 1566 sic
2249 1510 2466 1582 quidem
2498 1512 2564 1565 ad
2593 1515 2843 1566 meritum
2888 1508 3100 1564 virtutis
3145 1509 3357 1563 illorum
3389 1521 3452 1562 ac
3483 1520 3606 1575 per-

2016 1604 2266 1662 fectionis
2309 1607 2569 1673 aspirant.
2613 1606 2693 1661 Illi
2737 1606 2879 1661 enim
2912 1613 3089 1659 tantos
3119 1600 3447 1658 monasterio
3479 1598 3604 1653 red-

2015 1699 2160 1753 ditus
2187 1698 2528 1754 conferentes
2557 1738 2571 1762 ,
2599 1697 2784 1767 eisque
2823 1697 3061 1765 quotidie
3097 1693 3466 1749 renuntiantes
3487 1735 3502 1761 ,
3546 1690 3600 1745 in

2016 1797 2162 1845 tanta
2195 1788 2546 1859 subjectionis
2580 1789 2880 1843 lmmilitate
2911 1789 3232 1853 perdurant,
3260 1795 3319 1840 ut
3343 1782 3603 1856 quemad-

311 1865 476 1938 jugo,
515 1865 806 1920 exercendi
854 1866 1162 1920 voluntates
1190 1880 1345 1929 suas,
1378 1873 1434 1920 et
1464 1867 1786 1936 procedendi
1824 1869 1904 1924 vel

2016 1881 2234 1938 modum
2283 1883 2404 1945 sui,
2455 1882 2525 1935 ita
2557 1883 2716 1936 etiam
2758 1894 2945 1936 eorum
2993 1895 3112 1949 quae
3159 1878 3376 1947 proprio
3403 1877 3602 1930 sudore

313 1975 424 2032 quo
448 1959 710 2031 placuerit
731 1959 1016 2030 evagandi,
1047 1960 1307 2028 agendive
1333 1961 1474 2030 quod
1508 1959 1715 2015 libitum
1752 1959 1904 2016 fuerit

2012 1977 2341 2044 coitquirnnt
2368 1983 2633 2043 praestate
2659 1974 2962 2042 priveutur,
2985 1969 3467 2025 abrenuntiatiouis
3491 1967 3601 2036 pri-

315 2052 553 2109 babmnt
581 2053 904 2120 libertatem,
928 2053 1096 2109 etiam
1125 2053 1360 2119 amplius
1393 2055 1445 2108 in
1475 2055 1733 2124 operibus
1762 2054 1904 2111 diur-

2013 2084 2117 2124 mae
2149 2067 2418 2122 fervorem
2443 2112 2456 2136 ,
2490 2068 2616 2122 dum
2649 2067 2892 2136 quotidie
2923 2065 3246 2135 semetipsos
3276 2061 3479 2116 laboris
3513 2061 3598 2115 sui

313 2146 402 2203 nis
423 2161 583 2216 quam
618 2146 669 2200 hi
694 2145 783 2216 qui
807 2147 859 2200 in
883 2147 1144 2201 ctenobiis
1171 2149 1390 2218 degunt.
1423 2144 1617 2202 diebus
1645 2162 1708 2203 ac
1736 2148 1912 2204 nocti-

311 2241 412 2298 bus
441 2249 854 2305 consumuntur,
894 2240 991 2296 sed
1020 2255 1126 2296 non
1153 2255 1217 2296 ea
1248 2240 1352 2296 fide
1381 2240 1681 2308 eodemque
1714 2257 1910 2309 prOpo-

309 2337 439 2393 sito.
471 2335 584 2390 Hoc
604 2335 747 2391 enim
776 2334 864 2390 isti
891 2334 1111 2394 faciunt.
1140 2351 1244 2388 non
1277 2343 1335 2389 ut
1360 2336 1592 2390 fructum
1619 2336 1700 2390 sui
1727 2337 1908 2404 operis

307 2431 606 2501 subjiciant
649 2429 1038 2499 dispensatoris
1081 2428 1307 2484 arbitrio
1334 2470 1350 2494 ,
1394 2429 1489 2483 sed
1531 2439 1587 2484 ut
1623 2431 1908 2500 acquirant

306 2525 570 2596 pecunias
590 2539 722 2595 quas
745 2523 1061 2579 recondant.
1092 2521 1235 2577 Inter
1253 2537 1388 2593 quos
1407 2535 1666 2592 quantum
1695 2524 1908 2580 intersit

310 2618 605 2674 advertite.
655 2617 733 2672 Illi
767 2616 905 2672 nihil
933 2615 1001 2672 de
1027 2617 1269 2670 crastino
1295 2613 1595 2682 cogitantes
1617 2660 1633 2685 ,
1664 2615 1905 2686 gratissi-

307 2725 430 2766 mos
457 2709 567 2764 Deo
596 2706 811 2762 sudoris
847 2708 933 2761 sui
974 2706 1212 2762 offerunt
1239 2705 1466 2761 fructus.
1518 2705 1606 2762 Isti
1639 2721 1767 2762 vero
1794 2723 1902 2763 non

305 2803 483 2860 solum
516 2802 569 2856 in
601 2798 901 2856 crastinum
926 2839 943 2865 ,
992 2798 1086 2854 sed
1117 2798 1282 2854 etiam
1315 2801 1368 2855 in
1399 2799 1690 2854 multorum
1734 2814 1905 2854 anno-

305 2909 429 2950 rum
459 2896 636 2966 spatia
667 2892 939 2948 infidelem
961 2892 1382 2949 sollicitudinem
1413 2904 1788 2963 prorogantes,
1813 2902 1904 2949 aut

306 2988 628 3046 mendacem
653 2985 822 3042 Deum
849 2995 942 3040 aut
963 2974 1178 3055 inbpem
1203 2986 1451 3053 credunt,
1469 2985 1560 3057 qui
1581 2986 1902 3057 promissam

305 3081 607 3155 quotidiani
644 3081 818 3136 victus
859 3087 1024 3151 atque
1055 3079 1493 3136 indumentorum
1523 3079 1901 3136 sufficientiam

305 3175 557 3250 praebere
579 3175 659 3231 eis
675 3185 769 3229 aut
793 3188 900 3229 non
928 3173 1117 3243 possit,
1137 3182 1231 3228 aut
1261 3174 1414 3230 nolit.
1433 3173 1512 3229 Illi
1530 3177 1631 3230 hoc
1649 3174 1901 3229 omnibus

2007 2161 2276 2217 fruetibus
2307 2159 2532 2226 nudant,
2579 2161 2779 2232 jugiter
2817 2162 3157 2215 iunovantes.
3207 2158 3297 2213 Isti
3327 2170 3505 2212 autem
3541 2155 3601 2210 in

2008 2267 2076 2310 eo
2107 2254 2228 2324 ipso
2250 2253 2391 2325 quod
2422 2253 2622 2322 aliquid
2652 2254 2976 2324 pauperibus
3015 2253 3317 2322 largiuntur
3355 2249 3513 2314 elati,
3545 2248 3601 2303 in

2010 2360 2252 2417 praeceps
2287 2345 2531 2417 quotidie
2558 2345 2920 2400 collabuntur.
2976 2343 3098 2400 Illos
3137 2345 3390 2413 patientia
3437 2349 3600 2411 atque

2007 2437 2296 2504 districtio,
2345 2452 2446 2508 qua
2480 2445 2588 2492 tam
2620 2437 2813 2493 devote
2854 2436 2907 2491 in
2941 2436 3039 2491 hac
3065 2450 3230 2506 quam
3263 2433 3431 2490 semel
3460 2432 3600 2488 arri-

2008 2539 2244 2603 puerunt
2289 2531 2628 2602 professione
2668 2532 3000 2602 perdurant,
3035 2541 3091 2585 ut
3133 2543 3427 2597 numquam
3470 2542 3599 2582 suas

2007 2626 2261 2694 expleant
2290 2624 2617 2688 voluntates,
2653 2634 2676 2663 ο
2705 2623 2992 2678 crucifixos
3020 2621 3142 2675 huic
3173 2619 3334 2674 modo
3357 2617 3600 2690 quotidie

2005 2720 2267 2788 vivosque
2289 2729 2555 2791 martyres
2579 2717 2742 2784 facit;
2775 2716 2875 2770 hos
2907 2714 3123 2771 arbitrii
3151 2715 3233 2768 sui
3264 2725 3418 2782 tepor
3446 2712 3604 2766 vivos

2006 2810 2073 2867 ad
2103 2810 2312 2866 inferna
2356 2809 2643 2880 demergit.
2700 2809 2827 2863 Haec
2859 2807 3019 2878 igitur
3048 2807 3156 2862 duo
3183 2820 3380 2877 genera
3411 2817 3600 2858 mona-

2005 2904 2232 2960 chorum
2252 2904 2304 2959 in
2329 2903 2430 2958 hac
2453 2903 2668 2973 quidem
2692 2901 2967 2972 provincia
2994 2899 3184 2969 aequali
3209 2897 3601 2970 propemodum

2006 2997 2397 3053 numerositate
2425 2996 2568 3051 inter
2589 3011 2648 3051 se
2677 2994 3028 3051 contendunt.
3051 2993 3316 3050 Caeterum
3349 3007 3446 3062 per
3467 2989 3601 3045 alias

2005 3089 2258 3160 regiones
2277 3103 2412 3160 quas
2436 3102 2524 3144 me
2555 3089 2852 3144 necessitas
2881 3086 3164 3142 catholicae
3192 3083 3313 3139 fidei
3340 3083 3602 3154 compulit

2006 3195 2298 3252 peragrare
2318 3225 2333 3249 ,
2365 3180 2504 3236 istud
2538 3181 2757 3235 tertium
2796 3177 3198 3234 Sarabaitarum
3229 3191 3402 3248 genus
3433 3177 3601 3230 abun-

305 3277 570 3341 expetunt
611 3269 786 3336 votis,
814 3275 874 3323 ut
899 3276 926 3306 ι
953 3269 1344 3342 ἀκτημοσύνην,
1373 3267 1429 3324 id
1459 3277 1565 3334 θυι,
1600 3268 1898 3324 nuditatem
1929 3260 1977 3325 C
2006 3272 2140 3327 dare
2164 3287 2228 3328 ac
2250 3287 2417 3342 prone
2444 3271 2620 3328 solum
2648 3285 2770 3327 esse
2791 3271 3163 3340 cognovimus.
3187 3264 3213 3305 (³
3239 3267 3601 3338 Temporibus

1389 3377 1646 3435 ALARDI
1685 3379 1920 3436 ΟΑΖᾸΞΙ
1955 3380 2522 3440 COMMENTARIUS.

387 3486 414 3514 ι
446 3475 795 3548 Ἀκτημοσύνη
814 3513 830 3537 ,
859 3481 920 3528 ιιι
948 3481 1098 3529 notat
1135 3471 1422 3548 Ciaconius
1449 3512 1465 3536 ,
1497 3471 1698 3548 aliquid
1727 3474 1904 3548 utagis

309 3556 398 3605 est
423 3543 830 3616 quam'penuria
854 3554 910 3600 et
929 3554 1142 3605 egestas
1166 3559 1181 3598 :
1209 3559 1332 3616 nam
1358 3543 1620 3614 ’Δκτὴμων
1640 3543 1907 3616 is_dii-itur

310 3619 404 3689 qui
426 3614 557 3674 nihil
581 3614 1080 3689 o’tnninopossidet,
1106 3626 1157 3668 ut
1186 3614 1260 3668 illi
1282 3615 1622 3689 auat-liorem
1647 3614 1862 3689 Αὲυχιιιί
1887 3633 1903 3670 :

311 3686 502 3745 contra
530 3696 713 3748 κτῆσις
743 3686 820 3742 rei
860 3687 1088 3756 alicujus
1115 3687 1386 3751 possessio
1412 3694 1518 3749 est,
1550 3701 1707 3756 quam
1736 3686 1906 3741 abbas

312 3761 556 3817 Joannes
605 3760 655 3812 in
701 3758 942 3811 solitario
989 3756 1219 3810 maxime
1267 3756 1576 3826 improbat,
1618 3756 1800 3810 collat.
1837 3756 1904 3812 i9

313 3847 435 3899 cap.
462 3827 806 3900 6:quamvis.
838 3827 1002 3899 inquit
1028 3827 1418 3900 Ciaconius,_in
1440 3826 1718 3900 hucusque
1739 3843 1906 3882 excu-

313 3904 392 4030 gis
413 3898 689 4024 ciIt'dic'ibus
707 3901 856 3960 ἀλκῆς
878 3898 1057 3972 κρῆσις
1073 3908 1327 3969 c0rrupte
1349 3898 1564 3968 legitur,
1587 3914 1684 3968 pro
1701 3908 1900 3961 κτῆσις.

356 3991 408 4029 lc
440 3991 451 4024 I
496 3987 550 4028 e.

356 3975 408 4029 ic
440 3976 550 4028 ille.

386 4043 416 4084 δ
457 4043 534 4098 De
571 4041 912 4098 xenodochio
949 4040 1201 4111 superius
1239 4048 1417 4096 artum
1455 4051 1541 4096 est
1572 4038 1802 4108 (Collat.
1836 4041 1903 4097 Μ

313 4132 434 4188 cap.
468 4116 502 4170 4
526 4114 566 4185 ).
615 4115 782 4188 Porro
823 4114 964 4167 sicut
1003 4111 1400 4167 xenodorhium
1453 4112 1901 4188 peregrinorum,

313 4181 394 4243 ita
438 4181 840 4244 nusocomium.
883 4199 1060 4254 graece
1098 4191 1451 4254 νοσοκομεῑον,
1483 4181 1684 4254 dicitur
1716 4183 1902 4252 hospi-

315 4261 452 4313 tium
499 4253 1018 4325 :rgrotantium’seu
1062 4253 1440 4318 inlirmorunt,
1485 4267 1582 4325 seu
1616 4253 1765 4306 locus
1795 4267 1903 4322 quo

313 4323 662 4397 recipiuntur
705 4334 759 4380 et
799 4338 1060 4397 curantur
1103 4325 1406 4397 maranti).
1440 4323 1806 4397 Hieronymus
1847 4325 1900 4378 in

313 4393 483 4468 epist.
513 4398 579 4450 ad
607 4397 881 4452 Oceanum
913 4395 1103 4468 (Epist.
1129 4395 1222 4468 30)
1249 4415 1260 4448 ε
1296 4393 1512 4468 Censura
1543 4409 1692 4463 quem
1720 4395 1904 4449 habere

314 4466 522 4540 poterat
551 4469 845 4532 distribuit,
873 4466 1180 4540 dilapidauit
1210 4481 1272 4519 ac
1296 4466 1529 4519 vendidit
1547 4506 1563 4529 ,
1590 4473 1638 4518 et
1665 4481 1904 4540 ruperu-

315 4534 462 4595 niam
504 4549 870 4612 congregatum
910 4534 1087 4612 usibus
1130 4534 1783 4612 pauperum‘prarparavil.
1833 4534 1902 4612 Et

315 4617 487 4682 primo
513 4607 747 4682 omnium
775 4609 1103 4663 nosocomion
1125 4648 1140 4673 ,
1179 4607 1234 4660 id
1277 4616 1347 4661 est
1369 4647 1383 4667 .
1427 4607 1778 4682 languentium
1802 4607 1900 4660 vil-

314 4675 419 4737 Iam
447 4681 704 4745 instituit,
733 4682 785 4733 in
814 4697 914 4751 quo
941 4688 1251 4751 argrotantes
1277 4687 1327 4751 et
1355 4675 1652 4747 consumpta
1681 4675 1904 4751 larigna-

313 4753 459 4807 rtbus
483 4764 637 4818 atque
657 4747 836 4805 inedia
853 4747 1156 4804 miserorum
1175 4749 1402 4802 membra
1430 4751 1697 4816 refoveret.
1725 4747 1902 4802 Utitur

311 4834 372 4880 et
391 4817 732 4879 Iustinianus
754 4822 786 4876 Ι.
811 4822 943 4876 illud
969 4821 1036 4874 16
1057 4833 1103 4873 et
1129 4820 1166 4874 l.
1190 4819 1464 4874 Sancimus
1488 4820 1578 4880 18.
1597 4817 1666 4872 de
1691 4833 1900 4872 sacros.

314 4893 473 4951 Eccl.
509 4893 568 4948 In
607 4893 951 4948 monasteriis
984 4891 1201 4961 vulgato
1237 4891 1503 4944 vocabulo
1526 4890 1726 4961 dicitur
1757 4890 1906 4943 infir-

312 4966 523 5031 maria,
559 4964 643 5018 vel
681 4960 1177 5026 infirmarium,’de
1215 4977 1325 5030 quo
1365 4963 1519 5030 plura
1570 4960 1700 5014 alibi
1749 4971 1904 5015 nota-

311 5037 492 5091 vimus
520 5037 539 5104 (
565 5035 646 5089 Ad
681 5034 807 5104 Reg.
844 5033 878 5089 5
915 5032 1180 5087 Pachumii
1205 5031 1561 5104 ).Al_3jusden1
1605 5033 1902 5104 meminere

247 5150 255 5163 ε
311 5099 834 5176 ιιιιηιηῖροιιιίίίἐθδ
874 5099 1219 5159 Innocentius
1260 5099 1651 5176 llI’_i-.ap.‘Cum
1676 5101 1900 5176 admo-

310 5171 598 5233 nasteriuin
639 5176 708 5231 de
747 5184 874 5230 stat.
920 5185 1190 5239 monast.,
1235 5181 1291 5228 et
1347 5172 1671 5227 Benedictus
1705 5171 1796 5226 XII
1843 5171 1896 5226 in

312 5263 411 5302 sua
444 5249 836 5303 con~tttutione
864 5261 985 5313 cap.
1016 5243 1088 5300 26
1108 5285 1122 5308 ,
1151 5244 1241 5315 qui
1272 5253 1449 5299 tamen
1491 5243 1896 5315 infirmitoriutn

313 5327 536 5374 vocant.
569 5317 705 5372 Huic
733 5317 898 5370 affine
929 5313 1247 5371 vocabulum
1289 5323 1344 5368 et
1381 5314 1713 5368 domicilium
1756 5313 1898 5383 quod

311 5403 494 5458 graece
528 5390 729 5464 dicitur
755 5395 1199 5464 γερρντεκομέιῖον,
1236 5385 1388 5464 locus
1419 5386 1642 5464 seruilius
1674 5383 1902 5464 deputa-

311 5456 437 5526 tus,
469 5461 623 5526 citius
656 5456 907 5514 meminit
937 5458 998 5512 D.
1031 5456 1327 5528 Gregorius
1354 5457 1407 5511 in
1439 5456 1690 5526 Registro
1723 5456 1817 5510 lib.
1845 5471 1899 5511 ιι

254 5568 263 5579 ’
310 5529 579 5678 me.
621 5598 919 5678 monastica
960 5598 1092 5671 (cui
1121 5599 1527 5678 conjunctaest
1555 5595 1905 5678 mortificatio

312 5673 552 5743 propria:
583 5671 878 5743 voluntatis
904 5682 954 5743 et
972 5669 1276 5743 carnalium
1305 5669 1660 5743 cupiditatum
1693 5670 1900 5743 )_spiri-

312 5738 478 5802 tual'is
507 5753 593 5800 est
618 5742 900 5798 crucifixio
929 5741 1030 5814 (de
1050 5755 1158 5814 qua
1188 5738 1480 5814 Cassianus
1501 5740 1604 5814 _l_i_b.
1636 5753 1693 5814 tv
1720 5739 1893 5814 In_s_tit.

314 5831 438 5888 cap.
468 5813 576 5888 54)
602 5825 658 5872 οι
685 5827 854 5887 genus
881 5809 1153 5884 quoddam
1185 5811 1455 5942 mangrii.
1500 5810 1633 5865 Hinc
1664 5810 1728 5864 ο.
1765 5809 1894 5866 Hie-

315 5903 578 5942 ronnnus
602 5887 658 5942 in
686 5886 965 5942 eoltanbio
1002 5884 1185 5942 Ραυιω
1213 5884 1283 5942 ad
1361 5881 1665 5942 ustochittm
1697 5878 1892 5942 (Epist.

315 5878 578 5956 naturai
602 5887 658 5946 in
686 5878 965 5960 ipltaptiio
1002 5884 1185 5944 Paula
1213 5884 1283 5943 ad
1314 5878 1665 5944 Eustochium
1697 5878 1892 5957 (Epist.

1931 4787 1980 4847 D

2011 3476 2080 3530 27
2104 3475 2124 3545 )
2152 3495 2163 3529 :
2197 3476 2329 3547 Pars
2355 3487 2444 3530 tua
2477 3476 2724 3530 Dominus
2747 3493 2767 3542 ;
2797 3485 2845 3531 et
2872 3492 2976 3547 quo
3003 3475 3166 3547 magis
3195 3475 3426 3546 gaudeas
3446 3515 3458 3535 .
3489 3491 3602 3529 ma-

2012 3558 2089 3618 ter
2119 3557 2206 3602 tua
2233 3546 2386 3612 longo
2416 3551 2666 3618 martyrio
2694 3545 2944 3600 coronata
2975 3557 3066 3601 est.
3107 3545 3223 3599 Non
3265 3550 3435 3618 solum
3461 3547 3600 3599 enim

2011 3617 2202 3685 e/fusio
2232 3619 2498 3686 sanguinis
2527 3615 2578 3671 in
2610 3619 2932 3686 confessione
2957 3625 3248 3687 reputatur,
3280 3615 3371 3669 sed
3401 3616 3600 3671 deuota

2009 3705 2210 3760 quoque
2236 3690 2418 3743 mentis
2443 3691 2661 3743 seruitus
2696 3688 3426 3760 immaculataquotidianum
3459 3703 3601 3739 mar-

2010 3757 2203 3842 tyrium
2229 3767 2324 3842 est:
2359 3759 2422 3814 Et
2447 3759 2783 3842 rursus-alibi
2810 3757 3001 3842 (Epist.
3027 3758 3120 3842 8).:
3140 3758 3366 3842 .4ssume
3394 3766 3600 3842 scutum

2009 3826 2173 3898 ﬁdoi,
2221 3831 2434 3884 loricam
2472 3832 2727 3901 justitiar.
2774 3833 2970 3899 galeam
3017 3829 3220 3890 salutis,
3268 3826 3486 3896 procede
3529 3826 3600 3880 ad

2047 3903 2269 3954 ra'lium.
2305 3901 2473 3956 Habet
2504 3911 2550 3956 et
2583 3902 2834 3971 pudicitia
2863 3913 3064 3954 servata
3092 3901 3391 3970 martyrium
3424 3913 3594 3971 suum.

2061 4011 2076 4026 .
2123 3975 2456 4040 Augustinus
2496 3974 2549 4027 in
2584 3967 2938 4027 sermonibus
2977 3974 3043 4025 de
3087 3967 3330 4039 tempore
3372 3967 3592 4040 (Serm.

2009 4040 2114 4113 50)
2141 4060 2155 4096 :
2194 4043 2360 4096 Nemo
2390 4044 2527 4097 dicat
2556 4045 2696 4114 quod
2727 4043 3038 4111 temporibus
3080 4045 3268 4095 nostris
3308 4049 3598 4109 martyrum

2006 4117 2284 4168 certamina
2314 4132 2425 4168 esse
2452 4132 2553 4168 non
2586 4116 2780 4179 possint
2805 4131 2823 4179 ;
2856 4115 3002 4167 habet
3043 4115 3177 4166 enim
3208 4123 3256 4166 et
3286 4127 3389 4179 pax
3419 4120 3600 4164 nostra

2007 4196 2262 4255 martyres
2287 4201 2430 4240 suos.
2480 4184 2653 4251 Nam,
2698 4186 2831 4237 sicut
2873 4185 3166 4254 frequenter
3209 4183 3593 4253 suggessimus,

2007 4254 2329 4309 iracundiam
2361 4257 2630 4327 mitigare.
2665 4256 2927 4310 libidinem
2955 4257 3158 4326 fugere.
3183 4255 3592 4327 justitiam_cus-

2009 4327 2210 4389 todire,
2250 4324 2521 4380 avaritiam
2555 4340 2906 4390 contemnere,
2949 4324 3239 4398 superbiam
3280 4324 3594 4398 humiliore,

2006 4413 2126 4468 pars
2157 4414 2343 4468 magna
2372 4398 2606 4467 martyrii
2635 4405 2730 4450 est.
2754 4398 2816 4451 Ι).
2851 4390 3146 4465 Gregorius
3178 4393 3367 4447 hutnil.
3399 4393 3468 4468 56
3501 4390 3596 4460 (1η

2011 4465 2283 4539 Ευαηςι.)⁷τ
2319 4465 2575 4539 blar'yres
2601 4469 2712 4520 sine
2749 4471 2886 4536 terra
2925 4485 3034 4523 esse
3066 4480 3370 4535 possumus,
3409 4465 3455 4518 si
3498 4479 3597 4534 pa-

2007 4538 2242 4591 tientiam
2265 4538 2512 4591 ueraciter
2540 4539 2593 4591 in
2621 4540 2793 4590 animo
2817 4541 3156 4592 custodimus.

2077 4606 2103 4644 (³
2147 4608 2341 4662 Lucius
2364 4618 2484 4677 post
2515 4619 2757 4662 sanctum
2789 4611 3138 4662 Athanasium
3172 4607 3388 4662 Arianae
3421 4605 3594 4673 partis

2005 4678 2325 4748 episcopus,
2361 4693 2532 4747 usque
2561 4678 2628 4732 ad
2656 4678 3022 4732 Theodo~ium
3056 4683 3385 4748 principem,
3425 4690 3461 4748 ε
3487 4690 3594 4748 quo

2005 4745 2090 4804 est
2115 4751 2406 4817 expulsus,
2441 4745 2856 4804 Alexandrinam
2884 4745 3178 4804 Eccles'iam
3210 4745 3398 4801 tenuit.
3423 4745 3596 4816 Cujus

2009 4819 2264 4874 immania
2295 4822 2498 4875 scelera
2529 4832 2688 4890 atque
2715 4818 2815 4873 fici
2844 4835 2952 4872 lora
2988 4821 3038 4872 in
3067 4821 3421 4880 orthmioxm,
3451 4832 3593 4890 pne-

2008 4893 2192 4945 serlim
2251 4887 2938 4959 monachos,'perpetrata
2996 4891 3110 4944 fuse
3162 4897 3486 4943 enarrantur
3536 4887 3590 4942 in

2008 4963 2233 5032 epistola
2269 4961 2414 5015 Petri
2445 4962 2697 5032 episcopi
2717 4961 3064 5016 Alexandrini
3095 4962 3235 5032 aruit
3267 4959 3591 5032 Theodore-

2006 5030 2120 5087 tum
2141 5073 2157 5098 ,
2191 5032 2280 5086 ubi
2315 5032 2429 5085 hzec
2459 5031 2603 5086 inter
2633 5031 2735 5086 alia
2769 5033 3034 5087 habentur
3061 5048 3072 5082 :
3109 5030 3176 5083 (It
3219 5031 3442 5101 primum
3473 5042 3592 5101 uero

2006 5103 2214 5156 athletis
2241 5101 2467 5170 Christi,
2500 5103 2638 5170 quod
2668 5103 2924 5164 diximus,
2958 5099 3554 5172 appttlere‘Heliopotint
3575 5138 3592 5164 ,

2008 5174 2094 5227 ubi
2129 5190 2301 5227 omnes
2341 5185 2486 5243 erant
2528 5175 2884 5238 superstitioni
2924 5170 3130 5238 dediti;
3173 5171 3226 5224 hi
3266 5186 3372 5243 pra:
3413 5170 3592 5243 diuino

2004 5243 2117 5298 selo
2157 5246 2352 5298 strenui
2393 5242 2639 5299 Ecclesia
2677 5254 3088 5316 propugnatores
3129 5240 3324 5316 arrepti
3368 5240 3593 5316 primum

2003 5316 2060 5369 in
2091 5317 2376 5369 custodiam
2404 5310 2825 5385 conﬁciebantur.
2847 5310 3067 5368 'Deinde
3103 5313 3402 5385 uerberibus,
3432 5310 3552 5364 cesi
3571 5352 3589 5376 ,

2005 5386 2252 5451 lacerati,
2295 5397 2340 5440 et
2379 5381 2644 5439 tormentis
2673 5385 2844 5452 οπεοιὶ
2865 5430 2878 5450 ,
2909 5387 2979 5438 ad
3010 5386 3214 5437 metalla
3247 5385 3301 5437 in
3333 5381 3513 5434 Phene
3543 5390 3590 5434 et

2006 5455 2339 5512 Proconneso
2365 5455 2771 5510 antaudabantur
2795 5473 2812 5510 :
2837 5458 2968 5509 inter
2989 5471 3117 5525 quos
3138 5456 3423 5525 rotnplnres
3443 5459 3593 5503 erata

2005 5528 2243 5583 monac/ti
2262 5570 2275 5592 ,
2307 5537 2413 5581 etc.
2449 5526 2671 5579 Ruﬁnus
2700 5528 2941 5591 s-jttsdetlt
2971 5524 3248 5586 trugcedta!
3279 5524 3428 5577 tt'stis
3459 5535 3593 5575 ocu-

2004 5599 2166 5666 latus,
2203 5608 2260 5653 ut
2307 5599 2394 5667 qui
2431 5609 2540 5650 tum
2560 5599 2642 5668 _in
2672 5595 2909 5668 Egypto
2940 5597 3151 5668 ago-hat,
3187 5597 3300 5668 ltra-c
3324 5594 3392 5647 de
3424 5592 3591 5668 ltuciu

2006 5663 2224 5737 scriptis
2255 5663 2471 5724 tradidit
2503 5666 2661 5738 (Lib.
2695 5683 2731 5721 tt
2762 5663 2796 5721 ὁ
2820 5663 2870 5723 ’ὅ
2900 5677 2947 5720 et
2973 5666 3008 5720 4
3032 5672 3050 5736 )
3077 5685 3089 5718 :
3122 5664 3252 5718 Inde
3280 5675 3396 5738 post
3437 5663 3588 5732 fugas

2004 5742 2192 5795 civium
2219 5749 2266 5795 et
2297 5739 2496 5796 exsilia.
2516 5737 2641 5806 post
2669 5739 2830 5792 credes
2859 5746 2907 5792 et
2946 5745 3218 5803 tormenta,
3247 5737 3590 5807 [laniatosque

2002 5812 2186 5885 quibus
2221 5803 2537 5885 innumeros
2560 5813 2881 5881 confecerat,
2924 5808 2996 5864 ad
3040 5803 3352 5885 monasteria
3393 5803 3587 5878 {ureris

2001 5879 2085 5943 sui
2111 5900 2257 5942 arma
2284 5879 2565 5952 convertit,
2594 5879 2760 5941 uastat
2787 5897 3014 5941 srsmum
3033 5925 3048 5954 ,
3080 5892 3127 5939 et
3156 5880 3291 5940 bella
3321 5885 3583 5954 quiescen-
