4072 6324
949 444 1184 502 CAPUT
1221 445 1354 502 VIII.

680 561 757 616 De
790 571 980 634 quarto
1019 575 1200 634 genere
1236 560 1628 616 monachorum.

433 704 575 762 Sane
617 712 701 762 est
730 701 894 764 etiam
926 710 952 739 ι
983 699 1129 758 aliud
1167 709 1417 774 quartum
1458 715 1627 772 genus
1666 699 1810 771 quod
1852 716 1950 758 nu-

361 811 460 870 per
500 795 777 854 cernimus
818 794 1112 851 emersisse
1143 792 1194 850 in
1239 793 1324 850 his
1365 795 1456 864 qui
1498 793 1948 851 anachoretarum

361 890 463 950 sibi
512 891 697 959 specie
743 896 904 958 atque
951 889 1187 956 imagine
1233 887 1603 956 blandiuntur,
1647 890 1844 960 quique
1891 889 1945 947 in

361 983 676 1058 primordiis
726 983 838 1040 suis
891 981 1112 1040 fervore
1169 980 1406 1052 quodam
1461 980 1652 1048 brevi,
1711 983 1948 1039 cmnobii

363 1077 754 1150 perfectionem
797 1075 1044 1132 videmur
1087 1085 1381 1146 expetere.
1428 1073 1524 1130 sed
1563 1074 1822 1130 continuo
1865 1085 1946 1132 te-

365 1168 562 1242 pefacti
585 1210 601 1233 ,
633 1168 760 1226 dum
792 1168 1054 1242 pristinos
1085 1182 1266 1223 mores
1293 1181 1358 1223 ac
1381 1169 1508 1222 vitia
1538 1181 1789 1226 resecare
1817 1182 1945 1224 con-

361 1269 646 1328 temnunt,
681 1276 783 1318 nec
820 1263 1006 1331 jugum
1054 1261 1372 1318 humilitatis
1413 1275 1475 1315 ac
1518 1261 1790 1331 patientia
1826 1261 1946 1318 diu-

363 1357 469 1414 tius
523 1357 795 1414 sustinere
845 1354 1088 1412 contenti
1133 1363 1296 1422 sunt,
1346 1354 1613 1424 subdique
1667 1355 1944 1412 seniorum

361 1449 595 1520 imperio
622 1449 1002 1521 dedignantur,
1039 1457 1314 1518 separatas
1345 1455 1612 1518 expetunt
1648 1448 1852 1516 cellas,
1883 1463 1946 1506 ac

358 1545 588 1600 solitarii
620 1543 814 1602 sedere
841 1543 1189 1614 desiderant,
1226 1553 1285 1598 ut
1328 1545 1399 1600 ita
1429 1545 1638 1600 scilicet
1669 1559 1699 1600 a
1733 1545 1946 1600 nomine

359 1637 640 1705 lacessiti,
686 1639 989 1710 patientes,
1038 1638 1310 1694 mansueti
1352 1653 1415 1694 ac
1461 1637 1696 1698 humiles
1734 1638 1947 1711 possint

359 1733 432 1789 ab
484 1733 793 1792 bmniuibus
824 1734 1108 1790 mstimari.
1155 1734 1286 1802 Quae
1334 1734 1632 1805 institutio,
1670 1736 1834 1792 immo
1865 1745 1944 1792 te-

360 1839 485 1896 por,
535 1841 630 1885 eos
677 1841 812 1897 quos
859 1827 1030 1884 semel
1078 1827 1366 1893 iniecerit,
1422 1828 1490 1884 ad
1545 1829 1939 1901 perfectionem

984 331 1325 390 COLLATIO
1362 331 1547 390 ινιιι.
1575 361 1645 376 -—
1672 333 1761 390 DE
1795 333 1947 392 TRIE

2083 329 2483 390 GENERIBUS
2519 331 3027 394 κοΝΑοιιοιιυΜ.

1971 505 2025 570 Α

3495 333 3631 391 1110

2048 461 2338 518 numquam
2387 447 2658 518 permittit
2707 450 2990 507 accedere.
3036 448 3062 488 δ
3107 450 3220 540 ινα
3269 450 3413 506 enim
3469 451 3633 506 modo

2053 555 2158 594 non
2189 540 2363 596 solum
2395 555 2502 596 non
2535 540 2946 611 abscindentur,
2977 557 3165 598 verum
3197 541 3361 598 etiam
3394 543 3446 598 in
3475 544 3631 600 dete.

2048 631 2165 687 rius
2190 644 2377 688 eorum
2405 634 2533 690 vitia
2561 636 2981 706 convalescent,
3013 637 3141 691 dum
3165 649 3198 690 a
3245 633 3462 689 nemine
3503 646 3632 705 pro-

2048 727 2263 792 vocati,
2312 736 2375 783 ut
2413 729 2687 798 quoddam
2730 731 2934 786 Ietbale
2977 740 3030 785 et
3073 729 3395 785 intestinum
3443 727 3631 797 virus,

2046 828 2252 890 quanto
2295 822 2526 889 amplius
2573 824 2809 878 celatum
2860 823 3056 888 fuerit,
3107 829 3263 878 tanto
3312 820 3632 891 profundius

2048 927 2273 982 serpens
2322 913 2677 972 insanabilem
2731 919 2981 972 morbum
3033 925 3265 986 generat
3320 913 3631 981 aegrotanti.

2048 1003 2157 1060 Pro
2186 1008 2487 1060 reverentia
2528 1008 2675 1063 enim
2719 1008 3010 1078 singularis
3053 1009 3243 1074 cella,
3294 1006 3478 1061 nullus
3519 1006 3632 1076 iam

2047 1100 2175 1154 vitia
2205 1099 2431 1156 solitarii
2463 1101 2624 1156 audet
2653 1118 2880 1171 arguere
2903 1143 2920 1171 ,
2949 1117 3067 1172 qua
3098 1102 3192 1157 ille
3235 1099 3473 1171 ignorari
3517 1113 3632 1154 ma-

2048 1195 2150 1250 Iuit
2192 1211 2352 1265 quam
2394 1198 2594 1250 curari.
2641 1195 2809 1252 Porro
2848 1199 3074 1253 virtutes
3112 1210 3225 1252 non
3265 1193 3630 1251 occultatione

2046 1289 2324 1356 vitiorum,
2356 1288 2453 1344 sed
2483 1292 2882 1359 expugnatione
2902 1335 2917 1360 ,
2947 1291 3250 1361 pariuntur.

2660 1383 2888 1439 CAPUT
2925 1383 3018 1439 IX.

2155 1475 2505 1548 Interrogatio
2552 1478 2681 1547 quid
2723 1477 2930 1558 intersit
2973 1476 3109 1530 inter
3161 1471 3445 1528 ctenobium
3479 1479 3532 1526 et

2653 1561 3043 1604 monasterium.

2118 1639 2419 1697 Germanus
2449 1660 2461 1696 :
2500 1642 2672 1697 Estne
2701 1641 2881 1708 aliqua
2914 1641 3053 1693 inter
3095 1638 3404 1694 coenobium
3449 1649 3635 1692 mona-

2048 1737 2380 1805 steriutnque
2410 1735 2684 1803 distantia,
2717 1750 2784 1788 an
2819 1733 2871 1788 in
2903 1740 3134 1804 utroque
3161 1733 3384 1792 nomine
3413 1745 3503 1788 res
3533 1741 3636 1788 una

2048 1830 2335 1886 censetur?

1422 2034 1678 2090 ALAItDI
1722 2032 1958 2091 GAZEI
1994 2033 2557 2091 COMMENTARIUS.

362 2171 547 2237 plures
591 2168 643 2222 in
699 2167 876 2223 Ponto
929 2169 1203 2223 exstitisse
1246 2165 1608 2225 disertissime
1655 2177 1946 2226 testantur.
1979 2173 2026 2234 B

360 2241 518 2308 Quod
550 2247 606 2295 et
635 2240 846 2296 notarit
881 2241 1215 2296 Possevinus
1245 2239 1349 2308 (In
1378 2242 1682 2313 Appuratu)
1714 2245 1768 2297 in
1815 2243 1952 2298 Cas-

439 2395 463 2420 ι
493 2385 754 2451 Quartum
787 2381 890 2436 hoc
920 2399 1090 2450 genus
1119 2384 1507 2439 monachorum
1529 2425 1546 2450 ,
1573 2385 1716 2454 quod
1746 2385 1835 2441 hic
1861 2385 1952 2442 ab.

363 2456 845 2527 basﬂauonymuni
879 2454 996 2510 sive
1035 2456 1426 2510 innominatum
1466 2457 1716 2526 reliquit,
1756 2458 1815 2510 D.
1852 2457 1951 2513 Be-

363 2525 620 2600 nedictus
656 2525 887 2593 ‘prOprio
929 2527 1213 2600 vocabulo,
1240 2543 1568 2600 gyrovagum
1615 2525 1950 2600 nominavit,

363 2597 511 2673 quod
538 2607 593 2652 et
623 2599 739 2652 suis
775 2598 1052 2652 coloribus
1082 2598 1159 2652 ita
1183 2597 1430 2673 depinxit
1452 2597 1482 2671 ί(
1508 2600 1638 2671 Cap.
1672 2604 1693 2654 1
1727 2599 1856 2673 Reg.
1884 2598 1906 2670 )
1935 2618 1948 2654 :

369 2670 630 2738 Quartum
659 2685 775 2725 vero
803 2678 874 2723 est
901 2686 1063 2739 genus
1091 2670 1495 2735 monachorum,
1538 2670 1677 2741 quod
1719 2670 1954 2725 nomina-

367 2750 454 2813 tur
482 2756 826 2813 gyrovagum,
857 2742 944 2807 qui
969 2752 1074 2793 tota
1102 2741 1205 2813 rita
1230 2759 1327 2795 sua
1367 2760 1459 2811 per
1488 2745 1713 2798 diuersas
1745 2744 1952 2810 provin-

365 2811 659 2865 cias'tcrnis
690 2822 778 2864 aut
803 2815 1062 2875 quaternis
1088 2812 1263 2867 diebus
1295 2831 1383 2881 per
1425 2815 1742 2867 diversorum
1786 2817 1952 2868 cellas

367 2883 700 2950 hospitantur
725 2899 744 2948 ;
771 2897 971 2952 semper
994 2885 1134 2955 vagi,
1179 2895 1228 2936 et
1267 2899 1548 2949 numquam
1581 2886 1822 2950 stabiles;
1859 2885 1949 2941 sed

363 2969 569 3027 seniper
594 2965 640 3008 et
669 2955 849 3024 ubique
877 2958 1100 3024 propriis
1130 2957 1473 3026 voluptatibus
1512 2966 1563 3010 et
1598 2958 1736 3027 gulae
1778 2958 1950 3010 illece-

366 3025 475 3079 bris
502 3028 802 3082 servientes.
834 3034 882 3079 et
916 3042 1003 3092 per
1030 3028 1204 3078 omnia
1245 3027 1520 3080 deteriores
1555 3025 1855 3093 sarabaitis,
1890 3030 1953 3082 de

366 3111 587 3164 quorum
637 3097 863 3149 omnium
907 3097 1191 3150 miserrima
1232 3101 1609 3151 conversatione
1655 3101 1830 3151 melius
1878 3108 1952 3152 est

366 3167 522 3220 silere
540 3184 693 3236 quant
729 3168 884 3230 loqui.
915 3165 1073 3221 Tales
1095 3181 1256 3221 etiam
1299 3170 1625 3230 monachos,
1660 3173 1740 3222 vel
1775 3171 1952 3237 potius

369 3240 909 3310 pseudomonachos,
947 3238 1006 3292 D.
1041 3239 1377 3306 Augustinus
1405 3242 1704 3310 depingere
1737 3242 1952 3294 videtur

369 3310 455 3362 his
479 3311 658 3382 verbis
677 3307 778 3378 (De
793 3325 944 3372 apere
960 3312 1194 3362 monach.
1213 3327 1264 3363 c.
1283 3311 1406 3377 ‘28):
1437 3309 1558 3363 Tam
1582 3307 1768 3364 multos
1789 3314 1947 3382 hypo-

367 3382 527 3433 critas
554 3380 645 3433 sub
682 3381 857 3451 habitu
895 3383 1268 3434 monachorum
1308 3399 1671 3451 usquequaque
1707 3380 1952 3448 dispersit

367 3451 531 3505 hostis
562 3451 752 3503 scilicet
791 3450 1005 3504 humani
1049 3452 1281 3523 generis,
1329 3454 1699 3505 circumeuntes
1741 3455 1951 3517 provin-

363 3524 473 3576 cias
495 3563 509 3585 ,
542 3539 799 3593 nusquam
831 3525 1034 3616 missos,
1064 3539 1314 3616 nutquam
1345 3524 1496 3616 fiat»,
1523 3540 1776 3590 nusquam
1808 3534 1950 3606 stant
1978 3560 2022 3616 (η

365 3603 478 3658 tes,
522 3610 775 3664 nusquam
820 3598 1070 3646 sedentes.
1118 3594 1221 3646 Alii
1272 3594 1496 3648 membra
1535 3605 1852 3664 martyrum,
1903 3594 2023 3648 si“

363 3673 538 3717 tamen
593 3675 914 3736 martyrum,
956 3665 1262 3728 venditant;
1302 3667 1394 3716 alii
1445 3665 1674 3734 fimbrias
1721 3675 1767 3717 et
1818 3666 1950 3736 phy-

363 3736 582 3789 lacterio
611 3752 708 3788 sua
732 3735 1071 3806 magniﬁcam
1095 3752 1110 3797 ;
1139 3736 1230 3788 alii
1265 3749 1496 3802 parentes
1525 3735 1603 3789 vel
1628 3735 1948 3805 consangui-

361 3823 489 3861 ncos
520 3823 638 3860 suos
681 3809 735 3860 in
782 3807 880 3860 illa
923 3807 999 3860 vel
1041 3808 1135 3860 illa
1175 3809 1382 3878 regione
1423 3807 1544 3879 {AL
1575 3808 1866 3878 religione]
1895 3823 1949 3861 se

356 3879 573 3933 au'lisse
602 3879 764 3932 vivere
788 3888 833 3930 et
865 3881 936 3931 ad
961 3893 1044 3931 eos
1073 3893 1280 3947 pergere
1309 3885 1642 3945 mentiuntur,
1668 3890 1714 3932 ei
1745 3882 1809 3933 ab
1838 3895 1948 3934 om-

360 3949 512 4003 nibus
539 3960 738 4019 petunt,
764 3964 940 4002 omnes
964 3948 1170 4020 exigunt
1197 3958 1287 4002 aut
1315 3960 1544 4018 sumptus
1568 3952 1782 4003 lucrosa
1802 3967 1947 4019 eges-

361 4022 508 4080 tatis,
542 4032 628 4072 aut
670 4021 926 4073 simulata:
963 4021 1185 4090 pretium
1227 4021 1555 4073 sanctitatis:
1598 4035 1711 4073 cum
1750 4021 1947 4075 interea

358 4093 667 4158 ubicumque
692 4093 742 4144 in
774 4091 926 4160 factis
956 4089 1062 4144 suis
1090 4089 1242 4144 malis
1269 4091 1573 4163 deprehensi
1603 4094 1794 4162 fuerint
1819 4132 1833 4156 ,
1867 4097 1946 4146 vel

358 4179 563 4232 quoquo
595 4163 747 4215 modo
787 4164 1134 4224 mnotuerint,
1170 4164 1265 4217 sub
1312 4165 1543 4232 generali
1582 4165 1788 4218 nomine
1837 4181 1944 4220 mo-

359 4233 650 4286 nachorum
681 4244 901 4286 vestrum
930 4235 1264 4304 propositum
1286 4234 1687 4304 blasphematur,
1724 4247 1824 4287 tom
1855 4234 1944 4288 bo-

357 4320 485 4357 num
505 4349 518 4368 ,
544 4314 650 4357 tam
678 4302 949 4368 sanctum,
974 4307 1116 4374 quod
1143 4306 1197 4356 in
1227 4302 1422 4358 Christi
1451 4307 1657 4358 nomine
1681 4307 1944 4373 cupimus,

355 4376 496 4429 sicut
524 4391 614 4445 per
639 4376 773 4428 alios
801 4385 985 4432 terras.
1017 4376 1090 4428 sic
1118 4392 1205 4442 per
1233 4385 1387 4427 totam
1410 4376 1637 4443 Africam
1660 4378 1941 4444 pullulare.

357 4445 532 4500 Porro
575 4446 880 4514 Itttjumtodi
923 4447 1217 4500 ssnonaohos
1253 4461 1557 4516 gyrowgos
1580 4460 1635 4500 et
1670 4449 1944 4516 vagatum.

356 4516 460 4570 dos
490 4517 597 4569 alio
626 4518 843 4570 nomine
869 4517 1361 4579 circuiucellioiies,
1391 4519 1474 4572 vel
1497 4519 1940 4584 circumi-ollius,

354 4598 698 4654 nuncupatos
727 4588 927 4641 indicat
955 4588 1097 4642 idem
1130 4589 1458 4658 Augustinus
1498 4588 1549 4640 in
1593 4590 1941 4648 expositione

355 4661 550 4728 psalmi
579 4673 788 4724 cxxxtt,
823 4660 910 4713 ubi
945 4675 1039 4714 eos
1068 4661 1391 4728 suggillatis,
1420 4669 1473 4714 et
1498 4674 1617 4712 cum
1653 4664 1795 4713 veris
1823 4675 1940 4714 mo-

354 4731 553 4784 nachis
580 4744 940 4797 comparans:
973 4731 1113 4797 Quid
1143 4747 1270 4799 opus
1299 4740 1370 4785 est
1393 4777 1405 4796 ,
1442 4732 1645 4795 inquit.
1687 4741 1743 4784 ut
1779 4731 1940 4786 verbis

351 4803 550 4854 nostris
573 4811 936 4872 comparentur
947 4803 1134 4855 ebriosi
1155 4817 1270 4854 cum
1294 4803 1496 4864 sobriis,
1512 4802 1799 4872 prcrcipitcs
1821 4819 1940 4857 cum

349 4873 726 4934 consideratis,
759 4877 982 4942 furentes
1023 4890 1139 4926 cum
1169 4874 1485 4943 simplicibus
1505 4917 1520 4940 ,
1551 4885 1792 4943 uagantes
1823 4891 1938 4927 cum

2053 2187 2444 2298 gyros-rigorem
2485 2174 2617 2229 satis
2649 2173 2923 2240 exprimit.
2970 2173 3080 2228 Cur
3105 2181 3284 2226 autem
3325 2169 3579 2246 gyrovagi
3610 2183 3644 2229 a

2108 2283 2120 2295 .
2154 2245 2444 2298 Benedicto
2472 2247 2720 2298 dicantur
2739 2245 3044 2298 deteriores
3073 2245 3379 2298 sarabaitis.
3413 2254 3520 2298 tres
3552 2257 3644 2296 ra-

2108 2283 2120 2295 .
2154 2245 2444 2301 Benedicto
2472 2247 2720 2300 dicantur
2739 2245 3044 2301 deteriores
3073 2245 3379 2307 sarabaitis,
3413 2245 3644 2298 tres'ra-

2058 2316 2232 2371 tiones
2273 2317 2451 2372 reddit
2487 2319 2935 2372 Turrerremattts
2979 2335 2992 2369 :
3048 2316 3248 2378 Primo,
3291 2315 3482 2383 inquit,
3521 2312 3642 2380 quia

2053 2389 2328 2444 aarabaitte
2365 2390 2528 2444 cellas
2561 2390 2841 2458 adiﬁcant,
2874 2398 2921 2442 et
2962 2397 3168 2441 manent
3208 2387 3418 2455 ﬁrmiter
3450 2389 3503 2440 in
3533 2385 3642 2450 eis;

2054 2462 2299 2531 gyraraqi
2328 2478 2447 2514 vero
2478 2478 2579 2515 non
2608 2461 2702 2527 sic,
2731 2462 2823 2532 sed
2850 2472 3111 2532 tamquam
3138 2458 3381 2532 hospites,
3416 2459 3644 2532 dirersas

2055 2527 2343 2601 provincias
2373 2541 2703 2603 percurrunt.
2749 2527 3007 2593 Secundo,
3055 2532 3176 2601 quia
3219 2529 3334 2582 licet
3370 2527 3646 2581 sarabaittz

2053 2604 2156 2656 sint
2187 2605 2328 2662 mali.
2366 2602 2697 2658 nihilominus
2728 2604 2793 2655 de
2825 2602 2994 2656 labore
3021 2604 3230 2674 praprio
3259 2604 3460 2665 uiuunt;
3489 2612 3645 2670 gyro-

2055 2676 2171 2743 vagi
2201 2677 2265 2729 de
2296 2674 2556 2728 laboribus
2581 2676 2802 2738 alienis;
2827 2677 2980 2728 immo
2998 2676 3132 2743 quod
3158 2675 3319 2726 multo
3344 2683 3571 2743 tempore
3594 2677 3645 2743 et

2055 2692 2114 2726 va
2153 2693 2171 2728 s
2201 2692 2265 2729 ae
2296 2692 2556 2728 taoortous
2581 2692 2802 2738 attenta;
2827 2692 2980 2728 immo
2998 2692 3130 2743 quoa
3158 2692 3319 2726 ηιωιο
3344 2692 3566 2738 tempore
3594 2692 3644 2723 η

2055 2692 2229 2800 lugere
2255 2749 2524 2815 qua’situm
2567 2754 2656 2799 aut
2691 2759 3050 2816 congregatum
3091 2754 3188 2808 est,
3227 2745 3363 2816 brevi
3395 2745 3521 2796 hora
3557 2739 3644 2793 isti

2055 2813 2385 2870 consumunt.
2423 2815 2613 2880 Tertio,
2646 2820 2765 2886 quia
2788 2813 2892 2870 visti
2931 2833 3020 2885 per
3047 2817 3244 2868 diversa
3285 2813 3401 2868 loca
3442 2816 3644 2864 discur-

2054 2899 2242 2951 rentes,
2287 2889 2535 2956 plurimos
2576 2888 2729 2941 malle
2765 2888 2883 2941 vita:
2927 2890 3159 2953 exemplo
3200 2888 3499 2956 perduntret
3529 2895 3643 2935 ror-

2053 2955 2322 3027 rumpunt.
2373 2959 2542 3012 Porro
2585 2959 2666 3012 bis
2704 2959 2956 3011 omnibus
2999 2959 3270 3023 antiquior
3305 2957 3366 3009 Ι).
3411 2955 3642 3011 Basilius

2051 3034 2271 3084 eosdem
2303 3045 2611 3098 gyrovagos
2641 3031 2954 3100 designasse
2996 3044 3059 3082 ac
3098 3030 3261 3082 veluti
3293 3028 3457 3095 digito
3489 3040 3643 3100 mon-

2054 3112 2255 3155 strasse
2287 3095 2580 3154 videtur'in
2621 3095 3108 3154 Constitutinnilms
3143 3101 3449 3152 Monasticis
3483 3095 3642 3167 (Cap.

2051 3171 2131 3238 9).
2174 3173 2262 3226 ubi
2310 3172 2382 3226 ait
2417 3189 2428 3224 :
2463 3169 2557 3226 Illi
2596 3173 2751 3226 eiiam
2792 3172 3053 3225 detitondi
3097 3181 3212 3224 sunt
3253 3173 3339 3239 qui
3378 3169 3645 3239 instabiles

2051 3237 2333 3296 identidem
2364 3246 2534 3296 locum
2563 3245 2856 3306 demutant,
2883 3252 2930 3295 et
2961 3244 3113 3295 modo
3135 3245 3202 3293 ad
3242 3237 3354 3306 hos,
3390 3243 3541 3292 modo
3571 3237 3642 3292 ad

2053 3315 2170 3366 illos
2199 3316 2388 3385 fratres
2427 3332 2480 3369 se
2520 3317 2810 3380 conferunt,
2843 3326 2890 3366 et
2920 3315 3193 3380 irrequieta
3228 3314 3330 3366 acti
3369 3314 3562 3376 impetat
3589 3326 3646 3366 se

2053 3385 2106 3437 in
2147 3386 2626 3439 circumlustrandis
2669 3386 2876 3437 assidue
2916 3386 3238 3436 monasteriis
3279 3394 3550 3452 occupant,
3593 3387 3646 3436 et

2055 3470 2143 3521 per
2172 3456 2551 3508 simulationem
2588 3455 2872 3523 spiritualis
2900 3456 3165 3508 charitatis
3193 3453 3443 3507 charitate
3472 3454 3644 3506 carnis

2053 3527 2353 3578 libidinibus
2375 3532 2721 3594 obsequuntur
2747 3541 2765 3577 :
2786 3541 3003 3594 quorum
3034 3529 3084 3576 in
3112 3526 3296 3576 animis
3329 3523 3460 3576 nihil
3479 3524 3644 3590 firmi-

2053 3599 2196 3661 tatis,
2226 3596 2354 3649 nihil
2384 3595 2560 3654 solidi.
2601 3595 2733 3647 nihil
2773 3601 2910 3665 quod
2941 3595 3230 3661 disciplina:
3266 3596 3526 3647 conveniat
3557 3610 3643 3647 or-

2053 3669 2212 3731 dinis,
2236 3670 2365 3720 nihil
2387 3668 2603 3735 denique
2625 3667 2909 3734 prudmticv
2937 3676 3064 3718 inest
3090 3675 3174 3717 aut
3195 3668 3493 3734 gravitatis;
3517 3681 3642 3718 con-

2051 3748 2232 3808 traque
2273 3754 2472 3791 summa
2513 3737 2806 3800 crrioititas,
2856 3752 3054 3789 morum
3084 3745 3404 3806 perversitas.
3441 3735 3639 3802 levitas,

2049 3811 2509 3868 inconsideratius.
2540 3811 2712 3867 dotus,
2745 3809 3046 3878 hypocrisis.
3081 3808 3342 3860 mendacis
3374 3818 3420 3858 et
3442 3817 3642 3860 vetera-

2051 3883 2193 3935 torite
2217 3881 2460 3934 orationis
2488 3879 2780 3947 plenissima
2802 3881 3099 3942 assentatio,
3133 3879 3188 3931 iis
3213 3879 3292 3932 his
3319 3880 3637 3934 redundant.

2055 3950 2126 4004 Hi
2156 3955 2285 4006 enim
2314 3963 2359 4005 et
2389 3952 2566 4022 lingua
2596 3951 2771 4015 rudes,
2802 3961 2846 4003 et
2879 3962 3049 4003 ventre
3078 3953 3479 4022 intemperantes
3495 3957 3638 4015 sunt,

2049 4035 2180 4086 eto.,
2217 4025 2306 4076 ulti
2351 4019 2539 4078 eorum
2589 4037 2766 4076 mores
2811 4022 2968 4074 latius
3011 4019 3288 4075 describit.
3339 4019 3416 4075 De
3448 4020 3640 4077 iisdem

2051 4095 2240 4148 Petrus
2268 4095 2417 4148 card.
2461 4092 2724 4148 Ostiensis
2769 4094 2929 4162 epist.
2975 4092 3029 4153 9,
3073 4094 3164 4145 lib.
3206 4108 3260 4157 v,
3295 4091 3377 4146 bis
3405 4093 3587 4146 verbis
3621 4108 3637 4146 :

2049 4164 2115 4219 In
2143 4166 2443 4219 monachico
2469 4180 2592 4218 sane
2613 4165 2812 4222 ordine.
2836 4182 2962 4234 quos
2983 4165 3036 4216 in
3063 4165 3302 4217 claustris
3322 4163 3414 4216 sub
3439 4163 3640 4218 abbatis

2047 4238 2263 4307 imperio
2294 4238 2602 4306 regulariter
2633 4253 2838 4290 munere
2875 4237 3242 4300 conspicimus,
3274 4245 3640 4295 consequenter

2045 4313 2222 4374 utique
2259 4309 2531 4361 monachos
2569 4309 2892 4375 appellamus
2941 4322 2959 4358 :
3005 4323 3130 4373 quos
3170 4317 3339 4358 autem
3373 4307 3638 4371 praprium

2046 4381 2325 4450 possidere,
2358 4377 2710 4444 indifferenter
2732 4377 3076 4450 hucillucque
3100 4378 3409 4450 discurrere,
3429 4377 3638 4450 solutos

2045 4446 2262 4521 legibus,
2305 4453 2457 4522 justo
2497 4450 2721 4522 proprite
2765 4446 3043 4500 uoluntatis
3087 4447 3358 4500 arbitrium
3404 4446 3636 4522 difﬂuere

2049 4520 2326 4581 cernimus,
2371 4537 2474 4572 non
2500 4520 2889 4585 monachorum,
2931 4522 3020 4571 sed
3053 4533 3426 4589 gyroeagorum
3462 4520 3636 4586 potius

2045 4593 2230 4659 dignos
2256 4591 2500 4644 uocabulo
2525 4591 2832 4644 indicamus.

2114 4662 2140 4701 δ
2182 4662 2426 4714 Pluribus
2455 4661 2504 4715 id
2540 4662 2764 4714 inculcat
2799 4660 3088 4714 Cassianus
3124 4660 3217 4714 lib.
3253 4674 3348 4712 vm
3381 4658 3624 4712 Instituit.

2042 4747 2163 4801 cap.
2198 4734 2260 4787 t7
2286 4733 2444 4802 (Vide
2473 4731 2653 4784 collat.
2686 4731 2752 4786 19
2775 4749 2819 4784 c.
2843 4732 2932 4790 10,
2957 4743 3004 4784 et
3032 4730 3214 4784 collat.
3241 4731 3274 4783 5
3293 4746 3340 4782 c.
3364 4728 3445 4798 ι).
3475 4729 3632 4794 Quc-

2043 4821 2292 4873 cumque,
2344 4805 2543 4866 inquit,
2591 4804 2714 4855 vitia
2756 4805 2988 4855 incurata
3026 4805 3078 4854 in
3113 4817 3336 4854 eremutn
3380 4802 3632 4873 detuleri-

2043 4871 2183 4930 mus.
2208 4882 2386 4944 aperta
2415 4876 2468 4926 in
2495 4873 2664 4938 nobis,
2698 4890 2797 4926 non
2823 4875 3016 4925 abolito
3038 4873 3339 4944 sentiemus.
3374 4871 3621 4944 Solitudo

349 4943 714 5014 congregatis?
737 4941 843 4997 Sed
867 4953 1037 5028 tamen
1059 4945 1228 5028 dicere
1247 4941 1664 5028 consueuerunt}.
1683 4946 1821 5010 Quid
1841 4947 1939 4999 sibi
1967 4948 2020 5009 D
2044 4941 2259 5028 namque
2281 4946 2409 4997 sicut
2434 4948 2569 4997 nouit
2594 4945 2874 5025 emendatis
2894 4943 3122 5024 moribus
3144 4941 3628 5028 contemplationem

347 5021 457 5068 uult
481 5030 664 5068 nomen
694 5016 1101 5068 monachorum?
1125 5018 1330 5081 Quanto
1355 5017 1533 5068 melius
1562 5016 1778 5069 dicimus
1807 5033 1899 5071 nos
1915 5033 1934 5072 .°

353 5086 494 5152 Quid
515 5084 614 5138 sibi
641 5084 746 5138 uult
770 5101 952 5138 nomen
976 5087 1369 5140 circellionum?
1391 5085 1497 5140 Sed
1522 5101 1640 5138 non.
1669 5087 1932 5153 inquiunt,

346 5166 600 5208 uocantur
627 5154 966 5209 circelliones.
997 5154 1157 5210 Forte
1185 5166 1427 5225 corrupto
1451 5172 1580 5210 sono
1602 5159 1824 5210 nominis
1848 5175 1935 5212 eos

346 5227 712 5298 appellamus;
735 5227 928 5280 dicturi
953 5245 1129 5281 sumus
1151 5228 1289 5281 vobis
1309 5227 1563 5298 integrum
1588 5243 1770 5280 nomen
1793 5230 1935 5293 ipso-

346 5313 484 5350 rum.
511 5295 668 5350 Forte
695 5298 1131 5352 circumceltiones
1156 5295 1434 5360 vocantur,
1457 5314 1560 5351 non
1590 5298 1928 5354 circelliones.

346 5366 522 5422 Plane
548 5371 590 5421 si
619 5369 713 5422 hoc
740 5370 894 5421 modo
918 5379 1182 5433 vocantur,
1211 5376 1466 5431 exponant
1493 5371 1616 5435 quid
1642 5373 1778 5434 sint;
1807 5387 1930 5425 nam

343 5439 784 5494 circumcellioncs
813 5439 937 5491 dicti
964 5449 1104 5505 sunt,
1135 5443 1223 5510 qui
1251 5443 1442 5493 circum
1465 5438 1622 5492 cellas
1651 5451 1925 5507 vagantur.

347 5510 533 5566 Solent
577 5515 716 5564 enin.
755 5510 833 5564 ire
867 5511 962 5563 hac
1001 5523 1155 5577 atque
1191 5513 1346 5573 illac,
1392 5527 1642 5578 nusquam
1691 5510 1932 5566 habentes

338 5583 510 5650 sedes,
547 5591 596 5636 et
631 5581 799 5650 facere
825 5597 939 5650 qua
967 5583 1146 5645 nostis,
1187 5593 1233 5636 et
1261 5597 1376 5651 qua:
1406 5581 1483 5635 illi
1509 5591 1717 5647 norunt,
1751 5583 1930 5650 velint,

342 5655 534 5709 nolint.
581 5653 709 5708 Haec
735 5653 1087 5720 Augustinus.
1127 5654 1207 5708 Ex
1247 5654 1444 5718 quibus
1475 5662 1620 5722 patet
1649 5667 1753 5704 non
1785 5663 1935 5709 recte

342 5727 414 5778 ab
468 5724 676 5779 Isidoro
726 5723 978 5790 distingui
1029 5725 1495 5779 circumcelliones
1539 5739 1570 5777 a
1615 5724 1930 5791 gyrovagis;

341 5812 466 5851 Cum
516 5796 638 5850 ideo
683 5795 1152 5850 cireumcelliones
1197 5798 1322 5851 dicti
1371 5796 1502 5861 sint,
1557 5799 1681 5862 quia
1725 5797 1931 5849 circum

343 5867 518 5925 cellas
540 5876 888 5940 vagarentur,
922 5877 980 5924 ut
1007 5867 1084 5924 ait
1107 5867 1457 5941 Augustinus,
1482 5866 1624 5940 quod
1654 5875 1709 5922 et
1735 5880 1934 5924 nomen

2042 5018 2377 5086 purissimam
2408 5031 2677 5078 reserare;
2721 5016 2791 5067 ita
2835 5031 3010 5068 eorum
3039 5016 3122 5082 qui
3151 5014 3324 5066 minus
3372 5013 3629 5067 emendati

2041 5097 2160 5141 sunt
2194 5087 2317 5139 vitia
2356 5102 2455 5138 non
2495 5087 2662 5139 solum
2693 5102 2910 5149 servare,
2940 5100 3114 5137 verum
3139 5087 3289 5138 etiam
3315 5099 3629 5153 esaggerore

2040 5158 2323 5212 consuevit.
2358 5157 2680 5224 Tamdiuqse
2709 5157 2804 5209 sibi
2845 5159 3038 5220 patiens
3065 5157 3182 5226 quis
3217 5153 3418 5207 videtur
3446 5161 3494 5207 et
3522 5154 3626 5207 huc

2042 5229 2196 5288 milis.
2241 5229 2404 5283 donec
2437 5229 2635 5280 nullius
2663 5228 2885 5279 hominis
2926 5229 3314 5281 comniisceatur
3338 5228 3622 5291 consortio,

2039 5300 2111 5352 ad
2152 5310 2388 5352 naturam
2421 5299 2696 5364 pristinam
2734 5315 2854 5351 mox
2879 5313 3200 5365 reuersurus,
3232 5312 3347 5349 cum
3377 5297 3626 5362 interpel-

2037 5370 2218 5424 laverit
2231 5371 2508 5441 cujuslibet
2519 5369 2872 5421 commotionis
2887 5371 3104 5441 occasio.
3130 5369 3411 5437 Emergunt

2036 5457 2099 5496 es:
2118 5458 2178 5495 eo
2205 5438 2473 5507 confestim
2493 5441 2614 5493 vitia
2635 5454 2750 5505 qua
2775 5440 3035 5501 latebant;
3061 5450 3128 5498 et.
3157 5442 3288 5492 velut
3316 5440 3432 5506 equi
3461 5438 3625 5504 infre-

2037 5530 2156 5572 nes.
2207 5515 2434 5566 certatim
2476 5528 2504 5564 c
2550 5513 2658 5563 suis
2705 5511 2964 5580 repagulis
3017 5511 3122 5563 otio
3168 5509 3396 5581 longiore
3437 5508 3623 5561 nutriti

2031 5587 2208 5639 acrius
2234 5585 2305 5636 ad
2346 5583 2618 5653 perniciem
2660 5585 2858 5649 auriga:
2895 5583 3094 5650 proprii
3135 5582 3452 5650 ferociusque
3491 5595 3620 5647 pro-

2033 5665 2306 5718 rumpunt.
2353 5653 2522 5724 Magis
2563 5654 2700 5706 enim
2739 5655 2982 5706 exercitio
3019 5669 3215 5723 usuque
3256 5655 3482 5704 humo
3507 5666 3620 5705 ces-

2037 5736 2183 5778 sante
2208 5725 2490 5791 efferantur
2515 5726 2567 5777 in
2595 5726 2741 5779 nobis
2762 5726 2908 5787 sitia,
2935 5725 2981 5777 si
3007 5739 3107 5776 non
3134 5724 3325 5793 fuerint
3349 5731 3617 5794 antepar-

2077 5806 2182 5851 ata.
2220 5796 2352 5849 Vide
2377 5795 2458 5849 Isis
2487 5795 2686 5848 similia
2715 5807 2768 5849 et
2798 5792 3160 5849 mseritasien
3191 5796 3329 5862 apud
3367 5796 3427 5846 li.
3455 5792 3614 5849 Bisi-

2062 5867 2173 5924 ium
2201 5865 2394 5939 (Bassi.
2428 5867 2484 5921 in
2515 5865 2699 5937 Regni.
2727 5869 2898 5940 fusius
2921 5867 3062 5938 disp.
3083 5867 3334 5939 interrog.
3365 5864 3445 5938 7).
