4072 6324
449 315 587 375 NH

887 469 936 522 ς
1083 430 1311 488 CAPUT
1349 428 1417 486 Χ.

1087 524 1396 599 Responsio.

521 618 806 676 Piammon
837 636 851 674 :
882 619 1034 675 Licet
1064 633 1093 673 a
1124 618 1404 674 nonnullis
1429 619 1640 675 soleant
1667 619 2041 676 indifferenter

447 714 783 770 monasteria
831 728 932 784 pro
979 711 1246 770 etenobits
1284 713 1568 783 appellari,
1602 723 1780 769 tamen
1820 716 1919 768 hoc
1959 714 2041 768 in-

446 815 651 873 terest,
706 807 851 876 quod
908 809 1300 863 monasterium
1354 823 1551 865 nomen
1599 820 1681 864 est
1729 808 2039 873 diversorii,

446 902 584 957 nihil
634 902 864 972 amplius
915 917 1075 972 quam
1124 903 1335 967 locum,
1386 902 1436 956 id
1483 911 1596 966 est,
1652 901 2038 967 habitaculum,

447 992 760 1062 significans
787 997 1176 1048 monachorum
1201 1009 1216 1059 ;
1246 995 1554 1048 coenobium
1582 1009 1714 1047 γυνη
1735 993 1897 1048 etiam
1921 1007 2043 1062 pro-

446 1084 706 1140 fessionis
735 1086 905 1154 ipsius
934 1087 1252 1154 qualitatem
1292 1086 1742 1156 disciplinamque
1771 1085 2038 1156 designat.

445 1180 519 1236 Et
545 1192 569 1218 η
604 1182 997 1236 monasterium
1033 1191 1211 1251 potest
1255 1181 1418 1236 etiam
1466 1180 1625 1234 unius
1666 1180 1912 1236 monachi
1947 1179 2044 1233 ha-

445 1273 640 1331 bitatio
691 1277 998 1342 nominari;
1033 1275 1344 1332 emnobium
1397 1285 1578 1329 autem
1623 1274 1882 1344 appellari
1933 1289 2040 1328 non

447 1379 649 1438 potest,
701 1369 802 1422 nisi
857 1368 947 1423 ubi
1005 1369 1362 1435 plurimorum
1413 1368 1842 1424 cohabitantium
1897 1367 2043 1438 degit

448 1459 596 1513 unita
639 1464 970 1516 communio.
1008 1463 1278 1518 Dicuntur
1317 1479 1448 1517 sane
1489 1463 1839 1529 monasteria,
1878 1462 2040 1516 etiam

450 1552 505 1608 in
537 1555 732 1624 quibus
763 1555 1157 1611 sarabaitarum
1186 1556 1414 1627 collegia
1445 1565 1869 1610 commorantur.

1059 1667 1289 1725 CaPUT
1331 1668 1423 1725 XI.

449 1756 533 1813 De
584 1775 703 1835 vera
756 1760 1054 1835 humilitate
1111 1773 1169 1835 et
1218 1763 1474 1835 quomodo
1529 1762 1716 1835 falsam
1769 1761 2042 1835 cujusdam

657 1833 1008 1886 humilitatem
1039 1834 1328 1902 prodiderit
1358 1833 1514 1886 abbas
1545 1834 1830 1904 Serapion.

519 1919 882 1988 Quamobrem
909 1923 1164 1994 quoniam
1193 1923 1259 1978 de
1288 1925 1494 1992 Optimo
1519 1939 1722 1995 genere
1746 1926 2039 1980 monacho-

448 2028 571 2068 rum
614 2013 778 2069 video
804 2031 901 2070 vos
931 2015 1286 2084 professionis
1317 2016 1479 2086 hujus
1506 2018 1798 2087 arripuisse
1839 2020 2038 2090 princio

447 2106 561 2177 pia,
594 2107 645 2160 id
676 2119 781 2174 est,
829 2108 897 2163 de
940 2107 1202 2164 laudabili
1250 2111 1623 2166 emnobiorum
1672 2112 1922 2182 paimstra
1971 2112 2039 2166 ad

448 2203 666 2257 excelsa
724 2201 934 2274 fastigia
987 2204 1386 2259 anachoretica:
1443 2207 1664 2261 tendere
1714 2205 2036 2277 disciplinae,

455 2292 780 2348 humilitatis
828 2295 1212 2364 patientiaeque
1259 2297 1536 2362 virtutem,
1584 2313 1742 2366 quam
1793 2314 1890 2352 vos
1936 2300 2044 2353 illic

450 2384 712 2440 didicisse
745 2401 848 2441 non
879 2387 1088 2454 dubito,
1123 2401 1257 2442 vero
1303 2388 1580 2442 sectamini
1613 2389 1797 2443 cordis
1826 2390 2041 2455 allecto,

452 2491 562 2530 non
593 2492 713 2532 eam
742 2479 881 2532 sicut
914 2477 1128 2546 quidam
1163 2481 1292 2533 falsa
1324 2479 1702 2536 humiliatione
1734 2483 2044 2547 verborum,

451 2581 558 2623 nec
601 2568 846 2624 all‘ectata
886 2578 1052 2639 atque
1081 2573 1358 2642 superﬂua
1391 2572 1444 2626 in
1478 2574 1802 2640 quihusdam
1847 2574 2047 2630 oliiciis

346 2731 354 2744 κ
452 2663 700 2730 corporis
753 2662 1136 2730 inclinatione,
1189 2665 1472 2734 tingentes.
1526 2665 1678 2734 Quod
1732 2665 2049 2722 humilitatis

453 2753 1017 2823 ligmentumbabbas
1063 2756 1327 2826 Serapion
1375 2757 1606 2826 quodam
1658 2766 1906 2828 tempore
1941 2759 2054 2814 ele-

452 2855 646 2915 ganter
677 2845 868 2902 irrisit.
901 2848 1032 2902 Curti
1065 2849 1210 2902 enim
1249 2849 1467 2918 quidam
1509 2850 1576 2904 ad
1615 2866 1738 2905 eum
1783 2866 2047 2906 summam

453 2937 538 2991 sui
561 2937 922 3007 abjectionem
947 2939 1135 2993 habitu
1163 2955 1228 2995 ac
1253 2940 1435 2994 verbis
1461 2943 1755 3010 praeferens
1785 2944 2045 3012 venisset,

457 3042 698 3098 eumque
718 3045 910 3096 senex,
941 3031 1236 3085 secundum
1270 3047 1499 3098 morem,
1532 3042 1588 3087 ut
1613 3035 1914 3088 oratiOnem
1940 3037 2049 3091 col-

452 3113 651 3189 ligeret
679 3119 788 3193 [AL
823 3121 1063 3194 oﬂ‘erret]
1097 3123 1428 3191 hortaretur,
1459 3125 1551 3180 ille
1585 3141 1922 3196 nequaquam
1953 3143 2050 3182 an-

1485 315 1770 376 JOANNIS
1807 313 2120 374 CASSIANI
2157 314 2658 374 COLLATIONES.

2061 435 2307 503 Aopere
2351 447 2512 503 quam
2559 430 2735 488 aliena
2775 431 2963 488 mallet
3009 429 3381 488 muniﬁcentia
3410 434 3724 489 sustentari.

3591 316 3728 372 ili!

2142 525 2200 580 In
2231 523 2374 596 quod
2424 540 2492 590 ne
2530 523 2725 580 Paulus
2772 523 3057 595 apostolus
3104 523 3393 591 incideret,
3433 534 3489 581 et
3515 524 3732 594 quidem

2142 634 2262 676 cum
2295 619 2346 672 ei
2374 619 2428 672 in
2471 617 2768 690 Evangelia
2799 617 3066 673 laboranti
3101 619 3217 673 haec
3246 617 3499 688 praebitio
3537 619 3734 674 merito

2143 711 2458 775 deberetur,
2479 712 2672 766 diebus
2699 721 2876 765 tamen
2907 726 2970 766 ac
3000 710 3251 766 noctibus
3279 711 3466 765 maluit
3494 710 3733 781 cperari,

2145 820 2202 862 ut
2233 807 2602 876 quntidianum
2647 806 2844 861 victum
2879 807 2967 861 vel
3003 807 3128 872 sibi,
3160 807 3246 861 vel
3289 805 3372 860 his
3414 806 3506 878 qui
3555 806 3735 861 eidem

2143 902 2513 955 ministrantes
2544 915 2678 970 Opus
2708 914 2965 956 exercere
2987 916 3092 954 non
3119 910 3387 970 poterant,
3418 900 3533 954 suis
3559 900 3738 955 mani-

2145 997 2245 1050 bus
2269 1008 2600 1066 praepararet
2624 997 2763 1068 (Act.
2789 995 2908 1067 xx).
2932 996 3013 1050 Ad
3037 993 3154 1050 hinc
3175 996 3262 1050 ille
3290 1004 3435 1050 tanta
3461 1004 3546 1051 est
3569 993 3740 1049 tri-ti-

2147 1088 2220 1142 tia
2249 1097 2302 1142 et
2331 1089 2522 1143 dolore
2549 1090 2850 1158 suppletus.
2885 1097 2942 1142 ut
2970 1088 3385 1142 amaritudinem
3407 1087 3576 1142 corde
3607 1101 3739 1140 con-

2145 1193 2378 1250 ceptam,
2413 1197 2478 1238 ne
2515 1186 2660 1236 vultu
2701 1182 2918 1250 quidem
2964 1181 3312 1236 dissimulare
3344 1181 3601 1250 poluerit.
3641 1178 3740 1234 Cui

2146 1289 2334 1340 senex,
2370 1273 2667 1338 Hactenus,
2697 1273 2891 1342 inquit,
2924 1288 2956 1326 ο
2985 1274 3082 1336 liti,
3106 1273 3320 1326 cunctis
3347 1280 3401 1327 te
3431 1272 3738 1326 facinorum

2147 1368 2478 1438 ponderibus
2506 1367 2796 1431 onerabas,
2830 1383 2934 1421 non
2971 1377 3216 1421 metuens
3245 1365 3597 1421 confessione
3630 1375 3738 1419 tam

2147 1461 2410 1514 atrocium
2435 1459 2724 1514 criminum
2749 1471 2929 1513 nciam
2957 1459 3374 1514 exustiniationis
3394 1458 3736 1524 incurreres;

2145 1553 2296 1624 quid,
2337 1568 2542 1623 quaeso,
2580 1567 2725 1606 nunc
2770 1561 2852 1604 est
2896 1552 3044 1621 quod
3088 1551 3157 1604 ad
3201 1550 3503 1617 simplicem
3551 1550 3740 1604 admo-

2145 1648 2504 1702 nitinnculam
2540 1657 2800 1711 nostram,
2844 1659 2968 1716 qua:
3009 1655 3184 1698 tamen
3232 1644 3285 1696 in
3316 1657 3376 1697 se
3421 1658 3530 1697 non
3579 1641 3741 1698 modo

2149 1742 2356 1798 nullum
2397 1742 2773 1810 opprobrium,
2812 1739 2907 1794 sed
2947 1739 3108 1794 etiam
3141 1736 3520 1792 a-dilicationis
3552 1736 3742 1791 habuit

2074 1829 2122 1890 B
2149 1853 2213 1893 ac
2240 1837 2548 1891 dilectionis
2578 1835 2853 1895 allectum,
2883 1842 3027 1886 tanta
3077 1841 3128 1886 te
3168 1831 3326 1886 video
3372 1829 3742 1897 indignatione

2141 1939 2470 1999 permotum,
2512 1936 2570 1980 ut
2613 1941 2730 1980 eam
2774 1940 2841 1980 ne
2867 1926 3020 1979 vultu
3060 1924 3280 1992 quidem
3329 1925 3609 1976 occultare
3649 1930 3743 1976 aut

2143 2021 2341 2076 frontis
2369 2019 2666 2074 serenitate
2703 2017 3050 2072 dissimulare
3082 2014 3362 2084 potueris?
3391 2011 3474 2068 An
3509 2013 3742 2068 fortasse

2142 2115 2268 2172 dum
2303 2126 2356 2168 te
2390 2113 2740 2177 humiliahas,
2787 2112 2931 2165 illan:
2981 2108 3335 2174 exstet-labos
3365 2123 3394 2162 a
3423 2117 3613 2162 nostro
3644 2123 3740 2162 ore

2145 2209 2505 2272 sententiam,
2552 2205 2739 2261 Justus
2785 2216 3054 2259 accusator
3102 2205 3184 2258 sui
3223 2215 3299 2257 est
3342 2203 3394 2256 in
3445 2201 3742 2272 primordio

2143 2304 2397 2357 sermonis
2443 2299 2626 2370 (Prov.
2671 2297 2862 2368 mit)?
2917 2296 3152 2352 Proinde
3183 2305 3206 2334 ο
3243 2309 3370 2349 vera
3420 2305 3507 2349 est
3558 2295 3740 2349 cordis

2149 2396 2434 2450 humilitas
2481 2393 2786 2458 retinenda,
2817 2407 2936 2461 quae
2969 2406 3073 2446 non
3105 2390 3172 2445 de
3202 2389 3449 2444 allectata
3493 2391 3744 2460 corporis

2147 2497 2313 2559 atque
2339 2487 2656 2550 verborum,
2684 2485 2779 2540 sed
2807 2485 2878 2540 de
2907 2485 3092 2538 intima
3127 2483 3328 2539 montis
3357 2483 3743 2539 humiliatione

2149 2580 2449 2636 descendit.
2478 2579 2609 2647 Quae
2637 2589 2762 2632 tunc
2789 2579 3005 2632 demum
3028 2577 3443 2632 evidentissimis
3469 2577 3744 2646 patientia

2149 2689 2261 2727 sua:
2295 2669 2523 2740 fulgebit
2568 2671 2803 2736 indiciis,
2837 2686 2960 2724 cum
2988 2670 3109 2741 quis
3154 2685 3262 2724 non
3301 2671 3416 2741 ipse
3446 2672 3515 2726 de
3545 2686 3607 2726 se
3634 2671 3744 2727 cri-

2150 2767 2297 2820 mina
2338 2765 2408 2819 ab
2438 2765 2559 2819 aliis
2603 2780 2710 2819 non
2755 2764 3024 2819 credenda
3054 2764 3364 2831 jactaverit.
3395 2764 3493 2819 sed
3523 2764 3594 2819 ab
3625 2765 3744 2819 aliis

2150 2859 2368 2914 sibimet
2407 2866 2726 2928 arroganter
2759 2858 2960 2927 ingesta
2994 2859 3407 2933 contempserit,
3446 2866 3504 2912 et
3540 2859 3743 2928 irroga-

2152 2959 2234 3005 tas
2274 2949 2502 3021 injurias
2542 2956 2822 3006 mansueta
2873 2950 3055 3004 cordis
3101 2951 3506 3020 aequanimitate
3551 2950 3742 3006 tolera-

2151 3045 2316 3099 verit.

2762 3135 2987 3192 CAPUT
3026 3135 3142 3192 XII.

455 3228 636 3268 nitens
658 3214 996 3283 deprecanti,
1030 3216 1196 3272 tantis
1228 3231 1290 3273 se
1315 3217 1611 3287 subjiciens
1637 3221 1920 3276 asserebat
1950 3222 2053 3277 lla-
2077 3211 2125 3274 C
2227 3231 2602 3302 Interrogatio,
2635 3231 3070 3304 quemadmodum
3100 3247 3220 3287 vera
3246 3233 3493 3302 patientia
3519 3233 3680 3304 possit

459 3306 609 3377 gitiis
641 3308 962 3379 involutum,
988 3320 1046 3365 ut
1075 3326 1145 3366 ne
1181 3327 1334 3367 usum
1366 3313 1586 3383 quidem
1621 3314 1780 3386 hujus
1809 3331 2056 3374 commu-

455 3400 546 3454 nis
592 3400 733 3456 acris
769 3416 965 3472 capere
1011 3415 1346 3473 mereretur;
1394 3406 1609 3476 psiathii
1643 3425 1857 3480 quoque
1886 3411 2055 3481 ipsius

457 3497 743 3567 refugiens
788 3499 1114 3567 sessionem,
1158 3501 1308 3557 humi
1359 3503 1536 3574 potius
1577 3505 1869 3562 residebat.
1921 3507 2055 3564 Cum

460 3605 596 3646 vero
625 3591 788 3646 etiam
821 3591 888 3647 ad
917 3593 1250 3651 ablutionem
1280 3596 1474 3666 pedum
1514 3598 1686 3652 multo
1713 3599 1890 3654 minus
1919 3615 2060 3668 pras-

458 3682 672 3739 buisset
719 3700 1036 3754 assensum,
1081 3698 1193 3744 tum
1239 3690 1407 3745 abbas
1445 3691 1709 3762 Serapion
1758 3692 2056 3751 refectione

459 3784 763 3845 transacta,
786 3780 1096 3836 collationis
1124 3784 1517 3841 consuetudine
1547 3795 1900 3854 provocante,
1933 3803 2052 3844 mo-

459 3884 594 3927 nere
633 3887 755 3927 eum
801 3873 1035 3944 benigne
1065 3890 1132 3929 ac
1164 3875 1360 3931 leniter
1399 3877 1585 3946 caspit,
1631 3894 1701 3934 ne
1737 3883 1946 3937 Otiosus
1991 3898 2056 3940 ac

459 3980 667 4035 vagus,
715 3970 1017 4037 praesertim
1060 3971 1277 4038 juvenis
1326 3980 1433 4026 tam
1485 3972 1762 4043 robustus,
1816 3975 2054 4031 instabili

460 4058 689 4116 levitate
711 4075 807 4130 per
831 4064 1092 4118 universa
1120 4064 1483 4132 discurreret;
1515 4068 1608 4122 sed
1640 4080 1698 4123 ut
1725 4070 1779 4125 in
1805 4070 1940 4125 cella
1969 4085 2056 4125 re-

462 4152 686 4222 sidens,
737 4155 1037 4212 secundum
1083 4158 1327 4229 regulam
1376 4159 1685 4229 seniorum,
1727 4177 1827 4217 suo
1875 4164 2054 4232 potius

2843 3302 3064 3372 acquiri.

2228 3418 2578 3476 Germanus:
2620 3417 3088 3484 Quemadmodum
3138 3417 3349 3487 acquiri
3387 3417 3475 3472 vel
3522 3415 3747 3472 retineri

2159 3511 2331 3582 possit
2361 3510 2463 3565 ista
2494 3509 2881 3578 tranquillitas,
2905 3519 3156 3578 Optamus
3181 3523 3478 3578 agnoscere
3498 3551 3512 3572 ,
3539 3510 3748 3564 utsicut

2161 3603 2366 3660 indicto
2421 3601 2579 3657 nobis
2633 3602 2854 3657 silentio
2904 3601 3015 3656 oris
3061 3600 3298 3655 claustra
3343 3599 3744 3671 praiciudimus,

2163 3696 2560 3767 verborumque
2588 3697 2862 3751 licentiam
2902 3709 3244 3764 coercemus,
3274 3694 3346 3750 ita
3376 3693 3541 3748 etiam
3573 3694 3748 3750 eordis

2161 3790 2439 3846 lenitatem
2488 3789 2764 3844 custodire
2805 3787 3106 3857 possimus;
3147 3787 3290 3856 quod
3340 3801 3744 3856 nonnumquam

2158 3883 2322 3940 etiam
2355 3895 2477 3935 cum
2512 3879 2690 3949 lingua
2722 3878 3046 3943 refrenatur,
3073 3878 3400 3932 intrinsecus
3428 3888 3609 3932 tamen
3640 3886 3744 3932 sta-

2158 3984 2270 4030 tum
2301 3989 2412 4029 sua:
2445 3972 2775 4043 placiditatis
2802 3969 3026 4026 amittit.
3057 3970 3126 4026 Et
3151 3971 3351 4026 idcirco
3381 3969 3744 4025 mansuetudi-

2159 4070 2244 4125 nis
2275 4068 2474 4123 bonum
2506 4082 2610 4120 non
2652 4066 2786 4121 alias
2817 4076 3004 4120 tenere
3039 4065 3345 4135 quempiam
3385 4079 3565 4133 posse,
3591 4063 3618 4102 ά
3643 4064 3742 4120 nisi

2158 4162 2462 4218 remotione
2490 4160 2642 4216 cellae
2669 4173 2732 4214 ac
2753 4157 2996 4215 solitario
3027 4167 3278 4228 putamus
3308 4157 3636 4213 habitaculo.

1549 4297 1804 4354 ALARDI
1842 4297 2077 4355 ΕΔΖᾸΞΙ
2114 4297 2680 4391 σρδιΜΕΝτΑῐιιυε.

539 4437 566 4466 ι
606 4430 682 4484 ita
712 4429 856 4484 enim
887 4428 1041 4484 Pbiio
1085 4439 1139 4485 et
1182 4430 1301 4499 ejus
1340 4431 1610 4499 interpres
1639 4447 1802 4499 supra
1853 4433 2051 4487 citatus

465 4501 574 4627 (Ad
601 4516 716 4568 cap.
750 4499 784 4553 5
812 4499 971 4568 hujus
998 4501 1208 4572 collat.)
1235 4521 1249 4555 ς
1285 4500 1575 4569 Unicuique
1599 4518 1806 4556 sacrum
1833 4504 2052 4556 domici-

490 4574 594 4626 ium
621 4581 713 4627 est.
760 4572 899 4627 auod
935 4573 1289 4627 sanctuarium
1335 4583 1424 4626 aut
1455 4575 1818 4627 monasterium
1847 4584 2051 4627 vocant.

490 4574 594 4626 ium
621 4581 713 4630 est.
760 4572 899 4641 quod
935 4573 1289 4627 sanctuarium
1335 4583 1424 4626 aut
1455 4575 1818 4628 monasterium
1847 4584 2051 4628 vocant.

465 4643 536 4699 Et
561 4642 778 4713 quidem
802 4641 846 4694 si
869 4644 1121 4696 vocabula
1154 4645 1368 4713 proprie
1399 4655 1700 4708 sumantur,
1730 4647 1866 4699 sicut
1895 4646 2053 4701 unius

467 4711 717 4770 monachi
768 4711 1133 4768 habitaculum
1184 4711 1286 4769 non
1343 4724 1521 4784 potest
1564 4713 1670 4770 dici
1719 4716 2052 4778 coenobium.

464 4786 593 4854 quia
623 4785 930 4839 communis
959 4787 1066 4839 vita
1107 4800 1211 4840 non
1258 4795 1341 4840 est
1376 4786 1555 4852 unius,
1596 4786 1690 4842 sed
1730 4790 2051 4853 multorum;

468 4841 545 4928 ita
577 4869 751 4928 neque
781 4856 1090 4928 emnobium
1143 4863 1323 4928 potest
1365 4857 1468 4912 dici
1514 4841 1924 4923 monasterium,
1953 4841 1997 4912 si
2025 4841 2053 4912 a
2081 4841 2133 4901 Ῑ)

465 4926 757 4980 solitudine
783 4925 1085 4982 deducatur
1122 4925 1532 4989 monasterium.
1564 4937 1626 4983 ut
1652 4932 1721 4982 sit
1751 4929 1906 4982 unius
1938 4945 2055 4983 mo-

470 4997 628 5052 nachi
664 4995 942 5059 habitatio.
979 5009 1034 5051 ut
1062 4999 1152 5054 hic
1180 4997 1400 5053 dicitur.
1431 4998 1696 5052 Caeterum
1733 4999 1910 5053 solent
1941 4999 2054 5055 h:ec

469 5067 729 5138 vocabula
757 5069 1030 5138 (contundi
1080 5080 1134 5124 et
1181 5085 1278 5138 pro
1325 5069 1515 5124 eodem
1560 5071 1752 5136 accipi.
1803 5069 1957 5125 Unde
2001 5082 2056 5126 et

468 5138 536 5195 D.
568 5137 888 5192 Benedictus
919 5139 1070 5211 (Cap.
1118 5142 1140 5194 1
1185 5137 1350 5210 Reg.)
1381 5140 1683 5194 εωιιοὺὶικε
1715 5142 1932 5196 nomine
1961 5156 2058 5196 vo-

443 5217 557 5286 ,cat
587 5211 1016 5286 monasteriales.
1045 5211 1198 5286 Quod
1229 5211 1589 5286 sicmnohitte
1613 5211 1792 5286 iidem
1842 5221 1894 5266 et
1944 5227 2058 5266 rno-

442 5279 818 5352 }n_asteriales;
849 5296 979 5350 ergo
1005 5283 1197 5337 eadem
1227 5282 1386 5336 etiam
1414 5283 1658 5336 cmnobia
1702 5292 1756 5336 et
1785 5293 2057 5338 monaste-

438 5349 445 5416 ξ
469 5349 573 5422 ria.
602 5349 772 5422 Porro
796 5349 1104 5407 cmnobium
1131 5357 1294 5408 etiam
1335 5355 1478 5417 apud
1524 5353 1773 5408 ethnicos
1815 5354 2055 5422 philoso-

470 5421 617 5493 phos
651 5421 906 5474 usitatum
939 5422 1125 5487 fuisse,
1169 5432 1224 5477 et
1251 5422 1517 5493 quoddam
1552 5425 1889 5478 cmiiobilicm
1934 5428 2056 5480 vita:

469 5492 748 5562 specimen
791 5493 859 5547 ab
886 5493 1017 5562 ipsis
1047 5492 1424 5548 adntnbratunt
1453 5494 1612 5549 docet
1639 5495 1806 5550 Aulus
1852 5495 2061 5550 Gellius

471 5560 621 5636 (Lib.
650 5561 676 5614 1
708 5578 756 5616 c.
785 5563 818 5617 9
849 5560 1005 5636 Noct.
1030 5563 1234 5631 Attia),
1264 5568 1355 5633 qui
1379 5565 1446 5618 de
1475 5565 1949 5636 Pythagorzeorum
1978 5566 2059 5621 di-

468 5634 700 5708 sciplina
725 5647 897 5708 agens
915 5653 940 5708 τί
956 5635 1164 5708 Omnes.
1191 5638 1383 5708 inquit,
1411 5634 1565 5690 simul
1587 5637 1674 5701 qui
1698 5654 1728 5688 a
1760 5635 2060 5708 Pythagora

469 5701 529 5756 in
554 5700 832 5778 cohortem
859 5707 1027 5778 “illam
1076 5700 1472 5778 disciplinarum
1499 5700 1686 5778 recepti
1723 5700 1890 5778 ero'nt.
1920 5700 2061 5778 quod

547 5773 690 5844 isque
718 5773 933 5846 familiis
963 5773 1288 5846 petimurque
1315 5777 1593 5843 habebant,
1615 5773 1688 5832 'in
1716 5773 1942 5832 mediani
1964 5779 2061 5831 da-

508 5843 618 5914 tm,
649 5854 700 5906 et
719 5843 970 5902 coibatur
984 5843 1212 5905 societas
1227 5847 1588 5919 inseparabilis
1607 5865 1626 5915 ,°
1656 5858 1900 5923 tanquam
1924 5849 2060 5906 illud

2155 4434 2314 4505 fuerit
2354 4433 2617 4505 antiquum
2647 4431 3018 4505 consortium,‘
3031 4431 3170 4505 quod
3215 4431 3269 4483 in
3313 4447 3368 4484 re
3403 4440 3556 4500 atque
3599 4431 3747 4485 verba

2154 4499 2516 4613 appellabatur
2549 4499 2815 4559 κοινόςιον.
2851 4502 2975 4556 il:cc
3006 4501 3117 4556 ille.

2299 4575 2373 4613 nn
2422 4591 2530 4613 mm
2583 4576 2715 4613 alia:
2771 4573 2972 4613 cmninc
3028 4572 3117 4613 ((34

2299 4575 2373 4628 De.
2422 4591 2530 4644 quo
2581 4576 2715 4627 alias
2771 4573 2972 4642 szvpitis
3028 4571 3248 4643 (Collat.
3299 4573 3336 4627 2
3387 4589 3504 4642 cap.
3560 4573 3648 4639 Η,
3699 4583 3747 4626 et

2156 4645 2330 4700 collat.
2364 4646 2397 4699 5
2437 4661 2552 4715 cap.
2587 4646 2677 4710 l);
2713 4645 2800 4714 qui
2841 4645 3029 4699 decem
3075 4644 3312 4698 millibus
3355 4649 3744 4699 monachorum

2158 4717 2438 4787 praefuisse
2462 4717 2676 4784 legitur.

2234 4799 2257 4827 ο
2290 4787 2351 4841 D.
2383 4787 2700 4842 Ambrosius
2723 4785 2786 4838 ad
2812 4786 3180 4840 Colustantium
3207 4784 3400 4855 (Epist.
3424 4785 3514 4847 η.
3537 4787 3626 4840 lib.
3654 4787 3743 4851 tl):

2160 4857 2317 4913 Multi
2339 4858 2523 4912 habent
2548 4858 2854 4912 humilitatis
2881 4859 3118 4924 speciem.
3145 4860 3378 4910 virtutem
3399 4874 3500 4910 non
3528 4856 3747 4922 habent;

2156 4930 2304 4983 multi
2335 4947 2446 4984 eam
2487 4929 2616 5000 foris
2655 4927 2996 4994 prmtendunt,
3041 4939 3088 4981 et
3123 4929 3258 5000 intus
3298 4929 3640 5000 impugnant;
3679 4931 3747 4981 ad

2157 5002 2330 5071 fucum
2365 4998 2663 5072 prmi'erunt.
2698 5001 2764 5052 ad
2803 4998 3370 5072 verita’entabjnrant,
3415 4999 3485 5051 ad
3510 5001 3746 5072 gratiam

2158 5069 2375 5143 negant;
2410 5069 2498 5125 Est
2529 5071 2662 5143 enim
2690 5072 2774 5136 qui
2798 5069 3030 5136 nequiter
3057 5069 3288 5143 humilia!
3319 5085 3395 5130 se.
3428 5081 3476 5122 et
3492 5070 3744 5143 interiora

2156 5140 2270 5212 ejus
2301 5142 2454 5206 plena
2476 5152 2590 5195 sunt
2617 5142 2777 5212 dolo;
2807 5149 2854 5195 et
2883 5151 2958 5193 est
2982 5141 3069 5210 qui
3093 5140 3305 5193 nimium
3336 5157 3389 5212 se
3416 5140 3670 5212 submittit
3687 5143 3747 5193 ab

2160 5211 2447 5266 humilitate
2495 5214 2675 5266 multa.
2729 5211 2850 5264 Non
2895 5223 2970 5264 est
3013 5227 3134 5279 ergo
3182 5211 3464 5272 humilitas,
3497 5211 3597 5264 nisi
3643 5213 3747 5264 sine

2160 5286 2299 5356 fuco,
2332 5285 2441 5356 sine
2469 5283 2674 5356 fraude.
2703 5280 2827 5356 Ipsa
2849 5293 2922 5336 est
2943 5299 3058 5336 vera
3085 5283 3373 5356 quahabet
3404 5283 3541 5350 piam
3568 5282 3745 5356 mentis

2158 5351 2942 5426 sinceritatem._Magnavirtus
2990 5356 3122 5426 ejus.
3178 5354 3240 5405 Et
3271 5351 3633 5423 Hieronymus
3682 5352 3743 5405 ad

2158 5424 2470 5480 Ctelantiam
2500 5422 2694 5491 (Epist.
2722 5425 2807 5492 Η)
2834 5441 2845 5474 :
2879 5422 3238 5478 Humilitatem
3259 5422 3490 5490 sequere,
3512 5440 3614 5476 non
3636 5438 3745 5492 quae

2159 5499 2446 5549 ostenditur
2485 5504 2634 5563 atque
2664 5496 2940 5549 simulatur
2975 5506 3114 5564 gestu
3164 5509 3398 5561 corporis
3445 5503 3538 5547 aut
3585 5497 3745 5561 fracta

2157 5582 2277 5620 voce
2306 5567 2589 5627 verborum,
2615 5567 2705 5618 sed
2725 5581 2839 5634 quas
2864 5581 2992 5632 pura
3013 5564 3199 5636 affectu
3225 5567 3394 5618 eordis
3415 5565 3742 5636 exprimitur.

2161 5637 2320 5691 Aliud
2347 5648 2419 5692 est
2446 5638 2581 5691 enim
2610 5638 2842 5690 uirtutem
2868 5636 3070 5701 habere,
3099 5635 3249 5689 aliud
3278 5635 3489 5690 virtutis
3509 5636 3744 5689 similitu-

2161 5710 2354 5770 dinem,
2386 5718 2493 5764 etc.
2522 5707 2652 5761 alibi
2677 5708 2861 5759 citata.

2234 5779 2261 5816 ά
2303 5780 2358 5835 Id
2386 5787 2488 5845 est,
2517 5778 2806 5836 solitudine
2828 5786 2883 5834 et
2908 5792 3124 5836 secessu
3153 5778 3223 5835 ab
3250 5776 3372 5836 aliis
