  <div class='ocr_page' id='page_1' title='image "/cluster/home/n/w/nwhite01/storage/ocr_20150623/49/hvd.32044015471543/568.png"; bbox 0 0 4072 6324; ppageno 0'>
   <div class='ocr_carea' id='block_1_1' title="bbox 241 324 383 384">
    <p class='ocr_par' dir='ltr' id='par_1_1' title="bbox 241 324 383 384">
     <span class='ocr_line' id='line_1_1' title="bbox 241 324 383 384; baseline -0.014 0"><span class='ocrx_word' id='word_1_1' title='bbox 241 324 383 384; x_wconf 74' lang='grc' dir='ltr'><strong>11η</strong></span> 
     </span>
    </p>
   </div>
   <div class='ocr_carea' id='block_1_2' title="bbox 835 450 1247 513">
    <p class='ocr_par' dir='ltr' id='par_1_2' title="bbox 835 450 1247 513">
     <span class='ocr_line' id='line_1_2' title="bbox 835 450 1247 513; baseline 0.007 -3"><span class='ocrx_word' id='word_1_2' title='bbox 835 450 1066 513; x_wconf 75' lang='lat' dir='ltr'><strong>CAPUT</strong></span> <span class='ocrx_word' id='word_1_3' title='bbox 1105 455 1247 513; x_wconf 79' lang='lat' dir='ltr'>XIII.</span> 
     </span>
    </p>
   </div>
   <div class='ocr_carea' id='block_1_3' title="bbox 885 547 1197 619">
    <p class='ocr_par' dir='ltr' id='par_1_3' title="bbox 885 547 1197 619">
     <span class='ocr_line' id='line_1_3' title="bbox 885 547 1197 619; baseline 0.006 -15"><span class='ocrx_word' id='word_1_4' title='bbox 885 547 1197 619; x_wconf 71' lang='lat' dir='ltr'><strong>Responsio.</strong></span> 
     </span>
    </p>
   </div>
   <div class='ocr_carea' id='block_1_4' title="bbox 308 635 1834 718">
    <p class='ocr_par' dir='ltr' id='par_1_4' title="bbox 308 635 1834 718">
     <span class='ocr_line' id='line_1_4' title="bbox 308 635 1834 718; baseline 0.008 -27"><span class='ocrx_word' id='word_1_5' title='bbox 308 635 628 694; x_wconf 84' lang='lat' dir='ltr'><strong>Piamtnon:</strong></span> <span class='ocrx_word' id='word_1_6' title='bbox 646 638 910 697; x_wconf 71' lang='lat' dir='ltr'><strong>Patientia</strong></span> <span class='ocrx_word' id='word_1_7' title='bbox 934 657 1062 699; x_wconf 88' lang='lat' dir='ltr'><strong>vera</strong></span> <span class='ocrx_word' id='word_1_8' title='bbox 1081 654 1242 713; x_wconf 82' lang='lat' dir='ltr'><strong>atque</strong></span> <span class='ocrx_word' id='word_1_9' title='bbox 1260 645 1618 718; x_wconf 87' lang='lat' dir='ltr'><strong>tranquillitas</strong></span> <span class='ocrx_word' id='word_1_10' title='bbox 1632 645 1834 716; x_wconf 65' lang='lat' dir='ltr'><strong>absque</strong></span> 
     </span>
    </p>
   </div>
   <div class='ocr_carea' id='block_1_5' title="bbox 181 730 1834 818">
    <p class='ocr_par' dir='ltr' id='par_1_5' title="bbox 181 730 1834 818">
     <span class='ocr_line' id='line_1_5' title="bbox 181 730 1834 818; baseline 0.01 -34"><span class='ocrx_word' id='word_1_11' title='bbox 181 731 188 818; x_wconf 61' lang='grc' dir='ltr'>ξ</span> <span class='ocrx_word' id='word_1_12' title='bbox 239 730 508 801; x_wconf 84' lang='lat' dir='ltr'><strong>profunda</strong></span> <span class='ocrx_word' id='word_1_13' title='bbox 541 734 724 790; x_wconf 77' lang='lat' dir='ltr'><strong>cordis</strong></span> <span class='ocrx_word' id='word_1_14' title='bbox 755 736 1066 794; x_wconf 79' lang='lat' dir='ltr'><strong>humilitate</strong></span> <span class='ocrx_word' id='word_1_15' title='bbox 1098 754 1195 795; x_wconf 88' lang='lat' dir='ltr'><strong>nec</strong></span> <span class='ocrx_word' id='word_1_16' title='bbox 1231 743 1525 812; x_wconf 83' lang='lat' dir='ltr'><strong>acquiritur</strong></span> <span class='ocrx_word' id='word_1_17' title='bbox 1555 758 1654 799; x_wconf 86' lang='lat' dir='ltr'><strong>nec</strong></span> <span class='ocrx_word' id='word_1_18' title='bbox 1684 752 1834 800; x_wconf 87' lang='lat' dir='ltr'><strong>tene-</strong></span> 
     </span>
    </p>
   </div>
   <div class='ocr_carea' id='block_1_6' title="bbox 179 824 1832 902">
    <p class='ocr_par' dir='ltr' id='par_1_6' title="bbox 179 824 1832 902">
     <span class='ocr_line' id='line_1_6' title="bbox 179 824 1832 902; baseline 0.011 -25"><span class='ocrx_word' id='word_1_19' title='bbox 179 825 192 868; x_wconf 71' lang='grc' dir='ltr'>ἐ</span> <span class='ocrx_word' id='word_1_20' title='bbox 239 831 348 880; x_wconf 88' lang='lat' dir='ltr'><strong>tur.</strong></span> <span class='ocrx_word' id='word_1_21' title='bbox 372 824 509 893; x_wconf 66' lang='lat' dir='ltr'><strong>Quae</strong></span> <span class='ocrx_word' id='word_1_22' title='bbox 538 829 582 880; x_wconf 90' lang='lat' dir='ltr'><strong>si</strong></span> <span class='ocrx_word' id='word_1_23' title='bbox 613 827 682 884; x_wconf 87' lang='lat' dir='ltr'><strong>de</strong></span> <span class='ocrx_word' id='word_1_24' title='bbox 715 829 816 884; x_wconf 90' lang='lat' dir='ltr'><strong>boc</strong></span> <span class='ocrx_word' id='word_1_25' title='bbox 855 830 1002 886; x_wconf 73' lang='lat' dir='ltr'><strong>fonte</strong></span> <span class='ocrx_word' id='word_1_26' title='bbox 1032 836 1399 902; x_wconf 81' lang='lat' dir='ltr'><strong>descenderit,</strong></span> <span class='ocrx_word' id='word_1_27' title='bbox 1432 853 1532 893; x_wconf 87' lang='lat' dir='ltr'><strong>nec</strong></span> <span class='ocrx_word' id='word_1_28' title='bbox 1563 839 1832 896; x_wconf 87' lang='lat' dir='ltr'><strong>beneficio</strong></span> 
     </span>
    </p>
   </div>
   <div class='ocr_carea' id='block_1_7' title="bbox 239 917 1830 999">
    <p class='ocr_par' dir='ltr' id='par_1_7' title="bbox 239 917 1830 999">
     <span class='ocr_line' id='line_1_7' title="bbox 239 917 1830 999; baseline 0.009 -27"><span class='ocrx_word' id='word_1_29' title='bbox 239 917 415 983; x_wconf 78' lang='lat' dir='ltr'><strong>cellae,</strong></span> <span class='ocrx_word' id='word_1_30' title='bbox 444 934 546 974; x_wconf 90' lang='lat' dir='ltr'><strong>nec</strong></span> <span class='ocrx_word' id='word_1_31' title='bbox 579 919 826 990; x_wconf 89' lang='lat' dir='ltr'><strong>perfugio</strong></span> <span class='ocrx_word' id='word_1_32' title='bbox 862 925 1177 982; x_wconf 81' lang='lat' dir='ltr'><strong>solitudinis</strong></span> <span class='ocrx_word' id='word_1_33' title='bbox 1215 929 1495 999; x_wconf 85' lang='lat' dir='ltr'><strong>indigebit.</strong></span> <span class='ocrx_word' id='word_1_34' title='bbox 1529 930 1644 985; x_wconf 85' lang='lat' dir='ltr'><strong>Non</strong></span> <span class='ocrx_word' id='word_1_35' title='bbox 1687 933 1830 987; x_wconf 92' lang='lat' dir='ltr'><strong>enim</strong></span> 
     </span>
    </p>
   </div>
   <div class='ocr_carea' id='block_1_8' title="bbox 237 1013 1833 1096">
    <p class='ocr_par' dir='ltr' id='par_1_8' title="bbox 237 1013 1833 1096">
     <span class='ocr_line' id='line_1_8' title="bbox 237 1013 1833 1096; baseline 0.011 -32"><span class='ocrx_word' id='word_1_36' title='bbox 237 1013 601 1084; x_wconf 84' lang='lat' dir='ltr'><strong>patrocinium</strong></span> <span class='ocrx_word' id='word_1_37' title='bbox 631 1018 950 1087; x_wconf 63' lang='lat' dir='ltr'><strong>cujusquam</strong></span> <span class='ocrx_word' id='word_1_38' title='bbox 985 1021 1061 1075; x_wconf 86' lang='lat' dir='ltr'><strong>rei</strong></span> <span class='ocrx_word' id='word_1_39' title='bbox 1094 1023 1302 1079; x_wconf 82' lang='lat' dir='ltr'><strong>extritis</strong></span> <span class='ocrx_word' id='word_1_40' title='bbox 1322 1039 1431 1077; x_wconf 65' lang='grc' dir='ltr'><strong>ὀυς</strong></span> <span class='ocrx_word' id='word_1_41' title='bbox 1463 1027 1679 1093; x_wconf 67' lang='lat' dir='ltr'><strong>quaerit,</strong></span> <span class='ocrx_word' id='word_1_42' title='bbox 1712 1041 1833 1096; x_wconf 72' lang='lat' dir='ltr'><strong>qua:</strong></span> 
     </span>
    </p>
   </div>
   <div class='ocr_carea' id='block_1_9' title="bbox 238 1105 1831 1185">
    <p class='ocr_par' dir='ltr' id='par_1_9' title="bbox 238 1105 1831 1185">
     <span class='ocr_line' id='line_1_9' title="bbox 238 1105 1831 1185; baseline 0.011 -27"><span class='ocrx_word' id='word_1_43' title='bbox 238 1105 584 1170; x_wconf 80' lang='lat' dir='ltr'><strong>humilitatis,</strong></span> <span class='ocrx_word' id='word_1_44' title='bbox 620 1108 670 1162; x_wconf 88' lang='lat' dir='ltr'><strong>id</strong></span> <span class='ocrx_word' id='word_1_45' title='bbox 701 1121 806 1173; x_wconf 84' lang='lat' dir='ltr'><strong>est,</strong></span> <span class='ocrx_word' id='word_1_46' title='bbox 837 1114 1196 1181; x_wconf 87' lang='lat' dir='ltr'><strong>generatricis</strong></span> <span class='ocrx_word' id='word_1_47' title='bbox 1240 1125 1402 1185; x_wconf 89' lang='lat' dir='ltr'><strong>atque</strong></span> <span class='ocrx_word' id='word_1_48' title='bbox 1433 1118 1676 1172; x_wconf 84' lang='lat' dir='ltr'><strong>custodis</strong></span> <span class='ocrx_word' id='word_1_49' title='bbox 1721 1134 1831 1175; x_wconf 59' lang='lat' dir='ltr'><strong>sua</strong></span> 
     </span>
    </p>
   </div>
   <div class='ocr_carea' id='block_1_10' title="bbox 237 1195 1831 1270">
    <p class='ocr_par' dir='ltr' id='par_1_10' title="bbox 237 1195 1831 1270">
     <span class='ocr_line' id='line_1_10' title="bbox 237 1195 1831 1270; baseline 0.013 -20"><span class='ocrx_word' id='word_1_50' title='bbox 237 1195 571 1254; x_wconf 70' lang='lat' dir='ltr'><strong>intrinsecus</strong></span> <span class='ocrx_word' id='word_1_51' title='bbox 604 1205 802 1258; x_wconf 88' lang='lat' dir='ltr'><strong>virtute</strong></span> <span class='ocrx_word' id='word_1_52' title='bbox 832 1206 1074 1261; x_wconf 82' lang='lat' dir='ltr'><strong>fulcitur.</strong></span> <span class='ocrx_word' id='word_1_53' title='bbox 1103 1205 1372 1265; x_wconf 69' lang='lat' dir='ltr'><strong>Caeterum</strong></span> <span class='ocrx_word' id='word_1_54' title='bbox 1393 1212 1437 1264; x_wconf 93' lang='lat' dir='ltr'><strong>si</strong></span> <span class='ocrx_word' id='word_1_55' title='bbox 1462 1227 1744 1268; x_wconf 71' lang='lat' dir='ltr'><strong>movemur</strong></span> <span class='ocrx_word' id='word_1_56' title='bbox 1763 1214 1831 1270; x_wconf 90' lang='lat' dir='ltr'><strong>ab</strong></span> 
     </span>
    </p>
   </div>
   <div class='ocr_carea' id='block_1_11' title="bbox 235 1291 1831 1362">
    <p class='ocr_par' dir='ltr' id='par_1_11' title="bbox 235 1291 1831 1362">
     <span class='ocr_line' id='line_1_11' title="bbox 235 1291 1831 1362; baseline 0.012 -18"><span class='ocrx_word' id='word_1_57' title='bbox 235 1291 417 1361; x_wconf 87' lang='lat' dir='ltr'><strong>aliquo</strong></span> <span class='ocrx_word' id='word_1_58' title='bbox 455 1295 715 1360; x_wconf 74' lang='lat' dir='ltr'><strong>lacessiti,</strong></span> <span class='ocrx_word' id='word_1_59' title='bbox 749 1309 958 1355; x_wconf 85' lang='lat' dir='ltr'><strong>certum</strong></span> <span class='ocrx_word' id='word_1_60' title='bbox 993 1310 1074 1356; x_wconf 89' lang='lat' dir='ltr'><strong>est</strong></span> <span class='ocrx_word' id='word_1_61' title='bbox 1101 1319 1206 1358; x_wconf 88' lang='lat' dir='ltr'><strong>non</strong></span> <span class='ocrx_word' id='word_1_62' title='bbox 1239 1318 1359 1360; x_wconf 78' lang='lat' dir='ltr'><strong>esse</strong></span> <span class='ocrx_word' id='word_1_63' title='bbox 1387 1305 1438 1359; x_wconf 93' lang='lat' dir='ltr'><strong>in</strong></span> <span class='ocrx_word' id='word_1_64' title='bbox 1472 1308 1631 1361; x_wconf 88' lang='lat' dir='ltr'><strong>nobis</strong></span> <span class='ocrx_word' id='word_1_65' title='bbox 1659 1307 1831 1362; x_wconf 83' lang='lat' dir='ltr'><strong>bumi-</strong></span> 
     </span>
    </p>
   </div>
   <div class='ocr_carea' id='block_1_12' title="bbox 234 1381 1830 1467">
    <p class='ocr_par' dir='ltr' id='par_1_12' title="bbox 234 1381 1830 1467">
     <span class='ocr_line' id='line_1_12' title="bbox 234 1381 1830 1467; baseline 0.01 -26"><span class='ocrx_word' id='word_1_66' title='bbox 234 1381 402 1441; x_wconf 85' lang='lat' dir='ltr'><strong>litatis</strong></span> <span class='ocrx_word' id='word_1_67' title='bbox 420 1388 770 1446; x_wconf 83' lang='lat' dir='ltr'><strong>fundamenta</strong></span> <span class='ocrx_word' id='word_1_68' title='bbox 794 1395 1023 1450; x_wconf 89' lang='lat' dir='ltr'><strong>lirmiter</strong></span> <span class='ocrx_word' id='word_1_69' title='bbox 1049 1396 1306 1467; x_wconf 74' lang='lat' dir='ltr'><strong>stabilita,</strong></span> <span class='ocrx_word' id='word_1_70' title='bbox 1327 1411 1383 1453; x_wconf 91' lang='lat' dir='ltr'><strong>et</strong></span> <span class='ocrx_word' id='word_1_71' title='bbox 1411 1401 1534 1455; x_wconf 89' lang='lat' dir='ltr'><strong>ideo</strong></span> <span class='ocrx_word' id='word_1_72' title='bbox 1559 1402 1623 1454; x_wconf 88' lang='lat' dir='ltr'><strong>ad</strong></span> <span class='ocrx_word' id='word_1_73' title='bbox 1654 1403 1830 1456; x_wconf 88' lang='lat' dir='ltr'><strong>incur-</strong></span> 
     </span>
    </p>
   </div>
   <div class='ocr_carea' id='block_1_13' title="bbox 233 1482 1830 1555">
    <p class='ocr_par' dir='ltr' id='par_1_13' title="bbox 233 1482 1830 1555">
     <span class='ocr_line' id='line_1_13' title="bbox 233 1482 1830 1555; baseline 0.012 -23"><span class='ocrx_word' id='word_1_74' title='bbox 233 1491 356 1534; x_wconf 89' lang='lat' dir='ltr'><strong>sum</strong></span> <span class='ocrx_word' id='word_1_75' title='bbox 386 1482 472 1536; x_wconf 92' lang='lat' dir='ltr'><strong>vel</strong></span> <span class='ocrx_word' id='word_1_76' title='bbox 500 1482 712 1552; x_wconf 67' lang='lat' dir='ltr'><strong>exiguae</strong></span> <span class='ocrx_word' id='word_1_77' title='bbox 736 1487 1072 1555; x_wconf 80' lang='lat' dir='ltr'><strong>tempestatis</strong></span> <span class='ocrx_word' id='word_1_78' title='bbox 1099 1491 1385 1545; x_wconf 80' lang='lat' dir='ltr'><strong>:edttlciurn</strong></span> <span class='ocrx_word' id='word_1_79' title='bbox 1433 1504 1674 1548; x_wconf 88' lang='lat' dir='ltr'><strong>nostrum</strong></span> <span class='ocrx_word' id='word_1_80' title='bbox 1723 1496 1830 1550; x_wconf 91' lang='lat' dir='ltr'><strong>rui-</strong></span> 
     </span>
    </p>
   </div>
   <div class='ocr_carea' id='block_1_14' title="bbox 233 1580 1825 1646">
    <p class='ocr_par' dir='ltr' id='par_1_14' title="bbox 233 1580 1825 1646">
     <span class='ocr_line' id='line_1_14' title="bbox 233 1580 1825 1646; baseline 0.012 -18"><span class='ocrx_word' id='word_1_81' title='bbox 233 1587 364 1628; x_wconf 86' lang='lat' dir='ltr'><strong>nosa</strong></span> <span class='ocrx_word' id='word_1_82' title='bbox 395 1580 763 1634; x_wconf 89' lang='lat' dir='ltr'><strong>commotione</strong></span> <span class='ocrx_word' id='word_1_83' title='bbox 790 1590 1118 1638; x_wconf 84' lang='lat' dir='ltr'><strong>concutitur.</strong></span> <span class='ocrx_word' id='word_1_84' title='bbox 1149 1584 1264 1640; x_wconf 86' lang='lat' dir='ltr'><strong>Non</strong></span> <span class='ocrx_word' id='word_1_85' title='bbox 1297 1587 1440 1641; x_wconf 89' lang='lat' dir='ltr'><strong>enim</strong></span> <span class='ocrx_word' id='word_1_86' title='bbox 1472 1600 1616 1644; x_wconf 86' lang='lat' dir='ltr'><strong>esset</strong></span> <span class='ocrx_word' id='word_1_87' title='bbox 1645 1591 1825 1646; x_wconf 84' lang='lat' dir='ltr'><strong>lauda-</strong></span> 
     </span>
    </p>
   </div>
   <div class='ocr_carea' id='block_1_15' title="bbox 234 1663 1824 1744">
    <p class='ocr_par' dir='ltr' id='par_1_15' title="bbox 234 1663 1824 1744">
     <span class='ocr_line' id='line_1_15' title="bbox 234 1663 1824 1744; baseline 0.012 -25"><span class='ocrx_word' id='word_1_88' title='bbox 234 1663 367 1720; x_wconf 82' lang='lat' dir='ltr'><strong>bilis</strong></span> <span class='ocrx_word' id='word_1_89' title='bbox 398 1684 497 1724; x_wconf 84' lang='lat' dir='ltr'><strong>nec</strong></span> <span class='ocrx_word' id='word_1_90' title='bbox 522 1671 842 1727; x_wconf 88' lang='lat' dir='ltr'><strong>admiranda</strong></span> <span class='ocrx_word' id='word_1_91' title='bbox 886 1677 1164 1744; x_wconf 79' lang='lat' dir='ltr'><strong>patientia,</strong></span> <span class='ocrx_word' id='word_1_92' title='bbox 1197 1679 1243 1732; x_wconf 88' lang='lat' dir='ltr'><strong>si</strong></span> <span class='ocrx_word' id='word_1_93' title='bbox 1289 1679 1454 1734; x_wconf 85' lang='lat' dir='ltr'><strong>nullis</strong></span> <span class='ocrx_word' id='word_1_94' title='bbox 1485 1682 1824 1738; x_wconf 78' lang='lat' dir='ltr'><strong>inimicorum</strong></span> 
     </span>
    </p>
   </div>
   <div class='ocr_carea' id='block_1_16' title="bbox 228 1755 1821 1842">
    <p class='ocr_par' dir='ltr' id='par_1_16' title="bbox 228 1755 1821 1842">
     <span class='ocr_line' id='line_1_16' title="bbox 228 1755 1821 1842; baseline 0.014 -32"><span class='ocrx_word' id='word_1_95' title='bbox 228 1755 424 1826; x_wconf 73' lang='lat' dir='ltr'><strong>iaculis</strong></span> <span class='ocrx_word' id='word_1_96' title='bbox 465 1764 706 1831; x_wconf 90' lang='lat' dir='ltr'><strong>impctita</strong></span> <span class='ocrx_word' id='word_1_97' title='bbox 735 1768 1136 1838; x_wconf 74' lang='lat' dir='ltr'><strong>tranquillitatis</strong></span> <span class='ocrx_word' id='word_1_98' title='bbox 1170 1773 1502 1840; x_wconf 88' lang='lat' dir='ltr'><strong>propositum</strong></span> <span class='ocrx_word' id='word_1_99' title='bbox 1531 1776 1821 1842; x_wconf 81' lang='lat' dir='ltr'><strong>retineret;</strong></span> 
     </span>
    </p>
   </div>
   <div class='ocr_carea' id='block_1_17' title="bbox 847 301 2902 406">
    <p class='ocr_par' dir='ltr' id='par_1_17' title="bbox 847 301 2902 406">
     <span class='ocr_line' id='line_1_17' title="bbox 847 301 2902 406; baseline 0.007 -15"><span class='ocrx_word' id='word_1_100' title='bbox 847 333 1195 394; x_wconf 82' lang='lat' dir='ltr'><strong>COLLA&#39;I&#39;IO</strong></span> <span class='ocrx_word' id='word_1_101' title='bbox 1228 337 1418 398; x_wconf 73' lang='lat' dir='ltr'>XVIII.</span> <span class='ocrx_word' id='word_1_102' title='bbox 1450 369 1519 382; x_wconf 92' lang='lat'><strong>-—</strong></span> <span class='ocrx_word' id='word_1_103' title='bbox 1542 337 1634 397; x_wconf 81' lang='lat' dir='ltr'><strong>DE</strong></span> <span class='ocrx_word' id='word_1_104' title='bbox 1675 336 1929 398; x_wconf 80' lang='lat' dir='ltr'><strong>TRIBUS</strong></span> <span class='ocrx_word' id='word_1_105' title='bbox 1964 301 2360 403; x_wconf 68' lang='lat' dir='ltr'><strong>UENEBIBUS</strong></span> <span class='ocrx_word' id='word_1_106' title='bbox 2398 343 2902 406; x_wconf 73' lang='lat' dir='ltr'><strong>MONACHORUM.</strong></span> 
     </span>
    </p>
   </div>
   <div class='ocr_carea' id='block_1_18' title="bbox 3397 353 3537 414">
    <p class='ocr_par' dir='ltr' id='par_1_18' title="bbox 3397 353 3537 414">
     <span class='ocr_line' id='line_1_18' title="bbox 3397 353 3537 414; baseline 0.029 -4"><span class='ocrx_word' id='word_1_107' title='bbox 3397 353 3537 414; x_wconf 76' lang='lat' dir='ltr'>ﬂ“</span> 
     </span>
    </p>
   </div>
   <div class='ocr_carea' id='block_1_19' title="bbox 1859 457 3531 539">
    <p class='ocr_par' dir='ltr' id='par_1_19' title="bbox 1859 457 3531 539">
     <span class='ocr_line' id='line_1_19' title="bbox 1859 457 3531 539; baseline 0.01 -28"><span class='ocrx_word' id='word_1_108' title='bbox 1859 460 1911 520; x_wconf 73' lang='grc' dir='ltr'>Α</span> <span class='ocrx_word' id='word_1_109' title='bbox 1936 468 2165 527; x_wconf 80' lang='lat' dir='ltr'><strong>apparet</strong></span> <span class='ocrx_word' id='word_1_110' title='bbox 2198 475 2307 517; x_wconf 92' lang='lat' dir='ltr'><strong>non</strong></span> <span class='ocrx_word' id='word_1_111' title='bbox 2339 471 2630 532; x_wconf 88' lang='lat' dir='ltr'><strong>propterea</strong></span> <span class='ocrx_word' id='word_1_112' title='bbox 2659 465 2951 534; x_wconf 79' lang='lat' dir='ltr'><strong>corruisse,</strong></span> <span class='ocrx_word' id='word_1_113' title='bbox 2999 467 3124 539; x_wconf 83' lang='lat' dir='ltr'><strong>quia</strong></span> <span class='ocrx_word' id='word_1_114' title='bbox 3157 466 3408 525; x_wconf 82' lang='lat' dir='ltr'><strong>imbrium</strong></span> <span class='ocrx_word' id='word_1_115' title='bbox 3436 457 3531 527; x_wconf 82' lang='lat' dir='ltr'><strong>vel</strong></span> 
     </span>
    </p>
   </div>
   <div class='ocr_carea' id='block_1_20' title="bbox 1940 555 3535 632">
    <p class='ocr_par' dir='ltr' id='par_1_20' title="bbox 1940 555 3535 632">
     <span class='ocr_line' id='line_1_20' title="bbox 1940 555 3535 632; baseline 0.008 -25"><span class='ocrx_word' id='word_1_116' title='bbox 1940 555 2260 611; x_wconf 84' lang='lat' dir='ltr'><strong>torrentium</strong></span> <span class='ocrx_word' id='word_1_117' title='bbox 2292 557 2647 615; x_wconf 88' lang='lat' dir='ltr'><strong>inundatione</strong></span> <span class='ocrx_word' id='word_1_118' title='bbox 2677 559 2912 630; x_wconf 90' lang='lat' dir='ltr'><strong>pulsata,</strong></span> <span class='ocrx_word' id='word_1_119' title='bbox 2935 560 3028 616; x_wconf 90' lang='lat' dir='ltr'><strong>sed</strong></span> <span class='ocrx_word' id='word_1_120' title='bbox 3061 562 3183 632; x_wconf 86' lang='lat' dir='ltr'><strong>quia</strong></span> <span class='ocrx_word' id='word_1_121' title='bbox 3218 577 3382 632; x_wconf 81' lang='lat' dir='ltr'><strong>super</strong></span> <span class='ocrx_word' id='word_1_122' title='bbox 3409 578 3535 621; x_wconf 89' lang='lat' dir='ltr'><strong>are-</strong></span> 
     </span>
    </p>
   </div>
   <div class='ocr_carea' id='block_1_21' title="bbox 1938 650 3537 720">
    <p class='ocr_par' dir='ltr' id='par_1_21' title="bbox 1938 650 3537 720">
     <span class='ocr_line' id='line_1_21' title="bbox 1938 650 3537 720; baseline 0.004 -17"><span class='ocrx_word' id='word_1_123' title='bbox 1938 663 2066 704; x_wconf 86' lang='lat' dir='ltr'><strong>nam</strong></span> <span class='ocrx_word' id='word_1_124' title='bbox 2095 650 2470 720; x_wconf 78' lang='lat' dir='ltr'><strong>imprudenter</strong></span> <span class='ocrx_word' id='word_1_125' title='bbox 2497 666 2581 709; x_wconf 88' lang='lat' dir='ltr'><strong>est</strong></span> <span class='ocrx_word' id='word_1_126' title='bbox 2611 663 2840 710; x_wconf 87' lang='lat' dir='ltr'><strong>structa.</strong></span> <span class='ocrx_word' id='word_1_127' title='bbox 2875 653 2992 709; x_wconf 82' lang='lat' dir='ltr'><strong>Non</strong></span> <span class='ocrx_word' id='word_1_128' title='bbox 3021 656 3165 710; x_wconf 91' lang='lat' dir='ltr'><strong>enim</strong></span> <span class='ocrx_word' id='word_1_129' title='bbox 3207 655 3257 710; x_wconf 92' lang='lat' dir='ltr'><strong>in</strong></span> <span class='ocrx_word' id='word_1_130' title='bbox 3300 654 3402 712; x_wconf 90' lang='lat' dir='ltr'><strong>lioc</strong></span> <span class='ocrx_word' id='word_1_131' title='bbox 3433 657 3537 712; x_wconf 91' lang='lat' dir='ltr'><strong>dif-</strong></span> 
     </span>
    </p>
   </div>
   <div class='ocr_carea' id='block_1_22' title="bbox 1937 744 3536 818">
    <p class='ocr_par' dir='ltr' id='par_1_22' title="bbox 1937 744 3536 818">
     <span class='ocr_line' id='line_1_22' title="bbox 1937 744 3536 818; baseline 0.004 -18"><span class='ocrx_word' id='word_1_132' title='bbox 1937 744 2102 800; x_wconf 91' lang='lat' dir='ltr'><strong>ferta</strong></span> <span class='ocrx_word' id='word_1_133' title='bbox 2135 757 2421 815; x_wconf 88' lang='lat' dir='ltr'><strong>peccatore</strong></span> <span class='ocrx_word' id='word_1_134' title='bbox 2463 748 2547 802; x_wconf 88' lang='lat' dir='ltr'><strong>vir</strong></span> <span class='ocrx_word' id='word_1_135' title='bbox 2589 761 2831 813; x_wconf 75' lang='lat' dir='ltr'><strong>sanatus,</strong></span> <span class='ocrx_word' id='word_1_136' title='bbox 2861 749 2984 818; x_wconf 88' lang='lat' dir='ltr'><strong>quia</strong></span> <span class='ocrx_word' id='word_1_137' title='bbox 3032 763 3139 804; x_wconf 92' lang='lat' dir='ltr'><strong>non</strong></span> <span class='ocrx_word' id='word_1_138' title='bbox 3187 748 3437 804; x_wconf 71' lang='lat' dir='ltr'><strong>similiter</strong></span> <span class='ocrx_word' id='word_1_139' title='bbox 3481 760 3536 807; x_wconf 89' lang='lat' dir='ltr'><strong>et</strong></span> 
     </span>
    </p>
   </div>
   <div class='ocr_carea' id='block_1_23' title="bbox 1935 838 3533 914">
    <p class='ocr_par' dir='ltr' id='par_1_23' title="bbox 1935 838 3533 914">
     <span class='ocr_line' id='line_1_23' title="bbox 1935 838 3533 914; baseline 0.004 -21"><span class='ocrx_word' id='word_1_140' title='bbox 1935 838 2052 906; x_wconf 78' lang='lat' dir='ltr'><strong>ipse</strong></span> <span class='ocrx_word' id='word_1_141' title='bbox 2079 848 2341 905; x_wconf 90' lang='lat' dir='ltr'><strong>tentatur,</strong></span> <span class='ocrx_word' id='word_1_142' title='bbox 2375 841 2469 894; x_wconf 89' lang='lat' dir='ltr'><strong>sed</strong></span> <span class='ocrx_word' id='word_1_143' title='bbox 2515 843 2636 910; x_wconf 87' lang='lat' dir='ltr'><strong>quia</strong></span> <span class='ocrx_word' id='word_1_144' title='bbox 2687 843 2773 897; x_wconf 88' lang='lat' dir='ltr'><strong>ltic</strong></span> <span class='ocrx_word' id='word_1_145' title='bbox 2802 844 2966 898; x_wconf 87' lang='lat' dir='ltr'><strong>etiam</strong></span> <span class='ocrx_word' id='word_1_146' title='bbox 3013 859 3202 911; x_wconf 81' lang='lat' dir='ltr'><strong>magna</strong></span> <span class='ocrx_word' id='word_1_147' title='bbox 3249 843 3533 914; x_wconf 68' lang='lat' dir='ltr'><strong>impugna-</strong></span> 
     </span>
    </p>
   </div>
   <div class='ocr_carea' id='block_1_24' title="bbox 1937 929 3534 1000">
    <p class='ocr_par' dir='ltr' id='par_1_24' title="bbox 1937 929 3534 1000">
     <span class='ocr_line' id='line_1_24' title="bbox 1937 929 3534 1000; baseline 0.006 -17"><span class='ocrx_word' id='word_1_148' title='bbox 1937 929 2087 986; x_wconf 83' lang='lat' dir='ltr'><strong>tione</strong></span> <span class='ocrx_word' id='word_1_149' title='bbox 2115 947 2220 984; x_wconf 86' lang='lat' dir='ltr'><strong>non</strong></span> <span class='ocrx_word' id='word_1_150' title='bbox 2251 932 2504 995; x_wconf 89' lang='lat' dir='ltr'><strong>vincitur,</strong></span> <span class='ocrx_word' id='word_1_151' title='bbox 2531 935 2620 988; x_wconf 92' lang='lat' dir='ltr'><strong>ille</strong></span> <span class='ocrx_word' id='word_1_152' title='bbox 2641 943 2817 989; x_wconf 87' lang='lat' dir='ltr'><strong>autem</strong></span> <span class='ocrx_word' id='word_1_153' title='bbox 2845 936 3013 990; x_wconf 88' lang='lat' dir='ltr'><strong>etiant</strong></span> <span class='ocrx_word' id='word_1_154' title='bbox 3041 952 3201 1000; x_wconf 84' lang='lat' dir='ltr'><strong>parva</strong></span> <span class='ocrx_word' id='word_1_155' title='bbox 3230 938 3534 994; x_wconf 85' lang='lat' dir='ltr'><strong>tentatione</strong></span> 
     </span>
    </p>
   </div>
   <div class='ocr_carea' id='block_1_25' title="bbox 1934 1025 3532 1099">
    <p class='ocr_par' dir='ltr' id='par_1_25' title="bbox 1934 1025 3532 1099">
     <span class='ocr_line' id='line_1_25' title="bbox 1934 1025 3532 1099; baseline 0.004 -21"><span class='ocrx_word' id='word_1_156' title='bbox 1934 1032 2241 1092; x_wconf 84' lang='lat' dir='ltr'><strong>superatur.</strong></span> <span class='ocrx_word' id='word_1_157' title='bbox 2281 1025 2464 1095; x_wconf 81' lang='lat' dir='ltr'><strong>Neque</strong></span> <span class='ocrx_word' id='word_1_158' title='bbox 2491 1028 2634 1081; x_wconf 87' lang='lat' dir='ltr'><strong>enim</strong></span> <span class='ocrx_word' id='word_1_159' title='bbox 2668 1042 2834 1094; x_wconf 88' lang='lat' dir='ltr'><strong>esset,</strong></span> <span class='ocrx_word' id='word_1_160' title='bbox 2867 1040 2926 1084; x_wconf 89' lang='lat' dir='ltr'><strong>ut</strong></span> <span class='ocrx_word' id='word_1_161' title='bbox 2958 1029 3215 1094; x_wconf 79' lang='lat' dir='ltr'><strong>diximus,</strong></span> <span class='ocrx_word' id='word_1_162' title='bbox 3256 1029 3386 1099; x_wconf 83' lang='lat' dir='ltr'><strong>justi</strong></span> <span class='ocrx_word' id='word_1_163' title='bbox 3433 1031 3532 1084; x_wconf 88' lang='lat' dir='ltr'><strong>ali-</strong></span> 
     </span>
    </p>
   </div>
   <div class='ocr_carea' id='block_1_26' title="bbox 1936 1116 3526 1188">
    <p class='ocr_par' dir='ltr' id='par_1_26' title="bbox 1936 1116 3526 1188">
     <span class='ocr_line' id='line_1_26' title="bbox 1936 1116 3526 1188; baseline 0.006 -18"><span class='ocrx_word' id='word_1_164' title='bbox 1936 1116 2090 1186; x_wconf 76' lang='lat' dir='ltr'><strong>cujus</strong></span> <span class='ocrx_word' id='word_1_165' title='bbox 2140 1117 2430 1172; x_wconf 83' lang='lat' dir='ltr'><strong>laudabilis</strong></span> <span class='ocrx_word' id='word_1_166' title='bbox 2475 1119 2755 1183; x_wconf 86' lang='lat' dir='ltr'><strong>fortitudo,</strong></span> <span class='ocrx_word' id='word_1_167' title='bbox 2813 1121 2857 1174; x_wconf 80' lang='lat' dir='ltr'><strong>si</strong></span> <span class='ocrx_word' id='word_1_168' title='bbox 2915 1123 3161 1178; x_wconf 78' lang='lat' dir='ltr'><strong>vinceret</strong></span> <span class='ocrx_word' id='word_1_169' title='bbox 3209 1123 3526 1188; x_wconf 86' lang='lat' dir='ltr'><strong>intentatus,</strong></span> 
     </span>
    </p>
   </div>
   <div class='ocr_carea' id='block_1_27' title="bbox 1932 1211 3530 1285">
    <p class='ocr_par' dir='ltr' id='par_1_27' title="bbox 1932 1211 3530 1285">
     <span class='ocr_line' id='line_1_27' title="bbox 1932 1211 3530 1285; baseline 0.006 -22"><span class='ocrx_word' id='word_1_170' title='bbox 1932 1222 2054 1263; x_wconf 81' lang='lat' dir='ltr'><strong>eum</strong></span> <span class='ocrx_word' id='word_1_171' title='bbox 2084 1220 2269 1281; x_wconf 69' lang='lat' dir='ltr'><strong>utique</strong></span> <span class='ocrx_word' id='word_1_172' title='bbox 2291 1211 2516 1266; x_wconf 74' lang='lat' dir='ltr'><strong>victoria</strong></span> <span class='ocrx_word' id='word_1_173' title='bbox 2551 1212 2728 1268; x_wconf 89' lang='lat' dir='ltr'><strong>locum</strong></span> <span class='ocrx_word' id='word_1_174' title='bbox 2763 1214 2964 1270; x_wconf 86' lang='lat' dir='ltr'><strong>habere</strong></span> <span class='ocrx_word' id='word_1_175' title='bbox 2993 1230 3102 1270; x_wconf 90' lang='lat' dir='ltr'><strong>non</strong></span> <span class='ocrx_word' id='word_1_176' title='bbox 3133 1217 3304 1284; x_wconf 83' lang='lat' dir='ltr'><strong>possit</strong></span> <span class='ocrx_word' id='word_1_177' title='bbox 3326 1217 3530 1285; x_wconf 83' lang='lat' dir='ltr'><strong>absque</strong></span> 
     </span>
    </p>
   </div>
   <div class='ocr_carea' id='block_1_28' title="bbox 1931 1303 3530 1378">
    <p class='ocr_par' dir='ltr' id='par_1_28' title="bbox 1931 1303 3530 1378">
     <span class='ocr_line' id='line_1_28' title="bbox 1931 1303 3530 1378; baseline 0.004 -22"><span class='ocrx_word' id='word_1_178' title='bbox 1931 1303 2262 1358; x_wconf 72' lang='lat' dir='ltr'><strong>adver~itate</strong></span> <span class='ocrx_word' id='word_1_179' title='bbox 2289 1309 2668 1359; x_wconf 86' lang='lat' dir='ltr'><strong>certaminum.</strong></span> <span class='ocrx_word' id='word_1_180' title='bbox 2703 1303 2898 1360; x_wconf 83' lang='lat' dir='ltr'><strong>Beatus</strong></span> <span class='ocrx_word' id='word_1_181' title='bbox 2927 1308 3068 1361; x_wconf 89' lang='lat' dir='ltr'><strong>enim</strong></span> <span class='ocrx_word' id='word_1_182' title='bbox 3109 1308 3187 1362; x_wconf 86' lang='lat' dir='ltr'><strong>vir</strong></span> <span class='ocrx_word' id='word_1_183' title='bbox 3215 1310 3308 1378; x_wconf 83' lang='lat' dir='ltr'><strong>qui</strong></span> <span class='ocrx_word' id='word_1_184' title='bbox 3343 1306 3530 1374; x_wconf 69' lang='lat' dir='ltr'><strong>suffert</strong></span> 
     </span>
    </p>
   </div>
   <div class='ocr_carea' id='block_1_29' title="bbox 1931 1399 3529 1474">
    <p class='ocr_par' dir='ltr' id='par_1_29' title="bbox 1931 1399 3529 1474">
     <span class='ocr_line' id='line_1_29' title="bbox 1931 1399 3529 1474; baseline 0.003 -23"><span class='ocrx_word' id='word_1_185' title='bbox 1931 1402 2288 1461; x_wconf 86' lang='lat' dir='ltr'><strong>tentationem,</strong></span> <span class='ocrx_word' id='word_1_186' title='bbox 2322 1402 2442 1467; x_wconf 75' lang='lat' dir='ltr'><strong>quia</strong></span> <span class='ocrx_word' id='word_1_187' title='bbox 2469 1417 2583 1453; x_wconf 77' lang='lat' dir='ltr'><strong>cum</strong></span> <span class='ocrx_word' id='word_1_188' title='bbox 2623 1399 2870 1472; x_wconf 85' lang='lat' dir='ltr'><strong>probatus</strong></span> <span class='ocrx_word' id='word_1_189' title='bbox 2913 1402 3088 1472; x_wconf 81' lang='lat' dir='ltr'><strong>fuerit.</strong></span> <span class='ocrx_word' id='word_1_190' title='bbox 3129 1403 3349 1474; x_wconf 73' lang='lat' dir='ltr'><strong>accipiet</strong></span> <span class='ocrx_word' id='word_1_191' title='bbox 3378 1417 3529 1456; x_wconf 88' lang='lat' dir='ltr'><strong>coro-</strong></span> 
     </span>
    </p>
   </div>
   <div class='ocr_carea' id='block_1_30' title="bbox 1931 1492 3526 1564">
    <p class='ocr_par' dir='ltr' id='par_1_30' title="bbox 1931 1492 3526 1564">
     <span class='ocr_line' id='line_1_30' title="bbox 1931 1492 3526 1564; baseline 0.003 -20"><span class='ocrx_word' id='word_1_192' title='bbox 1931 1507 2049 1544; x_wconf 84' lang='lat' dir='ltr'><strong>nam</strong></span> <span class='ocrx_word' id='word_1_193' title='bbox 2074 1493 2202 1556; x_wconf 45' lang='lat' dir='ltr'><strong>litae,</strong></span> <span class='ocrx_word' id='word_1_194' title='bbox 2227 1510 2379 1556; x_wconf 80' lang='lat' dir='ltr'><strong>quam</strong></span> <span class='ocrx_word' id='word_1_195' title='bbox 2401 1495 2697 1563; x_wconf 74' lang='lat' dir='ltr'><strong>repromisit</strong></span> <span class='ocrx_word' id='word_1_196' title='bbox 2720 1492 2855 1547; x_wconf 84' lang='lat' dir='ltr'><strong>Deus</strong></span> <span class='ocrx_word' id='word_1_197' title='bbox 2879 1495 3207 1564; x_wconf 78' lang='lat' dir='ltr'><strong>diligentibus</strong></span> <span class='ocrx_word' id='word_1_198' title='bbox 3229 1510 3282 1548; x_wconf 86' lang='lat' dir='ltr'><strong>se</strong></span> <span class='ocrx_word' id='word_1_199' title='bbox 3303 1492 3442 1563; x_wconf 82' lang='lat' dir='ltr'><strong>(Jac.</strong></span> <span class='ocrx_word' id='word_1_200' title='bbox 3462 1494 3526 1563; x_wconf 88' lang='lat' dir='ltr'><strong>t).</strong></span> 
     </span>
    </p>
   </div>
   <div class='ocr_carea' id='block_1_31' title="bbox 1928 1585 3525 1656">
    <p class='ocr_par' dir='ltr' id='par_1_31' title="bbox 1928 1585 3525 1656">
     <span class='ocr_line' id='line_1_31' title="bbox 1928 1585 3525 1656; baseline 0.001 -16"><span class='ocrx_word' id='word_1_201' title='bbox 1928 1585 2237 1640; x_wconf 83' lang='lat' dir='ltr'><strong>Secundum</strong></span> <span class='ocrx_word' id='word_1_202' title='bbox 2287 1586 2596 1654; x_wconf 79' lang='lat' dir='ltr'><strong>aposmlum</strong></span> <span class='ocrx_word' id='word_1_203' title='bbox 2642 1601 2854 1656; x_wconf 88' lang='lat' dir='ltr'><strong>quoque</strong></span> <span class='ocrx_word' id='word_1_204' title='bbox 2911 1585 3167 1650; x_wconf 88' lang='lat' dir='ltr'><strong>Paulum,</strong></span> <span class='ocrx_word' id='word_1_205' title='bbox 3219 1588 3378 1641; x_wconf 76' lang='lat' dir='ltr'><strong>virtus</strong></span> <span class='ocrx_word' id='word_1_206' title='bbox 3419 1601 3525 1641; x_wconf 91' lang='lat' dir='ltr'><strong>non</strong></span> 
     </span>
    </p>
   </div>
   <div class='ocr_carea' id='block_1_32' title="bbox 1931 1676 3526 1748">
    <p class='ocr_par' dir='ltr' id='par_1_32' title="bbox 1931 1676 3526 1748">
     <span class='ocr_line' id='line_1_32' title="bbox 1931 1676 3526 1748; baseline 0 -18"><span class='ocrx_word' id='word_1_207' title='bbox 1931 1676 1982 1730; x_wconf 93' lang='lat' dir='ltr'><strong>in</strong></span> <span class='ocrx_word' id='word_1_208' title='bbox 2037 1677 2150 1730; x_wconf 91' lang='lat' dir='ltr'><strong>otio</strong></span> <span class='ocrx_word' id='word_1_209' title='bbox 2197 1692 2360 1746; x_wconf 84' lang='lat' dir='ltr'><strong>atque</strong></span> <span class='ocrx_word' id='word_1_210' title='bbox 2407 1677 2637 1742; x_wconf 88' lang='lat' dir='ltr'><strong>deliciis,</strong></span> <span class='ocrx_word' id='word_1_211' title='bbox 2681 1679 2779 1732; x_wconf 92' lang='lat' dir='ltr'><strong>sed</strong></span> <span class='ocrx_word' id='word_1_212' title='bbox 2809 1682 2863 1730; x_wconf 89' lang='lat' dir='ltr'><strong>in</strong></span> <span class='ocrx_word' id='word_1_213' title='bbox 2908 1677 3209 1746; x_wconf 77' lang='lat' dir='ltr'><strong>inﬁrmitate</strong></span> <span class='ocrx_word' id='word_1_214' title='bbox 3256 1677 3526 1748; x_wconf 81' lang='lat' dir='ltr'><strong>perﬁcitur</strong></span> 
     </span>
    </p>
   </div>
   <div class='ocr_carea' id='block_1_33' title="bbox 1929 1768 3526 1840">
    <p class='ocr_par' dir='ltr' id='par_1_33' title="bbox 1929 1768 3526 1840">
     <span class='ocr_line' id='line_1_33' title="bbox 1929 1768 3526 1840; baseline 0.002 -19"><span class='ocrx_word' id='word_1_215' title='bbox 1929 1769 1995 1840; x_wconf 93' lang='lat' dir='ltr'><strong>(ll</strong></span> <span class='ocrx_word' id='word_1_216' title='bbox 2028 1768 2149 1823; x_wconf 87' lang='lat' dir='ltr'><strong>Cor.</strong></span> <span class='ocrx_word' id='word_1_217' title='bbox 2185 1772 2306 1835; x_wconf 81' lang='lat' dir='ltr'><strong>xu).</strong></span> <span class='ocrx_word' id='word_1_218' title='bbox 2340 1769 2473 1824; x_wconf 80' lang='lat' dir='ltr'><strong>Ecce</strong></span> <span class='ocrx_word' id='word_1_219' title='bbox 2501 1772 2660 1834; x_wconf 87' lang='lat' dir='ltr'><strong>enim,</strong></span> <span class='ocrx_word' id='word_1_220' title='bbox 2691 1769 2886 1838; x_wconf 88' lang='lat' dir='ltr'><strong>inquit,</strong></span> <span class='ocrx_word' id='word_1_221' title='bbox 2918 1769 3039 1823; x_wconf 87' lang='lat' dir='ltr'><strong>dedi</strong></span> <span class='ocrx_word' id='word_1_222' title='bbox 3071 1781 3118 1825; x_wconf 84' lang='lat' dir='ltr'><strong>te</strong></span> <span class='ocrx_word' id='word_1_223' title='bbox 3142 1769 3297 1824; x_wconf 71' lang='lat' dir='ltr'><strong>hodie</strong></span> <span class='ocrx_word' id='word_1_224' title='bbox 3323 1772 3374 1824; x_wconf 90' lang='lat' dir='ltr'><strong>in</strong></span> <span class='ocrx_word' id='word_1_225' title='bbox 3401 1770 3526 1824; x_wconf 78' lang='lat' dir='ltr'><strong>civi-</strong></span> 
     </span>
    </p>
   </div>
   <div class='ocr_carea' id='block_1_34' title="bbox 231 1851 3526 1936">
    <p class='ocr_par' dir='ltr' id='par_1_34' title="bbox 231 1851 3526 1936">
     <span class='ocr_line' id='line_1_34' title="bbox 231 1851 3526 1936; baseline 0.004 -32"><span class='ocrx_word' id='word_1_226' title='bbox 231 1851 323 1905; x_wconf 84' lang='lat' dir='ltr'><strong>sed</strong></span> <span class='ocrx_word' id='word_1_227' title='bbox 354 1853 408 1906; x_wconf 93' lang='lat' dir='ltr'><strong>in</strong></span> <span class='ocrx_word' id='word_1_228' title='bbox 440 1869 507 1908; x_wconf 86' lang='lat' dir='ltr'><strong>eo</strong></span> <span class='ocrx_word' id='word_1_229' title='bbox 525 1865 606 1910; x_wconf 88' lang='lat' dir='ltr'><strong>est</strong></span> <span class='ocrx_word' id='word_1_230' title='bbox 635 1860 891 1926; x_wconf 47' lang='lat' dir='ltr'><strong>praiclara</strong></span> <span class='ocrx_word' id='word_1_231' title='bbox 922 1876 1082 1931; x_wconf 89' lang='lat' dir='ltr'><strong>atque</strong></span> <span class='ocrx_word' id='word_1_232' title='bbox 1108 1863 1368 1933; x_wconf 81' lang='lat' dir='ltr'><strong>gloriOsa,</strong></span> <span class='ocrx_word' id='word_1_233' title='bbox 1401 1868 1542 1936; x_wconf 89' lang='lat' dir='ltr'><strong>quod</strong></span> <span class='ocrx_word' id='word_1_234' title='bbox 1571 1871 1826 1924; x_wconf 88' lang='lat' dir='ltr'><strong>irruenti-</strong></span> <span class='ocrx_word' id='word_1_235' title='bbox 1856 1858 1903 1918; x_wconf 86' lang='grc' dir='ltr'>Β</span> <span class='ocrx_word' id='word_1_236' title='bbox 1929 1874 2083 1916; x_wconf 83' lang='lat' dir='ltr'><strong>tatem</strong></span> <span class='ocrx_word' id='word_1_237' title='bbox 2111 1866 2383 1930; x_wconf 83' lang='lat' dir='ltr'><strong>munitam,</strong></span> <span class='ocrx_word' id='word_1_238' title='bbox 2413 1875 2458 1918; x_wconf 83' lang='lat' dir='ltr'><strong>et</strong></span> <span class='ocrx_word' id='word_1_239' title='bbox 2493 1867 2547 1918; x_wconf 88' lang='lat' dir='ltr'><strong>in</strong></span> <span class='ocrx_word' id='word_1_240' title='bbox 2574 1865 2868 1918; x_wconf 84' lang='lat' dir='ltr'><strong>columnam</strong></span> <span class='ocrx_word' id='word_1_241' title='bbox 2895 1865 3135 1935; x_wconf 80' lang='lat' dir='ltr'><strong>ferream,</strong></span> <span class='ocrx_word' id='word_1_242' title='bbox 3159 1874 3205 1918; x_wconf 85' lang='lat' dir='ltr'><strong>et</strong></span> <span class='ocrx_word' id='word_1_243' title='bbox 3239 1866 3294 1918; x_wconf 87' lang='lat' dir='ltr'><strong>in</strong></span> <span class='ocrx_word' id='word_1_244' title='bbox 3317 1881 3526 1919; x_wconf 84' lang='lat' dir='ltr'><strong>murum</strong></span> 
     </span>
    </p>
   </div>
   <div class='ocr_carea' id='block_1_35' title="bbox 229 1941 1824 2032">
    <p class='ocr_par' dir='ltr' id='par_1_35' title="bbox 229 1941 1824 2032">
     <span class='ocr_line' id='line_1_35' title="bbox 229 1941 1824 2032; baseline 0.015 -34"><span class='ocrx_word' id='word_1_245' title='bbox 229 1941 330 1998; x_wconf 87' lang='lat' dir='ltr'><strong>bus</strong></span> <span class='ocrx_word' id='word_1_246' title='bbox 369 1948 421 2000; x_wconf 93' lang='lat' dir='ltr'><strong>in</strong></span> <span class='ocrx_word' id='word_1_247' title='bbox 461 1963 521 2003; x_wconf 91' lang='lat' dir='ltr'><strong>se</strong></span> <span class='ocrx_word' id='word_1_248' title='bbox 561 1955 918 2008; x_wconf 85' lang='lat' dir='ltr'><strong>tentatiouttm</strong></span> <span class='ocrx_word' id='word_1_249' title='bbox 958 1960 1216 2026; x_wconf 86' lang='lat' dir='ltr'><strong>procellis</strong></span> <span class='ocrx_word' id='word_1_250' title='bbox 1247 1960 1544 2017; x_wconf 86' lang='lat' dir='ltr'><strong>immobilis</strong></span> <span class='ocrx_word' id='word_1_251' title='bbox 1571 1979 1824 2032; x_wconf 82' lang='lat' dir='ltr'><strong>perseve-</strong></span> 
     </span>
    </p>
   </div>
   <div class='ocr_carea' id='block_1_36' title="bbox 227 2038 1820 2122">
    <p class='ocr_par' dir='ltr' id='par_1_36' title="bbox 227 2038 1820 2122">
     <span class='ocr_line' id='line_1_36' title="bbox 227 2038 1820 2122; baseline 0.014 -30"><span class='ocrx_word' id='word_1_252' title='bbox 227 2048 331 2092; x_wconf 86' lang='lat' dir='ltr'><strong>rat.</strong></span> <span class='ocrx_word' id='word_1_253' title='bbox 366 2038 498 2094; x_wconf 84' lang='lat' dir='ltr'><strong>Natn</strong></span> <span class='ocrx_word' id='word_1_254' title='bbox 529 2040 582 2095; x_wconf 86' lang='lat' dir='ltr'><strong>iit</strong></span> <span class='ocrx_word' id='word_1_255' title='bbox 609 2060 717 2113; x_wconf 82' lang='lat' dir='ltr'><strong>quo</strong></span> <span class='ocrx_word' id='word_1_256' title='bbox 745 2049 926 2102; x_wconf 88' lang='lat' dir='ltr'><strong>vexari</strong></span> <span class='ocrx_word' id='word_1_257' title='bbox 962 2048 1240 2122; x_wconf 75' lang='lat' dir='ltr'><strong>frangique</strong></span> <span class='ocrx_word' id='word_1_258' title='bbox 1267 2053 1683 2112; x_wconf 87' lang='lat' dir='ltr'><strong>adversitatibtts</strong></span> <span class='ocrx_word' id='word_1_259' title='bbox 1703 2073 1820 2114; x_wconf 83' lang='lat' dir='ltr'><strong>cre-</strong></span> 
     </span>
    </p>
   </div>
   <div class='ocr_carea' id='block_1_37' title="bbox 227 2129 1818 2220">
    <p class='ocr_par' dir='ltr' id='par_1_37' title="bbox 227 2129 1818 2220">
     <span class='ocr_line' id='line_1_37' title="bbox 227 2129 1818 2220; baseline 0.016 -37"><span class='ocrx_word' id='word_1_260' title='bbox 227 2129 396 2191; x_wconf 89' lang='lat' dir='ltr'><strong>ditur.</strong></span> <span class='ocrx_word' id='word_1_261' title='bbox 425 2133 478 2187; x_wconf 91' lang='lat' dir='ltr'><strong>in</strong></span> <span class='ocrx_word' id='word_1_262' title='bbox 509 2151 575 2190; x_wconf 89' lang='lat' dir='ltr'><strong>eo</strong></span> <span class='ocrx_word' id='word_1_263' title='bbox 607 2138 784 2206; x_wconf 87' lang='lat' dir='ltr'><strong>potius</strong></span> <span class='ocrx_word' id='word_1_264' title='bbox 815 2142 1130 2211; x_wconf 87' lang='lat' dir='ltr'><strong>roboratur;</strong></span> <span class='ocrx_word' id='word_1_265' title='bbox 1157 2156 1210 2201; x_wconf 89' lang='lat' dir='ltr'><strong>et</strong></span> <span class='ocrx_word' id='word_1_266' title='bbox 1233 2147 1283 2201; x_wconf 92' lang='lat' dir='ltr'><strong>in</strong></span> <span class='ocrx_word' id='word_1_267' title='bbox 1307 2163 1372 2202; x_wconf 93' lang='lat' dir='ltr'><strong>eo</strong></span> <span class='ocrx_word' id='word_1_268' title='bbox 1401 2152 1569 2220; x_wconf 84' lang='lat' dir='ltr'><strong>magis</strong></span> <span class='ocrx_word' id='word_1_269' title='bbox 1589 2155 1818 2220; x_wconf 89' lang='lat' dir='ltr'><strong>acuitur,</strong></span> 
     </span>
    </p>
   </div>
   <div class='ocr_carea' id='block_1_38' title="bbox 228 2222 1824 2310">
    <p class='ocr_par' dir='ltr' id='par_1_38' title="bbox 228 2222 1824 2310">
     <span class='ocr_line' id='line_1_38' title="bbox 228 2222 1824 2310; baseline 0.017 -32"><span class='ocrx_word' id='word_1_270' title='bbox 228 2222 282 2278; x_wconf 91' lang='lat' dir='ltr'><strong>in</strong></span> <span class='ocrx_word' id='word_1_271' title='bbox 327 2241 436 2295; x_wconf 92' lang='lat' dir='ltr'><strong>quo</strong></span> <span class='ocrx_word' id='word_1_272' title='bbox 485 2242 705 2296; x_wconf 85' lang='lat' dir='ltr'><strong>putatur</strong></span> <span class='ocrx_word' id='word_1_273' title='bbox 751 2235 999 2292; x_wconf 89' lang='lat' dir='ltr'><strong>obtundi.</strong></span> <span class='ocrx_word' id='word_1_274' title='bbox 1034 2248 1059 2275; x_wconf 75' lang='grc' dir='ltr'>ι</span> <span class='ocrx_word' id='word_1_275' title='bbox 1094 2243 1134 2294; x_wconf 82' lang='grc' dir='ltr'>Α</span> <span class='ocrx_word' id='word_1_276' title='bbox 1187 2244 1528 2310; x_wconf 88' lang='lat' dir='ltr'><strong>passionibus</strong></span> <span class='ocrx_word' id='word_1_277' title='bbox 1576 2250 1718 2303; x_wconf 89' lang='lat' dir='ltr'><strong>enim</strong></span> <span class='ocrx_word' id='word_1_278' title='bbox 1767 2256 1824 2305; x_wconf 85' lang='lat' dir='ltr'><strong>et</strong></span> 
     </span>
    </p>
   </div>
   <div class='ocr_carea' id='block_1_39' title="bbox 226 2323 1821 2414">
    <p class='ocr_par' dir='ltr' id='par_1_39' title="bbox 226 2323 1821 2414">
     <span class='ocr_line' id='line_1_39' title="bbox 226 2323 1821 2414; baseline 0.019 -45"><span class='ocrx_word' id='word_1_279' title='bbox 226 2323 622 2414; x_wconf 74' lang='lat' dir='ltr'><strong>sustentatione</strong></span> <span class='ocrx_word' id='word_1_280' title='bbox 646 2325 958 2394; x_wconf 74' lang='lat' dir='ltr'><strong>patientiam</strong></span> <span class='ocrx_word' id='word_1_281' title='bbox 983 2332 1088 2387; x_wconf 91' lang='lat' dir='ltr'><strong>dici</strong></span> <span class='ocrx_word' id='word_1_282' title='bbox 1120 2335 1296 2392; x_wconf 90' lang='lat' dir='ltr'><strong>nullus</strong></span> <span class='ocrx_word' id='word_1_283' title='bbox 1327 2340 1562 2409; x_wconf 87' lang='lat' dir='ltr'><strong>ignorat,</strong></span> <span class='ocrx_word' id='word_1_284' title='bbox 1592 2341 1821 2414; x_wconf 88' lang='lat' dir='ltr'><strong>ideoque</strong></span> 
     </span>
    </p>
   </div>
   <div class='ocr_carea' id='block_1_40' title="bbox 226 2407 1819 2506">
    <p class='ocr_par' dir='ltr' id='par_1_40' title="bbox 226 2407 1819 2506">
     <span class='ocr_line' id='line_1_40' title="bbox 226 2407 1819 2506; baseline 0.018 -41"><span class='ocrx_word' id='word_1_285' title='bbox 226 2407 502 2470; x_wconf 64' lang='lat' dir='ltr'><strong>l’constat.</strong></span> <span class='ocrx_word' id='word_1_286' title='bbox 559 2420 855 2487; x_wconf 81' lang='lat' dir='ltr'><strong>patientem</strong></span> <span class='ocrx_word' id='word_1_287' title='bbox 916 2431 1251 2494; x_wconf 87' lang='lat' dir='ltr'><strong>pronuntiari</strong></span> <span class='ocrx_word' id='word_1_288' title='bbox 1310 2407 1582 2488; x_wconf 80' lang='lat' dir='ltr'><strong>neminem</strong></span> <span class='ocrx_word' id='word_1_289' title='bbox 1637 2451 1819 2506; x_wconf 82' lang='lat' dir='ltr'><strong>posse,</strong></span> 
     </span>
    </p>
   </div>
   <div class='ocr_carea' id='block_1_41' title="bbox 225 2507 1818 2600">
    <p class='ocr_par' dir='ltr' id='par_1_41' title="bbox 225 2507 1818 2600">
     <span class='ocr_line' id='line_1_41' title="bbox 225 2507 1818 2600; baseline 0.016 -40"><span class='ocrx_word' id='word_1_290' title='bbox 225 2507 328 2562; x_wconf 85' lang='lat' dir='ltr'><strong>nisi</strong></span> <span class='ocrx_word' id='word_1_291' title='bbox 386 2523 510 2565; x_wconf 90' lang='lat' dir='ltr'><strong>eum</strong></span> <span class='ocrx_word' id='word_1_292' title='bbox 567 2513 661 2581; x_wconf 90' lang='lat' dir='ltr'><strong>qui</strong></span> <span class='ocrx_word' id='word_1_293' title='bbox 719 2519 968 2573; x_wconf 88' lang='lat' dir='ltr'><strong>universa</strong></span> <span class='ocrx_word' id='word_1_294' title='bbox 1022 2537 1140 2592; x_wconf 74' lang='lat' dir='ltr'><strong>qua:</strong></span> <span class='ocrx_word' id='word_1_295' title='bbox 1189 2523 1289 2578; x_wconf 85' lang='lat' dir='ltr'><strong>sibi</strong></span> <span class='ocrx_word' id='word_1_296' title='bbox 1339 2525 1538 2582; x_wconf 82' lang='lat' dir='ltr'><strong>fuerint</strong></span> <span class='ocrx_word' id='word_1_297' title='bbox 1587 2528 1818 2600; x_wconf 80' lang='lat' dir='ltr'><strong>irrogata</strong></span> 
     </span>
    </p>
   </div>
   <div class='ocr_carea' id='block_1_42' title="bbox 225 2599 1820 2676">
    <p class='ocr_par' dir='ltr' id='par_1_42' title="bbox 225 2599 1820 2676">
     <span class='ocr_line' id='line_1_42' title="bbox 225 2599 1820 2676; baseline 0.016 -24"><span class='ocrx_word' id='word_1_298' title='bbox 225 2599 430 2670; x_wconf 80' lang='lat' dir='ltr'><strong>absque</strong></span> <span class='ocrx_word' id='word_1_299' title='bbox 481 2603 852 2674; x_wconf 77' lang='lat' dir='ltr'><strong>indignatione</strong></span> <span class='ocrx_word' id='word_1_300' title='bbox 901 2610 1229 2668; x_wconf 85' lang='lat' dir='ltr'><strong>toleraverit.</strong></span> <span class='ocrx_word' id='word_1_301' title='bbox 1283 2615 1350 2670; x_wconf 88' lang='lat' dir='ltr'><strong>Et</strong></span> <span class='ocrx_word' id='word_1_302' title='bbox 1401 2618 1520 2672; x_wconf 92' lang='lat' dir='ltr'><strong>ideo</strong></span> <span class='ocrx_word' id='word_1_303' title='bbox 1570 2636 1674 2675; x_wconf 91' lang='lat' dir='ltr'><strong>non</strong></span> <span class='ocrx_word' id='word_1_304' title='bbox 1722 2626 1820 2676; x_wconf 92' lang='lat' dir='ltr'><strong>lm-</strong></span> 
     </span>
    </p>
   </div>
   <div class='ocr_carea' id='block_1_43' title="bbox 226 2696 1819 2786">
    <p class='ocr_par' dir='ltr' id='par_1_43' title="bbox 226 2696 1819 2786">
     <span class='ocr_line' id='line_1_43' title="bbox 226 2696 1819 2786; baseline 0.014 -39"><span class='ocrx_word' id='word_1_305' title='bbox 226 2696 427 2750; x_wconf 88' lang='lat' dir='ltr'><strong>merito</strong></span> <span class='ocrx_word' id='word_1_306' title='bbox 456 2696 528 2751; x_wconf 89' lang='lat' dir='ltr'><strong>ita</strong></span> <span class='ocrx_word' id='word_1_307' title='bbox 558 2715 584 2750; x_wconf 89' lang='lat' dir='ltr'><strong>a</strong></span> <span class='ocrx_word' id='word_1_308' title='bbox 611 2699 909 2758; x_wconf 87' lang='lat' dir='ltr'><strong>Salomone</strong></span> <span class='ocrx_word' id='word_1_309' title='bbox 937 2705 1185 2762; x_wconf 88' lang='lat' dir='ltr'><strong>laudatur</strong></span> <span class='ocrx_word' id='word_1_310' title='bbox 1212 2726 1225 2763; x_wconf 91' lang='lat'>:</span> <span class='ocrx_word' id='word_1_311' title='bbox 1257 2719 1279 2748; x_wconf 72' lang='grc' dir='ltr'><strong>ε</strong></span> <span class='ocrx_word' id='word_1_312' title='bbox 1309 2709 1500 2764; x_wconf 80' lang='lat' dir='ltr'><strong>Melior</strong></span> <span class='ocrx_word' id='word_1_313' title='bbox 1526 2723 1600 2766; x_wconf 90' lang='lat' dir='ltr'><strong>est</strong></span> <span class='ocrx_word' id='word_1_314' title='bbox 1620 2715 1819 2786; x_wconf 86' lang='lat' dir='ltr'><strong>patiens</strong></span> 
     </span>
    </p>
   </div>
   <div class='ocr_carea' id='block_1_44' title="bbox 225 2789 1814 2880">
    <p class='ocr_par' dir='ltr' id='par_1_44' title="bbox 225 2789 1814 2880">
     <span class='ocr_line' id='line_1_44' title="bbox 225 2789 1814 2880; baseline 0.013 -39"><span class='ocrx_word' id='word_1_315' title='bbox 225 2789 370 2860; x_wconf 82' lang='lat' dir='ltr'><strong>forti,</strong></span> <span class='ocrx_word' id='word_1_316' title='bbox 402 2799 451 2843; x_wconf 87' lang='lat' dir='ltr'><strong>et</strong></span> <span class='ocrx_word' id='word_1_317' title='bbox 476 2794 567 2863; x_wconf 90' lang='lat' dir='ltr'><strong>qui</strong></span> <span class='ocrx_word' id='word_1_318' title='bbox 587 2798 814 2852; x_wconf 86' lang='lat' dir='ltr'><strong>continet</strong></span> <span class='ocrx_word' id='word_1_319' title='bbox 837 2800 972 2853; x_wconf 90' lang='lat' dir='ltr'><strong>iram</strong></span> <span class='ocrx_word' id='word_1_320' title='bbox 1002 2802 1236 2868; x_wconf 85' lang='lat' dir='ltr'><strong>capiente</strong></span> <span class='ocrx_word' id='word_1_321' title='bbox 1263 2806 1436 2858; x_wconf 82' lang='lat' dir='ltr'><strong>urbem</strong></span> <span class='ocrx_word' id='word_1_322' title='bbox 1465 2805 1648 2877; x_wconf 78' lang='lat' dir='ltr'><strong>(Prov.</strong></span> <span class='ocrx_word' id='word_1_323' title='bbox 1683 2813 1814 2880; x_wconf 83' lang='lat' dir='ltr'><strong>xvt).</strong></span> 
     </span>
    </p>
   </div>
   <div class='ocr_carea' id='block_1_45' title="bbox 225 2879 1821 2971">
    <p class='ocr_par' dir='ltr' id='par_1_45' title="bbox 225 2879 1821 2971">
     <span class='ocr_line' id='line_1_45' title="bbox 225 2879 1821 2971; baseline 0.014 -37"><span class='ocrx_word' id='word_1_324' title='bbox 225 2879 291 2935; x_wconf 83' lang='lat' dir='ltr'><strong>Et</strong></span> <span class='ocrx_word' id='word_1_325' title='bbox 321 2883 548 2938; x_wconf 87' lang='lat' dir='ltr'><strong>iterum:</strong></span> <span class='ocrx_word' id='word_1_326' title='bbox 570 2885 909 2960; x_wconf 82' lang='lat' dir='ltr'><strong>Longanimis</strong></span> <span class='ocrx_word' id='word_1_327' title='bbox 938 2894 1013 2946; x_wconf 85' lang='lat' dir='ltr'><strong>vir</strong></span> <span class='ocrx_word' id='word_1_328' title='bbox 1041 2895 1228 2950; x_wconf 88' lang='lat' dir='ltr'><strong>nimius</strong></span> <span class='ocrx_word' id='word_1_329' title='bbox 1253 2897 1306 2950; x_wconf 85' lang='lat' dir='ltr'><strong>in</strong></span> <span class='ocrx_word' id='word_1_330' title='bbox 1330 2900 1630 2967; x_wconf 84' lang='lat' dir='ltr'><strong>prudentia,</strong></span> <span class='ocrx_word' id='word_1_331' title='bbox 1655 2879 1821 2971; x_wconf 83' lang='lat' dir='ltr'><strong>pusil-</strong></span> 
     </span>
    </p>
   </div>
   <div class='ocr_carea' id='block_1_46' title="bbox 225 2973 1816 3065">
    <p class='ocr_par' dir='ltr' id='par_1_46' title="bbox 225 2973 1816 3065">
     <span class='ocr_line' id='line_1_46' title="bbox 225 2973 1816 3065; baseline 0.013 -38"><span class='ocrx_word' id='word_1_332' title='bbox 225 2975 435 3031; x_wconf 87' lang='lat' dir='ltr'><strong>lanimis</strong></span> <span class='ocrx_word' id='word_1_333' title='bbox 455 2991 625 3034; x_wconf 81' lang='lat' dir='ltr'><strong>autent</strong></span> <span class='ocrx_word' id='word_1_334' title='bbox 645 2984 792 3038; x_wconf 77' lang='lat' dir='ltr'><strong>valde</strong></span> <span class='ocrx_word' id='word_1_335' title='bbox 816 2987 1063 3056; x_wconf 74' lang='lat' dir='ltr'><strong>insipiens</strong></span> <span class='ocrx_word' id='word_1_336' title='bbox 1080 2998 1152 3044; x_wconf 88' lang='lat' dir='ltr'><strong>est</strong></span> <span class='ocrx_word' id='word_1_337' title='bbox 1176 2988 1358 3060; x_wconf 82' lang='lat' dir='ltr'><strong>(Prov.</strong></span> <span class='ocrx_word' id='word_1_338' title='bbox 1376 3007 1487 3061; x_wconf 75' lang='lat' dir='ltr'><strong>xw,</strong></span> <span class='ocrx_word' id='word_1_339' title='bbox 1502 3009 1600 3048; x_wconf 89' lang='lat' dir='ltr'><strong>sec.</strong></span> <span class='ocrx_word' id='word_1_340' title='bbox 1621 2973 1816 3065; x_wconf 78' lang='lat' dir='ltr'><strong>LXX</strong></span> 
     </span>
    </p>
   </div>
   <div class='ocr_carea' id='block_1_47' title="bbox 225 3070 1820 3154">
    <p class='ocr_par' dir='ltr' id='par_1_47' title="bbox 225 3070 1820 3154">
     <span class='ocr_line' id='line_1_47' title="bbox 225 3070 1820 3154; baseline 0.011 -30"><span class='ocrx_word' id='word_1_341' title='bbox 225 3070 356 3125; x_wconf 88' lang='lat' dir='ltr'><strong>Cum</strong></span> <span class='ocrx_word' id='word_1_342' title='bbox 387 3086 519 3143; x_wconf 89' lang='lat' dir='ltr'><strong>ergo</strong></span> <span class='ocrx_word' id='word_1_343' title='bbox 545 3074 664 3144; x_wconf 86' lang='lat' dir='ltr'><strong>quis</strong></span> <span class='ocrx_word' id='word_1_344' title='bbox 710 3077 882 3133; x_wconf 87' lang='lat' dir='ltr'><strong>victus</strong></span> <span class='ocrx_word' id='word_1_345' title='bbox 925 3078 1147 3150; x_wconf 81' lang='lat' dir='ltr'><strong>injuria,</strong></span> <span class='ocrx_word' id='word_1_346' title='bbox 1181 3081 1476 3140; x_wconf 72' lang='lat' dir='ltr'><strong>iracundiae</strong></span> <span class='ocrx_word' id='word_1_347' title='bbox 1525 3086 1646 3154; x_wconf 87' lang='lat' dir='ltr'><strong>igne</strong></span> <span class='ocrx_word' id='word_1_348' title='bbox 1695 3102 1820 3141; x_wconf 89' lang='lat' dir='ltr'><strong>suc-</strong></span> 
     </span>
    </p>
   </div>
   <div class='ocr_carea' id='block_1_48' title="bbox 224 3167 1814 3246">
    <p class='ocr_par' dir='ltr' id='par_1_48' title="bbox 224 3167 1814 3246">
     <span class='ocr_line' id='line_1_48' title="bbox 224 3167 1814 3246; baseline 0.01 -25"><span class='ocrx_word' id='word_1_349' title='bbox 224 3167 496 3235; x_wconf 87' lang='lat' dir='ltr'><strong>cenditur,</strong></span> <span class='ocrx_word' id='word_1_350' title='bbox 526 3186 629 3225; x_wconf 90' lang='lat' dir='ltr'><strong>non</strong></span> <span class='ocrx_word' id='word_1_351' title='bbox 656 3186 817 3228; x_wconf 89' lang='lat' dir='ltr'><strong>causa</strong></span> <span class='ocrx_word' id='word_1_352' title='bbox 844 3175 1048 3244; x_wconf 88' lang='lat' dir='ltr'><strong>peccati</strong></span> <span class='ocrx_word' id='word_1_353' title='bbox 1067 3177 1184 3246; x_wconf 88' lang='lat' dir='ltr'><strong>ejus</strong></span> <span class='ocrx_word' id='word_1_354' title='bbox 1213 3180 1475 3234; x_wconf 84' lang='lat' dir='ltr'><strong>acerbitas</strong></span> <span class='ocrx_word' id='word_1_355' title='bbox 1497 3181 1656 3236; x_wconf 67' lang='lat' dir='ltr'><strong>illanc</strong></span> <span class='ocrx_word' id='word_1_356' title='bbox 1683 3196 1814 3236; x_wconf 92' lang='lat' dir='ltr'><strong>con-</strong></span> 
     </span>
    </p>
   </div>
   <div class='ocr_carea' id='block_1_49' title="bbox 225 3243 1886 3340">
    <p class='ocr_par' dir='ltr' id='par_1_49' title="bbox 225 3243 1886 3340">
     <span class='ocr_line' id='line_1_49' title="bbox 225 3243 1886 3340; baseline 0.008 -26"><span class='ocrx_word' id='word_1_357' title='bbox 225 3261 460 3317; x_wconf 70' lang='lat' dir='ltr'><strong>tumeliae</strong></span> <span class='ocrx_word' id='word_1_358' title='bbox 478 3266 751 3321; x_wconf 77' lang='lat' dir='ltr'><strong>exstitisse</strong></span> <span class='ocrx_word' id='word_1_359' title='bbox 773 3243 1040 3323; x_wconf 82' lang='lat' dir='ltr'><strong>credenda</strong></span> <span class='ocrx_word' id='word_1_360' title='bbox 1063 3243 1169 3333; x_wconf 80' lang='lat' dir='ltr'><strong>est,</strong></span> <span class='ocrx_word' id='word_1_361' title='bbox 1194 3271 1287 3325; x_wconf 88' lang='lat' dir='ltr'><strong>sed</strong></span> <span class='ocrx_word' id='word_1_362' title='bbox 1308 3274 1488 3340; x_wconf 88' lang='lat' dir='ltr'><strong>potius</strong></span> <span class='ocrx_word' id='word_1_363' title='bbox 1505 3274 1814 3328; x_wconf 87' lang='lat' dir='ltr'><strong>manifesta-</strong></span> <span class='ocrx_word' id='word_1_364' title='bbox 1840 3243 1886 3306; x_wconf 68' lang='grc' dir='ltr'>Ο</span> 
     </span>
    </p>
   </div>
   <div class='ocr_carea' id='block_1_50' title="bbox 223 3355 1812 3435">
    <p class='ocr_par' dir='ltr' id='par_1_50' title="bbox 223 3355 1812 3435">
     <span class='ocr_line' id='line_1_50' title="bbox 223 3355 1812 3435; baseline 0.009 -26"><span class='ocrx_word' id='word_1_365' title='bbox 223 3355 300 3410; x_wconf 92' lang='lat' dir='ltr'><strong>tio</strong></span> <span class='ocrx_word' id='word_1_366' title='bbox 341 3356 674 3413; x_wconf 86' lang='lat' dir='ltr'><strong>infirmitatis</strong></span> <span class='ocrx_word' id='word_1_367' title='bbox 702 3362 951 3430; x_wconf 69' lang='lat' dir='ltr'><strong>occttltte,</strong></span> <span class='ocrx_word' id='word_1_368' title='bbox 982 3364 1278 3418; x_wconf 86' lang='lat' dir='ltr'><strong>secundum</strong></span> <span class='ocrx_word' id='word_1_369' title='bbox 1315 3365 1462 3420; x_wconf 87' lang='lat' dir='ltr'><strong>illam</strong></span> <span class='ocrx_word' id='word_1_370' title='bbox 1498 3367 1812 3435; x_wconf 90' lang='lat' dir='ltr'><strong>parabolam</strong></span> 
     </span>
    </p>
   </div>
   <div class='ocr_carea' id='block_1_51' title="bbox 222 3446 1813 3526">
    <p class='ocr_par' dir='ltr' id='par_1_51' title="bbox 222 3446 1813 3526">
     <span class='ocr_line' id='line_1_51' title="bbox 222 3446 1813 3526; baseline 0.006 -21"><span class='ocrx_word' id='word_1_371' title='bbox 222 3446 523 3505; x_wconf 84' lang='lat' dir='ltr'><strong>Salvatoris</strong></span> <span class='ocrx_word' id='word_1_372' title='bbox 571 3467 731 3521; x_wconf 88' lang='lat' dir='ltr'><strong>quam</strong></span> <span class='ocrx_word' id='word_1_373' title='bbox 781 3454 847 3509; x_wconf 90' lang='lat' dir='ltr'><strong>de</strong></span> <span class='ocrx_word' id='word_1_374' title='bbox 894 3455 1107 3509; x_wconf 87' lang='lat' dir='ltr'><strong>duabus</strong></span> <span class='ocrx_word' id='word_1_375' title='bbox 1150 3456 1402 3511; x_wconf 86' lang='lat' dir='ltr'><strong>domibus</strong></span> <span class='ocrx_word' id='word_1_376' title='bbox 1457 3459 1648 3526; x_wconf 87' lang='lat' dir='ltr'><strong>ponit,</strong></span> <span class='ocrx_word' id='word_1_377' title='bbox 1708 3474 1813 3514; x_wconf 89' lang='lat' dir='ltr'><strong>una</strong></span> 
     </span>
    </p>
   </div>
   <div class='ocr_carea' id='block_1_52' title="bbox 222 3545 1817 3622">
    <p class='ocr_par' dir='ltr' id='par_1_52' title="bbox 222 3545 1817 3622">
     <span class='ocr_line' id='line_1_52' title="bbox 222 3545 1817 3622; baseline 0.009 -27"><span class='ocrx_word' id='word_1_378' title='bbox 222 3558 343 3614; x_wconf 75' lang='lat' dir='ltr'><strong>qua:</strong></span> <span class='ocrx_word' id='word_1_379' title='bbox 375 3545 593 3600; x_wconf 83' lang='lat' dir='ltr'><strong>fundata</strong></span> <span class='ocrx_word' id='word_1_380' title='bbox 625 3555 744 3602; x_wconf 90' lang='lat' dir='ltr'><strong>erat</strong></span> <span class='ocrx_word' id='word_1_381' title='bbox 788 3563 948 3618; x_wconf 86' lang='lat' dir='ltr'><strong>supra</strong></span> <span class='ocrx_word' id='word_1_382' title='bbox 983 3559 1212 3618; x_wconf 83' lang='lat' dir='ltr'><strong>petram,</strong></span> <span class='ocrx_word' id='word_1_383' title='bbox 1255 3562 1308 3606; x_wconf 91' lang='lat' dir='ltr'><strong>et</strong></span> <span class='ocrx_word' id='word_1_384' title='bbox 1337 3551 1442 3605; x_wconf 89' lang='lat' dir='ltr'><strong>alia</strong></span> <span class='ocrx_word' id='word_1_385' title='bbox 1483 3569 1604 3622; x_wconf 75' lang='lat' dir='ltr'><strong>qua:</strong></span> <span class='ocrx_word' id='word_1_386' title='bbox 1651 3566 1817 3621; x_wconf 87' lang='lat' dir='ltr'><strong>super</strong></span> 
     </span>
    </p>
   </div>
   <div class='ocr_carea' id='block_1_53' title="bbox 223 3638 1815 3712">
    <p class='ocr_par' dir='ltr' id='par_1_53' title="bbox 223 3638 1815 3712">
     <span class='ocr_line' id='line_1_53' title="bbox 223 3638 1815 3712; baseline 0.006 -22"><span class='ocrx_word' id='word_1_387' title='bbox 223 3651 470 3703; x_wconf 90' lang='lat' dir='ltr'><strong>arenam,</strong></span> <span class='ocrx_word' id='word_1_388' title='bbox 499 3638 696 3708; x_wconf 86' lang='lat' dir='ltr'><strong>quibus</strong></span> <span class='ocrx_word' id='word_1_389' title='bbox 725 3641 1008 3711; x_wconf 77' lang='lat' dir='ltr'><strong>:eqaaliter</strong></span> <span class='ocrx_word' id='word_1_390' title='bbox 1036 3642 1186 3708; x_wconf 83' lang='lat' dir='ltr'><strong>dicit,</strong></span> <span class='ocrx_word' id='word_1_391' title='bbox 1213 3642 1510 3712; x_wconf 84' lang='lat' dir='ltr'><strong>pluviarum</strong></span> <span class='ocrx_word' id='word_1_392' title='bbox 1541 3659 1604 3698; x_wconf 89' lang='lat' dir='ltr'><strong>ac</strong></span> <span class='ocrx_word' id='word_1_393' title='bbox 1638 3644 1815 3700; x_wconf 87' lang='lat' dir='ltr'><strong>flumi-</strong></span> 
     </span>
    </p>
   </div>
   <div class='ocr_carea' id='block_1_54' title="bbox 222 3731 1808 3802">
    <p class='ocr_par' dir='ltr' id='par_1_54' title="bbox 222 3731 1808 3802">
     <span class='ocr_line' id='line_1_54' title="bbox 222 3731 1808 3802; baseline 0.006 -19"><span class='ocrx_word' id='word_1_394' title='bbox 222 3744 349 3784; x_wconf 91' lang='lat' dir='ltr'><strong>num</strong></span> <span class='ocrx_word' id='word_1_395' title='bbox 383 3731 471 3785; x_wconf 89' lang='lat' dir='ltr'><strong>vel</strong></span> <span class='ocrx_word' id='word_1_396' title='bbox 522 3742 900 3802; x_wconf 88' lang='lat' dir='ltr'><strong>tempestatum</strong></span> <span class='ocrx_word' id='word_1_397' title='bbox 946 3735 1187 3791; x_wconf 89' lang='lat' dir='ltr'><strong>turbines</strong></span> <span class='ocrx_word' id='word_1_398' title='bbox 1236 3736 1488 3800; x_wconf 74' lang='lat' dir='ltr'><strong>irrui~se;</strong></span> <span class='ocrx_word' id='word_1_399' title='bbox 1520 3737 1615 3792; x_wconf 90' lang='lat' dir='ltr'><strong>sed</strong></span> <span class='ocrx_word' id='word_1_400' title='bbox 1667 3738 1808 3793; x_wconf 91' lang='lat' dir='ltr'><strong>illam</strong></span> 
     </span>
    </p>
   </div>
   <div class='ocr_carea' id='block_1_55' title="bbox 221 3822 1811 3902">
    <p class='ocr_par' dir='ltr' id='par_1_55' title="bbox 221 3822 1811 3902">
     <span class='ocr_line' id='line_1_55' title="bbox 221 3822 1811 3902; baseline 0.008 -27"><span class='ocrx_word' id='word_1_401' title='bbox 221 3838 343 3894; x_wconf 69' lang='lat' dir='ltr'><strong>qua:</strong></span> <span class='ocrx_word' id='word_1_402' title='bbox 373 3822 425 3877; x_wconf 93' lang='lat' dir='ltr'><strong>in</strong></span> <span class='ocrx_word' id='word_1_403' title='bbox 453 3833 626 3891; x_wconf 68' lang='lat' dir='ltr'><strong>petrae</strong></span> <span class='ocrx_word' id='word_1_404' title='bbox 647 3827 919 3882; x_wconf 88' lang='lat' dir='ltr'><strong>soliditate</strong></span> <span class='ocrx_word' id='word_1_405' title='bbox 951 3828 1167 3884; x_wconf 88' lang='lat' dir='ltr'><strong>fundata</strong></span> <span class='ocrx_word' id='word_1_406' title='bbox 1199 3841 1280 3883; x_wconf 90' lang='lat' dir='ltr'><strong>est</strong></span> <span class='ocrx_word' id='word_1_407' title='bbox 1310 3831 1444 3886; x_wconf 89' lang='lat' dir='ltr'><strong>nihil</strong></span> <span class='ocrx_word' id='word_1_408' title='bbox 1478 3831 1692 3902; x_wconf 86' lang='lat' dir='ltr'><strong>penitus</strong></span> <span class='ocrx_word' id='word_1_409' title='bbox 1718 3832 1811 3887; x_wconf 86' lang='lat' dir='ltr'><strong>de-</strong></span> 
     </span>
    </p>
   </div>
   <div class='ocr_carea' id='block_1_56' title="bbox 221 3916 1810 3994">
    <p class='ocr_par' dir='ltr' id='par_1_56' title="bbox 221 3916 1810 3994">
     <span class='ocr_line' id='line_1_56' title="bbox 221 3916 1810 3994; baseline 0.006 -25"><span class='ocrx_word' id='word_1_410' title='bbox 221 3916 468 3972; x_wconf 89' lang='lat' dir='ltr'><strong>trimenti</strong></span> <span class='ocrx_word' id='word_1_411' title='bbox 501 3933 567 3972; x_wconf 80' lang='lat' dir='ltr'><strong>ex</strong></span> <span class='ocrx_word' id='word_1_412' title='bbox 591 3919 679 3974; x_wconf 90' lang='lat' dir='ltr'><strong>illa</strong></span> <span class='ocrx_word' id='word_1_413' title='bbox 705 3930 809 3973; x_wconf 88' lang='lat' dir='ltr'><strong>tam</strong></span> <span class='ocrx_word' id='word_1_414' title='bbox 833 3920 1069 3976; x_wconf 88' lang='lat' dir='ltr'><strong>violenta</strong></span> <span class='ocrx_word' id='word_1_415' title='bbox 1096 3923 1377 3978; x_wconf 89' lang='lat' dir='ltr'><strong>collisione</strong></span> <span class='ocrx_word' id='word_1_416' title='bbox 1405 3925 1666 3989; x_wconf 84' lang='lat' dir='ltr'><strong>sensisse,</strong></span> <span class='ocrx_word' id='word_1_417' title='bbox 1691 3939 1810 3994; x_wconf 73' lang='lat' dir='ltr'><strong>qua:</strong></span> 
     </span>
    </p>
   </div>
   <div class='ocr_carea' id='block_1_57' title="bbox 220 4008 1812 4083">
    <p class='ocr_par' dir='ltr' id='par_1_57' title="bbox 220 4008 1812 4083">
     <span class='ocr_line' id='line_1_57' title="bbox 220 4008 1812 4083; baseline 0.005 -21"><span class='ocrx_word' id='word_1_418' title='bbox 220 4021 352 4063; x_wconf 88' lang='lat' dir='ltr'><strong>vero</strong></span> <span class='ocrx_word' id='word_1_419' title='bbox 384 4008 438 4064; x_wconf 91' lang='lat' dir='ltr'><strong>in</strong></span> <span class='ocrx_word' id='word_1_420' title='bbox 483 4024 770 4066; x_wconf 89' lang='lat' dir='ltr'><strong>arenarum</strong></span> <span class='ocrx_word' id='word_1_421' title='bbox 805 4013 1035 4083; x_wconf 89' lang='lat' dir='ltr'><strong>pendula</strong></span> <span class='ocrx_word' id='word_1_422' title='bbox 1061 4013 1361 4070; x_wconf 88' lang='lat' dir='ltr'><strong>mobilitate</strong></span> <span class='ocrx_word' id='word_1_423' title='bbox 1389 4025 1696 4070; x_wconf 90' lang='lat' dir='ltr'><strong>constructa</strong></span> <span class='ocrx_word' id='word_1_424' title='bbox 1728 4025 1812 4071; x_wconf 90' lang='lat' dir='ltr'><strong>est</strong></span> 
     </span>
    </p>
   </div>
   <div class='ocr_carea' id='block_1_58' title="bbox 220 4102 1811 4182">
    <p class='ocr_par' dir='ltr' id='par_1_58' title="bbox 220 4102 1811 4182">
     <span class='ocr_line' id='line_1_58' title="bbox 220 4102 1811 4182; baseline 0.006 -25"><span class='ocrx_word' id='word_1_425' title='bbox 220 4104 404 4158; x_wconf 86' lang='lat' dir='ltr'><strong>statim</strong></span> <span class='ocrx_word' id='word_1_426' title='bbox 452 4102 620 4161; x_wconf 83' lang='lat' dir='ltr'><strong>fuisse</strong></span> <span class='ocrx_word' id='word_1_427' title='bbox 673 4106 963 4178; x_wconf 89' lang='lat' dir='ltr'><strong>collapsam</strong></span> <span class='ocrx_word' id='word_1_428' title='bbox 999 4108 1218 4178; x_wconf 78' lang='lat' dir='ltr'><strong>(Matth.</strong></span> <span class='ocrx_word' id='word_1_429' title='bbox 1249 4111 1384 4181; x_wconf 86' lang='lat' dir='ltr'><strong>vn);</strong></span> <span class='ocrx_word' id='word_1_430' title='bbox 1415 4126 1575 4182; x_wconf 90' lang='lat' dir='ltr'><strong>quam</strong></span> <span class='ocrx_word' id='word_1_431' title='bbox 1624 4111 1811 4182; x_wconf 83' lang='lat' dir='ltr'><strong>utique</strong></span> 
     </span>
    </p>
   </div>
   <div class='ocr_carea' id='block_1_59' title="bbox 1925 1955 3524 2030">
    <p class='ocr_par' dir='ltr' id='par_1_59' title="bbox 1925 1955 3524 2030">
     <span class='ocr_line' id='line_1_59' title="bbox 1925 1955 3524 2030; baseline 0.002 -21"><span class='ocrx_word' id='word_1_432' title='bbox 1925 1972 2136 2020; x_wconf 74' lang='lat' dir='ltr'><strong>(ereum,</strong></span> <span class='ocrx_word' id='word_1_433' title='bbox 2164 1974 2321 2025; x_wconf 66' lang='lat' dir='ltr'><strong>super</strong></span> <span class='ocrx_word' id='word_1_434' title='bbox 2358 1973 2558 2010; x_wconf 87' lang='lat' dir='ltr'><strong>omnem</strong></span> <span class='ocrx_word' id='word_1_435' title='bbox 2607 1971 2796 2011; x_wconf 90' lang='lat' dir='ltr'><strong>terram</strong></span> <span class='ocrx_word' id='word_1_436' title='bbox 2829 1957 3040 2028; x_wconf 80' lang='lat' dir='ltr'><strong>regibus</strong></span> <span class='ocrx_word' id='word_1_437' title='bbox 3067 1955 3232 2023; x_wconf 69' lang='lat' dir='ltr'><strong>Iuda,</strong></span> <span class='ocrx_word' id='word_1_438' title='bbox 3269 1957 3524 2030; x_wconf 86' lang='lat' dir='ltr'><strong>principi-</strong></span> 
     </span>
    </p>
   </div>
   <div class='ocr_carea' id='block_1_60' title="bbox 1927 2049 3521 2123">
    <p class='ocr_par' dir='ltr' id='par_1_60' title="bbox 1927 2049 3521 2123">
     <span class='ocr_line' id='line_1_60' title="bbox 1927 2049 3521 2123; baseline 0.003 -21"><span class='ocrx_word' id='word_1_439' title='bbox 1927 2049 2020 2103; x_wconf 85' lang='lat' dir='ltr'><strong>bus</strong></span> <span class='ocrx_word' id='word_1_440' title='bbox 2055 2054 2190 2115; x_wconf 74' lang='lat' dir='ltr'><strong>eius,</strong></span> <span class='ocrx_word' id='word_1_441' title='bbox 2238 2061 2287 2105; x_wconf 87' lang='lat' dir='ltr'><strong>et</strong></span> <span class='ocrx_word' id='word_1_442' title='bbox 2327 2051 2678 2106; x_wconf 85' lang='lat' dir='ltr'><strong>sacerdotibus</strong></span> <span class='ocrx_word' id='word_1_443' title='bbox 2708 2052 2843 2122; x_wconf 83' lang='lat' dir='ltr'><strong>ejus,</strong></span> <span class='ocrx_word' id='word_1_444' title='bbox 2873 2062 2924 2106; x_wconf 92' lang='lat' dir='ltr'><strong>et</strong></span> <span class='ocrx_word' id='word_1_445' title='bbox 2952 2053 3092 2106; x_wconf 88' lang='lat' dir='ltr'><strong>omni</strong></span> <span class='ocrx_word' id='word_1_446' title='bbox 3125 2054 3314 2123; x_wconf 84' lang='lat' dir='ltr'><strong>papula</strong></span> <span class='ocrx_word' id='word_1_447' title='bbox 3349 2063 3521 2117; x_wconf 72' lang='lat' dir='ltr'><strong>terrae,</strong></span> 
     </span>
    </p>
   </div>
   <div class='ocr_carea' id='block_1_61' title="bbox 1925 2143 3524 2214">
    <p class='ocr_par' dir='ltr' id='par_1_61' title="bbox 1925 2143 3524 2214">
     <span class='ocr_line' id='line_1_61' title="bbox 1925 2143 3524 2214; baseline 0 -16"><span class='ocrx_word' id='word_1_448' title='bbox 1925 2153 1974 2198; x_wconf 90' lang='lat' dir='ltr'><strong>et</strong></span> <span class='ocrx_word' id='word_1_449' title='bbox 2001 2143 2262 2198; x_wconf 83' lang='lat' dir='ltr'><strong>bellabunt</strong></span> <span class='ocrx_word' id='word_1_450' title='bbox 2281 2145 2554 2198; x_wconf 80' lang='lat' dir='ltr'><strong>adversum</strong></span> <span class='ocrx_word' id='word_1_451' title='bbox 2579 2153 2648 2211; x_wconf 84' lang='lat' dir='ltr'><strong>te,</strong></span> <span class='ocrx_word' id='word_1_452' title='bbox 2671 2156 2720 2198; x_wconf 89' lang='lat' dir='ltr'><strong>et</strong></span> <span class='ocrx_word' id='word_1_453' title='bbox 2749 2162 2852 2199; x_wconf 87' lang='lat' dir='ltr'><strong>non</strong></span> <span class='ocrx_word' id='word_1_454' title='bbox 2884 2143 3254 2214; x_wconf 72' lang='lat' dir='ltr'><strong>praevalebunt,</strong></span> <span class='ocrx_word' id='word_1_455' title='bbox 3284 2147 3406 2212; x_wconf 90' lang='lat' dir='ltr'><strong>quia</strong></span> <span class='ocrx_word' id='word_1_456' title='bbox 3432 2161 3524 2213; x_wconf 86' lang='lat' dir='ltr'><strong>ego</strong></span> 
     </span>
    </p>
   </div>
   <div class='ocr_carea' id='block_1_62' title="bbox 1925 2222 3523 2308">
    <p class='ocr_par' dir='ltr' id='par_1_62' title="bbox 1925 2222 3523 2308">
     <span class='ocr_line' id='line_1_62' title="bbox 1925 2222 3523 2308; baseline 0.001 -19"><span class='ocrx_word' id='word_1_457' title='bbox 1925 2246 2090 2290; x_wconf 88' lang='lat' dir='ltr'><strong>tecum</strong></span> <span class='ocrx_word' id='word_1_458' title='bbox 2129 2253 2243 2290; x_wconf 90' lang='lat' dir='ltr'><strong>sum</strong></span> <span class='ocrx_word' id='word_1_459' title='bbox 2285 2245 2341 2291; x_wconf 92' lang='lat' dir='ltr'><strong>ut</strong></span> <span class='ocrx_word' id='word_1_460' title='bbox 2387 2253 2566 2291; x_wconf 88' lang='lat' dir='ltr'><strong>eruam</strong></span> <span class='ocrx_word' id='word_1_461' title='bbox 2607 2246 2688 2304; x_wconf 87' lang='lat' dir='ltr'><strong>te,</strong></span> <span class='ocrx_word' id='word_1_462' title='bbox 2735 2237 2862 2290; x_wconf 89' lang='lat' dir='ltr'><strong>dicit</strong></span> <span class='ocrx_word' id='word_1_463' title='bbox 2903 2222 3160 2291; x_wconf 79' lang='lat' dir='ltr'><strong>Dominus</strong></span> <span class='ocrx_word' id='word_1_464' title='bbox 3199 2236 3523 2308; x_wconf 86' lang='lat' dir='ltr'><strong>omnipotens</strong></span> 
     </span>
    </p>
   </div>
   <div class='ocr_carea' id='block_1_63' title="bbox 1923 2329 2235 2403">
    <p class='ocr_par' dir='ltr' id='par_1_63' title="bbox 1923 2329 2235 2403">
     <span class='ocr_line' id='line_1_63' title="bbox 1923 2329 2235 2403; baseline 0.006 -19"><span class='ocrx_word' id='word_1_465' title='bbox 1923 2329 2138 2403; x_wconf 83' lang='lat' dir='ltr'><strong>(Jerem.</strong></span> <span class='ocrx_word' id='word_1_466' title='bbox 2169 2333 2235 2403; x_wconf 84' lang='lat' dir='ltr'><strong>I).</strong></span> 
     </span>
    </p>
   </div>
   <div class='ocr_carea' id='block_1_64' title="bbox 2509 2423 2922 2481">
    <p class='ocr_par' dir='ltr' id='par_1_64' title="bbox 2509 2423 2922 2481">
     <span class='ocr_line' id='line_1_64' title="bbox 2509 2423 2922 2481; baseline -0.007 0"><span class='ocrx_word' id='word_1_467' title='bbox 2509 2424 2740 2481; x_wconf 82' lang='lat' dir='ltr'><strong>CAPUT</strong></span> <span class='ocrx_word' id='word_1_468' title='bbox 2781 2423 2922 2480; x_wconf 83' lang='lat' dir='ltr'><strong>XlV.</strong></span> 
     </span>
    </p>
   </div>
   <div class='ocr_carea' id='block_1_65' title="bbox 1995 2517 3443 2591">
    <p class='ocr_par' dir='ltr' id='par_1_65' title="bbox 1995 2517 3443 2591">
     <span class='ocr_line' id='line_1_65' title="bbox 1995 2517 3443 2591; baseline 0 -19"><span class='ocrx_word' id='word_1_469' title='bbox 1995 2517 2074 2573; x_wconf 88' lang='lat' dir='ltr'><strong>De</strong></span> <span class='ocrx_word' id='word_1_470' title='bbox 2093 2520 2328 2590; x_wconf 75' lang='lat' dir='ltr'><strong>exemplo</strong></span> <span class='ocrx_word' id='word_1_471' title='bbox 2352 2519 2619 2591; x_wconf 76' lang='lat' dir='ltr'><strong>patientia:</strong></span> <span class='ocrx_word' id='word_1_472' title='bbox 2637 2517 2913 2590; x_wconf 86' lang='lat' dir='ltr'><strong>cujusdam</strong></span> <span class='ocrx_word' id='word_1_473' title='bbox 2933 2517 3192 2586; x_wconf 70' lang='lat' dir='ltr'><strong>religiosa</strong></span> <span class='ocrx_word' id='word_1_474' title='bbox 3215 2517 3443 2587; x_wconf 70' lang='lat' dir='ltr'><strong>femina.</strong></span> 
     </span>
    </p>
   </div>
   <div class='ocr_carea' id='block_1_66' title="bbox 1995 2611 3518 2682">
    <p class='ocr_par' dir='ltr' id='par_1_66' title="bbox 1995 2611 3518 2682">
     <span class='ocr_line' id='line_1_66' title="bbox 1995 2611 3518 2682; baseline -0.001 -15"><span class='ocrx_word' id='word_1_475' title='bbox 1995 2612 2168 2680; x_wconf 83' lang='lat' dir='ltr'><strong>Ilujus</strong></span> <span class='ocrx_word' id='word_1_476' title='bbox 2191 2627 2322 2682; x_wconf 90' lang='lat' dir='ltr'><strong>ergo</strong></span> <span class='ocrx_word' id='word_1_477' title='bbox 2353 2611 2630 2680; x_wconf 67' lang='lat' dir='ltr'><strong>patientiae</strong></span> <span class='ocrx_word' id='word_1_478' title='bbox 2660 2612 2784 2666; x_wconf 92' lang='lat' dir='ltr'><strong>volo</strong></span> <span class='ocrx_word' id='word_1_479' title='bbox 2807 2611 2959 2664; x_wconf 79' lang='lat' dir='ltr'><strong>vobis</strong></span> <span class='ocrx_word' id='word_1_480' title='bbox 2981 2611 3088 2664; x_wconf 89' lang='lat' dir='ltr'><strong>duo</strong></span> <span class='ocrx_word' id='word_1_481' title='bbox 3109 2613 3302 2666; x_wconf 86' lang='lat' dir='ltr'><strong>saltem</strong></span> <span class='ocrx_word' id='word_1_482' title='bbox 3333 2625 3518 2665; x_wconf 80' lang='lat' dir='ltr'><strong>exem-</strong></span> 
     </span>
    </p>
   </div>
   <div class='ocr_carea' id='block_1_67' title="bbox 1920 2701 3514 2775">
    <p class='ocr_par' dir='ltr' id='par_1_67' title="bbox 1920 2701 3514 2775">
     <span class='ocr_line' id='line_1_67' title="bbox 1920 2701 3514 2775; baseline -0.001 -17"><span class='ocrx_word' id='word_1_483' title='bbox 1920 2704 2009 2775; x_wconf 91' lang='lat' dir='ltr'><strong>pla</strong></span> <span class='ocrx_word' id='word_1_484' title='bbox 2042 2719 2369 2775; x_wconf 88' lang='lat' dir='ltr'><strong>proponere,</strong></span> <span class='ocrx_word' id='word_1_485' title='bbox 2403 2701 2428 2742; x_wconf 75' lang='grc' dir='ltr'><em>δ</em></span> <span class='ocrx_word' id='word_1_486' title='bbox 2459 2719 2624 2759; x_wconf 91' lang='lat' dir='ltr'><strong>unum</strong></span> <span class='ocrx_word' id='word_1_487' title='bbox 2657 2702 2924 2770; x_wconf 82' lang='lat' dir='ltr'><strong>religiosae</strong></span> <span class='ocrx_word' id='word_1_488' title='bbox 2954 2701 3239 2772; x_wconf 89' lang='lat' dir='ltr'><strong>cujusdam</strong></span> <span class='ocrx_word' id='word_1_489' title='bbox 3277 2702 3514 2770; x_wconf 65' lang='lat' dir='ltr'><strong>feminae,</strong></span> 
     </span>
    </p>
   </div>
   <div class='ocr_carea' id='block_1_68' title="bbox 1920 2797 3512 2871">
    <p class='ocr_par' dir='ltr' id='par_1_68' title="bbox 1920 2797 3512 2871">
     <span class='ocr_line' id='line_1_68' title="bbox 1920 2797 3512 2871; baseline -0.002 -18"><span class='ocrx_word' id='word_1_490' title='bbox 1920 2815 2042 2871; x_wconf 63' lang='lat' dir='ltr'><strong>quas</strong></span> <span class='ocrx_word' id='word_1_491' title='bbox 2091 2800 2369 2870; x_wconf 67' lang='lat' dir='ltr'><strong>patientia:</strong></span> <span class='ocrx_word' id='word_1_492' title='bbox 2410 2799 2663 2853; x_wconf 86' lang='lat' dir='ltr'><strong>virtutem</strong></span> <span class='ocrx_word' id='word_1_493' title='bbox 2698 2806 2844 2852; x_wconf 88' lang='lat' dir='ltr'><strong>tanta</strong></span> <span class='ocrx_word' id='word_1_494' title='bbox 2876 2797 3137 2850; x_wconf 86' lang='lat' dir='ltr'><strong>aviditate</strong></span> <span class='ocrx_word' id='word_1_495' title='bbox 3165 2804 3370 2850; x_wconf 86' lang='lat' dir='ltr'><strong>sectata</strong></span> <span class='ocrx_word' id='word_1_496' title='bbox 3407 2801 3512 2863; x_wconf 85' lang='lat' dir='ltr'><strong>est,</strong></span> 
     </span>
    </p>
   </div>
   <div class='ocr_carea' id='block_1_69' title="bbox 1919 2887 3516 2952">
    <p class='ocr_par' dir='ltr' id='par_1_69' title="bbox 1919 2887 3516 2952">
     <span class='ocr_line' id='line_1_69' title="bbox 1919 2887 3516 2952; baseline -0.003 -4"><span class='ocrx_word' id='word_1_497' title='bbox 1919 2902 1982 2948; x_wconf 90' lang='lat' dir='ltr'><strong>ut</strong></span> <span class='ocrx_word' id='word_1_498' title='bbox 2013 2906 2118 2945; x_wconf 90' lang='lat' dir='ltr'><strong>non</strong></span> <span class='ocrx_word' id='word_1_499' title='bbox 2149 2891 2322 2946; x_wconf 90' lang='lat' dir='ltr'><strong>solum</strong></span> <span class='ocrx_word' id='word_1_500' title='bbox 2356 2890 2712 2945; x_wconf 89' lang='lat' dir='ltr'><strong>tentatiouum</strong></span> <span class='ocrx_word' id='word_1_501' title='bbox 2746 2903 2854 2943; x_wconf 91' lang='lat' dir='ltr'><strong>non</strong></span> <span class='ocrx_word' id='word_1_502' title='bbox 2885 2889 3078 2942; x_wconf 87' lang='lat' dir='ltr'><strong>vitaret</strong></span> <span class='ocrx_word' id='word_1_503' title='bbox 3110 2887 3378 2952; x_wconf 88' lang='lat' dir='ltr'><strong>incursus,</strong></span> <span class='ocrx_word' id='word_1_504' title='bbox 3418 2887 3516 2944; x_wconf 86' lang='lat' dir='ltr'><strong>sed</strong></span> 
     </span>
    </p>
   </div>
   <div class='ocr_carea' id='block_1_70' title="bbox 1919 2981 3514 3052">
    <p class='ocr_par' dir='ltr' id='par_1_70' title="bbox 1919 2981 3514 3052">
     <span class='ocr_line' id='line_1_70' title="bbox 1919 2981 3514 3052; baseline -0.003 -10"><span class='ocrx_word' id='word_1_505' title='bbox 1919 2988 2082 3042; x_wconf 90' lang='lat' dir='ltr'><strong>etiam</strong></span> <span class='ocrx_word' id='word_1_506' title='bbox 2129 2987 2445 3042; x_wconf 89' lang='lat' dir='ltr'><strong>occasiones</strong></span> <span class='ocrx_word' id='word_1_507' title='bbox 2491 2982 2870 3039; x_wconf 88' lang='lat' dir='ltr'><strong>molestiarum</strong></span> <span class='ocrx_word' id='word_1_508' title='bbox 2912 2981 3134 3037; x_wconf 89' lang='lat' dir='ltr'><strong>sibimet</strong></span> <span class='ocrx_word' id='word_1_509' title='bbox 3171 2990 3514 3052; x_wconf 88' lang='lat' dir='ltr'><strong>procuraret,</strong></span> 
     </span>
    </p>
   </div>
   <div class='ocr_carea' id='block_1_71' title="bbox 1919 3073 3516 3152">
    <p class='ocr_par' dir='ltr' id='par_1_71' title="bbox 1919 3073 3516 3152">
     <span class='ocr_line' id='line_1_71' title="bbox 1919 3073 3516 3152; baseline -0.004 -17"><span class='ocrx_word' id='word_1_510' title='bbox 1919 3079 2122 3152; x_wconf 89' lang='lat' dir='ltr'><strong>quibus</strong></span> <span class='ocrx_word' id='word_1_511' title='bbox 2149 3078 2486 3150; x_wconf 81' lang='lat' dir='ltr'><strong>frequentius</strong></span> <span class='ocrx_word' id='word_1_512' title='bbox 2519 3076 2770 3145; x_wconf 89' lang='lat' dir='ltr'><strong>iustigata</strong></span> <span class='ocrx_word' id='word_1_513' title='bbox 2798 3090 2907 3130; x_wconf 93' lang='lat' dir='ltr'><strong>non</strong></span> <span class='ocrx_word' id='word_1_514' title='bbox 2936 3073 3174 3130; x_wconf 88' lang='lat' dir='ltr'><strong>cederet.</strong></span> <span class='ocrx_word' id='word_1_515' title='bbox 3208 3073 3336 3130; x_wconf 63' lang='lat' dir='ltr'><strong>Iliae</strong></span> <span class='ocrx_word' id='word_1_516' title='bbox 3364 3088 3516 3129; x_wconf 88' lang='lat' dir='ltr'><strong>nam-</strong></span> 
     </span>
    </p>
   </div>
   <div class='ocr_carea' id='block_1_72' title="bbox 1919 3171 3516 3246">
    <p class='ocr_par' dir='ltr' id='par_1_72' title="bbox 1919 3171 3516 3246">
     <span class='ocr_line' id='line_1_72' title="bbox 1919 3171 3516 3246; baseline -0.005 -17"><span class='ocrx_word' id='word_1_517' title='bbox 1919 3189 2026 3246; x_wconf 91' lang='lat' dir='ltr'><strong>que</strong></span> <span class='ocrx_word' id='word_1_518' title='bbox 2053 3188 2176 3228; x_wconf 90' lang='lat' dir='ltr'><strong>cum</strong></span> <span class='ocrx_word' id='word_1_519' title='bbox 2222 3171 2564 3228; x_wconf 75' lang='lat' dir='ltr'><strong>Alexandriae</strong></span> <span class='ocrx_word' id='word_1_520' title='bbox 2612 3177 3066 3233; x_wconf 88' lang='lat' dir='ltr'><strong>commoraretur,</strong></span> <span class='ocrx_word' id='word_1_521' title='bbox 3104 3176 3360 3238; x_wconf 86' lang='lat' dir='ltr'><strong>essetque</strong></span> <span class='ocrx_word' id='word_1_522' title='bbox 3405 3180 3516 3222; x_wconf 91' lang='lat' dir='ltr'><strong>non</strong></span> 
     </span>
    </p>
   </div>
   <div class='ocr_carea' id='block_1_73' title="bbox 1918 3261 3515 3338">
    <p class='ocr_par' dir='ltr' id='par_1_73' title="bbox 1918 3261 3515 3338">
     <span class='ocr_line' id='line_1_73' title="bbox 1918 3261 3515 3338; baseline -0.004 -14"><span class='ocrx_word' id='word_1_523' title='bbox 1918 3270 2165 3325; x_wconf 87' lang='lat' dir='ltr'><strong>obscuris</strong></span> <span class='ocrx_word' id='word_1_524' title='bbox 2196 3279 2312 3323; x_wconf 89' lang='lat' dir='ltr'><strong>orta</strong></span> <span class='ocrx_word' id='word_1_525' title='bbox 2361 3267 2675 3338; x_wconf 89' lang='lat' dir='ltr'><strong>majoribus,</strong></span> <span class='ocrx_word' id='word_1_526' title='bbox 2725 3276 2888 3335; x_wconf 90' lang='lat' dir='ltr'><strong>atque</strong></span> <span class='ocrx_word' id='word_1_527' title='bbox 2937 3264 2989 3318; x_wconf 94' lang='lat' dir='ltr'><strong>in</strong></span> <span class='ocrx_word' id='word_1_528' title='bbox 3035 3262 3200 3318; x_wconf 91' lang='lat' dir='ltr'><strong>domo</strong></span> <span class='ocrx_word' id='word_1_529' title='bbox 3246 3277 3366 3332; x_wconf 66' lang='lat' dir='ltr'><strong>quae</strong></span> <span class='ocrx_word' id='word_1_530' title='bbox 3410 3261 3515 3317; x_wconf 83' lang='lat' dir='ltr'><strong>sibi</strong></span> 
     </span>
    </p>
   </div>
   <div class='ocr_carea' id='block_1_74' title="bbox 1916 3351 3516 3432">
    <p class='ocr_par' dir='ltr' id='par_1_74' title="bbox 1916 3351 3516 3432">
     <span class='ocr_line' id='line_1_74' title="bbox 1916 3351 3516 3432; baseline -0.005 -15"><span class='ocrx_word' id='word_1_531' title='bbox 1916 3363 2091 3418; x_wconf 89' lang='lat' dir='ltr'><strong>fuerat</strong></span> <span class='ocrx_word' id='word_1_532' title='bbox 2119 3377 2150 3416; x_wconf 90' lang='lat' dir='ltr'><strong>a</strong></span> <span class='ocrx_word' id='word_1_533' title='bbox 2181 3362 2496 3432; x_wconf 90' lang='lat' dir='ltr'><strong>parentibus</strong></span> <span class='ocrx_word' id='word_1_534' title='bbox 2543 3359 2798 3414; x_wconf 87' lang='lat' dir='ltr'><strong>derelicta</strong></span> <span class='ocrx_word' id='word_1_535' title='bbox 2847 3356 3100 3427; x_wconf 87' lang='lat' dir='ltr'><strong>religiose</strong></span> <span class='ocrx_word' id='word_1_536' title='bbox 3143 3355 3374 3408; x_wconf 90' lang='lat' dir='ltr'><strong>Domino</strong></span> <span class='ocrx_word' id='word_1_537' title='bbox 3417 3351 3516 3410; x_wconf 82' lang='lat' dir='ltr'><strong>de-</strong></span> 
     </span>
    </p>
   </div>
   <div class='ocr_carea' id='block_1_75' title="bbox 1916 3446 3513 3522">
    <p class='ocr_par' dir='ltr' id='par_1_75' title="bbox 1916 3446 3513 3522">
     <span class='ocr_line' id='line_1_75' title="bbox 1916 3446 3513 3522; baseline -0.007 -11"><span class='ocrx_word' id='word_1_538' title='bbox 1916 3456 2170 3522; x_wconf 68' lang='lat' dir='ltr'><strong>sert-iret,</strong></span> <span class='ocrx_word' id='word_1_539' title='bbox 2218 3455 2443 3509; x_wconf 87' lang='lat' dir='ltr'><strong>veniens</strong></span> <span class='ocrx_word' id='word_1_540' title='bbox 2473 3451 2541 3506; x_wconf 89' lang='lat' dir='ltr'><strong>ad</strong></span> <span class='ocrx_word' id='word_1_541' title='bbox 2573 3460 2596 3488; x_wconf 77' lang='grc' dir='ltr'><strong><em>ο</em></strong></span> <span class='ocrx_word' id='word_1_542' title='bbox 2626 3451 2799 3506; x_wconf 84' lang='lat' dir='ltr'><strong>beatae</strong></span> <span class='ocrx_word' id='word_1_543' title='bbox 2831 3447 3110 3504; x_wconf 69' lang='lat' dir='ltr'><strong>memoriae</strong></span> <span class='ocrx_word' id='word_1_544' title='bbox 3158 3446 3513 3500; x_wconf 76' lang='lat' dir='ltr'><strong>Athanasium</strong></span> 
     </span>
    </p>
   </div>
   <div class='ocr_carea' id='block_1_76' title="bbox 1918 3538 3512 3621">
    <p class='ocr_par' dir='ltr' id='par_1_76' title="bbox 1918 3538 3512 3621">
     <span class='ocr_line' id='line_1_76' title="bbox 1918 3538 3512 3621; baseline -0.009 -15"><span class='ocrx_word' id='word_1_545' title='bbox 1918 3551 2254 3621; x_wconf 89' lang='lat' dir='ltr'><strong>episcopum,</strong></span> <span class='ocrx_word' id='word_1_546' title='bbox 2288 3546 2615 3618; x_wconf 63' lang='lat' dir='ltr'><strong>precitbatur</strong></span> <span class='ocrx_word' id='word_1_547' title='bbox 2643 3553 2701 3600; x_wconf 89' lang='lat' dir='ltr'><strong>ut</strong></span> <span class='ocrx_word' id='word_1_548' title='bbox 2743 3544 2976 3614; x_wconf 89' lang='lat' dir='ltr'><strong>aliquam</strong></span> <span class='ocrx_word' id='word_1_549' title='bbox 3018 3541 3119 3595; x_wconf 90' lang='lat' dir='ltr'><strong>sibi</strong></span> <span class='ocrx_word' id='word_1_550' title='bbox 3152 3539 3400 3595; x_wconf 82' lang='lat' dir='ltr'><strong>alendam</strong></span> <span class='ocrx_word' id='word_1_551' title='bbox 3432 3538 3512 3593; x_wconf 83' lang='lat' dir='ltr'><strong>vi-</strong></span> 
     </span>
    </p>
   </div>
   <div class='ocr_carea' id='block_1_77' title="bbox 1918 3633 3511 3712">
    <p class='ocr_par' dir='ltr' id='par_1_77' title="bbox 1918 3633 3511 3712">
     <span class='ocr_line' id='line_1_77' title="bbox 1918 3633 3511 3712; baseline -0.008 -12"><span class='ocrx_word' id='word_1_552' title='bbox 1918 3645 2079 3700; x_wconf 91' lang='lat' dir='ltr'><strong>duam</strong></span> <span class='ocrx_word' id='word_1_553' title='bbox 2107 3643 2282 3707; x_wconf 89' lang='lat' dir='ltr'><strong>daret,</strong></span> <span class='ocrx_word' id='word_1_554' title='bbox 2311 3657 2430 3712; x_wconf 71' lang='lat' dir='ltr'><strong>quae</strong></span> <span class='ocrx_word' id='word_1_555' title='bbox 2461 3655 2527 3695; x_wconf 79' lang='lat' dir='ltr'><strong>ex</strong></span> <span class='ocrx_word' id='word_1_556' title='bbox 2555 3637 2940 3694; x_wconf 73' lang='lat' dir='ltr'><strong>ecclesiasticis</strong></span> <span class='ocrx_word' id='word_1_557' title='bbox 2968 3633 3275 3704; x_wconf 88' lang='lat' dir='ltr'><strong>sumptibus</strong></span> <span class='ocrx_word' id='word_1_558' title='bbox 3323 3645 3511 3703; x_wconf 83' lang='lat' dir='ltr'><strong>pasce-</strong></span> 
     </span>
    </p>
   </div>
   <div class='ocr_carea' id='block_1_78' title="bbox 1917 3727 3510 3804">
    <p class='ocr_par' dir='ltr' id='par_1_78' title="bbox 1917 3727 3510 3804">
     <span class='ocr_line' id='line_1_78' title="bbox 1917 3727 3510 3804; baseline -0.009 -12"><span class='ocrx_word' id='word_1_559' title='bbox 1917 3737 2098 3792; x_wconf 89' lang='lat' dir='ltr'><strong>batur.</strong></span> <span class='ocrx_word' id='word_1_560' title='bbox 2133 3737 2199 3790; x_wconf 88' lang='lat' dir='ltr'><strong>Et</strong></span> <span class='ocrx_word' id='word_1_561' title='bbox 2227 3745 2282 3789; x_wconf 93' lang='lat' dir='ltr'><strong>ut</strong></span> <span class='ocrx_word' id='word_1_562' title='bbox 2309 3733 2621 3804; x_wconf 90' lang='lat' dir='ltr'><strong>petitionem</strong></span> <span class='ocrx_word' id='word_1_563' title='bbox 2664 3730 2783 3802; x_wconf 88' lang='lat' dir='ltr'><strong>ejus</strong></span> <span class='ocrx_word' id='word_1_564' title='bbox 2816 3728 2998 3784; x_wconf 89' lang='lat' dir='ltr'><strong>verbis</strong></span> <span class='ocrx_word' id='word_1_565' title='bbox 3026 3727 3194 3795; x_wconf 89' lang='lat' dir='ltr'><strong>ipsius</strong></span> <span class='ocrx_word' id='word_1_566' title='bbox 3239 3729 3510 3795; x_wconf 80' lang='lat' dir='ltr'><strong>esprima-</strong></span> 
     </span>
    </p>
   </div>
   <div class='ocr_carea' id='block_1_79' title="bbox 1917 3816 3505 3899">
    <p class='ocr_par' dir='ltr' id='par_1_79' title="bbox 1917 3816 3505 3899">
     <span class='ocr_line' id='line_1_79' title="bbox 1917 3816 3505 3899; baseline -0.008 -13"><span class='ocrx_word' id='word_1_567' title='bbox 1917 3846 2058 3896; x_wconf 86' lang='lat' dir='ltr'><strong>mus,</strong></span> <span class='ocrx_word' id='word_1_568' title='bbox 2090 3829 2183 3895; x_wconf 88' lang='lat' dir='ltr'><strong>Da,</strong></span> <span class='ocrx_word' id='word_1_569' title='bbox 2217 3825 2409 3899; x_wconf 89' lang='lat' dir='ltr'><strong>inquit,</strong></span> <span class='ocrx_word' id='word_1_570' title='bbox 2445 3825 2576 3880; x_wconf 91' lang='lat' dir='ltr'><strong>mihi</strong></span> <span class='ocrx_word' id='word_1_571' title='bbox 2609 3825 2842 3892; x_wconf 81' lang='lat' dir='ltr'><strong>aliquam</strong></span> <span class='ocrx_word' id='word_1_572' title='bbox 2873 3821 2941 3878; x_wconf 91' lang='lat' dir='ltr'><strong>de</strong></span> <span class='ocrx_word' id='word_1_573' title='bbox 2973 3818 3254 3876; x_wconf 91' lang='lat' dir='ltr'><strong>sororibus</strong></span> <span class='ocrx_word' id='word_1_574' title='bbox 3288 3816 3308 3856; x_wconf 68' lang='grc' dir='ltr'>ί</span> <span class='ocrx_word' id='word_1_575' title='bbox 3341 3832 3505 3888; x_wconf 89' lang='lat' dir='ltr'><strong>quam</strong></span> 
     </span>
    </p>
   </div>
   <div class='ocr_carea' id='block_1_80' title="bbox 1916 3911 3509 3992">
    <p class='ocr_par' dir='ltr' id='par_1_80' title="bbox 1916 3911 3509 3992">
     <span class='ocr_line' id='line_1_80' title="bbox 1916 3911 3509 3992; baseline -0.009 -13"><span class='ocrx_word' id='word_1_576' title='bbox 1916 3936 2223 3992; x_wconf 90' lang='lat' dir='ltr'><strong>repausem.</strong></span> <span class='ocrx_word' id='word_1_577' title='bbox 2273 3919 2539 3976; x_wconf 88' lang='lat' dir='ltr'><strong>Sacerdos</strong></span> <span class='ocrx_word' id='word_1_578' title='bbox 2586 3917 2748 3989; x_wconf 88' lang='lat' dir='ltr'><strong>igitur</strong></span> <span class='ocrx_word' id='word_1_579' title='bbox 2793 3931 2916 3970; x_wconf 88' lang='lat' dir='ltr'><strong>cum</strong></span> <span class='ocrx_word' id='word_1_580' title='bbox 2959 3913 3231 3969; x_wconf 89' lang='lat' dir='ltr'><strong>laudasset</strong></span> <span class='ocrx_word' id='word_1_581' title='bbox 3262 3911 3509 3982; x_wconf 82' lang='lat' dir='ltr'><strong>preposi-</strong></span> 
     </span>
    </p>
   </div>
   <div class='ocr_carea' id='block_1_81' title="bbox 1916 4007 3510 4085">
    <p class='ocr_par' dir='ltr' id='par_1_81' title="bbox 1916 4007 3510 4085">
     <span class='ocr_line' id='line_1_81' title="bbox 1916 4007 3510 4085; baseline -0.007 -12"><span class='ocrx_word' id='word_1_582' title='bbox 1916 4028 2029 4073; x_wconf 90' lang='lat' dir='ltr'><strong>tum</strong></span> <span class='ocrx_word' id='word_1_583' title='bbox 2062 4016 2297 4080; x_wconf 65' lang='lat' dir='ltr'><strong>feminae,</strong></span> <span class='ocrx_word' id='word_1_584' title='bbox 2328 4013 2468 4085; x_wconf 92' lang='lat' dir='ltr'><strong>quod</strong></span> <span class='ocrx_word' id='word_1_585' title='bbox 2500 4028 2618 4069; x_wconf 89' lang='lat' dir='ltr'><strong>eam</strong></span> <span class='ocrx_word' id='word_1_586' title='bbox 2649 4012 2715 4066; x_wconf 89' lang='lat' dir='ltr'><strong>ad</strong></span> <span class='ocrx_word' id='word_1_587' title='bbox 2748 4026 2884 4080; x_wconf 91' lang='lat' dir='ltr'><strong>opus</strong></span> <span class='ocrx_word' id='word_1_588' title='bbox 2916 4007 3302 4065; x_wconf 63' lang='lat' dir='ltr'><strong>misericordia!</strong></span> <span class='ocrx_word' id='word_1_589' title='bbox 3336 4007 3510 4062; x_wconf 87' lang='lat' dir='ltr'><strong>vidis-</strong></span> 
     </span>
    </p>
   </div>
   <div class='ocr_carea' id='block_1_82' title="bbox 1916 4099 3592 4178">
    <p class='ocr_par' dir='ltr' id='par_1_82' title="bbox 1916 4099 3592 4178">
     <span class='ocr_line' id='line_1_82' title="bbox 1916 4099 3592 4178; baseline -0.007 -13"><span class='ocrx_word' id='word_1_590' title='bbox 1916 4119 2001 4166; x_wconf 88' lang='lat' dir='ltr'><strong>set</strong></span> <span class='ocrx_word' id='word_1_591' title='bbox 2029 4123 2152 4164; x_wconf 92' lang='lat' dir='ltr'><strong>esse</strong></span> <span class='ocrx_word' id='word_1_592' title='bbox 2181 4105 2662 4178; x_wconf 88' lang='lat' dir='ltr'><strong>promptissimam,</strong></span> <span class='ocrx_word' id='word_1_593' title='bbox 2685 4103 2846 4176; x_wconf 89' lang='lat' dir='ltr'><strong>jussit</strong></span> <span class='ocrx_word' id='word_1_594' title='bbox 2881 4117 2954 4160; x_wconf 79' lang='lat' dir='ltr'><strong>ex</strong></span> <span class='ocrx_word' id='word_1_595' title='bbox 2995 4102 3245 4158; x_wconf 89' lang='lat' dir='ltr'><strong>omnibus</strong></span> <span class='ocrx_word' id='word_1_596' title='bbox 3274 4100 3399 4170; x_wconf 83' lang='lat' dir='ltr'><strong>eligi</strong></span> <span class='ocrx_word' id='word_1_597' title='bbox 3424 4099 3509 4155; x_wconf 81' lang='lat' dir='ltr'><strong>vi-</strong></span> <span class='ocrx_word' id='word_1_598' title='bbox 3585 4101 3592 4105; x_wconf 83' lang='grc'><strong>’</strong></span> 
     </span>
    </p>
   </div>
   <div class='ocr_carea' id='block_1_83' title="bbox 1289 4265 2428 4324">
    <p class='ocr_par' dir='ltr' id='par_1_83' title="bbox 1289 4265 2428 4324">
     <span class='ocr_line' id='line_1_83' title="bbox 1289 4265 2428 4324; baseline 0.001 -4"><span class='ocrx_word' id='word_1_599' title='bbox 1289 4266 1548 4323; x_wconf 78' lang='lat' dir='ltr'><strong>ALARDI</strong></span> <span class='ocrx_word' id='word_1_600' title='bbox 1587 4265 1823 4324; x_wconf 74' lang='grc' dir='ltr'><strong>ϐΑΖᾹΞι</strong></span> <span class='ocrx_word' id='word_1_601' title='bbox 1858 4265 2428 4324; x_wconf 77' lang='lat' dir='ltr'><strong>COMMENTARIUS.</strong></span> 
     </span>
    </p>
   </div>
   <div class='ocr_carea' id='block_1_84' title="bbox 290 4379 1807 4455">
    <p class='ocr_par' dir='ltr' id='par_1_84' title="bbox 290 4379 1807 4455">
     <span class='ocr_line' id='line_1_84' title="bbox 290 4379 1807 4455; baseline 0.004 -20"><span class='ocrx_word' id='word_1_602' title='bbox 290 4391 319 4420; x_wconf 77' lang='grc' dir='ltr'>ι</span> <span class='ocrx_word' id='word_1_603' title='bbox 359 4379 557 4455; x_wconf 82' lang='lat' dir='ltr'><strong>Petrus</strong></span> <span class='ocrx_word' id='word_1_604' title='bbox 586 4379 825 4455; x_wconf 81' lang='lat' dir='ltr'><strong>M_aturus</strong></span> <span class='ocrx_word' id='word_1_605' title='bbox 873 4382 944 4455; x_wconf 11' lang='lat' dir='ltr'><strong>in,</strong></span> <span class='ocrx_word' id='word_1_606' title='bbox 972 4382 1087 4436; x_wconf 77' lang='lat' dir='ltr'><strong>hmc</strong></span> <span class='ocrx_word' id='word_1_607' title='bbox 1116 4384 1281 4438; x_wconf 87' lang='lat' dir='ltr'><strong>verba</strong></span> <span class='ocrx_word' id='word_1_608' title='bbox 1309 4384 1446 4455; x_wconf 89' lang='lat' dir='ltr'><strong>apud</strong></span> <span class='ocrx_word' id='word_1_609' title='bbox 1484 4388 1542 4440; x_wconf 85' lang='grc' dir='ltr'><strong>ι).</strong></span> <span class='ocrx_word' id='word_1_610' title='bbox 1577 4386 1807 4442; x_wconf 84' lang='lat' dir='ltr'><strong>Antoni-</strong></span> 
     </span>
    </p>
   </div>
   <div class='ocr_carea' id='block_1_85' title="bbox 220 4452 1811 4526">
    <p class='ocr_par' dir='ltr' id='par_1_85' title="bbox 220 4452 1811 4526">
     <span class='ocr_line' id='line_1_85' title="bbox 220 4452 1811 4526; baseline 0.001 -18"><span class='ocrx_word' id='word_1_611' title='bbox 220 4468 350 4526; x_wconf 84' lang='lat' dir='ltr'><strong>num</strong></span> <span class='ocrx_word' id='word_1_612' title='bbox 382 4453 594 4526; x_wconf 84' lang='lat' dir='ltr'><strong>relata:</strong></span> <span class='ocrx_word' id='word_1_613' title='bbox 623 4452 906 4526; x_wconf 80' lang='lat' dir='ltr'><strong>Patientia,</strong></span> <span class='ocrx_word' id='word_1_614' title='bbox 934 4454 1130 4523; x_wconf 84' lang='lat' dir='ltr'><strong>inquit,</strong></span> <span class='ocrx_word' id='word_1_615' title='bbox 1164 4452 1361 4525; x_wconf 66' lang='lat' dir='ltr'><strong>graece,</strong></span> <span class='ocrx_word' id='word_1_616' title='bbox 1393 4457 1446 4510; x_wconf 90' lang='lat' dir='ltr'><strong>in</strong></span> <span class='ocrx_word' id='word_1_617' title='bbox 1479 4458 1647 4514; x_wconf 88' lang='lat' dir='ltr'><strong>sacris</strong></span> <span class='ocrx_word' id='word_1_618' title='bbox 1675 4473 1811 4526; x_wconf 83' lang='lat' dir='ltr'><strong>prae-</strong></span> 
     </span>
    </p>
   </div>
   <div class='ocr_carea' id='block_1_86' title="bbox 219 4524 1810 4597">
    <p class='ocr_par' dir='ltr' id='par_1_86' title="bbox 219 4524 1810 4597">
     <span class='ocr_line' id='line_1_86' title="bbox 219 4524 1810 4597; baseline 0.002 -18"><span class='ocrx_word' id='word_1_619' title='bbox 219 4524 408 4581; x_wconf 89' lang='lat' dir='ltr'><strong>sertim</strong></span> <span class='ocrx_word' id='word_1_620' title='bbox 445 4524 620 4588; x_wconf 88' lang='lat' dir='ltr'><strong>libris,</strong></span> <span class='ocrx_word' id='word_1_621' title='bbox 667 4525 892 4597; x_wconf 60' lang='lat' dir='ltr'><strong>direptam</strong></span> <span class='ocrx_word' id='word_1_622' title='bbox 936 4524 1356 4581; x_wconf 31' lang='lat' dir='ltr'><strong>dicitur.’Sicut</strong></span> <span class='ocrx_word' id='word_1_623' title='bbox 1406 4529 1568 4597; x_wconf 85' lang='lat' dir='ltr'><strong>igitur</strong></span> <span class='ocrx_word' id='word_1_624' title='bbox 1616 4524 1810 4584; x_wconf 82' lang='lat' dir='ltr'><strong>nomen</strong></span> 
     </span>
    </p>
   </div>
   <div class='ocr_carea' id='block_1_87' title="bbox 220 4596 1810 4670">
    <p class='ocr_par' dir='ltr' id='par_1_87' title="bbox 220 4596 1810 4670">
     <span class='ocr_line' id='line_1_87' title="bbox 220 4596 1810 4670; baseline 0.003 -22"><span class='ocrx_word' id='word_1_625' title='bbox 220 4597 496 4670; x_wconf 68' lang='lat' dir='ltr'><strong>patientia:</strong></span> <span class='ocrx_word' id='word_1_626' title='bbox 528 4596 750 4670; x_wconf 11' lang='lat' dir='ltr'><strong>agvt-rbo</strong></span> <span class='ocrx_word' id='word_1_627' title='bbox 800 4597 993 4663; x_wconf 75' lang='lat' dir='ltr'><strong>partior,</strong></span> <span class='ocrx_word' id='word_1_628' title='bbox 1041 4599 1116 4652; x_wconf 83' lang='lat' dir='ltr'><strong>sic</strong></span> <span class='ocrx_word' id='word_1_629' title='bbox 1164 4601 1395 4670; x_wconf 76' lang='grc' dir='ltr'><strong>ὑπομονή</strong></span> <span class='ocrx_word' id='word_1_630' title='bbox 1435 4596 1508 4652; x_wconf 74' lang='lat' dir='ltr'><strong>ab</strong></span> <span class='ocrx_word' id='word_1_631' title='bbox 1555 4602 1810 4668; x_wconf 66' lang='grc' dir='ltr'><strong>ὑπομένω,</strong></span> 
     </span>
    </p>
   </div>
   <div class='ocr_carea' id='block_1_88' title="bbox 220 4667 1814 4737">
    <p class='ocr_par' dir='ltr' id='par_1_88' title="bbox 220 4667 1814 4737">
     <span class='ocr_line' id='line_1_88' title="bbox 220 4667 1814 4737; baseline 0.003 -16"><span class='ocrx_word' id='word_1_632' title='bbox 220 4667 361 4737; x_wconf 82' lang='lat' dir='ltr'><strong>quod</strong></span> <span class='ocrx_word' id='word_1_633' title='bbox 387 4678 470 4720; x_wconf 88' lang='lat' dir='ltr'><strong>est</strong></span> <span class='ocrx_word' id='word_1_634' title='bbox 492 4667 683 4720; x_wconf 89' lang='lat' dir='ltr'><strong>subtus</strong></span> <span class='ocrx_word' id='word_1_635' title='bbox 707 4683 925 4731; x_wconf 88' lang='lat' dir='ltr'><strong>moueo,</strong></span> <span class='ocrx_word' id='word_1_636' title='bbox 952 4678 1006 4722; x_wconf 88' lang='lat' dir='ltr'><strong>et</strong></span> <span class='ocrx_word' id='word_1_637' title='bbox 1037 4667 1304 4737; x_wconf 79' lang='lat' dir='ltr'><strong>suSIeuto,</strong></span> <span class='ocrx_word' id='word_1_638' title='bbox 1330 4670 1629 4724; x_wconf 87' lang='lat' dir='ltr'><strong>deducitur.</strong></span> <span class='ocrx_word' id='word_1_639' title='bbox 1665 4667 1814 4726; x_wconf 86' lang='lat' dir='ltr'><strong>Unde</strong></span> 
     </span>
    </p>
   </div>
   <div class='ocr_carea' id='block_1_89' title="bbox 223 4735 1814 4813">
    <p class='ocr_par' dir='ltr' id='par_1_89' title="bbox 223 4735 1814 4813">
     <span class='ocr_line' id='line_1_89' title="bbox 223 4735 1814 4813; baseline 0.001 -23"><span class='ocrx_word' id='word_1_640' title='bbox 223 4735 323 4813; x_wconf 68' lang='lat' dir='ltr'><strong>ljoc</strong></span> <span class='ocrx_word' id='word_1_641' title='bbox 377 4738 505 4813; x_wconf 74' lang='lat' dir='ltr'><strong>loco</strong></span> <span class='ocrx_word' id='word_1_642' title='bbox 542 4751 572 4790; x_wconf 87' lang='lat' dir='ltr'><strong>a</strong></span> <span class='ocrx_word' id='word_1_643' title='bbox 619 4740 961 4813; x_wconf 65' lang='lat' dir='ltr'><strong>passionibus</strong></span> <span class='ocrx_word' id='word_1_644' title='bbox 993 4748 1048 4793; x_wconf 88' lang='lat' dir='ltr'><strong>et</strong></span> <span class='ocrx_word' id='word_1_645' title='bbox 1078 4735 1474 4798; x_wconf 85' lang='lat' dir='ltr'><strong>sustentatioue</strong></span> <span class='ocrx_word' id='word_1_646' title='bbox 1503 4743 1814 4813; x_wconf 84' lang='lat' dir='ltr'><strong>patientiam</strong></span> 
     </span>
    </p>
   </div>
   <div class='ocr_carea' id='block_1_90' title="bbox 221 4806 862 4866">
    <p class='ocr_par' dir='ltr' id='par_1_90' title="bbox 221 4806 862 4866">
     <span class='ocr_line' id='line_1_90' title="bbox 221 4806 862 4866; baseline 0.003 -4"><span class='ocrx_word' id='word_1_647' title='bbox 221 4807 324 4864; x_wconf 87' lang='lat' dir='ltr'><strong>dici</strong></span> <span class='ocrx_word' id='word_1_648' title='bbox 354 4806 647 4862; x_wconf 69' lang='lat' dir='ltr'><strong>Cassianus</strong></span> <span class='ocrx_word' id='word_1_649' title='bbox 679 4809 862 4866; x_wconf 68' lang='lat' dir='ltr'><strong>refert.</strong></span> 
     </span>
    </p>
   </div>
   <div class='ocr_carea' id='block_1_91' title="bbox 291 4877 1817 4956">
    <p class='ocr_par' dir='ltr' id='par_1_91' title="bbox 291 4877 1817 4956">
     <span class='ocr_line' id='line_1_91' title="bbox 291 4877 1817 4956; baseline 0.005 -26"><span class='ocrx_word' id='word_1_650' title='bbox 291 4879 319 4918; x_wconf 73' lang='grc' dir='ltr'>δ</span> <span class='ocrx_word' id='word_1_651' title='bbox 368 4877 629 4956; x_wconf 78' lang='lat' dir='ltr'><strong>Patientia</strong></span> <span class='ocrx_word' id='word_1_652' title='bbox 657 4883 916 4956; x_wconf 74' lang='lat' dir='ltr'><strong>enintest,</strong></span> <span class='ocrx_word' id='word_1_653' title='bbox 945 4883 1019 4936; x_wconf 91' lang='lat' dir='ltr'><strong>ait</strong></span> <span class='ocrx_word' id='word_1_654' title='bbox 1045 4882 1109 4936; x_wconf 90' lang='lat' dir='ltr'><strong>D.</strong></span> <span class='ocrx_word' id='word_1_655' title='bbox 1139 4881 1435 4948; x_wconf 76' lang='lat' dir='ltr'><strong>Gregorius</strong></span> <span class='ocrx_word' id='word_1_656' title='bbox 1460 4883 1647 4956; x_wconf 87' lang='lat' dir='ltr'><strong>(Hom.</strong></span> <span class='ocrx_word' id='word_1_657' title='bbox 1678 4884 1742 4939; x_wconf 81' lang='grc'><strong>16</strong></span> <span class='ocrx_word' id='word_1_658' title='bbox 1764 4885 1817 4938; x_wconf 87' lang='lat' dir='ltr'><strong>in</strong></span> 
     </span>
    </p>
   </div>
   <div class='ocr_carea' id='block_1_92' title="bbox 223 4949 1816 5026">
    <p class='ocr_par' dir='ltr' id='par_1_92' title="bbox 223 4949 1816 5026">
     <span class='ocr_line' id='line_1_92' title="bbox 223 4949 1816 5026; baseline 0.003 -22"><span class='ocrx_word' id='word_1_659' title='bbox 223 4949 478 5020; x_wconf 79' lang='lat' dir='ltr'><strong>Evang.),</strong></span> <span class='ocrx_word' id='word_1_660' title='bbox 502 4953 836 5026; x_wconf 76' lang='lat' dir='ltr'><strong>alienamala</strong></span> <span class='ocrx_word' id='word_1_661' title='bbox 863 4958 1216 5026; x_wconf 74' lang='lat' dir='ltr'><strong>(rqttanimiter</strong></span> <span class='ocrx_word' id='word_1_662' title='bbox 1241 4949 1674 5026; x_wconf 37' lang='lat' dir='ltr'><strong>perpetifcontra</strong></span> <span class='ocrx_word' id='word_1_663' title='bbox 1700 4974 1816 5009; x_wconf 85' lang='lat' dir='ltr'><strong>euut</strong></span> 
     </span>
    </p>
   </div>
   <div class='ocr_carea' id='block_1_93' title="bbox 220 5021 1816 5093">
    <p class='ocr_par' dir='ltr' id='par_1_93' title="bbox 220 5021 1816 5093">
     <span class='ocr_line' id='line_1_93' title="bbox 220 5021 1816 5093; baseline 0.003 -19"><span class='ocrx_word' id='word_1_664' title='bbox 220 5038 419 5090; x_wconf 64' lang='lat' dir='ltr'><strong>quoque</strong></span> <span class='ocrx_word' id='word_1_665' title='bbox 449 5022 539 5091; x_wconf 85' lang='lat' dir='ltr'><strong>qui</strong></span> <span class='ocrx_word' id='word_1_666' title='bbox 584 5021 722 5076; x_wconf 89' lang='lat' dir='ltr'><strong>mala</strong></span> <span class='ocrx_word' id='word_1_667' title='bbox 767 5025 963 5093; x_wconf 89' lang='lat' dir='ltr'><strong>irrogat</strong></span> <span class='ocrx_word' id='word_1_668' title='bbox 1013 5024 1160 5078; x_wconf 88' lang='lat' dir='ltr'><strong>nullo</strong></span> <span class='ocrx_word' id='word_1_669' title='bbox 1192 5021 1368 5079; x_wconf 76' lang='lat' dir='ltr'><strong>dolore</strong></span> <span class='ocrx_word' id='word_1_670' title='bbox 1397 5027 1639 5080; x_wconf 87' lang='lat' dir='ltr'><strong>morderi.</strong></span> <span class='ocrx_word' id='word_1_671' title='bbox 1677 5027 1816 5081; x_wconf 86' lang='lat' dir='ltr'><strong>Nam</strong></span> 
     </span>
    </p>
   </div>
   <div class='ocr_carea' id='block_1_94' title="bbox 219 5093 1810 5166">
    <p class='ocr_par' dir='ltr' id='par_1_94' title="bbox 219 5093 1810 5166">
     <span class='ocr_line' id='line_1_94' title="bbox 219 5093 1810 5166; baseline 0.003 -18"><span class='ocrx_word' id='word_1_672' title='bbox 219 5097 305 5165; x_wconf 89' lang='lat' dir='ltr'><strong>qui</strong></span> <span class='ocrx_word' id='word_1_673' title='bbox 338 5094 415 5148; x_wconf 88' lang='lat' dir='ltr'><strong>sic</strong></span> <span class='ocrx_word' id='word_1_674' title='bbox 445 5095 668 5158; x_wconf 63' lang='lat' dir='ltr'><strong>proximi</strong></span> <span class='ocrx_word' id='word_1_675' title='bbox 712 5093 853 5148; x_wconf 88' lang='lat' dir='ltr'><strong>mala</strong></span> <span class='ocrx_word' id='word_1_676' title='bbox 897 5106 1086 5162; x_wconf 84' lang='lat' dir='ltr'><strong>portat,</strong></span> <span class='ocrx_word' id='word_1_677' title='bbox 1120 5108 1174 5150; x_wconf 89' lang='lat' dir='ltr'><strong>ut</strong></span> <span class='ocrx_word' id='word_1_678' title='bbox 1207 5107 1374 5150; x_wconf 85' lang='lat' dir='ltr'><strong>tamen</strong></span> <span class='ocrx_word' id='word_1_679' title='bbox 1404 5099 1590 5151; x_wconf 83' lang='lat' dir='ltr'><strong>tacitus</strong></span> <span class='ocrx_word' id='word_1_680' title='bbox 1618 5099 1810 5166; x_wconf 85' lang='lat' dir='ltr'><strong>doleat,</strong></span> 
     </span>
    </p>
   </div>
   <div class='ocr_carea' id='block_1_95' title="bbox 219 5167 1815 5238">
    <p class='ocr_par' dir='ltr' id='par_1_95' title="bbox 219 5167 1815 5238">
     <span class='ocr_line' id='line_1_95' title="bbox 219 5167 1815 5238; baseline 0.003 -19"><span class='ocrx_word' id='word_1_681' title='bbox 219 5177 264 5219; x_wconf 89' lang='lat' dir='ltr'><strong>et</strong></span> <span class='ocrx_word' id='word_1_682' title='bbox 295 5178 497 5238; x_wconf 84' lang='lat' dir='ltr'><strong>tempus</strong></span> <span class='ocrx_word' id='word_1_683' title='bbox 527 5168 696 5236; x_wconf 73' lang='lat' dir='ltr'><strong>digna:</strong></span> <span class='ocrx_word' id='word_1_684' title='bbox 724 5167 1076 5222; x_wconf 81' lang='lat' dir='ltr'><strong>retributionis</strong></span> <span class='ocrx_word' id='word_1_685' title='bbox 1105 5177 1320 5235; x_wconf 71' lang='lat' dir='ltr'><strong>quau-nt,</strong></span> <span class='ocrx_word' id='word_1_686' title='bbox 1363 5170 1665 5238; x_wconf 79' lang='lat' dir='ltr'><strong>patientiam</strong></span> <span class='ocrx_word' id='word_1_687' title='bbox 1714 5188 1815 5225; x_wconf 88' lang='lat' dir='ltr'><strong>non</strong></span> 
     </span>
    </p>
   </div>
   <div class='ocr_carea' id='block_1_96' title="bbox 220 5237 1815 5309">
    <p class='ocr_par' dir='ltr' id='par_1_96' title="bbox 220 5237 1815 5309">
     <span class='ocr_line' id='line_1_96' title="bbox 220 5237 1815 5309; baseline 0.003 -20"><span class='ocrx_word' id='word_1_688' title='bbox 220 5237 445 5301; x_wconf 76' lang='lat' dir='ltr'><strong>exhibet,</strong></span> <span class='ocrx_word' id='word_1_689' title='bbox 478 5238 569 5289; x_wconf 88' lang='lat' dir='ltr'><strong>sed</strong></span> <span class='ocrx_word' id='word_1_690' title='bbox 592 5249 847 5309; x_wconf 82' lang='lat' dir='ltr'><strong>ostentat.</strong></span> <span class='ocrx_word' id='word_1_691' title='bbox 901 5242 1164 5301; x_wconf 82' lang='lat' dir='ltr'><strong>Scriptum</strong></span> <span class='ocrx_word' id='word_1_692' title='bbox 1201 5237 1390 5309; x_wconf 85' lang='lat' dir='ltr'><strong>quippe</strong></span> <span class='ocrx_word' id='word_1_693' title='bbox 1435 5250 1548 5292; x_wconf 88' lang='lat' dir='ltr'><strong>est:</strong></span> <span class='ocrx_word' id='word_1_694' title='bbox 1575 5239 1815 5294; x_wconf 87' lang='lat' dir='ltr'><strong>Charitas</strong></span> 
     </span>
    </p>
   </div>
   <div class='ocr_carea' id='block_1_97' title="bbox 222 5307 1819 5380">
    <p class='ocr_par' dir='ltr' id='par_1_97' title="bbox 222 5307 1819 5380">
     <span class='ocr_line' id='line_1_97' title="bbox 222 5307 1819 5380; baseline 0.003 -20"><span class='ocrx_word' id='word_1_695' title='bbox 222 5316 425 5375; x_wconf 82' lang='lat' dir='ltr'><strong>patiens</strong></span> <span class='ocrx_word' id='word_1_696' title='bbox 451 5316 552 5380; x_wconf 84' lang='lat' dir='ltr'><strong>est,</strong></span> <span class='ocrx_word' id='word_1_697' title='bbox 583 5307 804 5379; x_wconf 84' lang='lat' dir='ltr'><strong>benigna</strong></span> <span class='ocrx_word' id='word_1_698' title='bbox 844 5319 917 5363; x_wconf 82' lang='lat' dir='ltr'><strong>est</strong></span> <span class='ocrx_word' id='word_1_699' title='bbox 945 5310 990 5378; x_wconf 90' lang='grc' dir='ltr'><strong>(ι</strong></span> <span class='ocrx_word' id='word_1_700' title='bbox 1022 5309 1142 5364; x_wconf 87' lang='lat' dir='ltr'><strong>Cor.</strong></span> <span class='ocrx_word' id='word_1_701' title='bbox 1179 5307 1338 5380; x_wconf 51' lang='grc'><strong>1111)(</strong></span> <span class='ocrx_word' id='word_1_702' title='bbox 1360 5309 1571 5364; x_wconf 80' lang='lat' dir='ltr'><strong>I’atiens</strong></span> <span class='ocrx_word' id='word_1_703' title='bbox 1602 5329 1819 5379; x_wconf 90' lang='lat' dir='ltr'><strong>namque</strong></span> 
     </span>
    </p>
   </div>
   <div class='ocr_carea' id='block_1_98' title="bbox 218 5377 1816 5455">
    <p class='ocr_par' dir='ltr' id='par_1_98' title="bbox 218 5377 1816 5455">
     <span class='ocr_line' id='line_1_98' title="bbox 218 5377 1816 5455; baseline 0.004 -24"><span class='ocrx_word' id='word_1_704' title='bbox 218 5390 314 5455; x_wconf 67' lang='lat' dir='ltr'><strong>est.</strong></span> <span class='ocrx_word' id='word_1_705' title='bbox 349 5389 407 5432; x_wconf 88' lang='lat' dir='ltr'><strong>ut</strong></span> <span class='ocrx_word' id='word_1_706' title='bbox 444 5377 619 5433; x_wconf 86' lang='lat' dir='ltr'><strong>aliena</strong></span> <span class='ocrx_word' id='word_1_707' title='bbox 647 5377 786 5433; x_wconf 82' lang='lat' dir='ltr'><strong>mala</strong></span> <span class='ocrx_word' id='word_1_708' title='bbox 829 5377 1044 5447; x_wconf 84' lang='lat' dir='ltr'><strong>toleret;</strong></span> <span class='ocrx_word' id='word_1_709' title='bbox 1073 5377 1290 5455; x_wconf 82' lang='lat' dir='ltr'><strong>benigna</strong></span> <span class='ocrx_word' id='word_1_710' title='bbox 1319 5397 1435 5435; x_wconf 83' lang='lat' dir='ltr'><strong>vero</strong></span> <span class='ocrx_word' id='word_1_711' title='bbox 1465 5396 1563 5448; x_wconf 65' lang='lat' dir='ltr'><strong>est,</strong></span> <span class='ocrx_word' id='word_1_712' title='bbox 1595 5393 1649 5436; x_wconf 88' lang='lat' dir='ltr'><strong>ut</strong></span> <span class='ocrx_word' id='word_1_713' title='bbox 1681 5377 1816 5453; x_wconf 86' lang='lat' dir='ltr'><strong>ipsos</strong></span> 
     </span>
    </p>
   </div>
   <div class='ocr_carea' id='block_1_99' title="bbox 218 5451 918 5536">
    <p class='ocr_par' dir='ltr' id='par_1_99' title="bbox 218 5451 918 5536">
     <span class='ocr_line' id='line_1_99' title="bbox 218 5451 918 5536; baseline 0.004 -34"><span class='ocrx_word' id='word_1_714' title='bbox 218 5451 383 5536; x_wconf 57' lang='lat' dir='ltr'><strong>fuant</strong></span> <span class='ocrx_word' id='word_1_715' title='bbox 395 5465 534 5536; x_wconf 72' lang='lat' dir='ltr'><strong>_quos</strong></span> <span class='ocrx_word' id='word_1_716' title='bbox 562 5462 742 5536; x_wconf 75' lang='lat' dir='ltr'><strong>portat</strong></span> <span class='ocrx_word' id='word_1_717' title='bbox 766 5461 918 5536; x_wconf 55' lang='lat' dir='ltr'><strong>amet:</strong></span> 
     </span>
    </p>
   </div>
   <div class='ocr_carea' id='block_1_100' title="bbox 209 5523 1810 5594">
    <p class='ocr_par' dir='ltr' id='par_1_100' title="bbox 209 5523 1810 5594">
     <span class='ocr_line' id='line_1_100' title="bbox 209 5523 1810 5594; baseline 0.002 -16"><span class='ocrx_word' id='word_1_718' title='bbox 209 5523 234 5578; x_wconf 64' lang='grc' dir='ltr'><strong>τ’</strong></span> <span class='ocrx_word' id='word_1_719' title='bbox 297 5531 322 5594; x_wconf 71' lang='lat' dir='ltr'><strong>f</strong></span> <span class='ocrx_word' id='word_1_720' title='bbox 357 5524 810 5594; x_wconf 69' lang='lat' dir='ltr'><strong>_llas_senteutias</strong></span> <span class='ocrx_word' id='word_1_721' title='bbox 844 5523 974 5578; x_wconf 85' lang='lat' dir='ltr'><strong>alibi</strong></span> <span class='ocrx_word' id='word_1_722' title='bbox 1009 5523 1199 5577; x_wconf 88' lang='lat' dir='ltr'><strong>citatas</strong></span> <span class='ocrx_word' id='word_1_723' title='bbox 1239 5523 1479 5578; x_wconf 87' lang='lat' dir='ltr'><strong>nonnihil</strong></span> <span class='ocrx_word' id='word_1_724' title='bbox 1511 5525 1810 5594; x_wconf 78' lang='lat' dir='ltr'><strong>attigimus.</strong></span> 
     </span>
    </p>
   </div>
   <div class='ocr_carea' id='block_1_101' title="bbox 291 5589 1813 5660">
    <p class='ocr_par' dir='ltr' id='par_1_101' title="bbox 291 5589 1813 5660">
     <span class='ocr_line' id='line_1_101' title="bbox 291 5589 1813 5660; baseline 0.004 -12"><span class='ocrx_word' id='word_1_725' title='bbox 291 5589 318 5629; x_wconf 75' lang='grc' dir='ltr'><em>δ</em></span> <span class='ocrx_word' id='word_1_726' title='bbox 349 5591 544 5648; x_wconf 89' lang='lat' dir='ltr'><strong>Simile</strong></span> <span class='ocrx_word' id='word_1_727' title='bbox 594 5593 902 5660; x_wconf 84' lang='lat' dir='ltr'><strong>exemplum</strong></span> <span class='ocrx_word' id='word_1_728' title='bbox 947 5604 1128 5651; x_wconf 90' lang='lat' dir='ltr'><strong>narrat</strong></span> <span class='ocrx_word' id='word_1_729' title='bbox 1177 5595 1413 5652; x_wconf 78' lang='lat' dir='ltr'><strong>Joannes</strong></span> <span class='ocrx_word' id='word_1_730' title='bbox 1460 5589 1709 5652; x_wconf 78' lang='lat' dir='ltr'><strong>Moschus</strong></span> <span class='ocrx_word' id='word_1_731' title='bbox 1757 5600 1813 5654; x_wconf 91' lang='lat' dir='ltr'><strong>in</strong></span> 
     </span>
    </p>
   </div>
   <div class='ocr_carea' id='block_1_102' title="bbox 221 5659 1001 5734">
    <p class='ocr_par' dir='ltr' id='par_1_102' title="bbox 221 5659 1001 5734">
     <span class='ocr_line' id='line_1_102' title="bbox 221 5659 1001 5734; baseline 0.001 -16"><span class='ocrx_word' id='word_1_732' title='bbox 221 5659 392 5734; x_wconf 73' lang='lat' dir='ltr'><strong>Prata</strong></span> <span class='ocrx_word' id='word_1_733' title='bbox 421 5664 697 5732; x_wconf 85' lang='lat' dir='ltr'><strong>Spirituali</strong></span> <span class='ocrx_word' id='word_1_734' title='bbox 722 5659 840 5734; x_wconf 81' lang='lat' dir='ltr'><strong>cap.</strong></span> <span class='ocrx_word' id='word_1_735' title='bbox 873 5665 1001 5721; x_wconf 75' lang='lat'><strong>206.</strong></span> 
     </span>
    </p>
   </div>
   <div class='ocr_carea' id='block_1_103' title="bbox 299 5733 1808 5810">
    <p class='ocr_par' dir='ltr' id='par_1_103' title="bbox 299 5733 1808 5810">
     <span class='ocr_line' id='line_1_103' title="bbox 299 5733 1808 5810; baseline 0.005 -20"><span class='ocrx_word' id='word_1_736' title='bbox 299 5745 324 5810; x_wconf 57' lang='grc' dir='ltr'>ξ</span> <span class='ocrx_word' id='word_1_737' title='bbox 357 5733 419 5791; x_wconf 83' lang='grc'><strong>8.</strong></span> <span class='ocrx_word' id='word_1_738' title='bbox 451 5733 1077 5810; x_wconf 15' lang='grc' dir='ltr'><strong>Λιζιθῃειείῃείιιιθαηυεί</strong></span> <span class='ocrx_word' id='word_1_739' title='bbox 1098 5738 1189 5793; x_wconf 89' lang='lat' dir='ltr'><strong>ille</strong></span> <span class='ocrx_word' id='word_1_740' title='bbox 1239 5747 1399 5810; x_wconf 88' lang='lat' dir='ltr'><strong>atque</strong></span> <span class='ocrx_word' id='word_1_741' title='bbox 1449 5739 1665 5798; x_wconf 83' lang='lat' dir='ltr'><strong>divinus</strong></span> <span class='ocrx_word' id='word_1_742' title='bbox 1691 5739 1808 5807; x_wconf 86' lang='lat' dir='ltr'><strong>vir,</strong></span> 
     </span>
    </p>
   </div>
   <div class='ocr_carea' id='block_1_104' title="bbox 223 5807 1816 5883">
    <p class='ocr_par' dir='ltr' id='par_1_104' title="bbox 223 5807 1816 5883">
     <span class='ocr_line' id='line_1_104' title="bbox 223 5807 1816 5883; baseline 0.005 -23"><span class='ocrx_word' id='word_1_743' title='bbox 223 5807 384 5883; x_wconf 78' lang='lat' dir='ltr'><strong>cujus</strong></span> <span class='ocrx_word' id='word_1_744' title='bbox 403 5807 783 5883; x_wconf 80' lang='lat' dir='ltr'><strong>symbolumin</strong></span> <span class='ocrx_word' id='word_1_745' title='bbox 804 5809 1261 5883; x_wconf 81' lang='lat' dir='ltr'><strong>Ecclesiislegitur</strong></span> <span class='ocrx_word' id='word_1_746' title='bbox 1290 5807 1537 5883; x_wconf 81' lang='lat' dir='ltr'><strong>(Hieron.</strong></span> <span class='ocrx_word' id='word_1_747' title='bbox 1574 5814 1627 5870; x_wconf 82' lang='lat' dir='ltr'><strong>in</strong></span> <span class='ocrx_word' id='word_1_748' title='bbox 1659 5811 1816 5870; x_wconf 87' lang='lat' dir='ltr'><strong>Cata-</strong></span> 
     </span>
    </p>
   </div>
   <div class='ocr_carea' id='block_1_105' title="bbox 222 5877 1814 5956">
    <p class='ocr_par' dir='ltr' id='par_1_105' title="bbox 222 5877 1814 5956">
     <span class='ocr_line' id='line_1_105' title="bbox 222 5877 1814 5956; baseline 0.005 -20"><span class='ocrx_word' id='word_1_749' title='bbox 222 5878 383 5954; x_wconf 80' lang='lat' dir='ltr'><strong>log.).</strong></span> <span class='ocrx_word' id='word_1_750' title='bbox 443 5877 830 5938; x_wconf 75' lang='lat' dir='ltr'><strong>Alexandrinae</strong></span> <span class='ocrx_word' id='word_1_751' title='bbox 864 5881 1017 5939; x_wconf 83' lang='lat' dir='ltr'><strong>urbls</strong></span> <span class='ocrx_word' id='word_1_752' title='bbox 1047 5877 1354 5956; x_wconf 79' lang='lat' dir='ltr'><strong>episcopus,</strong></span> <span class='ocrx_word' id='word_1_753' title='bbox 1414 5886 1715 5944; x_wconf 82' lang='lat' dir='ltr'><strong>sanctitatis</strong></span> <span class='ocrx_word' id='word_1_754' title='bbox 1760 5894 1814 5944; x_wconf 85' lang='lat' dir='ltr'><strong>et</strong></span> 
     </span>
    </p>
   </div>
   <div class='ocr_carea' id='block_1_106' title="bbox 1914 4382 3509 4450">
    <p class='ocr_par' dir='ltr' id='par_1_106' title="bbox 1914 4382 3509 4450">
     <span class='ocr_line' id='line_1_106' title="bbox 1914 4382 3509 4450; baseline -0.001 -8"><span class='ocrx_word' id='word_1_755' title='bbox 1914 4387 2238 4442; x_wconf 88' lang='lat' dir='ltr'><strong>eruditionis</strong></span> <span class='ocrx_word' id='word_1_756' title='bbox 2259 4385 2496 4450; x_wconf 66' lang='lat' dir='ltr'><strong>eximiae,</strong></span> <span class='ocrx_word' id='word_1_757' title='bbox 2531 4387 2830 4440; x_wconf 87' lang='lat' dir='ltr'><strong>acerrimus</strong></span> <span class='ocrx_word' id='word_1_758' title='bbox 2851 4383 3136 4439; x_wconf 76' lang='lat' dir='ltr'><strong>catholicae</strong></span> <span class='ocrx_word' id='word_1_759' title='bbox 3167 4382 3288 4437; x_wconf 89' lang='lat' dir='ltr'><strong>fidei</strong></span> <span class='ocrx_word' id='word_1_760' title='bbox 3314 4392 3509 4440; x_wconf 85' lang='lat' dir='ltr'><strong>contra</strong></span> 
     </span>
    </p>
   </div>
   <div class='ocr_carea' id='block_1_107' title="bbox 1917 4454 3508 4526">
    <p class='ocr_par' dir='ltr' id='par_1_107' title="bbox 1917 4454 3508 4526">
     <span class='ocr_line' id='line_1_107' title="bbox 1917 4454 3508 4526; baseline -0.003 -12"><span class='ocrx_word' id='word_1_761' title='bbox 1917 4459 2146 4514; x_wconf 80' lang='lat' dir='ltr'><strong>Arianos</strong></span> <span class='ocrx_word' id='word_1_762' title='bbox 2168 4467 2551 4526; x_wconf 84' lang='lat' dir='ltr'><strong>propugnator,</strong></span> <span class='ocrx_word' id='word_1_763' title='bbox 2574 4473 2669 4526; x_wconf 90' lang='lat' dir='ltr'><strong>pro</strong></span> <span class='ocrx_word' id='word_1_764' title='bbox 2690 4456 2847 4524; x_wconf 89' lang='lat' dir='ltr'><strong>cujus</strong></span> <span class='ocrx_word' id='word_1_765' title='bbox 2874 4455 3190 4510; x_wconf 88' lang='lat' dir='ltr'><strong>defensione</strong></span> <span class='ocrx_word' id='word_1_766' title='bbox 3215 4456 3409 4508; x_wconf 88' lang='lat' dir='ltr'><strong>multas</strong></span> <span class='ocrx_word' id='word_1_767' title='bbox 3439 4454 3508 4510; x_wconf 87' lang='lat' dir='ltr'><strong>ab</strong></span> 
     </span>
    </p>
   </div>
   <div class='ocr_carea' id='block_1_108' title="bbox 1917 4525 3508 4598">
    <p class='ocr_par' dir='ltr' id='par_1_108' title="bbox 1917 4525 3508 4598">
     <span class='ocr_line' id='line_1_108' title="bbox 1917 4525 3508 4598; baseline -0.001 -16"><span class='ocrx_word' id='word_1_768' title='bbox 1917 4532 1996 4583; x_wconf 87' lang='lat' dir='ltr'><strong>eis</strong></span> <span class='ocrx_word' id='word_1_769' title='bbox 2017 4525 2308 4598; x_wconf 84' lang='lat' dir='ltr'><strong>perpessus</strong></span> <span class='ocrx_word' id='word_1_770' title='bbox 2333 4529 2554 4582; x_wconf 86' lang='lat' dir='ltr'><strong>insidias</strong></span> <span class='ocrx_word' id='word_1_771' title='bbox 2578 4525 2644 4580; x_wconf 80' lang='lat' dir='ltr'><strong>ad</strong></span> <span class='ocrx_word' id='word_1_772' title='bbox 2662 4527 3033 4598; x_wconf 88' lang='lat' dir='ltr'><strong>C0ustautium</strong></span> <span class='ocrx_word' id='word_1_773' title='bbox 3060 4532 3194 4595; x_wconf 80' lang='lat' dir='ltr'><strong>Aug.</strong></span> <span class='ocrx_word' id='word_1_774' title='bbox 3221 4525 3270 4579; x_wconf 92' lang='lat' dir='ltr'><strong>iu</strong></span> <span class='ocrx_word' id='word_1_775' title='bbox 3300 4526 3508 4580; x_wconf 79' lang='lat' dir='ltr'><strong>Gallias</strong></span> 
     </span>
    </p>
   </div>
   <div class='ocr_carea' id='block_1_109' title="bbox 1918 4597 3505 4667">
    <p class='ocr_par' dir='ltr' id='par_1_109' title="bbox 1918 4597 3505 4667">
     <span class='ocr_line' id='line_1_109' title="bbox 1918 4597 3505 4667; baseline -0.002 -14"><span class='ocrx_word' id='word_1_776' title='bbox 1918 4600 2090 4667; x_wconf 65' lang='lat' dir='ltr'><strong>fugit:</strong></span> <span class='ocrx_word' id='word_1_777' title='bbox 2124 4597 2266 4654; x_wconf 86' lang='lat' dir='ltr'><strong>unde</strong></span> <span class='ocrx_word' id='word_1_778' title='bbox 2320 4613 2570 4653; x_wconf 79' lang='lat' dir='ltr'><strong>reversus</strong></span> <span class='ocrx_word' id='word_1_779' title='bbox 2623 4614 2746 4652; x_wconf 86' lang='lat' dir='ltr'><strong>cum</strong></span> <span class='ocrx_word' id='word_1_780' title='bbox 2804 4597 3018 4660; x_wconf 85' lang='lat' dir='ltr'><strong>litteris,</strong></span> <span class='ocrx_word' id='word_1_781' title='bbox 3061 4607 3116 4652; x_wconf 88' lang='lat' dir='ltr'><strong>et</strong></span> <span class='ocrx_word' id='word_1_782' title='bbox 3156 4611 3343 4654; x_wconf 70' lang='lat' dir='ltr'><strong>rursus</strong></span> <span class='ocrx_word' id='word_1_783' title='bbox 3384 4606 3505 4664; x_wconf 90' lang='lat' dir='ltr'><strong>post</strong></span> 
     </span>
    </p>
   </div>
   <div class='ocr_carea' id='block_1_110' title="bbox 1920 4667 3508 4740">
    <p class='ocr_par' dir='ltr' id='par_1_110' title="bbox 1920 4667 3508 4740">
     <span class='ocr_line' id='line_1_110' title="bbox 1920 4667 3508 4740; baseline -0.003 -14"><span class='ocrx_word' id='word_1_784' title='bbox 1920 4681 2147 4726; x_wconf 75' lang='lat' dir='ltr'><strong>mortem</strong></span> <span class='ocrx_word' id='word_1_785' title='bbox 2182 4671 2295 4740; x_wconf 78' lang='lat' dir='ltr'><strong>ejus</strong></span> <span class='ocrx_word' id='word_1_786' title='bbox 2323 4668 2558 4737; x_wconf 84' lang='lat' dir='ltr'><strong>fugatus,</strong></span> <span class='ocrx_word' id='word_1_787' title='bbox 2594 4683 2760 4735; x_wconf 72' lang='lat' dir='ltr'><strong>usuue</strong></span> <span class='ocrx_word' id='word_1_788' title='bbox 2811 4667 2876 4721; x_wconf 85' lang='lat' dir='ltr'><strong>ad</strong></span> <span class='ocrx_word' id='word_1_789' title='bbox 2907 4668 3115 4722; x_wconf 86' lang='lat' dir='ltr'><strong>Joviani</strong></span> <span class='ocrx_word' id='word_1_790' title='bbox 3154 4669 3508 4740; x_wconf 12' lang='lat' dir='ltr'><strong>tetuporaila-</strong></span> 
     </span>
    </p>
   </div>
   <div class='ocr_carea' id='block_1_111' title="bbox 1923 4738 3506 4811">
    <p class='ocr_par' dir='ltr' id='par_1_111' title="bbox 1923 4738 3506 4811">
     <span class='ocr_line' id='line_1_111' title="bbox 1923 4738 3506 4811; baseline -0.003 -15"><span class='ocrx_word' id='word_1_791' title='bbox 1923 4746 2046 4803; x_wconf 89' lang='lat' dir='ltr'><strong>tuit,</strong></span> <span class='ocrx_word' id='word_1_792' title='bbox 2071 4758 2099 4795; x_wconf 90' lang='lat' dir='ltr'><strong>a</strong></span> <span class='ocrx_word' id='word_1_793' title='bbox 2127 4738 2234 4811; x_wconf 72' lang='lat' dir='ltr'><strong>quo</strong></span> <span class='ocrx_word' id='word_1_794' title='bbox 2270 4751 2483 4806; x_wconf 87' lang='lat' dir='ltr'><strong>recepta</strong></span> <span class='ocrx_word' id='word_1_795' title='bbox 2516 4742 2768 4794; x_wconf 65' lang='lat' dir='ltr'><strong>Ecclesia:</strong></span> <span class='ocrx_word' id='word_1_796' title='bbox 2810 4753 2923 4792; x_wconf 76' lang='lat' dir='ltr'><strong>sure</strong></span> <span class='ocrx_word' id='word_1_797' title='bbox 2951 4740 3338 4811; x_wconf 84' lang='lat' dir='ltr'><strong>gubernatione</strong></span> <span class='ocrx_word' id='word_1_798' title='bbox 3371 4738 3506 4792; x_wconf 93' lang='lat' dir='ltr'><strong>obiit</strong></span> 
     </span>
    </p>
   </div>
   <div class='ocr_carea' id='block_1_112' title="bbox 1841 4801 3504 4876">
    <p class='ocr_par' dir='ltr' id='par_1_112' title="bbox 1841 4801 3504 4876">
     <span class='ocr_line' id='line_1_112' title="bbox 1841 4801 3504 4876; baseline -0.005 -8"><span class='ocrx_word' id='word_1_799' title='bbox 1841 4801 1897 4862; x_wconf 86' lang='grc' dir='ltr'>Ῑ)</span> <span class='ocrx_word' id='word_1_800' title='bbox 1922 4801 2062 4868; x_wconf 85' lang='lat' dir='ltr'><strong>anno</strong></span> <span class='ocrx_word' id='word_1_801' title='bbox 2093 4801 2300 4866; x_wconf 75' lang='lat' dir='ltr'><strong>Domini</strong></span> <span class='ocrx_word' id='word_1_802' title='bbox 2331 4801 2459 4874; x_wconf 74' lang='lat'><strong>370,</strong></span> <span class='ocrx_word' id='word_1_803' title='bbox 2492 4811 2696 4866; x_wconf 72' lang='lat' dir='ltr'><strong>relictis</strong></span> <span class='ocrx_word' id='word_1_804' title='bbox 2721 4819 2774 4864; x_wconf 92' lang='lat' dir='ltr'><strong>et</strong></span> <span class='ocrx_word' id='word_1_805' title='bbox 2806 4801 3134 4864; x_wconf 66' lang='lat' dir='ltr'><strong>transmissis</strong></span> <span class='ocrx_word' id='word_1_806' title='bbox 3156 4810 3220 4861; x_wconf 88' lang='lat' dir='ltr'><strong>ad</strong></span> <span class='ocrx_word' id='word_1_807' title='bbox 3256 4819 3504 4876; x_wconf 86' lang='lat' dir='ltr'><strong>posteros</strong></span> 
     </span>
    </p>
   </div>
   <div class='ocr_carea' id='block_1_113' title="bbox 1923 4882 3170 4953">
    <p class='ocr_par' dir='ltr' id='par_1_113' title="bbox 1923 4882 3170 4953">
     <span class='ocr_line' id='line_1_113' title="bbox 1923 4882 3170 4953; baseline -0.004 -14"><span class='ocrx_word' id='word_1_808' title='bbox 1923 4886 2106 4939; x_wconf 88' lang='lat' dir='ltr'><strong>multis</strong></span> <span class='ocrx_word' id='word_1_809' title='bbox 2137 4885 2413 4953; x_wconf 74' lang='lat' dir='ltr'><strong>prmclaris</strong></span> <span class='ocrx_word' id='word_1_810' title='bbox 2443 4883 2642 4951; x_wconf 83' lang='lat' dir='ltr'><strong>ingenii</strong></span> <span class='ocrx_word' id='word_1_811' title='bbox 2674 4884 2754 4936; x_wconf 89' lang='lat' dir='ltr'><strong>sui</strong></span> <span class='ocrx_word' id='word_1_812' title='bbox 2788 4882 3170 4953; x_wconf 50' lang='lat' dir='ltr'><strong>monutttetttis:</strong></span> 
     </span>
    </p>
   </div>
   <div class='ocr_carea' id='block_1_114' title="bbox 1997 4949 3507 5021">
    <p class='ocr_par' dir='ltr' id='par_1_114' title="bbox 1997 4949 3507 5021">
     <span class='ocr_line' id='line_1_114' title="bbox 1997 4949 3507 5021; baseline -0.002 -12"><span class='ocrx_word' id='word_1_813' title='bbox 1997 4955 2016 4994; x_wconf 72' lang='grc' dir='ltr'><em>τ</em></span> <span class='ocrx_word' id='word_1_814' title='bbox 2039 4956 2095 5009; x_wconf 90' lang='lat' dir='ltr'><strong>Id</strong></span> <span class='ocrx_word' id='word_1_815' title='bbox 2125 4949 2227 5020; x_wconf 82' lang='lat' dir='ltr'><strong>est,</strong></span> <span class='ocrx_word' id='word_1_816' title='bbox 2266 4949 2558 5021; x_wconf 81' lang='lat' dir='ltr'><strong>refoveam,</strong></span> <span class='ocrx_word' id='word_1_817' title='bbox 2590 4963 2684 5008; x_wconf 91' lang='lat' dir='ltr'><strong>aut</strong></span> <span class='ocrx_word' id='word_1_818' title='bbox 2710 4955 2966 5008; x_wconf 85' lang='lat' dir='ltr'><strong>reliciatu.</strong></span> <span class='ocrx_word' id='word_1_819' title='bbox 2993 4949 3109 5005; x_wconf 84' lang='lat' dir='ltr'><strong>Nic.</strong></span> <span class='ocrx_word' id='word_1_820' title='bbox 3139 4950 3426 5006; x_wconf 80' lang='lat' dir='ltr'><strong>Perottus]</strong></span> <span class='ocrx_word' id='word_1_821' title='bbox 3468 4967 3507 5006; x_wconf 90' lang='lat' dir='ltr'><strong>t:</strong></span> 
     </span>
    </p>
   </div>
   <div class='ocr_carea' id='block_1_115' title="bbox 1921 5022 3509 5095">
    <p class='ocr_par' dir='ltr' id='par_1_115' title="bbox 1921 5022 3509 5095">
     <span class='ocr_line' id='line_1_115' title="bbox 1921 5022 3509 5095; baseline -0.004 -14"><span class='ocrx_word' id='word_1_822' title='bbox 1921 5025 2122 5091; x_wconf 85' lang='lat' dir='ltr'><strong>Pausa,</strong></span> <span class='ocrx_word' id='word_1_823' title='bbox 2178 5026 2373 5092; x_wconf 82' lang='lat' dir='ltr'><strong>inquit,</strong></span> <span class='ocrx_word' id='word_1_824' title='bbox 2435 5026 2621 5077; x_wconf 85' lang='lat' dir='ltr'><strong>dicitur</strong></span> <span class='ocrx_word' id='word_1_825' title='bbox 2672 5025 2871 5095; x_wconf 79' lang='lat' dir='ltr'><strong>requies</strong></span> <span class='ocrx_word' id='word_1_826' title='bbox 2917 5025 3140 5095; x_wconf 69' lang='lat' dir='ltr'><strong>alicujus</strong></span> <span class='ocrx_word' id='word_1_827' title='bbox 3190 5022 3288 5076; x_wconf 89' lang='lat' dir='ltr'><strong>rei.</strong></span> <span class='ocrx_word' id='word_1_828' title='bbox 3331 5023 3509 5095; x_wconf 80' lang='lat' dir='ltr'><strong>Actius</strong></span> 
     </span>
    </p>
   </div>
   <div class='ocr_carea' id='block_1_116' title="bbox 1919 5091 3508 5171">
    <p class='ocr_par' dir='ltr' id='par_1_116' title="bbox 1919 5091 3508 5171">
     <span class='ocr_line' id='line_1_116' title="bbox 1919 5091 3508 5171; baseline -0.004 -18"><span class='ocrx_word' id='word_1_829' title='bbox 1919 5111 2068 5171; x_wconf 88' lang='lat' dir='ltr'><strong>poeta</strong></span> <span class='ocrx_word' id='word_1_830' title='bbox 2088 5114 2107 5152; x_wconf 89' lang='lat'><strong><em>:</em></strong></span> <span class='ocrx_word' id='word_1_831' title='bbox 2141 5096 2191 5151; x_wconf 87' lang='grc' dir='ltr'><strong><em>Ν</em></strong></span> <span class='ocrx_word' id='word_1_832' title='bbox 2197 5098 2303 5171; x_wconf 83' lang='lat' dir='ltr'><strong>obis</strong></span> <span class='ocrx_word' id='word_1_833' title='bbox 2330 5097 2452 5150; x_wconf 87' lang='lat' dir='ltr'><strong>data</strong></span> <span class='ocrx_word' id='word_1_834' title='bbox 2469 5113 2629 5166; x_wconf 87' lang='lat' dir='ltr'><strong>pausa</strong></span> <span class='ocrx_word' id='word_1_835' title='bbox 2647 5091 2908 5165; x_wconf 84' lang='lat' dir='ltr'><strong>loquendi.</strong></span> <span class='ocrx_word' id='word_1_836' title='bbox 2939 5091 3069 5171; x_wconf 77' lang='lat' dir='ltr'><strong>Inde</strong></span> <span class='ocrx_word' id='word_1_837' title='bbox 3091 5110 3252 5165; x_wconf 86' lang='lat' dir='ltr'><strong>pausa</strong></span> <span class='ocrx_word' id='word_1_838' title='bbox 3280 5094 3508 5171; x_wconf 71' lang='lat' dir='ltr'><strong>rerbum,</strong></span> 
     </span>
    </p>
   </div>
   <div class='ocr_carea' id='block_1_117' title="bbox 1918 5167 3508 5240">
    <p class='ocr_par' dir='ltr' id='par_1_117' title="bbox 1918 5167 3508 5240">
     <span class='ocr_line' id='line_1_117' title="bbox 1918 5167 3508 5240; baseline -0.005 -16"><span class='ocrx_word' id='word_1_839' title='bbox 1918 5167 1974 5224; x_wconf 82' lang='lat' dir='ltr'><strong>id</strong></span> <span class='ocrx_word' id='word_1_840' title='bbox 2003 5179 2096 5228; x_wconf 79' lang='lat' dir='ltr'><strong>est.</strong></span> <span class='ocrx_word' id='word_1_841' title='bbox 2125 5169 2331 5240; x_wconf 75' lang='lat' dir='ltr'><strong>quiesco</strong></span> <span class='ocrx_word' id='word_1_842' title='bbox 2356 5185 2372 5234; x_wconf 91' lang='lat'><em>;</em></span> <span class='ocrx_word' id='word_1_843' title='bbox 2402 5185 2434 5220; x_wconf 80' lang='grc' dir='ltr'><strong>η</strong></span> <span class='ocrx_word' id='word_1_844' title='bbox 2462 5184 2562 5238; x_wconf 88' lang='lat' dir='ltr'><strong>quo</strong></span> <span class='ocrx_word' id='word_1_845' title='bbox 2595 5183 2835 5240; x_wconf 79' lang='lat' dir='ltr'><strong>repauso,</strong></span> <span class='ocrx_word' id='word_1_846' title='bbox 2864 5167 3000 5238; x_wconf 90' lang='lat' dir='ltr'><strong>quod</strong></span> <span class='ocrx_word' id='word_1_847' title='bbox 3027 5179 3122 5228; x_wconf 87' lang='lat' dir='ltr'><strong>est,</strong></span> <span class='ocrx_word' id='word_1_848' title='bbox 3152 5168 3380 5240; x_wconf 81' lang='lat' dir='ltr'><strong>requiem</strong></span> <span class='ocrx_word' id='word_1_849' title='bbox 3418 5181 3508 5240; x_wconf 76' lang='lat' dir='ltr'><strong>ca-</strong></span> 
     </span>
    </p>
   </div>
   <div class='ocr_carea' id='block_1_118' title="bbox 1919 5235 3511 5314">
    <p class='ocr_par' dir='ltr' id='par_1_118' title="bbox 1919 5235 3511 5314">
     <span class='ocr_line' id='line_1_118' title="bbox 1919 5235 3511 5314; baseline -0.003 -22"><span class='ocrx_word' id='word_1_850' title='bbox 1919 5242 2028 5314; x_wconf 84' lang='lat' dir='ltr'><strong>pio.</strong></span> <span class='ocrx_word' id='word_1_851' title='bbox 2061 5235 2399 5314; x_wconf 77' lang='lat' dir='ltr'><strong>Dedttcuntur</strong></span> <span class='ocrx_word' id='word_1_852' title='bbox 2426 5235 2597 5293; x_wconf 83' lang='lat' dir='ltr'><strong>autem</strong></span> <span class='ocrx_word' id='word_1_853' title='bbox 2624 5235 2661 5292; x_wconf 75' lang='grc' dir='ltr'><strong>(ι’</strong></span> <span class='ocrx_word' id='word_1_854' title='bbox 2684 5238 2850 5314; x_wconf 78' lang='lat' dir='ltr'><strong>verbo,</strong></span> <span class='ocrx_word' id='word_1_855' title='bbox 2876 5235 3137 5314; x_wconf 52' lang='grc' dir='ltr'><strong>’παύομᾳμ</strong></span> <span class='ocrx_word' id='word_1_856' title='bbox 3169 5237 3308 5314; x_wconf 78' lang='lat' dir='ltr'><strong>quod</strong></span> <span class='ocrx_word' id='word_1_857' title='bbox 3348 5235 3511 5302; x_wconf 74' lang='lat' dir='ltr'><strong>signi-</strong></span> 
     </span>
    </p>
   </div>
   <div class='ocr_carea' id='block_1_119' title="bbox 1919 5307 3512 5382">
    <p class='ocr_par' dir='ltr' id='par_1_119' title="bbox 1919 5307 3512 5382">
     <span class='ocr_line' id='line_1_119' title="bbox 1919 5307 3512 5382; baseline -0.004 -17"><span class='ocrx_word' id='word_1_858' title='bbox 1919 5307 2062 5382; x_wconf 59' lang='lat' dir='ltr'><strong>ficat,</strong></span> <span class='ocrx_word' id='word_1_859' title='bbox 2090 5311 2278 5364; x_wconf 80' lang='lat' dir='ltr'><strong>desisto</strong></span> <span class='ocrx_word' id='word_1_860' title='bbox 2309 5310 2371 5365; x_wconf 92' lang='lat' dir='ltr'><strong>ab</strong></span> <span class='ocrx_word' id='word_1_861' title='bbox 2395 5326 2568 5382; x_wconf 86' lang='lat' dir='ltr'><strong>opere,</strong></span> <span class='ocrx_word' id='word_1_862' title='bbox 2599 5310 2882 5379; x_wconf 84' lang='lat' dir='ltr'><strong>requiesco.</strong></span> <span class='ocrx_word' id='word_1_863' title='bbox 2931 5307 3035 5382; x_wconf 61' lang='lat' dir='ltr'><strong>hic</strong></span> <span class='ocrx_word' id='word_1_864' title='bbox 3069 5307 3188 5382; x_wconf 79' lang='lat' dir='ltr'><strong>ille.</strong></span> <span class='ocrx_word' id='word_1_865' title='bbox 3221 5307 3288 5361; x_wconf 78' lang='lat' dir='ltr'><strong>At</strong></span> <span class='ocrx_word' id='word_1_866' title='bbox 3315 5321 3512 5382; x_wconf 61' lang='lat' dir='ltr'><strong>repan-</strong></span> 
     </span>
    </p>
   </div>
   <div class='ocr_carea' id='block_1_120' title="bbox 1919 5377 3509 5457">
    <p class='ocr_par' dir='ltr' id='par_1_120' title="bbox 1919 5377 3509 5457">
     <span class='ocr_line' id='line_1_120' title="bbox 1919 5377 3509 5457; baseline -0.006 -20"><span class='ocrx_word' id='word_1_867' title='bbox 1919 5377 2170 5438; x_wconf 36' lang='lat' dir='ltr'><strong>sare&#39;hoc</strong></span> <span class='ocrx_word' id='word_1_868' title='bbox 2220 5383 2340 5437; x_wconf 86' lang='lat' dir='ltr'><strong>loco</strong></span> <span class='ocrx_word' id='word_1_869' title='bbox 2379 5377 2552 5457; x_wconf 71' lang='lat' dir='ltr'><strong>active</strong></span> <span class='ocrx_word' id='word_1_870' title='bbox 2579 5377 2826 5457; x_wconf 81' lang='lat' dir='ltr'><strong>sumitur,</strong></span> <span class='ocrx_word' id='word_1_871' title='bbox 2857 5391 2912 5432; x_wconf 83' lang='grc' dir='ltr'>ιιι</span> <span class='ocrx_word' id='word_1_872' title='bbox 2945 5379 3086 5434; x_wconf 89' lang='lat' dir='ltr'><strong>idem</strong></span> <span class='ocrx_word' id='word_1_873' title='bbox 3115 5379 3180 5433; x_wconf 91' lang='lat' dir='ltr'><strong>sit</strong></span> <span class='ocrx_word' id='word_1_874' title='bbox 3212 5377 3509 5457; x_wconf 30' lang='lat' dir='ltr'><strong>quo-drell-</strong></span> 
     </span>
    </p>
   </div>
   <div class='ocr_carea' id='block_1_121' title="bbox 1919 5447 3512 5520">
    <p class='ocr_par' dir='ltr' id='par_1_121' title="bbox 1919 5447 3512 5520">
     <span class='ocr_line' id='line_1_121' title="bbox 1919 5447 3512 5520; baseline -0.005 -12"><span class='ocrx_word' id='word_1_875' title='bbox 1919 5470 2066 5520; x_wconf 84' lang='lat' dir='ltr'><strong>cere,</strong></span> <span class='ocrx_word' id='word_1_876' title='bbox 2098 5469 2363 5516; x_wconf 84' lang='lat' dir='ltr'><strong>recreare,</strong></span> <span class='ocrx_word' id='word_1_877' title='bbox 2410 5453 2715 5507; x_wconf 83' lang='lat' dir='ltr'><strong>humaniter</strong></span> <span class='ocrx_word' id='word_1_878' title='bbox 2747 5461 3000 5515; x_wconf 86' lang='lat' dir='ltr'><strong>tractare,</strong></span> <span class='ocrx_word' id='word_1_879' title='bbox 3043 5461 3097 5506; x_wconf 90' lang='lat' dir='ltr'><strong>et</strong></span> <span class='ocrx_word' id='word_1_880' title='bbox 3126 5449 3278 5519; x_wconf 90' lang='lat' dir='ltr'><strong>quasi</strong></span> <span class='ocrx_word' id='word_1_881' title='bbox 3314 5447 3512 5501; x_wconf 58' lang='lat' dir='ltr'><strong>latiori-</strong></span> 
     </span>
    </p>
   </div>
   <div class='ocr_carea' id='block_1_122' title="bbox 1919 5520 3514 5601">
    <p class='ocr_par' dir='ltr' id='par_1_122' title="bbox 1919 5520 3514 5601">
     <span class='ocr_line' id='line_1_122' title="bbox 1919 5520 3514 5601; baseline -0.004 -23"><span class='ocrx_word' id='word_1_882' title='bbox 1919 5524 2018 5580; x_wconf 90' lang='lat' dir='ltr'><strong>bus</strong></span> <span class='ocrx_word' id='word_1_883' title='bbox 2049 5540 2293 5601; x_wconf 70' lang='lat' dir='ltr'><strong>pausaut,</strong></span> <span class='ocrx_word' id='word_1_884' title='bbox 2330 5524 2380 5578; x_wconf 90' lang='lat' dir='ltr'><strong>id</strong></span> <span class='ocrx_word' id='word_1_885' title='bbox 2411 5523 2711 5601; x_wconf 20' lang='lat' dir='ltr'><strong>est,_AIin_eut</strong></span> <span class='ocrx_word' id='word_1_886' title='bbox 2760 5523 3060 5601; x_wconf 72' lang='lat' dir='ltr'><strong>imponere,</strong></span> <span class='ocrx_word' id='word_1_887' title='bbox 3113 5520 3254 5590; x_wconf 90' lang='lat' dir='ltr'><strong>quod</strong></span> <span class='ocrx_word' id='word_1_888' title='bbox 3301 5534 3370 5572; x_wconf 76' lang='lat' dir='ltr'><strong>ex</strong></span> <span class='ocrx_word' id='word_1_889' title='bbox 3427 5531 3514 5601; x_wconf 46' lang='lat' dir='ltr'><strong>se?</strong></span> 
     </span>
    </p>
   </div>
   <div class='ocr_carea' id='block_1_123' title="bbox 1919 5589 3512 5665">
    <p class='ocr_par' dir='ltr' id='par_1_123' title="bbox 1919 5589 3512 5665">
     <span class='ocr_line' id='line_1_123' title="bbox 1919 5589 3512 5665; baseline -0.004 -15"><span class='ocrx_word' id='word_1_890' title='bbox 1919 5589 2092 5650; x_wconf 76' lang='lat' dir='ltr'><strong>cunila</strong></span> <span class='ocrx_word' id='word_1_891' title='bbox 2121 5595 2361 5665; x_wconf 88' lang='lat' dir='ltr'><strong>ejusdem</strong></span> <span class='ocrx_word' id='word_1_892' title='bbox 2412 5595 2658 5649; x_wconf 81' lang='lat' dir='ltr'><strong>mulieris</strong></span> <span class='ocrx_word' id='word_1_893' title='bbox 2687 5589 2949 5662; x_wconf 83' lang='lat' dir='ltr'><strong>petitioite</strong></span> <span class='ocrx_word' id='word_1_894' title='bbox 3002 5589 3209 5647; x_wconf 81' lang='lat' dir='ltr'><strong>clarttm</strong></span> <span class='ocrx_word' id='word_1_895' title='bbox 3256 5589 3512 5665; x_wconf 84' lang='lat' dir='ltr'><strong>est,__ubi</strong></span> 
     </span>
    </p>
   </div>
   <div class='ocr_carea' id='block_1_124' title="bbox 1917 5659 3514 5738">
    <p class='ocr_par' dir='ltr' id='par_1_124' title="bbox 1917 5659 3514 5738">
     <span class='ocr_line' id='line_1_124' title="bbox 1917 5659 3514 5738; baseline -0.003 -17"><span class='ocrx_word' id='word_1_896' title='bbox 1917 5669 2012 5729; x_wconf 89' lang='lat' dir='ltr'><strong>ait.</strong></span> <span class='ocrx_word' id='word_1_897' title='bbox 2043 5667 2108 5723; x_wconf 87' lang='lat' dir='ltr'><strong>Ut</strong></span> <span class='ocrx_word' id='word_1_898' title='bbox 2137 5659 2262 5720; x_wconf 75' lang='lat' dir='ltr'><strong>mihi</strong></span> <span class='ocrx_word' id='word_1_899' title='bbox 2290 5666 2403 5719; x_wconf 90' lang='lat' dir='ltr'><strong>dari</strong></span> <span class='ocrx_word' id='word_1_900' title='bbox 2429 5659 2728 5738; x_wconf 28' lang='lat' dir='ltr'><strong>perAtpet&#39;dJ</strong></span> <span class='ocrx_word' id='word_1_901' title='bbox 2747 5681 2899 5734; x_wconf 88' lang='lat' dir='ltr'><strong>quam</strong></span> <span class='ocrx_word' id='word_1_902' title='bbox 2925 5665 3204 5731; x_wconf 80' lang='lat' dir='ltr'><strong>reﬁcerem,</strong></span> <span class='ocrx_word' id='word_1_903' title='bbox 3229 5672 3338 5738; x_wconf 90' lang='lat' dir='ltr'><strong>e_tc.</strong></span> <span class='ocrx_word' id='word_1_904' title='bbox 3371 5659 3514 5738; x_wconf 66' lang='grc' dir='ltr'><strong>Νᾳη-</strong></span> 
     </span>
    </p>
   </div>
   <div class='ocr_carea' id='block_1_125' title="bbox 1920 5733 3515 5813">
    <p class='ocr_par' dir='ltr' id='par_1_125' title="bbox 1920 5733 3515 5813">
     <span class='ocr_line' id='line_1_125' title="bbox 1920 5733 3515 5813; baseline -0.002 -18"><span class='ocrx_word' id='word_1_905' title='bbox 1920 5741 2053 5795; x_wconf 85' lang='lat' dir='ltr'><strong>nulli</strong></span> <span class='ocrx_word' id='word_1_906' title='bbox 2082 5751 2259 5813; x_wconf 85' lang='lat' dir='ltr'><strong>tamen</strong></span> <span class='ocrx_word' id='word_1_907' title='bbox 2298 5740 2509 5811; x_wconf 84' lang='lat' dir='ltr'><strong>legunt:</strong></span> <span class='ocrx_word' id='word_1_908' title='bbox 2543 5733 2609 5794; x_wconf 84' lang='lat' dir='ltr'><strong>In</strong></span> <span class='ocrx_word' id='word_1_909' title='bbox 2647 5733 2767 5813; x_wconf 84' lang='lat' dir='ltr'><strong>qua</strong></span> <span class='ocrx_word' id='word_1_910' title='bbox 2798 5752 3089 5812; x_wconf 82' lang='lat' dir='ltr'><strong>repausem,</strong></span> <span class='ocrx_word' id='word_1_911' title='bbox 3137 5745 3196 5794; x_wconf 89' lang='lat' dir='ltr'><strong>ut</strong></span> <span class='ocrx_word' id='word_1_912' title='bbox 3238 5733 3515 5811; x_wconf 78' lang='lat' dir='ltr'><strong>Cuycbius</strong></span> 
     </span>
    </p>
   </div>
   <div class='ocr_carea' id='block_1_126' title="bbox 1921 5811 2146 5871">
    <p class='ocr_par' dir='ltr' id='par_1_126' title="bbox 1921 5811 2146 5871">
     <span class='ocr_line' id='line_1_126' title="bbox 1921 5811 2146 5871; baseline -0.004 -2"><span class='ocrx_word' id='word_1_913' title='bbox 1921 5811 2146 5871; x_wconf 88' lang='lat' dir='ltr'><strong>notavit.</strong></span> 
     </span>
    </p>
   </div>
  </div>
