4072 6324
570 344 711 404 1115

1631 348 1910 410 JOANNIS
1942 349 2256 412 CASSIAN!
2292 349 2782 412 COLLATIONIS.

3691 351 3839 412 1116

569 463 731 526 duatn
756 482 880 540 quae
905 473 964 526 et
989 467 1273 526 honestate
1296 483 1509 528 morum
1530 478 1584 528 et
1609 472 1874 542 gravitate
1903 487 1966 528 ac
1991 471 2152 528 disci-
2178 475 2230 537 Α
2257 486 2363 527 non
2393 471 2567 528 solum
2613 470 2966 540 aediﬁcentur,
2995 479 3182 528 verum
3225 473 3390 528 etiam
3417 470 3838 536 confundamur,

571 561 714 630 plina
762 561 1010 620 omnibus
1061 561 1442 633 praeferretur,
1487 579 1588 622 nec
1640 565 1776 623 forte
1824 565 2150 622 desiderium

573 653 838 723 largitatis
882 659 1236 728 percipientis
1264 659 1394 716 vitio
1422 659 1749 727 vinceretur,
1777 671 1834 718 et
1860 675 1980 731 que
2007 677 2152 718 ner-

571 755 760 806 cedem
789 763 1058 818 quaereret
1086 753 1141 809 in
1179 770 1373 825 egena,
1400 754 1658 811 damnum
1680 756 1802 811 ﬁdei
1828 757 2008 825 pravis
2033 755 2152 825 ejus

572 843 774 900 offensa
800 844 1040 902 moribus
1063 855 1354 916 pateretur.
1379 844 1474 903 Cui
1504 862 1626 902 cum
1652 846 1872 904 domum
1909 847 2154 903 adducta

571 937 823 992 omnibus
868 937 1168 995 deserviret
1225 940 1528 1010 obsequiis,
1577 940 1828 996 virtutem
1880 940 2154 997 modestis

569 1027 688 1099 ejus
730 1044 793 1086 ac
833 1030 1070 1086 lenitatis
1105 1040 1350 1102 experta,
1391 1033 1688 1104 vidensque
1714 1047 1774 1090 se
1799 1033 1869 1092 ab
1898 1036 2014 1102 ipsa
2044 1050 2158 1090 mo-

574 1123 773 1178 mentis
802 1124 1026 1194 singulis
1053 1127 1348 1196 gratiarum
1377 1128 1588 1184 actione
1634 1141 1733 1197 pro
1760 1126 1942 1184 officio
1973 1127 2159 1183 huma-

575 1215 758 1270 nitatis
802 1216 1080 1280 honorari,
1117 1227 1236 1287 post
1282 1217 1398 1273 dies
1445 1232 1649 1287 paucos
1692 1218 1759 1273 ad
1803 1226 2156 1276 memoratum

577 1309 868 1364 revertitur
914 1311 1253 1366 sacerdotem
1294 1328 1308 1364 :
1357 1309 1724 1382 Rogaveram,
1784 1313 2052 1382 inquiens,
2105 1323 2162 1370 ut

578 1402 710 1457 mihi
752 1403 867 1457 dari
913 1404 1239 1473 pra-ciperes
1287 1420 1445 1474 quam
1495 1420 1596 1475 ego
1645 1406 1947 1473 reticerem,
1978 1416 2034 1463 et
2075 1408 2159 1462 cui

579 1493 862 1563 morigeris
893 1496 1184 1552 famularer
1227 1495 1518 1566 obsequiis.
1551 1496 1790 1566 Cumque
1813 1497 1906 1554 ille
1932 1497 2160 1554 necdum

579 1589 911 1659 propositum
941 1588 1154 1644 femina
1183 1603 1246 1644 ac
1270 1588 1602 1646 desiderium
1651 1591 1974 1663 intelligens,
2019 1594 2164 1648 csti-

579 1695 774 1736 masset
798 1681 1111 1752 petitionem
1130 1682 1248 1751 ejus
1268 1683 1695 1739 dissimulatione
1712 1686 1981 1755 prapositi
2001 1686 2165 1744 fuisse

581 1770 906 1841 neglectam,
939 1787 1239 1843 causasque
1274 1788 1441 1829 mora:
1466 1775 1610 1830 illius
1633 1790 1738 1832 non
1769 1777 1974 1846 absque
1997 1779 2163 1834 animi

2253 569 2343 638 qui
2397 567 2499 622 nisi
2556 567 2816 623 fuerimus
2863 567 2929 622 ad
2979 565 3215 624 ferarum
3273 581 3478 622 morem
3530 567 3727 621 rctrusi
3781 566 3838 621 in

2252 675 2446 718 caveas
2489 662 2842 731 cellulam,
2889 662 3209 732 patientiam
3253 663 3495 717 retinere
3541 671 3652 715 non
3704 669 3838 730 pns-

2840 823 3070 885 CAPUT
3110 826 3226 884 XV.

2449 916 2525 974 De
2549 917 2783 987 exemplo
2811 919 3074 988 patientiae
3097 917 3296 974 abbatis
3325 917 3640 990 Ριριιηιιιίε.

2327 1032 2476 1090 Nunc
2495 1034 2636 1090 aliud
2659 1033 2868 1089 abbatis
2889 1033 3176 1104 Paphnutii
3199 1033 3838 1104 pendamusexemttimn,

2255 1127 2347 1194 qui
2387 1127 2440 1182 in
2469 1126 2611 1181 illius
2640 1126 2868 1197 insignis
2904 1136 2959 1182 et
2981 1127 3179 1195 ubique
3200 1124 3560 1197 praedicabilis
3582 1125 3840 1196 Scythic-

2258 1222 2382 1277 tice
2430 1221 2622 1287 eremi,
2667 1221 2724 1278 in
2771 1235 2874 1292 qua
2933 1235 3079 1275 nunc
3117 1220 3394 1292 presbyter
3442 1227 3559 1283 est,
3612 1219 3844 1274 secretis

2260 1321 2408 1368 tanto
2435 1313 2612 1368 studio
2635 1327 2851 1384 semper
2873 1312 3092 1378 insedit,
3123 1323 3180 1368 ιιι
3205 1313 3254 1368 ei
3281 1311 3463 1368 ceteri
3492 1314 3842 1368 ιιιιοιιοιειο

2262 1413 2289 1445 ι
2319 1405 2502 1461 Bubaii
2530 1421 2826 1476 cognomen
2869 1406 3184 1474 indiderint,
3215 1417 3281 1461 eo
3308 1407 3450 1473 quod
3480 1406 3727 1475 ingenito
3757 1406 3845 1477 (ut

2262 1497 2334 1552 ita
2358 1496 2608 1570 dixerim)
2631 1497 2924 1563 desiderio,
2949 1497 3258 1553 solitudinis
3273 1513 3493 1568 semper
3511 1497 3848 1556 habitatione

2263 1590 2537 1662 gauderet.
2585 1591 2766 1661 itaque
2813 1605 2936 1647 cum
2991 1600 3159 1646 tanta:
3187 1591 3240 1646 in
3290 1592 3521 1662 pueritia
3567 1607 3667 1646 sua
3700 1599 3849 1648 esset

2265 1685 2478 1740 virtutis
2505 1693 2562 1740 et
2597 1686 2804 1754 gratim,
2843 1693 2904 1740 ttt
2945 1685 3106 1740 etiam
3152 1684 3394 1755 praeclari
3441 1698 3506 1740 ac
3543 1686 3743 1739 summi
3794 1681 3847 1738 id

2269 1779 2526 1848 temporis
2552 1779 2986 1848 virigravitatem
3009 1779 3128 1846 ejus
3155 1789 3209 1832 et
3237 1777 3565 1832 immobilem
3595 1784 3851 1831 constano

583 1865 667 1920 sui
726 1867 1088 1924 commotione
1137 1867 1491 1938 perquirens,
1546 1869 1793 1938 protinus
1859 1872 2165 1940 agnovisset
2191 1863 2240 1926 Β
2271 1874 2397 1928 tiam
2428 1875 2788 1936 mirarentur;
2828 1885 3083 1940 eumque,
3116 1869 3243 1924 licet
3282 1869 3459 1923 minor
3486 1878 3636 1923 esset
3668 1876 3848 1935 etate,

584 1959 954 2018 honestiorem
983 1963 1036 2018 ei
1069 1962 1285 2018 caeteris
1329 1962 1549 2018 viduam
1580 1965 1914 2033 deputatam,
1961 1968 2170 2023 occulte

588 2054 842 2124 praecepit
871 2065 925 2107 ιιι
955 2069 1016 2109 ea
1045 2054 1124 2112 illi
1153 2071 1270 2126 quae
1301 2064 1448 2112 esset
1487 2060 1699 2114 cunctis
1739 2060 1966 2128 nequior
1993 2062 2172 2117 trade-

589 2156 761 2210 retur,
792 2162 911 2216 quae
940 2147 1148 2204 scilicet
1188 2149 1276 2204 vel
1316 2149 1617 2211 iracundia.
1649 2151 1732 2206 vei
1762 2151 1915 2218 rixis,
1948 2153 2030 2207 vel
2060 2153 2173 2206 vio-

589 2235 750 2292 lentia
797 2237 966 2311 [Lips.
1014 2241 1067 2294 in
1109 2257 1273 2314 marg.
1330 2242 1666 2312 vinolentia],
1697 2259 1792 2300 seu
1825 2246 2170 2313 verbositate,

591 2340 752 2397 atque
783 2332 943 2385 etiam
983 2338 1223 2390 vanitate
1251 2345 1472 2391 cunctas
1511 2338 1707 2407 quibus
1747 2338 1862 2396 lucc
1907 2340 2034 2394 vitia
2075 2340 2174 2396 do-

594 2422 927 2477 minarentur
957 2426 1262 2480 excederet.
1291 2426 1464 2493 Quam
1491 2445 1609 2483 cum
1651 2431 1820 2483 multo
1860 2429 2066 2484 facilius
2097 2432 2178 2483 itt-

592 2528 803 2573 ventam
827 2519 1039 2588 sibique
1064 2521 1310 2576 traditam
1331 2522 1473 2576 domi
1499 2523 1698 2578 habere
1717 2525 1992 2594 coepisset,
2015 2534 2178 2594 atque

592 2611 779 2669 eadem
819 2613 866 2670 ei
904 2613 1179 2684 diligentia
1208 2631 1318 2685 qua
1348 2617 1511 2684 priori
1545 2616 1618 2672 illi
1651 2615 1850 2684 viduae,
1881 2618 1963 2672 vel
2013 2616 2176 2674 etiam

2268 1978 2372 2034 pro
2394 1963 2650 2018 virtutum
2681 1971 2858 2018 tamen
2903 1962 3099 2016 merito
3130 1959 3434 2015 senioribus
3472 1968 3848 2030 exasquarent,

2272 2073 2476 2127 suoque
2523 2055 2701 2113 ordini
2739 2057 3002 2111 ducerent
3033 2053 3402 2117 inserendum,
3451 2053 3593 2107 livor
3643 2052 3736 2107 ille
3763 2054 3852 2122 qui

2273 2154 2553 2207 adversum
2605 2149 2806 2219 Joseph
2857 2149 3214 2218 patriarcham
3265 2147 3533 2202 fraternos
3573 2146 3850 2217 quondam

2273 2245 2480 2300 animos
2523 2245 2818 2314 instigavit,
2871 2242 3161 2312 quemdam
3210 2241 3278 2296 de
3325 2255 3552 2295 numero
3621 2239 3853 2294 fratrum

2275 2337 2456 2393 edacis
2499 2336 2596 2391 zeli
2650 2337 2774 2404 igne
2819 2335 3134 2399 succendit;
3184 2335 3274 2404 qui
3326 2345 3478 2389 naevo
3514 2331 3754 2402 quodam
3795 2343 3857 2384 ac

2278 2430 2484 2486 macula
2508 2429 2960 2500 pulchritudinem
2997 2428 3116 2498 ejus
3145 2427 3368 2496 cupiens
3391 2425 3726 2488 deformare,
3759 2425 3858 2478 hoc

2274 2539 2447 2596 genus
2501 2524 2846 2594 malignitatis
2896 2524 3205 2592 excogitat,
3259 2534 3319 2577 ut
3395 2520 3859 2591 Opportunitatem

2283 2615 2542 2685 temporis
2561 2623 2823 2683 captaret,
2849 2631 2954 2684 quo
2988 2613 3323 2683 Paphnutius
3350 2614 3413 2667 ad
3441 2617 3734 2670 ecclesiam
3777 2611 3861 2666 die

591 2705 906 2772 studiosius,
946 2707 1298 2777 ministraret,
1331 2710 1433 2764 hoc
1462 2709 1638 2765 solum
1683 2712 1752 2765 ab
1777 2725 1841 2766 ea
1886 2726 1986 2778 pro
2018 2713 2180 2765 tantis
2281 2709 2550 2764 dominico
2580 2723 2930 2777 processurus
2960 2710 3174 2764 abesset
3194 2723 3225 2761 ιι
3267 2708 3424 2764 cella.
3457 2707 3512 2760 In
3541 2720 3703 2776 quam
3749 2704 3860 2758 fur-

593 2798 873 2870 obsequiis
901 2800 1197 2870 recipiebat
1232 2803 1438 2871 gratiae,
1473 2812 1529 2858 ut
1573 2801 1807 2872 indignis
1831 2801 2034 2872 jugiter
2061 2803 2183 2856 afii-
2284 2802 2376 2856 tittt
2408 2803 2638 2863 irruens,
2664 2801 2902 2855 codicem
2929 2815 3083 2855 suum
3117 2799 3144 2838 δ
3173 2800 3311 2854 inter
3335 2801 3454 2865 ejus
3481 2797 3706 2867 piectas,
3732 2807 3862 2866 quas

595 2900 810 2947 ceretur
841 2892 1074 2960 injutiis,
1107 2895 1364 2948 conviciis
1389 2908 1601 2964 quoque
1628 2893 1694 2948 ab
1717 2909 1782 2949 ea
1812 2895 2186 2962 exprobratio-
2285 2893 2352 2949 de
2396 2892 2690 2962 palmarum
2724 2891 2866 2946 foliis
2911 2891 3116 2946 solebat
3165 2889 3430 2953 intexere,
3468 2890 3704 2944 latenter
3743 2886 3862 2940 abs-

597 2985 868 3056 nibusque
897 2987 1172 3042 continuis
1201 3000 1514 3053 vexaretur,
1541 2988 1829 3057 objiciente
1856 2989 1907 3044 ei
1935 3000 1986 3044 et
2018 2989 2184 3044 male-
2286 2988 2507 3053 condit,
2558 3001 2622 3042 ac
2665 2985 2733 3042 de
2789 2986 3106 3040 concinnata
3155 2983 3385 3038 factione
3436 2996 3696 3047 securus,
3751 2981 3865 3048 ipse

598 3077 732 3131 dicis
783 3077 1267 3133 obtrectationibus
1313 3079 1644 3148 increpante.
1676 3095 1741 3136 eo
1785 3081 1926 3150 quod
1969 3094 2028 3136 se
2076 3095 2186 3136 non
2287 3097 2498 3152 quoque
2522 3081 2667 3136 velut
2691 3096 2832 3149 pura:
2879 3093 2943 3134 ac
2971 3077 3230 3148 simplicis
3275 3077 3623 3132 conscientiae
3661 3075 3729 3128 ad
3783 3085 3867 3131 ec-

599 3167 668 3223 ad
697 3168 1059 3239 refrigerium,
1092 3169 1187 3226 sed
1232 3171 1408 3239 petitis
1437 3170 1503 3223 ad
1544 3172 1842 3227 cruciatum
1893 3179 1949 3226 et
1993 3181 2186 3226 contu-
2288 3174 2506 3228 ciesiam
2555 3173 2719 3228 venit.
2757 3170 2996 3240 Cumque
3036 3171 3305 3227 celebrata
3350 3170 3526 3224 omnis
3569 3167 3759 3223 fuisset
3801 3183 3866 3222 ex

600 3260 816 3316 meliam
863 3261 932 3316 ab
973 3262 1230 3330 episeopo
1276 3268 1641 3332 poposcisset,
1686 3263 1962 3334 magisque
2009 3279 2069 3320 se
2115 3264 2186 3320 de
2209 3242 2258 3308 θ
2292 3282 2440 3321 more
2468 3267 2802 3324 solemnitas,
2829 3264 3102 3334 querelam
3133 3272 3328 3318 sancto
3353 3261 3597 3325 Isidoro,
3621 3261 3710 3329 qui
3743 3268 3869 3314 ante

601 3355 787 3420 requie
818 3355 883 3408 ad
918 3356 1155 3410 laborem
1187 3371 1346 3426 quam
1395 3355 1462 3410 de
1509 3356 1694 3412 labore
1727 3357 2186 3414 transtulissetad
2291 3357 2432 3414 hunc
2481 3357 2844 3426 eamdemque
2882 3353 3240 3424 l’aphnntium
3295 3352 3651 3420 ejusdemque
3701 3351 3869 3406 eremi

600 3451 867 3518 requiem.
909 3449 1042 3505 Cum
1085 3465 1213 3522 ergo
1256 3450 1539 3508 assiduitas
1572 3451 1872 3522 jurgiorutn
1910 3467 1975 3506 eo
2017 3467 2189 3522 usque

602 3553 1004 3614 prorumperet,
1031 3555 1085 3597 ut
1135 3559 1205 3600 ne
1252 3543 1319 3600 ab
1353 3545 1640 3613 injectione
1670 3547 1884 3616 quidem
1931 3560 2188 3604 manuum

2293 3449 2576 3519 presbyter
2615 3446 2744 3512 fttit,
2771 3460 2956 3501 coram
3015 3447 3224 3499 cunctis
3253 3443 3506 3499 fratribus
3543 3442 3762 3506 detulit,
3797 3455 3872 3495 as-

2292 3555 2479 3598 serens
2528 3540 2629 3596 sibi
2660 3539 2900 3595 codicem
2927 3537 2994 3592 de
3020 3537 3153 3592 cella
3203 3535 3350 3592 furto
3381 3535 3551 3590 fuisse
3578 3536 3870 3588 sublatum.

605 3654 805 3707 procax
838 3639 1030 3694 mulier
1058 3649 1406 3709 temperaret,
1432 3642 1522 3696 illa
1552 3653 1730 3697 autem
1763 3640 2068 3698 humilioris
2096 3641 2192 3696 ob-
2294 3636 2424 3704 Qute
2446 3633 2563 3703 ejus
2592 3631 2928 3703 querimonia
2949 3645 3068 3684 cum
3095 3628 3165 3684 ita
3201 3637 3541 3693 cunctorum,
3576 3628 3872 3694 praecipue-

606 3732 782 3801 sequii
825 3732 1189 3802 ingeminarct
1236 3733 1450 3797 officia,
1500 3749 1606 3790 non
1661 3735 1930 3790 furentem
1976 3734 2192 3790 vincere

2295 3743 2398 3798 quo
2422 3725 2742 3796 presbyteri,
2775 3723 2985 3778 animos
3003 3722 3378 3790 permovisset,
3404 3729 3461 3774 ιιι
3489 3721 3614 3787 qttid
3645 3720 3873 3789 primum

609 3826 916 3892 renitendo,
950 3825 1044 3880 sed
1075 3827 1420 3894 semetipsum
1454 3826 1708 3883 humilius
1737 3827 2072 3897 subjiciendo
2111 3825 2196 3882 (Ιί-
2297 3819 2702 3888 suspicarentur
2765 3813 2961 3884 quidve
3012 3812 3371 3867 decernerent
3431 3825 3538 3866 non
3591 3809 3871 3874 haberent,

609 3916 900 3980 scebat,,ut
927 3915 1264 3970 multimodis
1296 3916 1986 3985 indignitatibuslacessita,
2011 3918 2195 3986 objur-

611 4008 785 4076 gantis
814 4007 1078 4062 insaniam
1109 4006 1456 4062 humanitatis
1487 4010 1896 4065 mansuetudine
1923 4010 2190 4066 deiiniret.

613 4097 817 4164 Quibus
841 4097 908 4151 ad
944 4101 1157 4167 plenum
1194 4102 1471 4156 exercitiis
1498 4103 1838 4169 confirmata,
1874 4103 2195 4170 perfecmm-

2297 3925 2508 3966 sumnta
2537 3907 2745 3964 cunctis
2780 3907 3137 3962 admiratione
3168 3905 3453 3975 perculsis,
3481 3903 3550 3960 de
3583 3913 3693 3958 tam
3723 3903 3878 3958 inau-

2300 4004 2394 4059 diti
2444 4001 2553 4058 illic
2601 4001 2850 4056 facinoris
2901 3999 3164 4062 novitate,
3199 3998 3288 4053 ille
3328 3997 3415 4066 qui
3457 4012 3571 4051 rem
3613 3997 3881 4052 detulerat

2300 4106 2579 4156 accusator
2621 4096 2847 4166 urgebat
2900 4106 2976 4162 ιιι,
3009 4093 3234 4148 retentis
3266 4091 3318 4146 in
3344 4091 3570 4146 ecclesia
3605 4090 3878 4156 erunibus,

614 4207 718 4261 que
768 4193 1020 4246 virtutem
1066 4193 1387 4249 desiderata:
1435 4196 1707 4264 patientia!
1757 4206 2079 4262 consecuta,
2128 4195 2196 4250 ad
2304 4191 2450 4246 missi
2501 4187 2657 4245 electi
2707 4189 2904 4257 quique
2953 4197 3270 4241 cunctorum
3317 4184 3590 4250 sigillatim
3653 4181 3882 4236 fratrum

615 4291 970 4340 memoratum
1023 4287 1382 4352 sacerdotem,
1439 4297 1546 4342 tam
1595 4304 1692 4358 pro
1729 4289 2012 4344 electionis
2057 4289 2201 4344 illius
2303 4283 2526 4340 cellulas
2563 4289 2950 4336 scrutarentur.
2975 4279 3129 4346 Quod
3166 4294 3286 4334 cum
3319 4277 3486 4332 tribus
3517 4276 3828 4330 senioribus
3856 4289 3885 4328 a

613 4377 818 4445 judicio
845 4391 1005 4446 quam
1030 4377 1190 4431 etiam
1221 4394 1319 4446 pro
1349 4379 1610 4436 beneficio
1631 4381 2037 4437 exercitationis
2065 4397 2197 4445 suae,
2307 4377 2622 4449 presbytero
2667 4375 2858 4430 fuisset
2913 4372 3234 4443 injunctum,
3285 4371 3662 4425 universorum
3686 4368 3885 4423 cubilia

618 4469 820 4538 gratias
851 4470 1085 4524 relatura
1114 4473 1370 4539 perrexit,
1404 4489 1470 4528 eo
1501 4475 1642 4544 quod
1671 4475 1966 4529 secundum
1994 4475 2205 4530 deside-
2306 4469 2647 4525 revolventes
2671 4466 2738 4521 ad
2766 4473 3070 4522 extremum
3112 4464 3164 4517 in
3205 4459 3490 4530 Paphnutii
3528 4461 3723 4515 cellula
3755 4461 3889 4513 aba-

618 4561 756 4613 rium
789 4575 944 4615 suum
973 4563 1188 4616 tandem
1222 4563 1273 4618 ei
1300 4567 1609 4634 magistram
1641 4566 1916 4636 patientia:
1945 4565 2202 4637 dignissl-
2235 4635 2258 4637 ξ
2309 4561 2581 4616 conditum
2613 4559 2854 4614 codicem
2889 4558 3030 4610 inter
3059 4555 3262 4624 plectas
3289 4552 3613 4622 palmarum,
3644 4563 3782 4622 quas
3813 4548 3891 4604 illi

623 4668 762 4708 mam
790 4655 1139 4725 providisset,
1184 4657 1340 4722 cujus
1368 4655 1580 4726 injuriis
1619 4635 1858 4729 jttgibus,
1889 4668 1944 4714 ut
1973 4635 2204 4729 quodam
2232 4635 2288 4698 D
2312 4655 2448 4710 siras
2472 4661 2685 4714 vocant,
2729 4650 2867 4705 sicut
2908 4661 3028 4703 enm
3062 4644 3342 4700 insidiator
3371 4643 3703 4708 occuluerat,
3737 4653 3894 4710 repe-

623 4746 889 4816 ριιιιυειιω
919 4747 1064 4813 oleo,
1096 4747 1336 4816 quotidie
1363 4749 1618 4806 roborata
1645 4749 1709 4804 ad
1747 4765 2012 4805 summam
2042 4749 2208 4805 animi
2315 4754 2520 4802 reruut.
2573 4743 2743 4810 Quem
2767 4756 2887 4795 cum
2934 4738 3280 4808 inquisitores
3308 4733 3596 4790 confestim
3631 4733 3695 4787 ad
3725 4733 3894 4788 eccleo

625 4839 940 4907 patientiam
991 4841 1318 4908 perveniret.
1377 4841 1650 4906 Tandem,
1695 4842 1969 4913 inquiens,
2012 4842 2209 4898 dedisti
2313 4839 2443 4892 siam
2474 4836 2709 4892 delatum
2742 4847 2922 4888 coram
2953 4829 3202 4884 omnibus
3230 4826 3603 4898 protulissent,
3643 4825 3895 4890 Ppan-

626 4931 756 4983 mitti
789 4946 947 5001 quam
979 4945 1290 4999 repausem,
1318 4949 1436 4986 nant
1466 4934 1552 4987 illa
1587 4935 1734 5003 prior
1761 4933 1874 4989 suis
1902 4948 1988 4988 me
2035 4933 2212 5003 potius
2315 4934 2421 4985 tius
2444 4930 2569 4984 licet
2595 4927 2660 4981 de
2690 4924 3032 4980 conscientiae
3067 4936 3183 4975 sua:
3216 4929 3360 4976 esset
3401 4917 3711 4972 sinceritate
3743 4930 3899 4970 secu-

627 5023 926 5076 honorabat
958 5037 1022 5079 ac
1067 5023 1420 5093 refrigerahat
1463 5025 1760 5096 obsequiis.
1808 5021 1932 5080 Βαδο
1970 5025 2039 5080 de
2079 5038 2210 5078 sexu
2317 5039 2430 5089 rus,
2460 5032 2636 5074 tamen
2669 5018 2816 5073 velut
2837 5017 2924 5087 qui
2957 5014 3081 5068 furti
3112 5015 3320 5068 crimen
3372 5019 3712 5081 agnosceret,
3743 5005 3903 5061 satis-

630 5115 878 5170 mttiiebri
933 5115 1137 5172 dixisse
1179 5117 1434 5182 sufficiat,
1467 5128 1523 5172 ut
1549 5117 2068 5174 commemoratione
2111 5119 2213 5173 hac
2313 5114 2535 5170 factioni
2556 5127 2617 5168 se
2640 5119 2806 5166 totum
2833 5106 3072 5172 tradidit,
3101 5105 3389 5173 locumque
3414 5099 3746 5171 ponitentia
3776 5114 3903 5168 sup-

1693 5275 1951 5331 ALARDI
1992 5275 2229 5332 GAZEI
2267 5268 2838 5332 COMMENTARIUS.

712 5446 736 5474 ⁸
762 5432 1062 5503 Paphnutio
1086 5433 1216 5486 alias
1238 5432 1450 5497 Bttbali,
1476 5431 1608 5487 alias
1637 5432 1889 5503 Cephalm
1917 5448 2214 5502 cognomen

640 5507 867 5563 inditum
900 5507 1067 5558 fuisse
1107 5505 1411 5576 notavimus
1440 5503 1622 5558 cnllnt.
1657 5503 1691 5559 ὅ
1721 5522 1838 5571 cap.
1875 5508 1924 5570 i,
1955 5523 2071 5576 qua:
2100 5505 2218 5574 ejus

644 5581 859 5634 nomine
912 5577 1243 5630 inscribitur.
1298 5574 1432 5630 Sunt
1474 5583 1650 5629 tamen
1681 5578 1769 5645 qui
1801 5579 1936 5630 duos
1975 5574 2222 5630 Statuunt

643 5660 698 5706 et
718 5651 962 5704 diversus
1009 5646 1362 5717 Paphnutius:
1394 5655 1620 5717 alterum
1654 5645 1970 5715 Cephalum,
2004 5648 2070 5702 de
2118 5662 2222 5717 quo

647 5719 918 5777 Palladius
948 5733 1066 5788 cap.
1095 5715 1159 5773 9i
1181 5734 1195 5781 ;
1221 5716 1450 5771 alterum
1479 5713 2225 5790 Bubaluntciignominatn’m,

648 5792 1277 5863 suntquepresbyterum
1300 5790 1614 5855 Scetiotem,
1647 5790 1713 5845 de
1752 5805 1856 5862 quo
1905 5791 1991 5850 hic
2028 5791 2226 5863 agitur,

652 5873 712 5924 ut
731 5858 1095 5922 et‘coltatiuno
1127 5858 1302 5922 tertia.

2393 5432 2421 5472 δ
2462 5431 2677 5494 Plectte,
2707 5437 2768 5484 ut
2795 5426 2998 5484 notavit
3022 5423 3330 5502 Ciaconlns,
3357 5435 3490 5494 quas
3527 5417 3912 5502 @gyptistras

2324 5516 2536 5568 vocant,
2573 5492 2794 5557 habente
2826 5509 2975 5567 sunt,
3006 5507 3097 5552 aut
3145 5492 3389 5568 virgulas
3420 5510 3448 5548 e
3502 5492 3696 5560 palma,
3741 5492 3913 5558 junco

2325 5586 2419 5630 aut
2464 5583 2646 5644 sparto
2697 5577 2964 5644 contexta}
2986 5611 3010 5644 ,_
3034 5581 3098 5623 ex
3137 5570 3911 5644 quibussportte,_cant_stra,

2329 5633 2541 5714 aliaqn'e
2589 5633 3182 5714 sintiliaiconticinntur
3207 5633 3490 5714 adicite}
3524 5635 3685 5714 verbo
3715 5635 3913 5714 τρέψε

2331 5703 2472 5788 quod
2518 5713 2813 5788 necto,»vt_-l
2856 5715 3053 5783 plecto,
3084 5709 3372 5788 significat.
3430 5705 3684 5788 Similiter
3737 5703 3915 5788 Graeci

2334 5775 2754 5862 nitarisgttpdii
2773 5775 3216 5862 interpretantur.
3249 5775 3533 5862 Frequens
3562 5784 3641 5862 est
3671 5780 3915 5831 vocabu~

2336 5861 2445 5918 lum
2469 5859 2526 5916 in
2560 5849 2692 5914 Vitis
2722 5849 2964 5926 Patrum,
2991 5856 3082 5914 ubi
3109 5855 3272 5912 etiam
3296 5852 3452 5914 fleeta
3483 5849 3691 5906 dicitur.
