4072 6324
231 324 377 385 ιω
472 352 481 363 -

237 530 442 587 mirum
474 543 599 584 esse
628 544 734 583 non
776 530 993 598 paterit.
1024 524 1154 580 Nam
1199 527 1323 581 licet
1364 527 1507 581 hunc
1542 524 1818 581 Nicolaum

237 622 463 693 quidam
504 627 755 676 asserant
800 633 907 673 non
958 618 1109 673 illum
1167 616 1354 688 fuisse,
1386 626 1410 653 ι
1442 618 1532 689 qui
1578 618 1645 673 ad
1690 633 1828 689 opus

240 715 533 772 ministerii
566 714 636 768 ab
661 712 921 784 apostolis
941 719 1027 767 est
1051 711 1290 778 electus;
1321 711 1675 766 nihilominus
1702 710 1730 749 δ
1756 720 1829 766 ta-

242 823 373 864 men
397 822 521 862 eum
552 807 621 862 de
648 806 745 862 illo
764 805 1151 874 discipulorum
1181 805 1352 861 fuisse
1375 821 1600 860 numero
1630 821 1829 876 negare

243 916 358 957 non
392 908 639 971 possunt,
661 912 801 969 quos
832 912 1021 953 omnes
1050 898 1188 952 tales
1219 908 1441 968 tantque
1482 897 1750 968 perfectos
1775 899 1830 954 in

239 1001 492 1063 tempore
515 993 609 1047 illo
631 992 796 1045 fuisse
824 990 1167 1045 manilesmm
1194 999 1299 1053 est.
1328 991 1519 1061 quales
1545 1006 1686 1046 nunc
1709 1006 1833 1060 per-

242 1099 449 1156 paucos
470 1087 565 1139 vix
590 1100 641 1138 in
668 1083 936 1140 coenobiis
965 1086 1287 1139 invenimus.
1316 1083 1431 1138 Non
1461 1099 1593 1153 ergo
1617 1084 1828 1139 ruinam

241 1184 395 1242 illius
423 1185 721 1254 supradicti
754 1184 955 1248 fratris,
984 1185 1077 1255 qui
1105 1185 1159 1240 in
1191 1185 1280 1240 illa
1320 1201 1508 1240 eremo
1536 1195 1647 1241 tam
1678 1186 1835 1256 lugu-

245 1291 336 1348 bri
357 1292 540 1362 lapsus
562 1300 645 1346 est
669 1305 819 1357 casti,
836 1305 1011 1361 neque
1032 1290 1173 1345 illam
1194 1289 1510 1345 horribilem
1542 1290 1831 1357 maculam,

244 1408 411 1464 quam
468 1402 651 1448 tamen
706 1393 797 1448 ille
847 1394 1154 1463 ingentibus
1199 1393 1529 1464 pmnitentia:
1586 1394 1837 1467 lacrymis

246 1504 378 1567 post
406 1495 591 1559 diluit.
614 1496 708 1552 sed
741 1496 881 1552 beati
914 1497 1091 1567 potius
1137 1495 1431 1567 Paphnutii
1458 1496 1615 1553 nobis
1638 1512 1840 1568 propo-

248 1614 449 1655 namus
484 1599 768 1668 esempla;
799 1613 867 1654 ne
900 1596 1260 1655 subversione
1291 1598 1432 1653 illius
1466 1598 1836 1666 destruantur,

234 1701 410 1770 ‘cujus
426 1699 716 1769 antiquum
749 1697 969 1754 invidiae
993 1699 1184 1754 vitium
1224 1700 1389 1755 etiam
1426 1700 1575 1753 auxit
1605 1699 1656 1753 iit
1688 1699 1841 1770 pejus

843 313 1188 380 COLLATIO
1223 319 1412 379 XVIII.
1443 349 1517 365 —
1541 320 1632 378 DE
1668 314 1924 381 TRIBUS
1962 316 2355 381 GENERIBUS
2392 318 2899 381 MONACBORUM.

232 436 499 495 homines
528 426 841 492 sanctorum
872 431 1054 489 ordini
1082 432 1564 504 deprehenduntur
1610 433 1819 497 inserti,
1849 439 1904 499 Α

3364 318 3508 381 ηις

2495 435 2724 493 CAPUT
2765 434 2927 491 XVII.

2448 530 2523 585 De
2566 530 2773 585 invidite
2820 528 2978 584 malo.

2000 618 2292 677 Sciendum
2335 638 2467 678 sane
2508 633 2590 678 est
2621 633 2643 662 ε
2675 622 2895 677 invidiae
2934 620 3186 677 morbum
3231 619 3509 679 difﬁcilius

1928 714 1997 770 ad
2027 714 2291 770 medelam
2322 732 2481 787 quam
2510 727 2709 773 caetera
2739 716 2866 772 vitia
2892 717 3195 786 pervenire.
3227 716 3359 771 Nam
3382 733 3507 772 eum

1930 823 2088 878 quem
2114 807 2281 862 semel
2311 808 2502 863 veneni
2529 811 2611 863 sui
2642 818 2791 877 peste
2830 811 3156 879 corruperit,
3190 824 3328 878 pene
3357 809 3510 865 dise-

1935 899 2035 954 rim
2058 914 2247 954 carere
2276 901 2536 955 remedio.
2570 900 2690 971 Ipsa
2732 916 2963 971 namque
3009 909 3095 957 est
3137 900 3255 955 lues
3287 900 3357 955 de
3403 916 3511 971 qua

1934 992 2231 1062 ﬁguraliter
2259 993 2457 1047 dicitur
2497 1009 2589 1061 per
2621 994 2939 1063 praphetatn
2975 1009 2992 1049 :
3028 992 3168 1048 Ecce
3194 1009 3285 1063 ego
3312 996 3515 1047 mittant

1932 1082 2071 1137 vobis
2093 1080 2119 1120 ἀ
2146 1093 2403 1153 serpentes
2432 1086 2638 1153 regulos
2658 1085 2843 1155 quibus
2883 1101 2988 1139 non
3028 1096 3102 1139 est
3125 1086 3434 1148 incantatio,
3467 1093 3517 1139 et

1938 1179 2238 1231 mordebant
2263 1194 2351 1232 vos
2382 1178 2595 1246 (Jerem.
2629 1182 2764 1248 viii).
2794 1179 2964 1236 Recte
2994 1180 3153 1250 igitur
3189 1195 3217 1232 a
3250 1179 3514 1249 proithets

1937 1271 2234 1327 mortiferis
2257 1272 2490 1327 basilisci
2511 1274 2737 1328 venenis
2759 1290 2970 1329 morsus
2989 1273 3207 1329 invidiae
3232 1288 3516 1341 compara-

1939 1372 2045 1426 tur.
2070 1379 2177 1433 qua
2208 1365 2417 1435 primus
2445 1364 2539 1420 ille
2564 1380 2900 1421 venenorum
2928 1368 3167 1421 omnium
3219 1379 3413 1422 auctor
3462 1374 3517 1421 et

1938 1456 2187 1525 princeps
2213 1468 2265 1509 et
2298 1456 2461 1524 periit
2488 1465 2542 1511 et
2571 1457 2820 1527 peremit.
2858 1457 2988 1513 Nam
3031 1470 3157 1511 ante
3196 1472 3330 1513 sutis
3355 1472 3518 1513 otism
3546 1462 3575 1495 ε

1939 1548 2056 1617 ejus
2086 1549 2172 1602 cui
2212 1549 2479 1603 inviderat
2514 1549 2889 1617 interemptor.
2923 1552 3232 1619 priusquam
3261 1568 3314 1606 tu
3349 1564 3519 1605 nomi-

1940 1658 2061 1698 nem
2092 1642 2281 1698 mortis
2295 1642 2448 1697 virus
2470 1640 2797 1707 eﬂunderet,
2823 1644 2937 1713 ipse
2958 1658 3018 1699 se
3044 1643 3295 1713 perdidit.
3312 1643 3520 1698 Invidia

1940 1735 2075 1789 enim
2127 1734 2322 1789 diaboli
2354 1751 2492 1789 mors
2527 1735 2762 1789 introivit
2799 1735 2852 1789 in
2883 1735 3055 1790 orbem
3080 1736 3517 1805 terrarumtSap.

246 1798 502 1856 affectata
551 1801 761 1871 religio,
789 1801 884 1857 sed
916 1802 1074 1873 hujus
1100 1802 1460 1859 humilitatem
1494 1811 1599 1859 tota
1636 1804 1835 1859 virtute

1947 1826 2034 1897 it),
2068 1826 2347 1881 imitantur
2372 1838 2551 1882 autem
2586 1827 2736 1880 illuttt
2778 1826 2872 1897 qui
2915 1837 3040 1882 sunt
3072 1842 3140 1882 ex
3170 1837 3318 1897 parte
3354 1798 3521 1882 illitis.

247 1913 554 1971 sectemur,
588 1918 748 1972 quam
780 1918 886 1958 non
919 1903 996 1957 illi
1032 1904 1188 1974 quies
1212 1906 1382 1961 eremi
1421 1905 1602 1961 subito
1627 1906 1835 1976 genuit,

242 2002 346 2058 sed
376 2001 519 2058 inter
548 2002 799 2059 homines
823 2006 1146 2074 ecquisnam
1176 2006 1346 2077 lLt‘pt.
1369 2008 1423 2062 in
1445 2025 1614 2083 marg.
1648 2008 1839 2081 acqui-

244 2104 378 2176 sita]
404 2107 800 2163 consummavit
826 2116 989 2179 atque
1018 2120 1254 2166 excotuit
1282 2112 1545 2169 solitudo.

1949 1918 2103 1975 Sicut
2129 1919 2273 1973 enim
2306 1919 2395 1973 ille
2424 1918 2515 1988 qui
2550 1918 2757 1987 primus
2783 1917 3026 1987 ejusdem
3064 1919 3191 1973 mali
3223 1931 3373 1988 peste
3403 1933 3524 1973 cor-

1946 2023 2138 2083 ruptus
2170 2022 2274 2081 est,
2296 2029 2399 2069 nec
2422 2012 2685 2069 medelam
2712 2013 3068 2081 paenitentiae,
3095 2027 3195 2067 nec
3226 2012 3525 2070 fomentum

1944 2109 2109 2165 ullius
2136 2108 2435 2163 curationis
2456 2108 2700 2177 admisit,
2718 2110 2789 2163 ita
2821 2117 2877 2162 et
2902 2108 2955 2161 hi
2987 2107 3076 2176 qui
3102 2106 3292 2162 iisdem
3316 2121 3377 2162 se
3402 2121 3527 2176 per-

1942 2200 2229 2260 cutiendos
2287 2200 2558 2258 morsibus
2600 2198 2961 2267 tradiderunt,
3018 2207 3041 2235 ε
3090 2213 3307 2255 omnem
3364 2210 3525 2269 opem

1319 2336 1574 2393 ALARDI
1612 2336 1843 2395 GAZEI
1881 2332 2449 2394 COMMENTARIUS.

249 2430 380 2485 citer
394 2439 574 2483 “autem
603 2431 770 2497 fateor
796 2431 1034 2485 churitati
1061 2440 1238 2486 vestra:
1266 2448 1439 2485 coram
1472 2430 1693 2485 Domino
1727 2431 1837 2485 Deo

249 2511 453 2560 nostro.
475 2502 739 2574 quirtestis
767 2513 836 2556 est
857 2519 1009 2574 super
1036 2503 1264 2574 animum
1289 2519 1471 2560 meam.
1507 2519 1573 2557 ex
1600 2520 1702 2574 quo
1730 2502 1837 2557 Deo

249 2574 441 2626 servire
461 2573 610 2654 ccepi,
644 2589 745 2639 quo
772 2573 926 2654 modo
944 2573 1159 2654 dif/icile
1184 2585 1577 2654 sum_expertus
1604 2573 1837 2628 meliores

250 2659 409 2707 quam
428 2644 510 2709 qui
526 2644 579 2696 in
596 2645 915 2697 monasteriis
942 2646 1377 2712 profecerunt,ita
1403 2661 1505 2698 non
1531 2662 1626 2699 sua
1652 2660 1837 2715 exper-

252 2722 341 2767 tus
363 2715 556 2782 pejores
589 2730 740 2780 quam
769 2716 856 2782 qui
883 2718 935 2768 in
970 2716 1291 2769 monasteriis
1320 2715 1654 2781 ceciderunt;
1676 2716 1750 2768 ita
1781 2726 1837 2770 ut

255 2785 378 2838 hinc
413 2784 713 2856 arbitrerin
746 2786 1059 2855 Apocalypsi
1100 2787 1349 2853 scriptum
1376 2801 1393 2839 :
1418 2784 1604 2841 Justus
1640 2788 1835 2856 justior

253 2856 372 2926 ﬁat,
402 2864 448 2907 et
468 2854 709 2908 sordidus
730 2854 991 2909 sordescat
1016 2856 1214 2911 adhuc.
1245 2857 1573 2924 Quapropter
1594 2854 1687 2911 etsi
1711 2875 1840 2913 con-

255 2928 523 2998 tristantur
548 2926 611 2979 de
633 2926 887 2995 aliquibus
908 2930 1259 2998 purgamentis
1283 2942 1301 2980 :
1325 2927 1653 2983 consolamur
1671 2937 1844 2985 tamen

256 2998 413 3051 etiam
463 2996 526 3049 de
571 2996 1180 3072 pluribusprnanicntis.
1216 2998 1415 3072 _Nolite
1464 3016 1586 3072 ergo
1634 3010 1843 3068 propter

255 3082 547 3131 amurcam,
570 3083 668 3129 qua
697 3069 834 3121 oculi
874 3072 1025 3123 vestri
1051 3068 1401 3136 oﬁ'endnntur,
1427 3068 1709 3124 toreularia
1752 3074 1842 3125 de-

258 3138 458 3210 testari.
484 3139 622 3191 unde
649 3140 912 3201 apotheca:
954 3141 1227 3194 dominicae
1253 3141 1425 3210 fructu
1473 3141 1572 3194 olei
1613 3144 1841 3196 lumino-

256 3209 413 3281 sioris
435 3210 728 3279 implentur.
752 3210 1017 3281 Hactenus
1037 3214 1092 3266 S.
1124 3209 1469 3279 Augustinus,
1493 3214 1690 3281 quibus
1707 3215 1837 3269 nihil

258 3279 437 3345 magis
459 3279 916 3333 accommodantur
951 3282 1075 3335 huic
1107 3283 1223 3334 loco
1252 3282 1446 3337 :tlTert-e
1469 3279 1657 3348 potuit.

338 3348 604 3416 ‘Septetu
643 3351 786 3404 enini
831 3351 1087 3406 Illal‘OHHS
1134 3352 1202 3407 ab
1245 3352 1507 3419 apostolis
1555 3355 1759 3409 electos
1788 3364 1843 3413 et

260 3420 561 3485 ordinatos,
599 3421 648 3473 iit
681 3422 875 3491 quibus
911 3422 1158 3477 Nicolaus
1203 3423 1405 3479 advena
1448 3425 1840 3490 Antiochenus.

262 3491 431 3546 tradit
458 3491 629 3546 Lucas
651 3493 794 3555 (Act.
822 3496 895 3561 vi)
925 3510 939 3548 :
965 3494 1331 3558 Convorantes,
1353 3496 1541 3560 inquit.
1568 3498 1843 3551 duodecim

264 3562 545 3631 (apttslttll)
569 3562 947 3616 multitudinem
988 3564 1364 3631 discipulorum
1398 3568 1634 3619 dixerunt
1668 3585 1687 3621 :
1719 3568 1842 3622 Non

261 3644 340 3687 est
361 3649 563 3703 (equum
591 3650 680 3684 nos
710 3633 1060 3703 derelinquere
1093 3637 1293 3689 verbum
1330 3636 1442 3696 Dei.
1479 3648 1525 3691 rt
1554 3638 1844 3693 ministrare

263 3709 478 3757 mensis.
508 3702 841 3759 Considerate
870 3702 1009 3773 ergo,
1046 3707 1252 3775 fratres,
1289 3711 1426 3761 viros
1461 3725 1525 3761 ea:
1559 3709 1697 3762 vobis
1727 3710 1846 3763 boni

266 3776 547 3830 testimonii
593 3787 803 3844 septem,
832 3775 1009 3843 plenos
1044 3778 1243 3846 SpTritu
1270 3789 1450 3832 sancto
1471 3792 1519 3831 et
1560 3782 1839 3847 sapientia,

264 3862 396 3917 quos
423 3850 792 3917 constituamus
837 3862 990 3917 super
1036 3848 1128 3899 hoc
1153 3864 1300 3917 opus,
1325 3861 1427 3904 etc.
1467 3850 1530 3904 Et
1567 3848 1700 3903 intra
1737 3850 1846 3904 :Et

266 3910 533 3985 elegerunt
562 3910 909 3988 Stephanum,
933 3917 1096 3971 virum
1146 3910 1351 3988 plenum
1390 3921 1511 3987 ﬁde.
1542 3930 1589 3975 et
1642 3921 1846 3987 Spiritu

266 3999 472 4057 sancio.
503 3997 550 4042 et
596 3986 918 4054 Philippum.
953 3999 997 4041 et
1043 3986 1379 4043 Pi'ocltoiitiit.
1423 4002 1469 4044 et
1506 3986 1843 4057 Nicanorem,

270 4069 318 4112 et
376 4055 667 4124 Timonem,
709 4069 757 4112 et
814 4058 1146 4123 Parvtentim,
1176 4069 1223 4113 et
1279 4060 1556 4115 Nicolaum
1600 4055 1849 4117 advenam

268 4128 668 4203 _Amiochenunt.
698 4128 808 4183 Hos
826 4140 1117 4203 statuerunt
1145 4140 1263 4185 ante
1288 4144 1613 4203 conspectum
1640 4146 1851 4201 aposto-

269 4199 463 4261 lorum,
490 4209 538 4254 et
587 4213 788 4255 orantes
818 4202 1173 4267 imposuerunt
1197 4204 1271 4257 eis
1310 4199 1516 4257 manus.
1548 4205 1643 4259 Est
1668 4199 1847 4260 autem

269 4270 472 4332 duplex
522 4270 867 4344 diaeottorttm
914 4272 1292 4344 ministerium,
1327 4290 1355 4327 a
1398 4290 1506 4344 quo
1533 4284 1603 4329 σοι
1651 4292 1846 4333 nomen

268 4352 596 4414 acceperunt
624 4341 882 4411 (διάκονος
929 4346 1071 4398 enim
1120 4343 1307 4398 Latine
1348 4341 1597 4400 minister
1626 4348 1845 4414 dicitur,

270 4428 377 4467 nec
406 4412 580 4482 qualis
601 4418 774 4479 qualis
800 4415 1173 4476 minim-used
1207 4415 1489 4482 expeditus
1519 4416 1585 4470 ad
1618 4412 1850 4474 servien-

270 4483 427 4547 dum,
462 4494 782 4557 promptus,
832 4485 1208 4557 ohsetpiiosus)
1246 4502 1260 4540 :
1294 4486 1519 4541 alterunt
1570 4492 1850 4557 spirituale

273 4565 334 4611 et
363 4555 809 4626 ecclesiasticum,
840 4572 946 4626 quo
972 4556 1024 4611 di
1048 4558 1180 4610 .coui
1209 4558 1474 4626 episcopis
1501 4570 1556 4612 et
1600 4555 1853 4614 sacerdo-

1866 3262 1915 3327 C

1943 2438 1999 2487 et
2052 2429 2416 2493 smctilare,iit
2463 2430 2650 2485 volunt
2700 2426 2937 2491 sectarii,
2989 2442 3096 2497 quo
3148 2427 3529 2499 eleemosyiias

1947 2511 2191 2569 tempore
2220 2501 2470 2554 sacriﬁcii
2497 2517 2525 2553 a
2560 2500 2807 2553 lltlelibus
2835 2500 2901 2553 ad
2928 2501 3098 2553 altare
3135 2501 3358 2564 oblatas,
3389 2511 3439 2553 vt
3479 2500 3530 2556 in

1944 2571 2190 2627 ecclesiae
2238 2586 2485 2625 :erarmm
2538 2571 2865 2634 reconditas,
2916 2572 2969 2624 in
3026 2585 3285 2637 pauperes
3345 2571 3532 2624 viduas

1943 2644 2069 2711 (sub
2090 2642 2282 2711 quibus
2304 2655 2355 2696 et
2388 2643 2477 2697 alii
2512 2656 2777 2709 pauperes
2808 2640 3375 2711 comprehenduntur)
3406 2657 3532 2696 ero-

1942 2717 2155 2783 gabant.
2181 2713 2346 2780 Hujus
2373 2714 2713 2767 solummodo
2744 2713 3026 2767 miniSterii
3062 2712 3304 2766 meminit
3335 2712 3532 2776 Lucas,

1943 2788 2085 2854 quod
2119 2790 2251 2838 satis
2279 2785 2528 2839 habuerit
2555 2784 2895 2838 occasionem
2940 2783 3299 2854 ordinationis
3342 2798 3532 2837 eorum

1946 2852 2229 2919 enarrare,
2261 2865 2437 2909 artant
2466 2855 2674 2911 scilicet
2699 2870 2762 2909 ex
2794 2869 3067 2906 murmure
3096 2852 3405 2908 ϐτει·‹·ι›ι·ιιιιι
3439 2854 3535 2907 :td-

1945 2942 2135 2981 versus
2186 2928 2459 2987 llelirzeos,
2492 2943 2550 2979 eo
2589 2926 2726 2995 quod
2757 2926 3140 2994 despicerentur
3164 2926 3332 2978 vidua-
3361 2941 3537 2979 eorum

1944 3000 1998 3051 in
2028 2997 2313 3052 ministerio
2336 2999 2657 3065 quotidiana,
2678 2996 2729 3050 id
2758 3006 2859 3059 est,
2894 2997 2943 3047 iit
2967 2996 3277 3064 quotidiana
3302 2998 3537 3051 eleemo-

1945 3084 2200 3140 syuztruttt
2251 3068 2651 3140 distributione.
2705 3068 2775 3140 [_)e
2843 3066 3189 3140 hoc-itidem
3236 3069 3517 3140 initiisterti

1944 3135 1998 3194 S.
2040 3140 2146 3195 Leo
2178 3142 2227 3191 in
2250 3154 2502 3193 st-rmoite
2529 3141 2595 3193 de
2625 3139 2682 3192 S.
2721 3137 3012 3209 Laurentio
3044 3138 3115 3190 ita
3143 3139 3219 3191 ait
3256 3156 3267 3189 :
3308 3135 3427 3192 Non
3458 3154 3514 3209 so

1945 3211 2054 3264 lum
2081 3211 2360 3263 ministerio
2406 3210 2875 3279 Sacramentorum.
2900 3207 2989 3261 sed
3016 3211 3168 3261 etiam
3199 3207 3535 3279 dispensatio

1946 3297 2008 3334 ne
2050 3282 2408 3335 ecclesiastica
2451 3282 2749 3334 substantia:
2777 3279 3159 3348 praeminebat.
3196 3279 3279 3333 Alt
3313 3280 3412 3334 hoe
3436 3296 3533 3348 agi-

1950 3364 2056 3404 tein
2099 3367 2319 3405 munere
2348 3351 2591 3405 diaconus
2623 3350 2881 3421 dietaest
2921 3354 3031 3416 ipsa
3062 3349 3529 3421 elo-etit-isyttarum

1946 3422 2370 3482 administratio,
2407 3434 2454 3473 et
2498 3420 2832 3487 dispensatio
2878 3435 2984 3472 non
3024 3430 3230 3473 tait:utit
3262 3420 3529 3487 «Ιίειεσιιιες,

1947 3493 2042 3547 sed
2072 3503 2128 3547 et
2154 3494 2273 3546 aliis
2299 3480 2561 3545 t‘O-mlllllll
2588 3480 2779 3553 solita;
2808 3489 2876 3543 de
2903 3506 3004 3559 qua
3029 3494 3275 3555 superius
3298 3480 3528 3557 ειςιιιιιῖς,

1947 3574 2001 3616 et
2054 3565 2186 3616 inira
2246 3577 2429 3615 rursus
2473 3561 2642 3615 iteiuri
2690 3577 2896 3613 sumtis.
2949 3560 3076 3614 Vide
3117 3560 3176 3614 D.
3214 3560 3532 3631 Gregoriuiti

1948 3633 2041 3688 lib.
2079 3650 2131 3687 ix
2163 3631 2402 3687 llldlt‘l.‘
2434 3650 2500 3699 cp
2522 3645 2592 3685 δι.
2621 3632 2712 3685 Ἠ.

2020 3704 2046 3744 δ
2079 3705 2271 3759 Fertur
2298 3702 2433 3757 liber
2466 3703 2735 3773 Hippolyti
2779 3702 2846 3755 de
2878 3701 3215 3769 septuaginta
3252 3701 3535 3771 discipulis

1947 3775 2146 3830 Christi
2178 3775 2282 3845 (lli
2316 3792 2361 3828 r.
2388 3775 2439 3827 in
2469 3773 2765 3844 Catnt'ogo),
2801 3773 2886 3826 tibi
2918 3774 3191 3827 Nictilattm
3220 3775 3531 3841 diaconum,

1951 3855 2011 3901 ut
2042 3844 2213 3901 virum
2266 3845 2368 3898 title
2412 3847 2677 3899 catholica
2731 3846 3046 3912 probatum,
3077 3844 3143 3897 ad
3190 3846 3536 3902 sulilittiiores

1949 3918 2168 3971 ordines
2202 3928 2526 3985 promotum.
2558 3926 2612 3970 et
2641 3917 2707 3968 ab
2752 3916 3015 3983 apostolis
3046 3924 3285 3969 creatum
3315 3920 3530 3987 episco-

1952 4005 2075 4072 pum
2107 3990 2500 4072 Samaritanuui
2526 3996 2772 4042 testatur.
2800 3987 2894 4041 Cui
2922 3990 3194 4042 Consentit
3225 3987 3530 4045 Doi'0tltcus

1950 4060 2004 4114 iit
2032 4060 2282 4130 Synopsi.

2027 4141 2049 4169 c
2074 4128 2446 4186 subscribam
2491 4129 2699 4185 Patres.
2741 4128 3045 4198 Cyprianus
3077 4129 3215 4197 (Lib.
3250 4130 3312 4184 de
3339 4129 3463 4186 Zelo
3493 4142 3540 4188 et

1951 4200 2168 4272 Livore)
2204 4222 2214 4255 :
2251 4198 2487 4255 Facilior
2514 4218 2641 4254 cura
2666 4212 2739 4254 est
2767 4242 2781 4263 ,
2825 4202 2910 4253 ubi
2951 4201 3111 4271 plaga
3144 4203 3417 4272 perspicua
3446 4246 3458 4263 .
3496 4211 3546 4259 et

1952 4278 2053 4327 cito
2072 4275 2139 4326 ad
2160 4274 2432 4327 sanitatem
2460 4275 2654 4326 medela
2682 4274 3004 4326 subueniente
3028 4271 3333 4343 perducitur
3354 4275 3540 4329 vulnus

1951 4347 2089 4413 quod
2118 4348 2335 4399 videtur.
2362 4344 2474 4398 Zeli
2504 4346 2714 4397 vulnera
2740 4343 2950 4396 obtrttsa
2974 4342 3161 4397 suntet
3186 4342 3413 4406 occulta.
3448 4362 3537 4398 nec

1954 4416 2236 4468 remedium
2262 4432 2389 4469 cura
2416 4415 2661 4467 medentis
2693 4414 2974 4466 admittunt
3001 4456 3016 4478 ,
3048 4416 3138 4482 qui
3165 4430 3217 4467 se
3248 4416 3380 4468 intra
3412 4433 3540 4470 coit-

1955 4487 2180 4540 scientue
2225 4488 2446 4541 latebras
2491 4500 2626 4538 cwco
2668 4485 2843 4536 dolore
2887 4487 3206 4538 clauserunt.
3256 4485 3319 4540 Et
3352 4486 3490 4541 infra
3525 4505 3538 4541 :

1958 4553 2239 4611 Calamitas
2283 4562 2392 4611 sine
2436 4555 2657 4609 remedio
2699 4565 2773 4607 est
2822 4556 2991 4607 odisse
3037 4557 3258 4624 felicem.
3311 4557 3542 4613 Basilius

272 4626 422 4705 ιίιξτιξ
461 4625 513 4678 in
544 4628 705 4679 rebus
746 4625 913 4705 sacris
960 4643 1023 4681 ex
1071 4625 1290 4705 pr0p_rin
1338 4644 1562 4705 numero
1591 4640 1643 4683 et
1674 4630 1854 4705 officio
1884 4645 1934 4705 ι)
1960 4625 2146 4705 (ΔΙΙοιιι.
2180 4625 2266 4697 ιιι)
2295 4646 2305 4679 :
2344 4625 2557 4680 Invidus
2588 4637 2796 4696 rogitas
2828 4635 2880 4677 ut
2912 4626 3143 4678 morbum
3186 4631 3542 4705 suunrmani-

278 4695 621 4762 miuistrant;
651 4712 757 4764 quo
788 4698 839 4751 iti
888 4713 1085 4767 genere
1138 4699 1365 4765 primum
1418 4701 1591 4754 locum
1641 4702 1852 4758 obtinet

272 4767 466 4844 altaris
495 4767 877 4844 lllltllilerluul,
907 4768 973 4844 de
1003 4784 1110 4844 quo
1160 4771 1217 4844 Β.
1256 4771 1489 4844 lgiiaiiiis
1536 4784 1738 4844 martyr
1796 4774 1847 4828 in

272 4839 500 4913 epistola
532 4841 597 4913 ad
626 4837 926 4895 Trallianos
957 4837 1069 4913 itaet:
1097 4841 1258 4895 habet
1280 4837 1298 4894 Ξ
1317 4842 1456 4908 Quid
1477 4852 1597 4896 sunt
1620 4837 1845 4913 diaconi,

271 4926 428 4984 quam
473 4909 775 4984 imitatores
807 4912 1159 4984 angelicariun
1187 4914 1446 4984 virtutum,
1479 4915 1564 4982 qui
1590 4932 1775 4984 purum
1805 4909 1852 4970 et

271 4981 595 5049 inculpatum
651 4982 991 5035 ministerium
1032 4982 1140 5036 illis
1188 4982 1423 5038 exhibent
1454 4981 1853 5052 (sacerdotibus

273 5051 529 5121 scilicet),
565 5060 620 5104 ut
653 5052 715 5108 S.
744 5052 1038 5121 Stephanus
1063 5054 1207 5107 beato
1236 5053 1454 5117 Iacobo,
1488 5054 1779 5111 Timotheus
1809 5068 1855 5113 et

273 5120 439 5177 Linus
471 5120 660 5184 Paulo,
693 5120 972 5177 Anac’etus
999 5136 1045 5177 et
1070 5124 1303 5179 Clemens
1340 5125 1513 5191 Petro,
1549 5141 1652 5182 etc.
1683 5129 1855 5183 ldent-

273 5206 384 5261 que
407 5207 505 5245 suo
531 5195 774 5248 carmine
796 5209 827 5249 e
852 5206 1071 5263 eganter
1093 5200 1359 5264 expressit
1382 5202 1576 5253 Arator
1599 5198 1860 5255 diaconus

271 5273 333 5319 et
362 5273 514 5331 poeta
544 5268 613 5320 de
637 5265 895 5331 apostolis
919 5268 991 5319 ita
1015 5280 1218 5323 canens
1251 5286 1263 5321 :

400 5375 516 5446 ._lura
543 5379 802 5428 ministerii
825 5381 976 5429 sacris
992 5379 1223 5446 altaribus
1244 5384 1342 5446 apti

401 5438 458 5507 in
480 5445 674 5507 septem
691 5449 913 5507 statuere
937 5445 1066 5501 viris,
1092 5458 1216 5504 quos
1229 5438 1442 5507 undique
1463 5448 1616 5498 lectos

405 5500 602 5573 Emittis
627 5505 837 5573 vocitare
856 5505 1015 5566 placet
1043 5500 1059 5553 :7
1076 5500 1219 5566 quatit
1244 5500 1495 5573 spln‘t'tdila
1520 5514 1667 5573 εωμιι

402 5563 637 5631 Ecclesia
660 5563 1061 5631 fulgore'tnauus,
1085 5563 1196 5629 quas
1224 5563 1386 5631 [uiculis
1416 5576 1525 5621 vitae

402 5625 626 5685 Misceat,
651 5636 702 5675 et
719 5625 887 5676 latices
910 5642 1018 5678 cum
1040 5625 1279 5693 sanguine
1306 5634 1516 5696 porrigat
1536 5635 1690 5698 Agni!

269 5753 521 5829 Alterum
552 5752 904 5829 diaconorum
950 5754 1303 5829 ministerium
1340 5760 1637 5827 temporale
1683 5768 1737 5815 et
1765 5778 1858 5829 po-

267 5824 506 5892 liticum,
534 5825 651 5883 sive
698 5824 1117 5895 oeconomicum,
1146 5836 1324 5888 tamen
1372 5824 1522 5890 mere
1567 5824 1855 5899 profanum

1962 4700 2107 4765 [estet
2131 4740 2145 4763 ,
2175 4715 2228 4752 se
2256 4713 2499 4751 accusare
2532 4712 2742 4749 omnino
2777 4710 2975 4748 veretur
2997 4736 3011 4757 ,
3063 4698 3295 4749 morbum
3346 4700 3397 4751 in
3441 4704 3542 4753 imo

1958 4768 2129 4821 cordis
2168 4784 2368 4822 recessu
2410 4768 2714 4821 candentem
2758 4777 2910 4835 atque
2963 4778 3305 4821 assumentem
3348 4772 3543 4824 viscera

1958 4840 2200 4893 retinens.
2242 4838 2422 4909 Itaque
2453 4854 2541 4891 nec
2580 4839 2833 4892 medicum
2863 4854 2952 4891 nec
2992 4839 3296 4891 medicinam
3325 4841 3394 4893 ad
3425 4859 3544 4894 eum

1959 4910 2241 4980 fugandum
2267 4921 2443 4973 aptant
2470 4913 2695 4965 invenire
2722 4918 2885 4981 patest
2909 4950 2921 4970 ,
2955 4926 3261 4979 quamquam
3290 4914 3548 4965 curandu-

1960 4998 2074 5034 rum
2112 4997 2367 5051 (egi-orum
2395 4982 2443 5033 vi
2468 4982 2640 5049 referti
2678 4984 2779 5033 sint
2826 4981 2965 5035 libri.
3014 4981 3432 5049 CllrySUaltlllllls
3479 4985 3543 5035 ιιιί

1962 5050 2214 5120 popinam
2249 5053 2643 5105 Anlittchenttill
2674 5051 2859 5123 (Hom.
2892 5062 3004 5113 LIII)
3032 5070 3043 5103 :
3080 5050 3219 5103 Nam
3242 5056 3547 5107 insanabilis

1963 5132 2037 5176 est
2068 5125 2162 5176 iste
2193 5127 2393 5176 morbus
2420 5166 2433 5187 ,
2467 5132 2517 5174 ιιι
2548 5130 2593 5174 tt
2621 5123 2897 5175 innumeris
2926 5123 3343 5177 medicaminibus
3371 5142 3548 5189 super-

1964 5195 2143 5264 positis
2183 5195 2463 5264 proprianr
2498 5194 2745 5247 scaturiat
2799 5193 2983 5264 tabem.
3038 5192 3262 5260 Prosper
3314 5197 3381 5248 de
3432 5198 3547 5249 Vim

1965 5261 2385 5332 Catiiteuiplativa
2414 5263 2551 5334 (Lib.
2587 5280 2641 5319 ιιι
2673 5282 2716 5319 c.
2751 5265 2804 5330 5)
2836 5282 2848 5316 :
2883 5261 3199 5317 Invidiosunt
3231 5266 3353 5333 facit
3384 5272 3548 5319 πενί-

1966 5336 2124 5389 lentia
2152 5338 2342 5403 meriti,
2374 5337 2599 5389 iniiittuin
2626 5352 2773 5403 postia
2804 5337 2996 5399 peccati
3018 5350 3037 5397 ;
3082 5353 3170 5389 nec
3195 5339 3240 5389 ei
3264 5336 3324 5389 ab
3348 5340 3549 5392 homine

1968 5414 2131 5476 potest
2160 5410 2438 5461 remedium
2472 5407 2720 5467 adhiberi,
2754 5409 2901 5475 cujus
2926 5416 2999 5459 est
3023 5410 3203 5460 vulnus
3236 5412 3509 5462 occultum.

2041 5475 2068 5515 ἀ
2112 5480 2342 5549 Regulus
2369 5494 2591 5547 serpens
2614 5518 2629 5539 ,
2662 5479 2750 5548 qni
2780 5493 2809 5530 a
2837 5478 3038 5533 Graecis
3092 5477 3373 5532 basiliscos
3416 5480 3549 5532 ιιιρὶ-

1972 5557 2081 5613 tur,
2116 5564 2338 5619 aSpeCtu
2367 5553 2607 5603 homines
2630 5549 2910 5611 interimit,
2943 5556 2998 5601 et
3024 5551 3216 5614 Spiritu
3246 5550 3357 5602 uris
3384 5552 3547 5605 etiam

1970 5635 2098 5745 it:ch
2134 5620 2572 5691 praetervolantes
2602 5630 2812 5675 enecat.
2856 5620 3216 5691 Hieronymus
3244 5621 3296 5674 in
3326 5638 3447 5690 cap.
3486 5639 3546 5676 xv

2007 5706 2139 5745 'aite.

2007 5706 2139 5746 53KB.

2044 5772 2066 5799 θ
2110 5764 2365 5819 Alludere
2395 5763 2603 5818 videtur
2630 5764 2696 5817 ad
2728 5763 2853 5818 illud
2888 5763 3022 5833 psal.
3052 5779 3197 5819 LVII:
3234 5764 3382 5821 Sicut
3411 5768 3554 5836 uspi—

1910 5911 1915 5916 .
1966 5835 2045 5891 dis
2075 5838 2242 5893 surda:
2268 5846 2314 5893 et
2344 5837 2621 5893 obturantis
2650 5852 2803 5893 aures
2847 5851 3000 5899 suas.
3036 5853 3152 5898 aute
3180 5853 3281 5894 non
3309 5842 3550 5897 exaudi‘c:

2146 5976 2170 5983 ν...
