4072 6324
544 313 692 382 {127

1601 310 1883 374 JOANNIS
1917 314 2232 375 CASSIANI
2267 315 2763 379 COLLATIONES.

3691 316 3839 383 “28

543 453 733 498 eremo
775 435 852 494 illi
897 445 958 493 se
997 433 1253 494 emnobio
1295 448 1507 492 summa
1562 433 1884 493 humilitatis
1936 437 2132 492 virtute
2158 441 2214 500 Α
2239 437 2366 494 tiam
2397 438 2520 509 ejus
2545 438 2818 509 correptio
2845 446 3067 510 paterna
3086 453 3194 494 non
3223 447 3490 507 moverat,
3519 455 3591 497 ne
3619 450 3839 512 specta-

545 533 886 597 subdiderat,
915 531 1258 601 proferamus
1284 528 1530 600 eloquia,
1564 543 1902 600 nequaquam
1952 538 2134 587 tamen

545 639 802 704 putamus
828 625 1121 683 absurdum
1149 665 1166 694 ,
1199 625 1245 680 si
1276 625 1479 695 absque
1509 625 1620 679 ulla
1652 625 1970 680 circuitione
2015 641 2138 680 ver-

546 722 738 780 borum
765 761 783 787 ,
815 734 1006 789 magna
1031 760 1048 786 ,
1089 726 1150 773 ut
1189 717 1461 773 credimus
1483 759 1500 784 ,
1547 717 1806 772 studiosis
1832 718 2136 788 quibusque

546 817 804 872 virtutum
861 812 1148 868 :edificatio
1199 809 1532 866 conferatur.
1582 810 1640 866 In
1699 811 1906 881 ingenti
1956 813 2136 882 itaque

546 909 690 964 atrio
719 917 746 945 ι
793 905 1060 963 subdivali
1094 904 1184 959 illa
1233 905 1621 960 monachorum
1652 904 1994 960 multitudine
2040 919 2136 975 per

546 999 940 1058 duodenarium
973 1013 1258 1054 numerum
1304 997 1576 1053 distinctis
1629 997 1910 1054 ordinibus
1955 998 2138 1054 consi-

547 1092 751 1156 dente,
801 1107 922 1146 cum
971 1091 1190 1163 quidam
1242 1089 1467 1145 fratrum
1516 1100 1826 1160 susceptum
1874 1090 2133 1146 ferculum

549 1187 711 1258 paulo
739 1184 944 1240 tardius
993 1183 1315 1247 intulisset,
1345 1182 1447 1238 sub
1471 1183 1760 1238 occasione
1790 1183 1944 1237 istius
1971 1182 2138 1238 tardi-

551 1279 678 1334 tatis
705 1279 1000 1349 praedictus
1047 1277 1212 1332 abbas
1253 1276 1453 1332 Paulus
1475 1316 1490 1342 ,
1524 1276 1616 1346 qui
1648 1277 1790 1331 inter
1819 1276 2007 1332 turbas
2037 1276 2137 1330 mi-

548 1368 897 1425 nistrantium
945 1368 1174 1425 fratrum
1223 1367 1458 1423 sollicite
1503 1367 1896 1432 discurrebat,
1948 1378 2135 1424 exerta

547 1477 717 1518 manu
743 1505 760 1530 ,
808 1464 982 1532 palma
1033 1476 1156 1516 cum
1188 1459 1289 1515 sub
1331 1462 1573 1515 omnium
1605 1461 1869 1531 percussit
1898 1461 2092 1517 intuitu
2117 1503 2134 1526 ,

549 1553 626 1610 ita
669 1563 729 1610 ut
775 1555 987 1609 sonitus
1020 1555 1188 1610 etiam
1217 1553 1574 1608 adversorum
1603 1555 1688 1608 vel
1722 1553 1932 1624 loiigius
1958 1553 2137 1608 consi-

555 1648 796 1704 dentium
847 1647 1065 1702 auribus
1103 1647 1418 1702 resultaret.
1470 1645 1584 1700 Hoc
1613 1655 1788 1700 autem
1834 1644 2040 1701 idcirco
2067 1646 2135 1700 ab

548 1757 617 1799 eo
649 1743 845 1798 factum
876 1750 981 1808 est,
1008 1751 1066 1794 ut
1094 1739 1304 1794 cunctis
1329 1740 1417 1808 qui
1445 1738 1673 1793 aderant
1693 1737 1909 1807 juvenis
1933 1739 2136 1806 patien-

2238 533 2416 588 culum
2449 533 2668 603 quidem
2701 542 2866 587 tantte
2910 531 3274 589 multitudinis
3302 533 3415 590 ullo
3455 533 3666 590 vultum
3707 533 3836 607 ejus

2238 624 2457 681 ruboris
2489 624 2735 682 tinxisset
2761 625 2985 682 indicio.

2873 719 3100 777 CAPUT
3126 719 3194 776 ll.

2588 813 2665 869 De
2689 812 2978 868 humilitate
3005 812 3206 868 abbatis
3231 810 3476 870 Joannis.

2306 905 2366 963 In
2394 906 2499 964 hoc
2526 908 2705 977 itaque
2752 907 3002 964 ctenobio
3041 909 3345 977 reperimus
3393 907 3835 978 antiquissimum

2237 1013 2421 1056 senem
2447 1001 2665 1057 nomine
2692 1001 2956 1057 Joannem
2981 1001 3138 1070 cujus
3161 1000 3327 1055 verba
3349 1000 3554 1070 pariter
3580 1011 3637 1057 et
3659 1003 3836 1058 humi-

2237 1092 2465 1161 litatem,
2507 1110 2612 1164 qua
2653 1095 2856 1150 sanctis
2884 1095 3139 1150 omnibus
3185 1093 3596 1164 praeeminebat,
3629 1112 3836 1168 nequa-

2238 1202 2398 1258 quam
2426 1188 2646 1243 silentio
2677 1187 3054 1259 praetereunda
3082 1189 3414 1256 censuimus,
3448 1189 3681 1244 scientes
3703 1204 3833 1244 eum

2240 1277 2344 1334 hac
2372 1279 2604 1334 maxime
2631 1279 2959 1349 perfectione
3003 1279 3268 1350 viguisse,
3308 1294 3432 1350 quae
3466 1293 3590 1334 cum
3622 1279 3699 1333 sit
3724 1279 3837 1334 vir-

2240 1377 2411 1424 tutum
2439 1371 2678 1425 omuium
2711 1381 2906 1434 mater,
2933 1386 2997 1426 ac
3049 1371 3212 1427 t0tius
3252 1371 3515 1440 spiritalis
3543 1380 3836 1426 structura

2238 1461 2649 1518 fundamentum
2680 1463 3069 1520 solidissimum
3094 1505 3109 1529 ,
3141 1479 3172 1518 a
3201 1463 3401 1518 nostris
3430 1465 3646 1533 penitus
3672 1479 3838 1519 exsu-

2238 1558 2314 1613 lat
2359 1551 2642 1614 institutis.
2697 1559 2846 1615 Unde
2875 1573 2980 1614 non
3013 1557 3212 1613 mirum
3259 1567 3344 1614 est
3387 1573 3488 1615 nec
3512 1558 3581 1612 ad
3615 1557 3834 1613 illorum

2239 1651 2624 1707 sublimitatem
2648 1666 2750 1706 nos
2780 1666 2938 1720 posse
2961 1650 3352 1717 conscendere,
3378 1651 3470 1721 qui
3511 1664 3623 1705 non
3654 1650 3838 1706 dicam

2241 1758 2412 1814 usque
2439 1743 2506 1798 ad
2537 1753 2811 1799 senectam
2838 1743 2940 1798 sub
2969 1744 3202 1798 ctenobii
3229 1757 3551 1814 permanere
3572 1759 3679 1792 non
3712 1752 3839 1807 pos-

550 1835 682 1890 tiam
730 1832 1098 1902 patefaceret,
1148 1841 1203 1887 et
1247 1845 1437 1886 omnes
1480 1830 1576 1900 qui
1623 1829 1996 1886 interfuissent
2045 1829 2137 1885 tali
2167 1833 2217 1894 B
2242 1850 2430 1892 sumus
2453 1836 2759 1907 disciplina,
2808 1835 2903 1890 sed
2932 1833 2961 1874 δ
2989 1837 3078 1890 vix
3110 1835 3330 1889 biennio
3357 1829 3716 1899 subjectionis
3750 1830 3839 1900 ju-

546 1925 863 1997 Spectaculo
912 1923 1193 1979 modestiae
1240 1921 1588 1978 erudirentur
1634 1922 1910 1992 exemplo.
1964 1921 2136 1991 Quam

548 2029 763 2076 maturo
791 2027 970 2074 autem
991 2018 1043 2074 id
1066 2018 1249 2074 senior
1271 2017 1462 2074 fecerit
1489 2018 1737 2084 consilio,
1758 2032 1846 2072 res
1869 2017 2134 2087 probavit.

548 2110 683 2167 Nam
725 2111 1093 2167 memorabilis
1124 2110 1397 2180 patientiae
1441 2109 1659 2180 juvenis
1710 2119 1855 2164 tanta
1885 2109 1941 2165 id
1971 2110 2138 2166 animi

550 2203 774 2260 lenitate
801 2203 1061 2274 suscepit,
1104 2213 1163 2258 ut
1195 2217 1302 2257 non
1335 2201 1500 2257 modo
1524 2202 1706 2256 nullus
1737 2201 1903 2258 fuerit
1929 2219 1994 2258 ex
2021 2203 2138 2272 ejus

551 2312 648 2353 ore
693 2311 872 2352 sermo
919 2295 1246 2366 prolapsus,
1316 2294 1401 2350 vel
1457 2295 1834 2350 tenuissimum
1891 2309 2139 2349 murmur

550 2391 714 2446 tacita
760 2388 1027 2444 labiorum
1074 2388 1368 2459 agitatione
1414 2388 1726 2458 signatum;
1771 2387 1865 2443 sed
1910 2403 1978 2442 ne
2021 2389 2136 2458 ipsa

551 2482 767 2554 quidem
807 2483 920 2538 oris
950 2482 1214 2538 modestia
1262 2489 1426 2552 atque
1475 2482 1840 2553 tranquillitas
1869 2491 1962 2536 aut
1988 2483 2140 2538 color

549 2576 743 2634 saltem
799 2577 1353 2648 quantulumcumque
1407 2586 1668 2631 mutatus.
1727 2575 1880 2642 Quod
1935 2576 2137 2631 factum

551 2686 661 2729 non
691 2673 864 2727 solum
895 2671 1049 2726 nobis
1077 2710 1093 2736 ,
1142 2671 1236 2740 qui
1281 2686 1454 2740 nuper
1493 2669 1563 2727 de
1592 2670 1765 2743 Syriae
1807 2672 2138 2728 monasterio

551 2766 832 2821 venientes
876 2765 1152 2835 patientia:
1186 2763 1346 2834 hujus
1374 2765 1630 2819 virtutem
1662 2773 1768 2818 tam
1800 2763 2138 2820 evidentibus

549 2871 968 2928 perceperamus
1038 2855 1344 2924 exemplis,
1403 2854 1498 2910 sed
1555 2855 1718 2909 etiam
1793 2857 1999 2910 cunctis
2047 2855 2139 2925 qui

548 2959 804 3022 expertes
851 2951 1039 3006 talium
1089 2964 1198 3004 non
1237 2957 1393 3004 erant
1434 2948 1760 3013 studiorum,
1814 2949 1889 3003 ita
1941 2948 2137 3003 mirum

549 3042 674 3108 fuit,
706 3042 948 3098 utetiam
979 3042 1204 3096 summis
1229 3041 1364 3095 viris
1391 3041 1662 3110 prtecipua
1691 3055 1789 3111 per
1810 3040 1912 3095 hoc
1940 3039 2136 3096 factum

549 3135 896 3192 conferretur
919 3135 1238 3203 instructio;
1270 3134 1414 3206 quod
1444 3134 1654 3191 scilicet
1680 3136 1896 3191 etiamsi
1925 3136 2136 3206 patien-

2241 1944 2365 2000 gutn
2413 1929 2686 1985 sustinere
2731 1928 2993 1992 contenti,
3037 1927 3103 1982 ad
3148 1925 3623 1996 praesumptionem
3657 1924 3841 1979 noxite

2241 2023 2511 2079 libertatis
2553 2023 2801 2093 protinus
2831 2022 3130 2081 evolamus,
3183 2035 3306 2075 cum
3339 2026 3517 2074 tamen
3567 2017 3692 2088 ipso
3744 2015 3840 2071 illo

2242 2133 2412 2188 parvo
2440 2125 2686 2187 tempore
2728 2131 2835 2172 non
2865 2113 3162 2171 secundum
3191 2114 3337 2167 illam
3365 2111 3727 2167 districtionis
3753 2125 3839 2166 re-

2239 2214 2444 2283 gulam,
2468 2213 2564 2267 sed
2594 2225 2694 2281 pro
2718 2211 2884 2266 nostri
2913 2209 3122 2265 arbitrii
3153 2208 3404 2264 libertate
3431 2217 3728 2275 utcumque
3754 2219 3841 2261 se-

2241 2306 2416 2360 nioris
2444 2303 2795 2374 subjiciamur
2823 2303 3070 2372 imperio,
3088 2312 3146 2355 ut
3172 2315 3276 2354 non
3302 2299 3578 2368 patientiae
3601 2296 3839 2351 fructum

2239 2395 2506 2459 ediscere,
2531 2395 2628 2451 sed
2652 2407 2865 2464 tempus
2883 2392 3244 2462 adipiscenda:
3267 2391 3495 2446 licentiae
3515 2399 3842 2458 exspectare

2239 2490 2536 2545 videamur.
2589 2489 2744 2544 Hunc
2774 2492 2936 2559 igitur
2963 2503 3146 2542 senem
3173 2501 3298 2540 cum
3342 2485 3394 2539 in
3425 2484 3640 2540 abbatis
3685 2481 3842 2538 Pauli

2239 2584 2490 2638 coenobio
2519 2582 2864 2646 vidissemus,
2883 2589 3096 2635 atatem
3128 2580 3357 2649 primum
3404 2587 3461 2634 et
3478 2578 3712 2648 gratiam
3739 2576 3841 2632 viri

2240 2691 2345 2745 qua
2377 2687 2493 2729 erat
2524 2675 2803 2742 praeditus,
2833 2672 3103 2737 admirati,
3133 2672 3372 2727 demisso
3398 2671 3451 2725 in
3481 2681 3686 2727 terram
3718 2669 3843 2724 vul-

2242 2777 2322 2834 tu,
2373 2769 2582 2836 precari
2631 2768 2896 2837 coepimus
2943 2775 3000 2821 ut
3049 2766 3206 2821 nobis
3253 2766 3490 2834 pandere
3522 2765 3842 2835 dignaretur

2240 2877 2400 2930 quam
2432 2861 2502 2916 ob
2528 2876 2768 2930 causanti,
2799 2861 2984 2916 relicta
3011 2861 3182 2916 eremi
3209 2860 3482 2925 libertate,
3505 2869 3562 2914 et
3591 2859 3684 2913 illa
3713 2871 3842 2929 pro-

2240 2953 2477 3008 fessione
2507 2953 2728 3008 sublimi
2755 2967 2862 3024 qua
2886 2969 3009 3008 eum
3044 2969 3152 3022 prae
3193 2951 3403 3006 caeteris
3440 2950 3689 3020 ejusdem
3717 2949 3843 3004 vita

2240 3045 2374 3100 viris
2403 3044 2541 3099 fama
2573 3045 2969 3112 celebraverat,
3002 3044 3186 3100 subire
3220 3045 3408 3114 jugum
3439 3041 3678 3100 C(Bﬂobil
3720 3057 3841 3096 ma-

2243 3139 2454 3195 luisset.
2492 3148 2514 3177 °
2572 3138 2668 3194 llle
2699 3139 2849 3195 velut
2876 3139 3136 3209 imparem
3165 3153 3226 3194 se
3253 3136 3655 3194 anachoretica:
3680 3133 3845 3191 disci-

1625 3293 1880 3350 ALABDI
1920 3294 2149 3351 GAZA‘ZI
2188 3294 2759 3353 COMMENTARIUS.

589 3429 766 3471 ertore
792 3414 1105 3478 collatione,
1148 3411 1238 3468 ubi
1277 3411 1451 3480 ipsum
1483 3425 1698 3479 quoque
1728 3410 1867 3476 apud
1911 3411 2134 3466 Diolcon
2164 3414 2210 3480 c
2241 3427 2359 3467 sum
2405 3413 2620 3467 nescius
2665 3412 2868 3467 multos
2895 3413 3034 3467 alios
3062 3411 3299 3467 Joannes
3328 3411 3427 3468 SS.
3471 3412 3838 3470 anachoretas

551 3431 828 3542 iiabitasse
855 3495 1243 3541 commemorat
1269 3499 1284 3542 ;
1313 3494 1734 3536 consentaneum
1762 3493 1842 3535 est
1876 3495 1933 3536 ut
1974 3481 2137 3537 ,Ιοιιη-
2243 3497 2297 3538 et
2353 3487 2650 3538 monachos
2680 3493 2784 3537 tam
2833 3484 2887 3538 in
2924 3485 3058 3538 Vitis
3092 3484 3310 3538 Patrum
3351 3499 3509 3542 quam
3531 3485 3583 3538 in
3617 3484 3838 3542 Tabulis

592 3487 828 3542 abitasse
855 3495 1243 3541 commemorat
1269 3499 1284 3545 ;
1313 3494 1734 3536 consentaneum
1762 3493 1842 3535 est
1876 3495 1933 3536 ut
1974 3481 2137 3537 Joan-

551 3574 698 3622 nem,
721 3560 806 3614 cui
839 3561 951 3612 haec
976 3556 1196 3610 collatio
1227 3554 1497 3617 tribuitur,
1541 3553 1778 3621 ejusdem
1811 3554 2137 3609 l‘tantmonis

553 3634 760 3685 socium
794 3640 849 3685 et
883 3627 1143 3694 aequalem
1175 3641 1237 3679 ex
1279 3628 1380 3678 Ιοοἱ
1423 3623 1823 3678 circumstantia
1863 3635 1915 3678 et
1953 3641 2138 3680 naria-

555 3700 764 3756 tionutn
799 3698 1179 3753 confortnitate
1207 3697 1545 3762 colligamus.
1585 3695 1805 3748 Videtur
1835 3698 1978 3748 enim
2007 3699 2138 3749 Cas-

554 3773 738 3828 sianus
767 3772 1127 3828 Sozomcnum
1152 3808 1168 3832 ,
1217 3767 1299 3819 Vt‘l
1329 3767 1662 3822 Sozomenus
1691 3765 2006 3820 Cassianum
2043 3784 2139 3821 vo-

554 3842 720 3898 luisse
748 3845 981 3908 imitati;
1013 3856 1134 3895 nam
1162 3847 1219 3890 nt
1246 3838 1335 3892 ille
1369 3838 1735 3892 Ptammonetn
1767 3848 1818 3892 et
1867 3837 2134 3893 Joannem

553 3913 777 3968 abbatcs
805 3914 857 3966 itt
901 3926 992 3965 Sua
1042 3911 1351 3962 narratione
1388 3909 1675 3972 coniunxit
1701 3950 1715 3973 ,
1748 3912 1815 3958 ita
1849 3911 2137 3964 Cassianus

554 3985 609 4040 in
653 3984 736 4038 his
763 3981 1137 4038 collationibus
1164 3980 1394 4035 alterum
1439 3981 1591 4034 alteri
1636 3981 1884 4047 proxime
1915 3981 2139 4049 subjun-

554 4056 634 4109 xit
679 4062 735 4109 et
779 4055 1107 4108 di-serentes
1154 4052 1388 4105 induxit.
1459 4054 1624 4105 Porro
1672 4051 1918 4105 eumdem
1973 4057 2138 4107 etiam

557 4124 818 4181 Joannem
851 4140 972 4179 esse
1005 4123 1278 4179 existimo.
1306 4123 1374 4176 de
1401 4138 1509 4193 quo
1534 4119 1820 4193 Cassianus
1851 4122 1886 4174 l.
1921 4121 2133 4193 v‘lnsti-

557 4205 659 4250 tut.
692 4211 811 4261 cap.
840 4194 908 4249 27
932 4203 986 4248 et
1012 4195 1100 4249 28.
1152 4193 1392 4262 Itemque
1419 4190 1612 4247 'coltat.
1652 4190 1716 4245 14
1739 4233 1754 4257 ,
1787 4207 1908 4258 cap.
1940 4190 1974 4244 4
2001 4205 2052 4248 et
2083 4196 2136 4249 7.

556 4268 742 4337 Neque
770 4268 946 4321 obstat
995 4265 1136 4333 quod
1171 4265 1280 4318 tllic
1309 4280 1502 4337 magno
1528 4263 1779 4318 cmttobio
1809 4275 1863 4337 et
1895 4268 2140 4319 multitu-

556 4334 668 4393 dini
703 4338 924 4392 fratrum
958 4338 1278 4404 przepositus
1319 4335 1516 4390 dicitur
1541 4376 1556 4400 ,
1605 4334 2056 4404 quemadmmlutn
2085 4345 2142 4392 et

559 4410 699 4470 apud
732 4409 1026 4463 Palladium
1075 4405 1232 4461 Pater
1275 4408 1724 4460 Inutiastei-iorum
1773 4420 2136 4473 nuncupatur.

558 4480 715 4537 Unde
739 4481 1006 4548 colligitur
1037 4488 1161 4531 tunc
1189 4479 1446 4544 temporis
1473 4476 1796 4533 cteuohitam
1819 4476 2002 4539 fuisse,
2033 4495 2138 4534 non

557 4555 962 4613 anachoretam,
989 4549 1090 4604 hoc
1110 4559 1212 4611 est,
1242 4552 1290 4602 vi
1320 4565 1402 4601 am
1431 4565 1769 4603 communem
1801 4558 1854 4600 ct
1899 4550 2139 4603 etenobi-

557 4633 722 4679 ticam
753 4623 988 4686 duxisse,
1019 4637 1122 4674 non
1156 4621 1473 4675 solitariam.
1509 4621 1603 4674 llic
1637 4619 2036 4683 vct'olo..nttes.
2071 4623 2141 4675 de

557 4710 666 4764 quit
714 4695 799 4748 hic
823 4696 1017 4763 agitur,
1069 4708 1173 4747 non
1206 4691 1523 4762 pra-positus
1576 4703 1666 4764 aut
1695 4690 1860 4744 abbas
1907 4694 2139 4746 caettuliii

555 4762 722 4821 fuisse
747 4762 980 4831 dicitur;
1031 4763 1128 4818 sed
1161 4764 1339 4817 relicta
1372 4778 1558 4818 eremo
1589 4762 1712 4816 huic
1764 4764 2011 4818 trtetinbio
2047 4769 2142 4817 ab-

559 4837 698 4893 batis
723 4837 871 4891 Pauli
903 4850 1114 4890 summa
1137 4835 1442 4889 ilUtlliillale
1464 4850 1522 4888 se
1553 4834 1858 4888 δυὺιιίιΙί-εθ
1885 4836 2137 4902 perhibe-

557 4917 666 4970 tur,
699 4917 859 4980 atque
899 4908 1040 4980 inter
1067 4907 1200 4980 alius
1230 4906 1495 4980 seniores,
1521 4907 1740 4980 vivente
1766 4906 1941 4959 adhuc
1974 4906 2139 4980 Paulo

558 4977 1062 5048 abliate,'siugulari
1101 4977 1662 5048 virtuteexcelluisse.
1710 4979 1839 5030 Nam
1885 4985 1943 5030 ut
1988 4978 2133 5042 ipse-

557 5059 669 5106 met
693 5053 758 5104 de
779 5046 959 5117 Scipio
991 5058 1218 5103 testatur
1248 5046 1379 5100 infra
1407 5046 1559 5119 (Cap.
1587 5047 1664 5117 5),
1692 5048 1920 5117 primum
1953 5062 2137 5103 cteno-

558 5123 669 5177 bila
716 5121 890 5176 factus
915 5129 1019 5182 est,
1048 5128 1103 5173 et
1144 5137 1193 5174 in
1221 5124 1452 5175 t-tretiolut
1480 5125 1900 5188 ctittgregatione
1921 5120 2135 5189 triginta

556 5206 729 5247 annos
761 5194 1018 5255 transegit
1047 5211 1061 5244 ;
1106 5207 1210 5257 quo
1241 5201 1482 5252 tempore
1512 5192 1770 5244 credibile
1810 5205 1889 5244 νει
1941 5194 2137 5244 mullo-

558 5279 679 5318 rum
711 5263 1096 5317 lllttllachnl'um
1121 5276 1172 5317 et
1215 5264 1661 5316 monasteriorum
1693 5276 1875 5316 curam
1903 5266 2137 5330 gessisse

555 5335 634 5406 (ut
665 5349 914 5390 attetores
939 5336 1086 5388 citati
1137 5331 1623 5406 commemorant).
1657 5334 1870 5406 Deinde
1904 5348 2036 5389 vero
2085 5335 2135 5387 iu

557 5404 902 5462 Solitudinem
931 5409 1221 5469 concessit,
1251 5405 1433 5475 ibique
1459 5405 1593 5458 :il.os
1622 5404 1802 5474 viginti
1834 5421 2003 5459 illiilOs
2043 5420 2138 5460 ex-

555 5478 721 5548 plevit
757 5479 1186 5534 anachoreticam
1231 5493 1397 5547 agens
1428 5476 1626 5539 vitam;
1677 5491 1738 5548 ac
1764 5477 1980 5530 deinum
2015 5491 2137 5528 cum

557 5546 760 5604 videret
809 5550 1094 5604 nonnullos
1124 5546 1479 5604 anacf.oretas
1503 5564 1531 5600 a
1563 5546 1790 5616 pristino
1829 5550 2040 5601 fervore
2084 5558 2138 5600 et

556 5622 871 5676 austeritate
901 5621 1158 5687 deﬁcere,
1185 5620 1367 5674 ri-ltcta
1398 5632 1583 5674 eremo
1615 5632 1799 5672 rursus
1837 5618 1905 5671 ad
1949 5632 2134 5671 ρωπο-

557 5691 706 5749 bimo
739 5695 914 5752 rediit.
945 5693 1124 5761 ibique
1151 5701 1344 5746 mansit
1378 5707 1392 5744 :
1439 5692 1625 5760 sicque
1673 5692 1906 5760 primum
1933 5705 1996 5761 ex
2026 5704 2137 5745 cte-

559 5765 744 5820 nobtta
772 5763 935 5817 factus
961 5759 1309 5830 anachoreta,
1337 5772 1518 5833 postea
1546 5759 1698 5817 vero
1722 5777 1784 5818 ex
1812 5759 2136 5816 anachoreta

561 5834 842 5896 restitutus
868 5848 950 5892 est
975 5837 1271 5894 «lenita.
1326 5835 1597 5892 Caeterum
1647 5848 1755 5891 non
1779 5835 1993 5891 inlicior
2031 5847 2135 5891 nec

2243 3497 2297 3538 et
2353 3487 2650 3538 monachos
2680 3493 2784 3537 tam
2833 3484 2887 3538 in
2924 3485 3058 3538 Vitis
3092 3484 3310 3538 Patrum
3351 3499 3509 3553 quam
3531 3485 3583 3538 in
3617 3484 3840 3542 Tabulis

2245 3556 2640 3611 Ecclesiastiris
2665 3557 2968 3620 recenset-i;
2995 3571 3025 3609 e
3056 3558 3249 3623 quibus
3279 3555 3322 3608 si
3348 3557 3469 3624 quis
3493 3558 3659 3610 alium
3678 3555 3839 3612 Jona-

2243 3643 2366 3680 nom
2419 3627 2576 3694 hujus
2605 3627 2911 3680 collationis
2952 3637 3227 3680 auctorem
3275 3626 3608 3696 probabilius
3656 3639 3838 3683 osten-

2241 3698 2356 3761 dat,
2392 3698 2531 3750 lt:itnl
2565 3701 2794 3751 multum
2829 3712 2959 3750 Sane
2988 3713 3312 3766 repugnent.

2313 3778 2340 3805 ει
2371 3769 2651 3831 Subiliale,
2689 3769 2773 3822 vel
2797 3768 3109 3834 subdiVaIe;
3141 3785 3263 3822 nam
3292 3779 3345 3820 et
3379 3768 3481 3823 sub
3523 3767 3618 3824 dio
3643 3777 3702 3822 et
3738 3771 3838 3826 sub

2242 3840 2370 3895 divo
2422 3842 2640 3899 dicitur.
2673 3840 2775 3893 hoc
2810 3850 2910 3903 εει,
2963 3842 3066 3894 sub
3103 3842 3219 3905 ipso
3266 3855 3392 3893 aere
3430 3851 3484 3893 et
3511 3841 3632 3894 sine
3673 3851 3832 3897 tecto.

2241 3910 2428 3980 Itaque
2450 3913 2550 3965 sub
2579 3911 2668 3965 tlio
2702 3910 3036 3980 prantlebant
3061 3909 3134 3964 illi
3164 3911 3410 3964 monachi
3438 3919 3491 3964 et
3527 3915 3838 3968 ercuticolze

2242 3981 2466 4052 Egypti
2493 3999 2507 4046 ;
2540 3998 2637 4036 nec
2667 3985 2716 4035 td
2749 3985 2903 4034 Valde
2951 3983 3170 4045 mirum,
3203 3997 3325 4035 curn
3367 3999 3394 4034 a
3442 3983 3629 4051 pluvia
3661 3984 3838 4040 securi

2243 4064 2445 4107 e-seut.
2478 4054 2677 4108 Namin
2705 4053 2940 4124 Egypto
2972 4068 3262 4120 numquam
3287 4053 3472 4122 pluere
3501 4053 3696 4118 fertur,
3727 4060 3837 4111 sola

2243 4124 2344 4178 Nili
2375 4123 2612 4194 fluminis
2641 4123 2993 4178 inundatione
3040 4136 3236 4178 terram
3269 4126 3529 4194 irrigante
3559 4135 3615 4181 et
3656 4128 3838 4182 fecun—

2243 4196 2409 4250 dante
2433 4193 2605 4260 (Plin.
2639 4197 2677 4250 l.
2710 4212 2764 4260 v,
2791 4194 2983 4248 Isidor.
3015 4194 3105 4248 lib.
3135 4210 3223 4248 xiv
3253 4211 3298 4247 c.
3321 4193 3400 4261 2))

2315 4263 2344 4305 δ
2384 4266 2629 4333 Seipsum
2660 4265 3146 4332 notatCassiauus,
3181 4277 3234 4321 et
3280 4281 3434 4320 suum
3476 4265 3833 4334 Germanum,

2243 4346 2299 4394 et
2328 4338 2481 4406 quasi
2535 4339 2768 4392 leVItatis
2811 4338 3092 4404 cujusdam
3137 4348 3230 4390 aut
3279 4338 3652 4394 instatiiiitatis
3683 4356 3835 4396 coar-

2244 4409 2381 4479 guit,
2409 4411 2550 4478 quod
2583 4411 2668 4462 vix
2705 4409 2976 4462 biennium
3007 4411 3058 4462 in
3089 4409 3179 4463 illo
3221 4411 3472 4464 omnohio
3513 4413 3834 4466 Bethleemi-

2245 4481 2351 4534 tico
2377 4481 2793 4545 permanserint,
2821 4490 3002 4534 etnon
3028 4489 3159 4534 satis
3184 4481 3235 4532 in
3261 4481 3547 4548 disriplina
3575 4483 3834 4537 monasti-

2243 4566 2305 4606 ca
2338 4552 2542 4615 probati
2574 4564 2624 4605 et
2652 4552 2848 4606 eruditi
2893 4551 2958 4604 ad
2993 4552 3267 4620 peregrina
3291 4553 3404 4605 loca
3433 4552 3726 4621 evolarim,
3751 4551 3832 4606 ubi

2244 4621 2452 4748 giajore
2486 4623 2734 4678 libertate
2763 4628 3088 4688 fruerentur,
3119 4633 3174 4678 et
3203 4629 3312 4676 lere
3337 4637 3435 4676 suo
3467 4623 3723 4680 viverent
3752 4641 3830 4678 ar-

2283 4704 2428 4748 ttrto.

2283 4704 2428 4748 lll‘lO.

2168 4804 2219 4864 Β
2321 4773 2343 4802 ο
2373 4764 2543 4832 Hujus
2569 4763 2792 4820 Joannis
2835 4765 3085 4834 exemplo
3129 4774 3182 4819 et
3221 4771 3546 4834 argumento
3583 4765 3745 4821 docet
3772 4767 3826 4820 D.

2243 4833 2482 4890 Thomas
2505 4833 2651 4890 (2-2.
2681 4853 2734 4890 α.
2762 4834 2881 4890 1δ9.
2905 4845 3005 4890 art.
3034 4835 3068 4890 8
3093 4837 3109 4890 l
3141 4835 3303 4890 licere
3332 4835 3604 4890 interdum
3639 4841 3708 4890 de
3750 4853 3826 4890 ar-

2295 4834 2482 4889 homas
2505 4833 2652 4908 (2-2,
2681 4853 2734 4907 q.
2762 4834 2881 4908 189,
2905 4833 3007 4908 art.
3034 4835 3109 4907 8)
3141 4835 3303 4908 licere
3332 4835 3604 4908 interdum
3639 4841 3708 4892 de
3750 4853 3828 4891 ar-

2244 4909 2398 4961 ctiori
2426 4906 2782 4968 religioiie’ad
2818 4906 3333 4961 laxiotem'transire
3364 4925 3377 4958 :
3407 4906 3606 4974 Potest,
3643 4910 3824 4975 inquit,

2243 4978 2434 5049 aliquis
2466 4977 2796 5031 laudabiliter
2817 4978 2878 5031 de
2906 4994 3007 5031 una
3036 4979 3286 5049 religione
3307 4978 3529 5030 transire
3551 4981 3620 5030 ad
3653 4982 3822 5032 aliam.

2246 5048 2426 5102 Primo
2477 5050 2684 5117 quidem
2727 5053 2835 5104 zelo
2881 5048 3201 5120 perfectioris
3252 5049 3537 5120 religionis.
3592 5050 3826 5103 Secundo

2243 5130 2450 5192 praptcr
2477 5119 3156 5192 declinationemreligionis
3197 5138 3229 5174 a
3277 5119 3445 5173 debita
3495 5122 3819 5192 perfectione,

2241 5191 2366 5262 puta
2397 5192 2443 5244 si
2471 5191 2521 5243 in
2569 5191 2742 5260 aliqua
2772 5191 3021 5262 religione
3070 5191 3280 5244 arctiori
3322 5191 3574 5257 incipiant
3605 5191 3826 5261 religiosi

2240 5261 2502 5316 remissius
2524 5264 2711 5325 vivere;
2737 5261 3070 5316 laudabiliter
3107 5265 3288 5315 transit
3312 5263 3505 5332 aliquis
3527 5262 3599 5314 ad
3629 5262 3815 5332 religio.

2241 5349 2357 5387 nrm
2379 5337 2531 5387 etiam
2550 5335 2818 5400 ntinorem,
2846 5334 2889 5385 si
2912 5333 3091 5386 melius
3119 5333 3427 5386 observetur.
3459 5330 3610 5388 Unde
3647 5333 3699 5385 in
3724 5330 3824 5384 col-

2245 5403 2521 5459 lationibus
2550 5403 2769 5458 Patrum
2799 5402 2956 5457 abbas
2981 5404 3213 5457 Joannes
3234 5405 3296 5457 de
3314 5409 3485 5468 seipso
3515 5405 3663 5466 dicit,
3689 5401 3824 5474 quod

2244 5492 2277 5529 α
2325 5479 2427 5529 vita
2474 5478 2732 5543 solitaria,
2765 5476 2818 5529 in
2858 5491 2957 5544 quo
2996 5475 3256 5547 professus
3287 5471 3720 5547 fuerat,rtransiit
3755 5471 3822 5525 ad

2246 5551 2516 5610 minorem,
2549 5548 2741 5600 scilicet
2784 5563 2960 5601 eorum
2986 5549 3070 5614 qui
3096 5546 3266 5598 visunt
3307 5546 3360 5598 in
3404 5546 3668 5608 societate,
3705 5560 3820 5616 pro-

2247 5630 2417 5688 pterea
2458 5619 2594 5685 quod
2640 5619 2741 5672 vita
2792 5620 3048 5672 eremitica
3089 5627 3304 5684 coeperat
3353 5616 3613 5669 declinare
3659 5627 3703 5668 et
3747 5617 3822 5668 la-

2243 5687 2361 5744 xius
2391 5688 2669 5744 observari.
2703 5689 2873 5745 Tertio
2911 5699 3118 5760 propter
3152 5687 3506 5757 inﬁrmitatem
3547 5688 3624 5742 vel
3648 5687 3823 5744 debili~

2241 5769 2417 5830 tatem,
2439 5770 2548 5830 etc.
