4072 6324
243 335 382 397 “29

945 333 1288 394 COLLATIO
1325 331 1469 393 XIX.
1503 361 1574 379 —-
1599 333 1690 394 DE
1729 333 1829 394 Fili

1933 332 2326 394 ΕίΕΝΟΒΙΤιΕ
2366 332 2455 390 ΕΤ
2495 329 2846 389 ΕΒΕΜΙΤᾹΞ.

3414 327 3554 390 1150

242 456 427 528 plinre.
459 464 518 514 et
560 455 898 514 sublimitate
924 464 1091 513 tantae
1120 456 1473 527 perfectionis
1517 458 1796 530 indignum
1823 497 1838 522 ,
1868 453 1921 516 Α
1945 454 2330 528 depromptum
2371 455 2554 512 studio
2602 451 2898 520 censeatis,
2929 450 3053 520 quia
3081 449 3236 506 vobis
3278 457 3386 505 tam
3433 462 3552 508 stu-

241 551 306 608 ad
333 552 616 622 juniorum
645 551 868 610 scholas
893 554 1190 609 revertisse
1214 552 1450 624 dicebat,
1473 554 1516 608 si
1549 563 1727 608 tamen
1754 552 1841 607 vel

240 645 483 718 ipsorum
529 647 775 703 instituta
829 647 1122 704 secundum
1183 649 1537 719 professionis
1587 650 1838 704 meritum

240 749 428 811 posset
469 741 719 810 implere.
771 740 939 809 Cujus
984 742 1360 812 responsionis
1389 740 1555 815 [Lips.
1585 743 1638 796 in
1668 758 1838 814 marg.

240 833 620 908 professionis]
647 837 1007 894 humilitatem
1035 853 1159 893 cum
1190 837 1479 908 refragatio
1513 847 1714 893 nostra:
1746 835 1840 892 de-

194 932 198 942 '
239 930 574 1002 precationis
625 931 988 1003 excluderet,
1031 931 1101 987 ad
1146 926 1453 988 extremum
1496 931 1572 986 ita
1612 944 1838 987 exorsus

237 1034 340 1081 est.

865 1117 1093 1175 CAPUT
1118 1117 1207 1174 Ill.

308 1208 604 1281 Responsio
625 1209 823 1265 abbatis
849 1208 1072 1265 Joannis
1094 1227 1188 1265 cur
1203 1227 1430 1266 eremum
1455 1209 1762 1281 reliquisset.

305 1305 764 1360 Anachoreticam
795 1304 1168 1374 disciplinam,
1220 1320 1380 1376 quam
1413 1321 1499 1361 me
1529 1305 1839 1362 deseruisse

236 1397 538 1464 miramini,
566 1414 673 1454 non
706 1399 881 1454 solum
912 1412 1017 1453 nou
1045 1412 1243 1468 respuo
1266 1412 1365 1454 nec
1387 1398 1583 1468 refuto,
1601 1397 1697 1455 sed
1727 1404 1836 1453 tota

236 1492 420 1562 potius
442 1490 794 1548 veneratione
821 1493 1155 1562 complector
1170 1501 1332 1562 atque
1358 1491 1620 1562 suscipio.
1645 1490 1701 1545 ln
1730 1505 1836 1562 qua

234 1592 360 1654 post
395 1583 613 1655 triginta
663 1601 859 1652 annos,
888 1600 1028 1657 quos
1070 1584 1122 1640 in
1152 1585 1385 1642 coenobii
1417 1585 1836 1656 congregatione

232 1687 604 1751 transegeram
652 1678 830 1752 [Lips.
879 1681 932 1734 in
964 1697 1128 1752 marg.
1161 1682 1481 1736 transieram
1506 1677 1526 1752 ]
1551 1721 1565 1745 ,
1601 1681 1670 1735 ita
1698 1681 1835 1736 alios

231 1771 414 1843 viginti
439 1773 690 1840 explesse
718 1789 804 1828 me
822 1773 1055 1842 gaudeo,
1085 1782 1144 1828 ut
1171 1774 1311 1829 inter
1337 1773 1464 1829 illos
1485 1774 1574 1844 qui
1601 1788 1724 1829 eam
1747 1773 1832 1829 vel

1945 549 2102 606 diose
2127 551 2499 622 quaerentibus
2533 549 2664 604 nihil
2691 549 2759 602 de
2789 547 3017 602 veritate
3043 545 3296 600 existimo
3327 545 3546 602 subtra-

1946 641 2206 698 hendum.
2266 643 2518 699 Arbitror
2543 641 2686 697 enim
2723 639 3095 696 instructionis
3142 638 3300 693 vobis
3343 636 3548 708 aliquid

1945 753 2104 810 posse
2141 738 2413 806 conferri,
2455 739 2526 808 si,
2581 736 2856 809 paulisper
2908 735 3214 790 humilitate
3265 733 3543 804 seposita,

1941 831 2260 902 simpliciter
2292 848 2510 888 omnem
2550 832 2812 903 pr0positi
2856 830 2959 885 mei
3003 828 3312 900 patelecero
3344 828 3544 884 verita-

1943 933 2078 981 tem.
2125 923 2357 979 Conﬁdo
2386 925 2529 980 enim
2574 927 2698 995 quia
2729 938 2832 979 nec
2878 921 3020 994 apud
3067 937 3161 976 vos
3193 922 3262 978 de
3291 921 3544 979 libertate

1942 1017 2210 1073 dictorum
2252 1016 2569 1073 cenodoxiai
2618 1026 2832 1082 notam,
2882 1031 3059 1086 neque
3086 1015 3227 1085 apud
3258 1015 3543 1072 conscien-

1944 1109 2072 1166 tiam
2105 1125 2277 1166 meam
2311 1109 2380 1166 de
2408 1109 2794 1181 suppressione
2821 1109 3066 1167 veritatis
3093 1109 3366 1180 quoddam
3396 1124 3540 1165 men-

1943 1202 2082 1258 dacii
2109 1203 2316 1258 crimen
2342 1201 2638 1258 incurram.

2572 1293 2801 1352 CAPUT
2841 1295 2928 1352 ιν.

1939 1386 2018 1444 De
2045 1389 2230 1443 virtute
2258 1387 2496 1460 pradicti
2540 1388 2698 1452 senis,
2735 1404 2888 1457 quam
2916 1389 2970 1441 in
2993 1387 3358 1444 anachoretica
3385 1404 3536 1445 exero

2516 1461 2618 1513 cuit
2645 1460 2946 1529 disciplina.

2010 1575 2066 1631 Si
2090 1576 2212 1647 quis
2241 1575 2404 1646 igitur
2426 1573 2655 1630 secretis
2698 1589 2866 1630 eremi
2900 1574 3201 1633 deleCIatus
3226 1616 3242 1642 ,
3273 1576 3535 1631 oblivioni

1942 1671 2163 1726 tradere
2204 1669 2380 1739 potuit
2419 1668 2650 1723 humana
2679 1669 2982 1736 consortia,
3025 1685 3089 1724 ac
3124 1668 3418 1724 secundum
3445 1668 3535 1726 Je.

1940 1768 2163 1823 remiam
2194 1766 2380 1822 dicere
2414 1784 2426 1819 :
2484 1763 2513 1804 ι)
2545 1764 2614 1819 Et
2650 1765 2787 1820 diem
2810 1763 3032 1820 hominis
3082 1783 3182 1820 non
3225 1766 3531 1832 desideravi,

229 1867 585 1922 mediocriter
631 1870 960 1939 appetebant
1000 1884 1109 1922 non
1164 1884 1554 1940 usquequaque
1600 1869 1828 1947 segnitie
1859 1861 1908 1922 B
1935 1872 1989 1918 tu
2011 1863 2110 1917 scis
2140 1862 2158 1935 (
2183 1862 2381 1917 lerem.
2407 1877 2515 1917 xvn
2538 1861 2598 1933 );
2631 1877 2734 1933 ego
2758 1877 2982 1933 quoque
3031 1863 3081 1918 id
3105 1905 3119 1929 ,
3157 1863 3392 1920 Domino
3431 1879 3532 1921 sua

222 1956 542 2016 denotarer.
583 1960 690 2017 Sed
723 1962 845 2032 quia
882 1963 1163 2031 degustata
1193 1961 1310 2032 ejus
1334 1962 1538 2032 puritas
1566 1961 1829 2016 sollicitu-

220 2049 356 2110 dine
405 2053 674 2108 interdum
713 2056 1015 2110 carnalium
1061 2070 1240 2110 rerum
1273 2055 1593 2124 interpolata
1639 2054 1829 2110 sorde-

222 2139 340 2213 bat,
373 2161 660 2203 recurrere
689 2147 755 2202 ad
784 2147 1091 2204 caanobium
1119 2148 1460 2205 commodius
1499 2148 1675 2203 visum
1720 2157 1824 2216 est,

225 2247 285 2293 ut
313 2246 370 2295 et
401 2242 702 2310 promptior
735 2240 938 2312 arrepti
967 2241 1228 2311 planioris
1282 2241 1544 2313 propositi
1574 2256 1826 2296 consum-

225 2332 394 2387 matio
442 2341 803 2403 sequeretur,
858 2342 914 2388 et
954 2335 1139 2389 minus
1186 2342 1336 2389 esset
1377 2333 1445 2388 de
1477 2343 1825 2404 praesumpta;

227 2423 562 2479 sublintioris
591 2425 948 2496 professionis
975 2425 1295 2481 difficultate
1325 2426 1646 2496 periculum.
1679 2427 1831 2483 aMe-

229 2517 334 2574 lius
385 2520 532 2574 enim
581 2527 666 2575 est
695 2520 949 2576 devotum
983 2520 1034 2575 in
1064 2520 1385 2583 minoribus.
1412 2535 1574 2590 quam
1605 2520 1829 2575 indevo-

227 2620 339 2666 tum
368 2611 422 2666 in
454 2611 750 2682 majoribus
783 2613 1216 2683 professionibus
1239 2614 1492 2671 inveniri.
1532 2613 1600 2670 Et
1627 2613 1828 2670 idcirco

225 2702 268 2757 si
298 2703 428 2774 quid
455 2705 670 2769 elatius,
698 2705 808 2760 imo
834 2705 1079 2774 liberius,
1100 2706 1332 2762 fortasse
1357 2706 1656 2777 protulero,
1679 2723 1826 2777 quaa-

229 2809 290 2850 so
316 2803 376 2851 ut
414 2811 521 2852 non
546 2796 822 2866 jactantize
851 2799 1012 2867 vitio,
1061 2798 1159 2856 sed
1204 2798 1580 2856 aediﬁcationis
1625 2808 1823 2855 vestra:

1934 1965 2102 2029 gratia
2135 1957 2419 2027 largiente,
2450 1957 2533 2012 vel
2565 1966 2876 2012 assecutum
2906 1958 2986 2013 vel
3015 1970 3164 2014 certe
3193 1959 3407 2029 assequi
3431 1973 3530 2013 an~

1934 2051 2111 2105 nisum
2145 2049 2314 2105 fuisse
2345 2065 2432 2106 me
2481 2049 2682 2106 fateor.
2719 2051 2908 2120 itaque
2955 2051 3044 2120 pio
3091 2050 3308 2106 Domini
3360 2053 3529 2108 nostri

1934 2157 2155 2198 munere
2182 2141 2402 2198 memini
2436 2157 2524 2197 me
2557 2153 2577 2181 ε
2612 2141 2664 2196 in
2690 2141 2997 2212 hnjusmodi
3027 2154 3238 2212 raptum
3280 2142 3533 2214 frequen-

1933 2244 2014 2290 ter
2038 2249 2343 2297 excessum,
2376 2243 2434 2289 ut
2477 2233 2832 2290 obliviscerer
2876 2249 2964 2290 me
2995 2238 3209 2290 sarcina
3249 2250 3532 2304 corporeae

1934 2326 2243 2398 fragilitatis
2270 2326 2538 2393 indutum,
2586 2336 2937 2395 mentemque
2987 2342 3161 2381 meam
3214 2328 3286 2382 ita
3337 2342 3530 2382 omnes

1935 2421 2242 2478 exteriores
2262 2434 2453 2475 sensus
2470 2418 2649 2474 subito
2674 2417 2972 2490 respuisse,
2989 2427 3043 2474 et
3068 2434 3098 2473 a
3122 2418 3330 2474 cunctis
3360 2429 3530 2475 mate-

1933 2513 2161 2569 rialihus
2188 2513 2352 2570 rebus
2381 2511 2708 2567 omnimodis
2749 2511 3050 2582 exsulasse,
3098 2519 3157 2566 ut
3183 2527 3356 2583 neque
3383 2511 3530 2568 oculi

1933 2621 2110 2675 neque
2139 2620 2299 2661 aures
2326 2620 2461 2661 mea:
2487 2604 2711 2676 proprio
2741 2605 3093 2674 fungerentur
3123 2604 3338 2670 ofﬁcio;
3373 2615 3428 2660 et
3455 2606 3528 2660 ita

1930 2702 2128 2758 divinis
2147 2699 2590 2758 meditationibus
2613 2715 2679 2755 ac
2705 2698 3042 2770 spiritalibus
3068 2698 3294 2754 theoriis
3317 2699 3530 2754 animus

1927 2796 2262 2868 replebatur,
2288 2791 2316 2832 ἀ
2349 2803 2407 2850 ut
2425 2809 2570 2866 saepe
2595 2792 2664 2847 ad
2698 2806 2977 2863 vesperam
3005 2791 3188 2848 cibum
3218 2807 3304 2850 me
3337 2806 3529 2863 perce-

1305 2979 1567 3036 ALARDI
1603 2979 1837 3037 GAZEI
1875 2977 2446 3036 COMMENTARIUS.

300 3129 326 3158 ι
356 3119 472 3175 lloc
498 3128 603 3183 est,
634 3119 826 3175 melius
847 3128 928 3175 est
962 3120 1163 3176 bonum
1188 3127 1244 3175 et
1271 3119 1522 3175 devotum
1555 3135 1678 3176 esse
1705 3135 1818 3176 cai-

1925 3121 2451 3177 commendationem
2481 3161 2495 3183 ,
2536 3127 2634 3175 aut
2672 3119 2837 3175 etiam
2880 3121 3216 3178 consortium
3263 3137 3327 3180 ac
3376 3123 3532 3182 fami-

230 3192 497 3258 nobitam,
522 3206 680 3259 quam
707 3192 908 3247 malum
939 3200 1032 3246 ant
1063 3191 1375 3248 indevomm
1415 3191 1822 3248 anachoretam.
1854 3192 1901 3255 C
1933 3193 2221 3248 liaritatem
2251 3209 2356 3247 non
2381 3191 2628 3257 quaesivi.

229 3263 305 3318 De
333 3263 436 3318 bac
463 3262 605 3317 enim
619 3265 1022 3329 comparatione
1044 3263 1131 3318 hic
1158 3265 1355 3332 agitur.
1388 3264 1482 3318 Est
1512 3279 1674 3332 porro
1697 3280 1816 3318 sen-

230 3336 397 3406 tentia
422 3344 606 3388 notatu
634 3335 823 3406 digna,
846 3335 1111 3390 rationem
1142 3337 1429 3390 continens
1456 3350 1554 3390 cur
1583 3335 1820 3404 aliquan-

228 3405 298 3458 do
328 3407 491 3461 liceat
519 3406 587 3462 de
613 3405 831 3461 arctiori
859 3407 1140 3471 religione,
1172 3415 1232 3462 nt
1255 3417 1338 3461 est
1368 3407 1667 3471 eremitica,
1722 3421 1818 3460 seu

229 3479 628 3540 anachoretica,
655 3478 886 3532 transire
913 3477 978 3533 ad
1015 3478 1295 3539 laxiorem,
1326 3477 1534 3532 scilicet
1575 3477 1820 3532 coenobi-

230 3545 416 3610 ticam,
455 3553 510 3598 ut
535 3551 782 3614 superius
800 3549 1003 3605 dictum
1025 3559 1105 3604 est
1138 3565 1153 3604 :
1184 3549 1436 3604 nimirum
1466 3550 1534 3604 ob
1561 3547 1822 3603 defectio-

230 3633 355 3690 nem
411 3625 467 3690 et
511 3615 923 3690 declinationem
973 3621 1220 3675 arctioris
1248 3620 1527 3690 religionis
1576 3635 1605 3673 a
1638 3620 1819 3674 debita

263 3688 563 3744 erfectione
592 3698 646 3740 et
667 3686 1034 3742 observantia.
1061 3691 1316 3760 thnam
1338 3686 1554 3746 causam
1583 3690 1822 3745 Joannes

228 3705 318 3816 Εἰς
350 3760 525 3814 abbas
547 3759 677 3814 dicit
707 3774 766 3814 se
791 3762 1057 3814 transisse
1083 3760 1149 3812 ab
1169 3775 1358 3815 eremo
1398 3764 1463 3814 ad
1486 3763 1818 3816 cmnobium.

269 3761 318 3815 ic
350 3760 525 3814 abbas
547 3759 677 3814 dicit
707 3774 766 3814 se
791 3762 1057 3814 transisse
1083 3760 1149 3812 ab
1169 3759 1358 3815 eremo
1398 3764 1463 3814 ad
1486 3763 1818 3828 cmnobium,

229 3831 376 3902 quod
409 3831 560 3885 multi
586 3831 847 3896 eremitae,
868 3831 1190 3900 quibuscum
1223 3832 1565 3898 versabatur,
1591 3848 1656 3887 eo
1689 3843 1824 3888 tem-

229 3919 369 3974 pore
402 3903 718 3974 inciperent
745 3918 786 3974 ai
805 3903 1032 3970 pristino
1083 3902 1294 3958 fervore
1323 3912 1377 3957 et
1405 3904 1823 3972 contemplatio-

230 3973 315 4030 nis
337 3973 661 4047 assiduitate
691 3973 922 4047 deficere
952 3984 1007 4030 et
1035 3974 1262 4029 solutius
1288 3977 1506 4042 vivere;
1541 3976 1683 4047 quod
1713 3978 1824 4031 cla-

229 4047 345 4102 rius
369 4043 607 4114 explicat
629 4061 749 4110 cap.
774 4046 826 4100 6.

297 4117 329 4157 ι’
362 4118 425 4171 D.
457 4116 819 4185 Hieronymus
849 4115 992 4171 diem
1024 4116 1260 4172 hominis
1301 4118 1686 4186 interpretatur
1737 4119 1824 4174 vel

229 4189 403 4260 vitam
429 4187 749 4260 longiorem,
775 4188 857 4242 vel
891 4203 1144 4256 prospera
1170 4205 1394 4260 quaeque
1425 4191 1585 4258 hujus
1613 4191 1819 4245 saeculi.

231 4255 339 4340 Alii
356 4275 458 4340 per
478 4255 620 4313 diem
646 4259 876 4340 hominis
896 4255 1200 4340 intelligunt
1222 4255 1819 4340 judicium—humanum,

235 4337 293 4382 ut
322 4330 393 4383 sit
423 4343 618 4383 sensus
646 4348 661 4383 ε
691 4330 897 4385 Jndicia
932 4331 1206 4386 hominum
1251 4333 1318 4386 ile
1347 4348 1432 4388 me
1465 4348 1570 4387 non
1599 4333 1780 4386 curavi
1809 4350 1822 4385 :

233 4398 691 4468 quemadmodum
718 4402 792 4454 ait
816 4401 1112 4467 Apostolus
1146 4419 1160 4455 :
1194 4400 1328 4456 Mihi
1347 4413 1520 4458 autem
1542 4421 1635 4469 pro
1665 4404 1825 4456 mini-

233 4486 316 4547 mo
347 4479 422 4547 est
445 4480 552 4524 uta
581 4470 718 4547 vobis
732 4473 944 4547 judicer
966 4515 980 4540 ,
1021 4482 1112 4547 aut
1141 4473 1203 4527 ab
1230 4475 1460 4547 humano
1488 4477 1583 4547 die
1608 4473 1822 4547 (liCorr.

233 4493 316 4525 mo
347 4493 421 4524 ευ
445 4493 499 4524 ιιι
521 4493 552 4524 a
581 4493 718 4525 υσυῑδ
770 4493 944 4525 uatcer
966 4515 980 4540 ,
1021 4493 1112 4525 aut
1141 4493 1203 4527 au
1232 4493 1460 4528 uttmano
1500 4493 1583 4528 ate
1608 4493 1626 4547 ς
1647 4493 1663 4526 I
1703 4493 1822 4529 (ιον.

231 4543 335 4614 ty),
373 4541 424 4597 id
465 4553 569 4614 est_,
615 4493 914 4609 intel’lectn,
961 4546 1050 4612 qui
1097 4554 1182 4598 est
1207 4546 1324 4600 dies
1355 4545 1612 4606 hominis,
1641 4546 1716 4598 ait
1764 4546 1822 4600 S.

231 4591 476 4668 Thbmas
504 4591 597 4684 (in
623 4591 922 4685 commentf)
941 4631 956 4680 ;
977 4591 1110 4671 Isive
1137 4631 1166 4670 a
1207 4616 1412 4684 judicio
1450 4591 1707 4670 humano.
1766 4617 1826 4671 Si
1854 4591 1904 4650 D

231 4685 392 4748 enim,
423 4685 597 4754 inquit
630 4685 690 4740 Β.
723 4686 1014 4753 Gregorius
1042 4687 1190 4757 (Lib.
1238 4705 1250 4741 ι
1300 4687 1492 4742 Moral.
1525 4704 1642 4756 cap.
1674 4686 1780 4755 20)
1808 4729 1824 4753 ,

229 4757 542 4826 ignorantia:
593 4756 875 4810 obscuritas
903 4759 1010 4811 sine
1054 4759 1373 4814 dubitatione
1403 4775 1506 4814 nos:
1531 4759 1701 4813 cordis
1731 4767 1825 4823 est,

229 4827 523 4901 intellectus
544 4845 644 4882 non
660 4828 921 4901 immerito
938 4829 1046 4884 dies
1068 4842 1299 4885 vocatur.
1332 4830 1481 4886 Unde
1500 4842 1546 4884 et
1568 4847 1656 4901 per
1684 4829 1826 4883 Pauo

233 4896 343 4946 lum
370 4899 561 4951 dicitur
592 4915 609 4951 :
635 4899 780 4971 Alius
803 4901 1000 4966 indicat
1026 4902 1161 4954 diem
1190 4903 1322 4956 inter
1344 4903 1500 4966 diem,
1528 4896 1664 4956 alius
1677 4902 1828 4971 judi-

230 4973 314 5018 σαι
341 4980 544 5042 onmem
575 4971 705 5042 diem
733 4970 909 5041 (Rom.
939 4973 1072 5042 xiv).
1107 4975 1179 5026 Ac
1205 4975 1248 5026 si
1277 4986 1452 5038 aperte
1481 4975 1616 5026 dicat
1641 4989 1659 5026 :
1683 4975 1828 5026 Alius

229 5037 1091 5116 «turdum.lnonnuuhtherntissis
1119 5037 1382 5116 intelligit,
1414 5045 1546 5097 alius
1569 5061 1686 5098 vero
1720 5061 1830 5097 ont-

230 5109 322 5186 nia
349 5105 614 5186 intellectu
948 5115 1018 5156 tta
1045 5126 1097 5157 us
1131 5126 1244 5186 erg)"
1543 5118 1825 5186 (agnoscit

229 5178 308 5232 lta
352 5177 674 5236 Gregorius.
732 5177 845 5230 Huc
874 5186 1081 5243 spectat
1137 5175 1218 5228 illa
1265 5175 1325 5229 D.
1361 5175 1675 5244 ιιιωοιιετῆή
1704 5201 1830 5240 se"-

230 5246 402 5304 tetttia
435 5247 631 5317 (Epist.
656 5247 751 5315 26)
783 5266 796 5301 :
850 5245 1028 5299 Prima
1067 5249 1226 5301 virtus
1277 5256 1349 5300 est
1394 5245 1628 5299 monachi
1657 5259 1832 5300 conte-

227 5337 412 5373 mnere
450 5319 723 5392 hominum,
741 5319 1063 5392 judicia,_etr
1086 5334 1284 5389 semper
1308 5317 1539 5392 Apostoli
1568 5318 1830 5392 rectirdari

227 5392 455 5445 dicentis
488 5409 506 5446 :
546 5391 606 5445 Si
635 5388 804 5444 adhuc
847 5390 1140 5444 hominibus
1177 5388 1377 5456 placere
1409 5390 1610 5455 vellem,
1638 5388 1832 5444 Christi

227 5479 414 5518 servus
445 5478 550 5516 non
570 5479 728 5533 essent
767 5459 911 5533 (Gal.
940 5460 1003 5530 ι).
1035 5462 1138 5516 Alii
1171 5463 1458 5515 humanum
1490 5461 1634 5515 diem
1665 5477 1833 5529 expo-

227 5545 372 5588 nunt
397 5535 677 5587 hominum
703 5532 960 5595 favorem,
990 5533 1135 5599 quod
1183 5534 1373 5586 eodem
1424 5533 1636 5588 recidit.
1694 5533 1829 5588 Cum

226 5605 384 5661 enim
411 5605 530 5661 dies
560 5620 654 5673 pro
679 5603 1037 5674 prosperitate
1058 5645 1073 5663 .
1101 5614 1247 5657 sicut
1291 5620 1394 5658 nox
1443 5619 1538 5674 pro
1585 5604 1830 5658 adversi-

225 5685 347 5732 late
378 5692 646 5739 sumatur,
679 5680 796 5730 dies
819 5679 1085 5729 humanus
1110 5676 1308 5728 dicitur
1331 5675 1665 5743 approbatio,
1683 5680 1832 5730 lavor

225 5754 291 5802 et
317 5747 720 5802 Commendatio
753 5748 1051 5801 hominum.
1090 5746 1161 5800 Ita
1191 5747 1264 5800 illi
1288 5749 1631 5801 anachoreta:
1659 5760 1712 5802 et
1743 5764 1832 5801 so-

227 5819 406 5874 litarii
435 5819 684 5874 monachi
715 5834 834 5873 cum
863 5818 1094 5873 Jerrmia
1118 5819 1300 5874 dicere
1345 5828 1591 5889 poterant
1635 5837 1646 5872 :
1679 5819 1830 5876 Diem

225 5889 466 5946 hominis
503 5907 607 5944 non
628 5890 931 5954 desideraui,
982 5889 1036 5945 id
1085 5901 1167 5946 est
1195 5891 1472 5949 hominum
1511 5892 1748 5949 favorem
1775 5904 1832 5948 et

528 5984 816 6048 PATIOLJ
851 5983 1081 6051 XLIX.

2005 3275 2026 3302 ε
2063 3265 2349 3338 Dionysius
2377 3265 2611 3319 clariore
2637 3262 2852 3338 sy_ntaxi
2877 3281 2890 3317 :
2917 3263 3108 3319 Recolo
3133 3282 3213 3320 me
3237 3268 3531 3338 frequenter

1928 3345 2134 3409 raptum
2162 3335 2375 3409 inutales
2397 3351 2658 3409 excessus.
2688 3335 2961 3409 Excessus
2981 3338 3201 3405 mentis,
3225 3335 3528 3409 qtii'erce

1927 3408 2162 3462 exstasis
2188 3406 2404 3460 dicitur.
2445 3405 2598 3476 Unde
2626 3405 2689 3458 υ.
2722 3406 3052 3475 AugnSIinus
3077 3405 3277 3476 passim
3312 3411 3361 3463 in
3384 3413 3530 3468 Psal-

1931 3479 2052 3539 mis,
2099 3477 2185 3530 tibi
2231 3479 2446 3546 legitur,
2473 3474 2538 3528 In
2579 3474 2828 3539 excessu,
2854 3476 3001 3546 legit,
3033 3474 3324 3533 iri—exstasi.
3370 3482 3434 3535 Et
3471 3485 3526 3537 in

1929 3546 2207 3602 Psalmnm
2238 3563 2382 3602 vatt
2427 3548 2668 3600 scribens
2697 3564 2710 3599 :
2747 3547 3004 3610 Exstasis,
3037 3549 3227 3618 inquit,
3279 3562 3354 3605 est
3381 3570 3527 3608 men-

1930 3621 1994 3673 tis
2021 3635 2256 3674 excessus
2288 3635 2306 3672 :
2354 3619 2492 3689 quod
2523 3618 2802 3690 aliquando
2830 3634 3019 3689 pavore
3059 3623 3338 3690 contingit,
3391 3641 3527 3678 non-

1930 3707 2206 3760 numquam
2237 3707 2353 3744 vero
2381 3707 2470 3760 per
2499 3689 2726 3758 aliquam
2772 3690 3134 3744 reuelationem
3163 3701 3209 3746 et
3238 3689 3526 3749 alienatio-

1930 3779 2045 3816 nem
2092 3764 2328 3816 mentisa
2353 3761 2587 3816 sensibus
2616 3763 2869 3824 corporis,
2913 3771 2968 3815 ut
3009 3763 3222 3828 spiritui
3247 3765 3388 3832 quod
3433 3767 3528 3819 de-

1930 3835 2327 3888 monstrandum
2371 3843 2445 3888 est
2483 3833 2885 3888 demonstretur.
2932 3834 2988 3888 S.
3025 3833 3332 3887 Bernardus
3362 3849 3526 3901 super

1929 3904 2146 3960 Cantica
2181 3905 2376 3975 (Serm.
2408 3906 2569 3971 tux)
2601 3922 2614 3956 :
2645 3902 2776 3960 Cum
2805 3906 2909 3958 duo
2931 3912 3072 3971 sunt,
3117 3905 3316 3974 inquit,
3369 3906 3526 3962 beata:

1929 3978 2381 4046 contemplationis
2411 3992 2668 4040 excessus,
2699 3978 2750 4030 in
2781 3976 3043 4031 intellectu
3076 3992 3209 4029 unus
3231 3991 3278 4034 et
3307 3976 3440 4031 alter
3469 3981 3525 4033 in

1929 4048 2142 4116 affectu,
2172 4066 2306 4103 unus
2331 4051 2387 4103 in
2429 4047 2625 4102 lumine
2665 4057 2716 4101 et
2751 4047 2885 4102 alter
2934 4049 2989 4102 in
3032 4046 3262 4116 fervore,
3307 4065 3440 4102 unus
3469 4051 3526 4105 in

1929 4121 2220 4190 cognitione
2247 4131 2293 4176 et
2321 4122 2451 4174 alter
2477 4121 2529 4173 in
2554 4120 2846 4181 devotione.
2886 4121 3002 4184 pius
3050 4135 3173 4172 sane
3217 4119 3433 4187 aﬂ'ectus
3477 4133 3527 4176 et

1930 4203 2106 4262 pectus
2131 4208 2307 4246 amore
2329 4195 2528 4253 calens,
2552 4201 2598 4245 et
2621 4201 2812 4245 sanctis
2833 4190 3348 4259 devotionisiniusio,
3372 4195 3525 4246 etiam

1931 4261 1979 4316 et
2005 4263 2315 4318 vehementis
2342 4265 2554 4334 spiritus
2585 4263 2806 4334 repletus
2833 4263 2960 4324 zelo.
2992 4279 3092 4316 non
3124 4261 3277 4329 plane
3313 4265 3526 4318 aliunde

1931 4350 2087 4404 quam
2135 4352 2163 4389 e
2189 4334 2320 4389 cella
2367 4336 2567 4388 vinaria
2592 4343 2960 4402 reportantur;
3001 4344 3049 4388 et
3079 4334 3382 4404 cuicumque
3406 4351 3522 4388 cum

1933 4408 2116 4458 horum
2146 4407 2298 4472 copia
2326 4422 2533 4476 surgere
2560 4404 2623 4457 ab
2649 4409 2878 4476 oratione
2907 4406 3156 4476 donatur,
3179 4415 3341 4476 potest
3366 4407 3419 4457 in
3441 4422 3525 4458 ve-

1933 4477 2084 4530 ritate
2104 4479 2264 4546 loqui,
2287 4474 2719 4546 qnia'introdux‘it
2739 4491 2818 4529 me
2840 4474 2954 4529 Rea:
2983 4477 3032 4528 in
3058 4474 3240 4528 cellam
3269 4476 3523 4529 vinariam

1934 4545 2264 4618 (Cantic.tt).
2283 4545 2348 4601 Et
2369 4547 2494 4602 alibi
2514 4564 2525 4598 :
2547 4545 2858 4610 Excedente,
2883 4547 3071 4612 inquit,
3095 4546 3291 4610 animo,
3309 4547 3402 4599 etsi
3419 4563 3524 4602 non

1932 4619 2064 4679 vita,
2079 4627 2213 4671 certe
2232 4619 2349 4672 vita?
2359 4634 2533 4680 sensu,
2554 4632 2758 4670 necesse
2779 4626 2852 4670 est
2865 4618 3018 4670 etiam
3040 4623 3096 4669 ut
3117 4632 3206 4669 nec
3223 4622 3338 4670 vitm
3355 4627 3522 4672 tenta-

1934 4689 2004 4742 tio
2033 4690 2306 4742 sentiatur.
2361 4688 2488 4754 Quis
2516 4687 2658 4740 dabit
2688 4688 2813 4739 milii
2860 4704 3052 4756 pennas
3079 4688 3230 4754 quasi
3255 4688 3520 4756 columbas,

1931 4768 1979 4812 et
2007 4761 2207 4822 volabo,
2227 4772 2274 4813 et
2299 4759 2608 4826 requiescam
2630 4756 2804 4826 (Psal.
2833 4757 2972 4825 Liv)!
3007 4757 3220 4812 Utinam
3245 4757 3342 4811 hac
3362 4769 3525 4815 morte

1932 4847 2024 4902 ego
2058 4833 2344 4896 frequenter
2372 4831 2575 4889 cadam,
2593 4840 2648 4882 ut
2676 4829 2889 4902 evadant
2905 4828 3112 4902 laqueos
3135 4831 3329 4890 mortis,
3347 4840 3400 4882 ut
3421 4847 3525 4884 non

1932 4900 2149 4957 sentiam
2175 4904 2291 4957 vilic
2330 4902 2639 4956 luxuriantis
2662 4901 2924 4970 mortifera
2945 4900 3315 4965 blandimenta,
3345 4909 3398 4952 ut
3420 4917 3524 4956 non

1933 4977 2285 5044 obstupescam
2308 4975 2375 5027 ad
2401 4990 2604 5028 sensum
2629 4971 2878 5039 libidinis,
2900 4971 2968 5025 ad
2988 4982 3167 5044 iustum
3188 4971 3438 5034 avaritia,
3455 4975 3525 5028 ad

1931 5043 2217 5100 iracundiae
2244 5056 2292 5099 et
2318 5045 2656 5112 impatientia:
2679 5045 2936 5102 stimulos.
2961 5043 3028 5097 ad
3067 5059 3285 5112 angores
3332 5045 3526 5098 sollici-

1933 5118 2194 5176 tudinum.
2223 5127 2270 5171 et
2303 5118 2566 5171 molestias
2591 5131 2850 5169 curarum.
2908 5114 3131 5169 Moritur
3159 5131 3333 5168 amma
3362 5125 3525 5170 morte

1923 5189 2208 5258 justorum,
2237 5200 2291 5242 ut
2324 5189 2467 5241 nulla
2493 5188 2638 5242 illam
2664 5187 2906 5255 illaqueet
2937 5191 3102 5252 fraus,
3131 5186 3276 5239 nulla
3309 5186 3524 5258 oblectet

1935 5261 2199 5319 iniquitas.
2227 5259 2371 5306 Bona
2397 5276 2534 5307 ntars
2559 5274 2675 5319 qum
2704 5259 2856 5308 vitam
2887 5274 2988 5308 non
3018 5258 3206 5381 curm,
3235 5257 3323 5309 sed
3351 5268 3524 5310 trans-

1935 5321 2034 5381 fert
2062 5324 2113 5374 in
2143 5323 2342 5377 melius.
2383 5325 2508 5379 llaec
2529 5325 2588 5378 D.
2619 5325 2924 5380 Bernardus
2947 5327 3069 5381 huic
3112 5342 3212 5381 nco
3234 5327 3372 5381 belle
3393 5343 3524 5380 eou-

1935 5321 2034 5392 fert
2062 5324 2113 5374 in
2143 5323 2342 5377 melius.
2383 5325 2508 5379 llaec
2529 5325 2588 5378 D.
2619 5325 2924 5380 Bernardus
2947 5327 3069 5381 huic
3090 5321 3212 5382 loco
3234 5327 3372 5382 belle
3393 5343 3527 5380 eou-

1934 5393 2348 5450 sonantia.Viile
2379 5397 2530 5465 plura
2553 5397 2620 5450 de
2642 5399 2840 5450 i-xstasi
2868 5397 3010 5466 apud
3028 5397 3354 5453 S.T|tomam
3378 5398 3520 5462 (1-2.

1931 5481 1983 5534 q.
2015 5467 2068 5538 8,
2100 5483 2150 5519 a.
2181 5470 2296 5530 ἵκει
2326 5467 2444 5531 2-2,
2467 5483 2519 5536 q.
2549 5466 2693 5538 175).

2005 5535 2030 5572 ά
2076 5538 2147 5590 Ita
2180 5539 2352 5592 Sancti
2397 5539 2468 5592 illi
2520 5535 2861 5593 anachoreta:
2891 5540 3098 5608 gaudiis
3152 5540 3521 5604 spiritualibus

1933 5616 1988 5662 et
2008 5608 2219 5664 deliciis
2245 5609 2406 5664 animi
2439 5612 2679 5678 occupati
2703 5613 2896 5679 partim
2930 5613 3526 5668 ohliviscebanturcor-

1934 5679 2079 5748 poris
2110 5693 2162 5736 et
2191 5697 2473 5753 corporeae
2497 5684 2850 5744 necessitatis,
2877 5695 2936 5736 ut
2955 5683 3040 5738 hic
3071 5684 3237 5738 abbas
3260 5683 3520 5753 Joannes,

1932 5752 2022 5819 qui
2059 5768 2162 5807 non
2197 5752 2582 5808 recordabatur
2612 5755 2823 5820 vestieri
2853 5770 2918 5808 an
2949 5770 3016 5810 eo
3044 5755 3131 5810 die
3171 5752 3522 5823 comedisset,

1931 5831 1987 5876 et
2015 5827 2256 5892 sejuenti
2289 5825 2377 5879 die
2406 5825 2474 5878 de
2505 5827 2755 5896 hesterna
2786 5828 3127 5882 absolutione
3144 5826 3334 5896 jejunii
3363 5827 3521 5880 dubi—
3565 5851 3572 5875 ι.

1934 5897 2102 5964 tabat,
2134 5897 2186 5952 id
2218 5905 2321 5961 est,
2355 5911 2423 5951 an
2457 5895 2630 5966 pridie
2664 5895 2925 5966 jejunium
2971 5898 3225 5952 solvisset
3266 5905 3322 5949 et
3368 5907 3520 5951 cont-

2998 5975 3072 6034 illi
