4072 6324
475 427 607 488 H55

1542 427 1821 490 JOANNIS
1857 431 2170 489 CASSIANI
2207 429 2700 490 COLLATIONES.

3622 422 3764 495 1136

466 551 552 606 rio
577 545 719 606 illius
751 549 1009 605 solitariae
1062 547 1312 620 puritatis
1360 548 1441 603 his
1491 549 1770 604 maluerim
1826 544 2058 604 cmoobii
2086 553 2226 613 Aac
2270 546 2540 616 triplicata
2593 544 2775 601 modio
2823 553 3117 601 necessttas
3171 543 3423 600 victualis
3480 543 3570 602 vix
3597 553 3762 618 queat

468 646 738 716 angustiis
759 644 1046 701 coarctari.
1066 643 1120 698 In
1146 643 1245 698 hac
1270 643 1430 714 igitur
1446 642 1856 699 conversatione
1877 638 2057 722 diurni

469 740 652 810 operis
684 739 824 793 nulla
850 738 1088 809 provisio
1105 745 1211 807 est,
1239 737 1569 792 venditionis
1588 737 1673 793 vel
1697 737 2056 806 coemptionis

467 832 614 886 nulla
647 831 922 897 diStentio,
981 846 1087 886 non
1122 831 1284 886 annui
1318 832 1472 900 panis
1515 829 1840 886 inevitabilis
1880 844 2008 884 cura
2038 873 2053 897 ,

463 940 576 981 nou
600 925 913 980 sollicitudo
935 925 1300 995 corporalium
1331 940 1541 992 rerum,
1574 940 1676 995 qtta
1710 939 1814 980 non
1849 933 2054 978 tantum

471 1019 724 1089 prOpriis,
758 1021 1113 1076 verumetiam
1167 1021 1463 1076 multorum
1510 1020 1913 1076 advenientium
1947 1022 2058 1074 usi-

470 1105 570 1167 bus
599 1113 902 1168 necessaria
945 1123 1335 1184 praeparantur,
1393 1123 1669 1184 postremo
1717 1113 1861 1168 nulla
1907 1127 2060 1168 arro-

463 1206 644 1274 gantia
675 1206 849 1260 laudis
879 1205 1151 1274 humanm,
1179 1222 1298 1276 quae
1330 1207 1659 1261 immundior
1697 1206 1782 1260 his
1807 1207 2058 1261 omnibus

463 1298 517 1353 in
549 1308 841 1368 conspectu
870 1299 984 1365 Dei,
1021 1302 1187 1354 etiant
1231 1314 1459 1370 magnos
1510 1299 1678 1354 eremi
1714 1299 1924 1355 labores
1953 1298 2051 1354 fre-

464 1401 694 1462 quenter
741 1400 990 1446 evacuat.
1048 1392 1248 1447 Verum
1308 1400 1367 1446 ut
1420 1392 1474 1446 in
1525 1391 1615 1445 illa
1674 1391 2056 1446 anachoretica

464 1471 744 1554 disciplina
779 1486 899 1541 illos
941 1486 1234 1541 elationnm
1283 1485 1604 1555 spiritalium
1649 1484 1840 1539 ﬂuctus
1861 1494 1916 1539 et
1943 1484 2058 1539 exi-

464 1577 660 1633 tiabilis
687 1578 1004 1634 cenodoxiae
1027 1577 1266 1648 pericula
1297 1587 1638 1646 praeteream,
1665 1574 1731 1630 ad
1765 1577 1867 1630 hoc
1883 1589 2054 1646 gene-

463 1673 576 1728 rale
607 1684 922 1727 cunctorum
957 1671 1199 1742 pondus,
1246 1670 1296 1725 id
1322 1680 1423 1734 est,
1457 1685 1800 1725 communem
1833 1669 2055 1740 parandi

462 1764 638 1819 victus
692 1764 1111 1820 sollicitudinem
1167 1773 1546 1828 revertamur,
1599 1778 1717 1835 quae
1774 1778 1841 1818 eo
1886 1778 2056 1834 usque

461 1872 772 1912 mensuram
816 1873 922 1912 non
969 1857 1091 1912 dico
1140 1856 1287 1910 illius
1318 1856 1558 1926 antiqua:
1583 1855 1935 1911 districtionis
1960 1871 2056 1911 ex-

2165 637 2435 708 expediri.
2485 638 2555 693 Et
2595 639 2645 692 in
2676 647 2882 693 tantunt
2933 636 3074 708 apud
3121 636 3413 692 nonnullos
3461 637 3546 693 vis
3584 638 3763 696 noxia

2162 730 2326 802 hujus
2354 733 2690 788 remissionis
2717 731 2967 797 increvit,
2996 730 3023 770 δ
3048 740 3104 786 ιιι
3127 742 3286 788 aceto
3317 731 3618 803 muriamque
3640 748 3764 802 per-

2163 827 2348 883 mixtis
2367 843 2474 883 non
2494 827 2641 882 illam
2669 841 2829 882 unam
2855 826 2960 882 olei
2982 825 3318 882 admisceant
3341 837 3572 898 guttam,
3601 841 3762 898 quam

2169 921 2604 990 praedecessores
2643 919 2848 986 nostri,
2907 919 3000 989 qui
3045 919 3214 975 eremi
3259 918 3504 974 instituta
3556 920 3764 988 maiore

2160 1013 2504 1070 abstinentia:
2540 1015 2740 1070 virtute
2765 1015 2957 1070 sectati
2987 1024 3134 1080 sunt,
3168 1013 3506 1084 repellendas
3551 1023 3758 1070 tantum

2159 1109 2474 1164 cenodoxite
2487 1111 2656 1180 gratia
2674 1109 2938 1164 instillare
2961 1120 3381 1176 consueverant,
3401 1109 3499 1165 sed
3521 1121 3542 1148 ο
3569 1108 3762 1165 ἰιιΐι-ἱιιο

2159 1210 2346 1272 gentes
2376 1202 2758 1273 Egyptiacum
2792 1217 2890 1273 pro
2931 1202 3136 1259 salibus
3182 1217 3423 1269 caseum,
3482 1202 3608 1273 plus
3655 1201 3762 1258 olei

2159 1311 2321 1365 quam
2355 1309 2576 1351 necesse
2603 1304 2708 1363 est,
2758 1293 3192 1365 Sttperfundant;
3225 1304 3283 1351 et
3312 1294 3390 1349 ita
3431 1294 3570 1349 duos
3612 1294 3763 1349 cibos

2162 1388 2376 1458 propria
2408 1388 2676 1442 suavitate
2701 1386 2990 1450 distantes,
3020 1388 3113 1458 qui
3131 1387 3405 1458 sigillatim
3429 1387 3763 1457 diversoque

2162 1489 2406 1550 tempore
2438 1481 2733 1535 monachos
2759 1480 2988 1535 reﬁcere
3006 1479 3405 1550 jncundissime
3435 1480 3760 1549 potuissent,

2160 1572 2260 1626 sub
2291 1573 2450 1627 unius
2483 1574 2692 1641 saporis
2722 1573 3086 1629 oblectatione
3114 1573 3432 1644 percipiant.
3464 1573 3522 1629 in
3549 1582 3762 1630 tantum

2159 1678 2288 1720 sane
2317 1662 2344 1702 ά
2373 1664 2489 1722 haec
2515 1666 2667 1728 ἀλκῆς
2699 1673 2893 1743 χρῆσις
2911 1707 2924 1731 ,
2955 1665 3007 1720 id
3050 1674 3152 1732 est,
3187 1666 3548 1721 materialium
3577 1682 3762 1722 rerum

2158 1760 2432 1830 possessio
2451 1761 2810 1830 supercrevit,
2827 1771 2885 1815 ut
2899 1769 2923 1798 θ
2942 1775 3128 1831 sagum
3149 1777 3385 1832 quoque,
3401 1760 3542 1832 quod
3557 1761 3764 1832 absque

2157 1853 2482 1910 verecundia
2512 1853 2717 1908 referre
2746 1868 2852 1907 non
2877 1868 3121 1922 possum,
3169 1854 3270 1909 sub
3299 1853 3530 1910 obtentu
3561 1851 3761 1908 huma-

463 1952 649 2017 cnssit,
681 1967 802 2022 quas
840 1965 994 2005 usum
1023 1949 1130 2005 olei
1160 1951 1372 2021 penitus
1402 1951 1698 2018 nesciebat,
1731 1953 1822 2007 sed
1857 1967 1924 2008 ne
1955 1951 2056 2007 hac
2084 1959 2133 2020 Β
2159 1948 2342 2004 nitatis
2368 1963 2430 2004 ac
2455 1948 2818 2018 susceptionis
2843 1948 3026 2019 hujus,
3050 1950 3392 2005 anachoreta:
3426 1950 3478 2005 in
3506 1950 3622 2005 suis
3667 1952 3763 2006 ba-

462 2044 678 2115 quidem
703 2045 871 2099 nostri
900 2043 1160 2114 temporis
1189 2044 1511 2100 remissione
1554 2044 1721 2114 cmpit
1761 2059 1883 2099 esse
1922 2059 2053 2100 con-

463 2145 634 2202 tenta,
667 2137 722 2192 in
752 2153 854 2207 qua
881 2145 906 2174 ⁸
931 2151 1037 2192 ιιηο
1067 2136 1174 2192 olei
1197 2138 1442 2192 sextario
1467 2137 1761 2208 itidemque
1788 2137 2059 2192 lenticula:

461 2231 646 2286 modio
673 2231 1077 2287 advenientium
1103 2231 1290 2286 usibus
1321 2240 1643 2301 prmparato,
1677 2231 1841 2286 totius
1867 2246 2059 2286 annum

462 2323 773 2380 refectionis
803 2323 1157 2395 explebantur
1184 2323 1386 2390 ofﬁcia,
1412 2325 1484 2378 ita
1514 2332 1572 2378 ut
1601 2322 1876 2392 duplicato
1908 2338 2052 2377 nunc

2164 2043 2293 2099 bere
2317 2043 2526 2098 cellulis
2551 2045 2852 2113 coeperint:
2884 2053 2944 2098 ut
2967 2044 3058 2100 illa
3089 2046 3524 2115 praetermittam,
3557 2047 3760 2117 quibus

2165 2139 2392 2194 attonita
2412 2139 2587 2193 anima
2609 2154 2672 2194 ac
2693 2139 3028 2209 spiritalibus
3061 2141 3287 2196 tlteoriis
3313 2155 3534 2211 semper
3555 2141 3761 2197 intenta

2167 2233 2458 2302 specialius
2500 2232 2835 2302 ingravatur,
2897 2247 3192 2287 concursus
3242 2233 3454 2288 scilicet
3505 2232 3759 2299 fratrum,

2162 2325 2524 2395 susceptionis
2554 2340 2770 2396 quoque
2811 2339 2874 2380 ac
2897 2323 3242 2382 deductionis
3291 2325 3496 2393 ofﬁcia,
3546 2337 3762 2383 mutuas

1540 2442 1795 2498 ALARDI
1835 2440 2066 2498 GAZrEl
2106 2441 2681 2500 COMMENTARIUS.

462 2535 639 2590 citium
695 2533 908 2587 virtuosi
959 2541 1126 2598 actus,
1169 2533 1451 2587 secundum
1507 2534 1642 2586 illud
1693 2534 1762 2586 ad
1805 2532 2052 2587 Hebraeos

463 2607 641 2677 quinto
663 2621 683 2660 :
716 2604 1069 2677 Perfectorum
1099 2612 1172 2658 est
1199 2605 1399 2677 solidus
1427 2605 1589 2668 cibus,
1643 2620 1820 2677 eorum
1845 2606 1932 2668 qui
1959 2622 2054 2669 pro

461 2674 828 2733 consuetudine
849 2674 1155 2730 exercitatos
1187 2676 1369 2729 habent
1395 2692 1572 2729 sensus
1595 2675 1661 2727 ad
1691 2675 2053 2730 discretionem

463 2749 578 2819 boui
605 2759 652 2802 et
678 2748 819 2819 mali.
845 2745 925 2799 Ad
953 2747 1453 2819 exercitiumaautem
1491 2747 1794 2819 huiusmodi
1815 2817 1822 2819 _
1831 2750 2053 2819 juvatur

463 2818 616 2874 homo
641 2835 705 2873 ex
733 2818 954 2872 aliorum
976 2817 1218 2871 societate
1239 2817 1537 2884 dupliciter.
1561 2817 1676 2872 Uno
1702 2817 2052 2888 modo,quan-

464 2899 571 2944 tum
600 2891 670 2944 ad
697 2889 1037 2958 intellectum,
1059 2897 1113 2940 ut
1139 2888 1428 2942 instruatur
1453 2889 1506 2941 in
1529 2888 1610 2942 Itis
1647 2905 1760 2958 quia
1780 2898 1899 2942 sunt
1926 2907 2050 2943 con-

467 2960 780 3027 templanda.
814 2958 964 3014 Unde
989 2957 1342 3029 Hieronymus
1365 2960 1490 3012 dicit
1516 2959 1585 3012 ad
1639 2960 1911 3014 ltusticum
1947 2977 2056 3013 mo-

464 3033 690 3086 nachum
721 3047 739 3085 :
763 3029 894 3084 Mihi
924 3029 1091 3099 placet
1120 3038 1174 3082 ut
1203 3030 1387 3083 habeas
1413 3046 1618 3084 sacrum
1646 3031 2052 3095 contubernium,

465 3120 557 3157 nec
585 3105 690 3174 ipse
719 3112 764 3154 te
797 3101 1006 3174 doceas.
1042 3099 1305 3174 Secundo,
1327 3110 1583 3174 quantum,
1606 3101 1675 3152 ad
1701 3099 1969 3166 affectum,
2001 3111 2056 3155 ut

465 3169 660 3228 scilicet
684 3174 852 3226 noxia:
881 3169 1178 3238 affectiones
1198 3171 1420 3225 hominis
1447 3173 1791 3238 reprimuntur
1821 3175 2054 3234 exemplo

465 3255 512 3300 et
565 3244 879 3299 correctione
926 3241 1184 3314 aliorum,-
1219 3243 1362 3311 quia,
1396 3251 1457 3314 ut_
1480 3244 1604 3296 dicit
1634 3241 1918 3314 Gregorius
1949 3259 2053 3298 xxx

466 3316 750 3371 Moralium
773 3313 925 3385 (Cap.
955 3312 1048 3381 25)
1069 3330 1228 3385 super
1244 3315 1376 3367 illud
1392 3312 1516 3367 :Cui
1537 3314 1680 3367 dedit
1706 3312 1761 3367 in
1779 3315 2055 3369 solitudine

465 3388 679 3451 donum,
712 3387 834 3454 quid
871 3384 1076 3449 prodest
1103 3384 1330 3438 solitudo
1359 3387 1616 3453 corporis,
1648 3387 1692 3438 si
1716 3385 1941 3438 solitudo
1968 3387 2055 3440 de-

466 3460 619 3530 fuerit
660 3457 876 3530 cordis?
900 3454 1004 3530 AEt‘
1040 3456 1156 3530 ideo
1183 3457 1304 3530 pila
1345 3457 1552 3530 socialis
1582 3458 1868 3510 necessaria
1887 3466 1958 3511 est
1985 3458 2054 3510 ad

465 3525 772 3599 exercitium
793 3527 1140 3599 perfectionis.
1173 3525 1415 3599 Solitudo
1463 3539 1638 3599 autem
1684 3531 1920 3595 competit
1937 3531 2054 3599 jam

466 3546 762 3584 exercitium
827 3546 1140 3598 erjecuonts.
1173 3546 1415 3582 ooruuao
1463 3546 1638 3581 autem
1684 3546 1920 3595 competit
1937 3546 2054 3599 1am

466 3601 725 3671 perfectis.
760 3546 907 3652 lﬁtde
937 3597 987 3652 Η
997 3598 1290 3671 ieronyntus
1312 3598 1436 3671 dicit
1465 3599 1530 3652 ad
1577 3598 1847 3671 Rusticum
1878 3615 2055 3653 mona-

467 3669 619 3726 chum
634 3688 651 3726 :
668 3670 974 3726 Solitariam
989 3669 1145 3722 vitam
1173 3670 1633 3740 reprehendimus?
1652 3670 1877 3736 minime,
1907 3672 2054 3740 quip-

469 3760 532 3814 pe
560 3759 712 3812 quam
735 3756 868 3814 stupe
891 3741 1236 3814 laudavimus.
1253 3741 1455 3814 rSedde
1477 3741 1602 3794 ludo
1623 3741 2052 3814 monasteriorum

467 3811 1080 3884 .ltujuscemodivolumus
1108 3813 1279 3881 egredi
1319 3812 1504 3866 milites
1546 3829 1672 3882 quos
1716 3813 1874 3866 eremi
1902 3814 2050 3865 rudi-

469 3895 640 3940 menta
664 3884 797 3936 dura
827 3898 929 3935 non
953 3892 1195 3944 terreant,
1224 3884 1313 3953 qui
1353 3885 1608 3944 specimen
1654 3885 2051 3938 conversationis

463 3966 574 4009 sua:
601 3955 762 4008 multo
787 3965 1013 4024 tempore
1039 3953 1291 4025 dederint.
1325 3953 1474 4009 Sicut
1519 3971 1638 4025 ergo
1678 3955 1735 4007 id
1781 3956 1918 4022 quod
1934 3957 2051 4024 jam

465 4031 746 4095 perfectum
770 4034 842 4096 est
868 4024 1160 4096 praeminet
1181 4027 1227 4079 ei
1255 4027 1395 4096 quod
1424 4027 1494 4079 ad
1520 4024 1880 4096 perfectionem
1900 4043 2049 4080 exer-

465 4107 611 4151 cetur
643 4113 661 4150 :
691 4098 762 4149 ita
791 4095 894 4148 vita
917 4094 1286 4158 solitariorum,
1310 4098 1354 4151 si
1380 4097 1544 4152 debite
1571 4094 1884 4162 assumatur,
1919 4114 2052 4166 prce-

462 4169 646 4221 eminet
679 4168 793 4220 vita:
814 4167 1012 4219 sociali.
1046 4167 1105 4220 Si
1132 4177 1306 4220 autem
1329 4167 1521 4237 absque
1559 4170 1866 4237 prwcedenti
1903 4185 2049 4222 exer-

464 4239 586 4292 citio
608 4239 723 4292 talis
748 4238 852 4290 vita
871 4248 1181 4310 assumat-ur,
1213 4249 1287 4292 est
1316 4240 1754 4309 periculosissima
1785 4256 1803 4293 :
1834 4240 1931 4292 nisi
1961 4258 2050 4310 per

465 4310 690 4363 divinam
711 4309 929 4380 gratiam
947 4307 1250 4376 suppleatur
1266 4307 1404 4379 quod
1427 4311 1482 4364 in
1499 4312 1616 4364 aliis
1638 4327 1727 4380 per
1750 4307 2050 4365 exercitium

463 4381 772 4451 acquiritur,
797 4380 931 4451 sicut
959 4388 1093 4449 patet
1125 4381 1188 4432 de
1231 4383 1390 4434 beatis
1417 4381 1642 4435 Antonio
1671 4391 1719 4435 et
1745 4380 1804 4433 B:
1822 4383 2046 4438 nedicto.

463 4450 742 4506 Hactenus
795 4450 992 4522 Doctor
1032 4452 1341 4522 Angelicns,
1366 4460 1421 4506 et
1445 4451 1602 4520 plane
1632 4451 1904 4522 angelice;
1955 4455 2048 4522 qui

464 4522 628 4577 etiam
662 4522 715 4574 iu
738 4520 1016 4592 solutione
1044 4521 1215 4590 qttinti
1242 4527 1543 4592 argumenti
1574 4520 1732 4578 acute
1759 4533 1814 4578 et
1836 4520 2049 4581 erudite

385 4608 397 4615 ··
461 4590 920 4665 exponitdictutn
949 4592 1258 4665 Aristmelis
1281 4590 1540 4649 t'Politic.
1575 4593 1732 4665 (Cap.
1763 4593 2050 4664 2),dicen-

459 4661 578 4720 tisi:
615 4661 927 4735 Solitariam
954 4672 1040 4715 aut
1064 4663 1273 4716 bestiam
1294 4681 1420 4728 esse,
1453 4674 1539 4718 aut
1569 4661 1735 4718 Deum
1767 4661 1932 4735 {quia
1966 4666 2049 4720 tti-

458 4737 690 4808 mirum,
704 4735 750 4788 si
778 4734 892 4808 quis
914 4736 1247 4808 solitudinem
1293 4746 1454 4799 amat,
1486 4739 1564 4790 vel
1585 4738 1645 4789 ob
1673 4734 2046 4808 impatientiam

2083 3423 2128 3488 C

2163 2534 2816 2607 sextariumucomplent.
2866 2535 3016 2607 Hinc,
3055 2533 3348 2607 sextarius
3382 2533 3511 2599 olei,
3565 2538 3662 2607 qui
3705 2537 3757 2594 in

2155 2619 2355 2660 annum
2384 2605 2686 2662 sufﬁciebat
2713 2605 3050 2676 excipiendis
3091 2615 3147 2660 et
3177 2605 3383 2676 alendis
3418 2605 3752 2674 hospitibus,

2157 2687 2223 2750 ui
2244 2676 2332 2732 hic
2359 2676 2558 2750 dicitur
2589 2676 2877 2750 (Epiphan.
2906 2677 3004 2750 lib.
3026 2677 3100 2750 de
3128 2675 3383 2750 __Mensur.
3415 2686 3464 2730 et
3517 2677 3756 2735 Ponder.

2157 2747 2310 2820 Alex.
2346 2749 2409 2802 ab
2431 2749 2580 2803 Alex.
2618 2751 2657 2804 ι.
2709 2747 2747 2804 ιι
2775 2766 2823 2804 c.
2853 2748 2973 2820 20).
3023 2747 3232 2820 Lindius
3264 2762 3532 2802 mensura:
3586 2765 3758 2818 genus

2157 2819 2444 2875 continens
2471 2820 2708 2875 sedecim
2736 2819 3012 2883 senarius,
3041 2819 3220 2874 Suidaa
3247 2820 3412 2874 libras
3442 2820 3635 2890 viginti
3662 2837 3758 2877 sex

2160 2904 2282 2945 cunt
2309 2893 2519 2945 octonis
2547 2894 2719 2946 unciis
2750 2908 2764 2944 :
2795 2893 2951 2961 cujus
2996 2890 3277 2945 dimidium
3328 2890 3529 2946 dicitur
3574 2907 3758 2948 semo-

2161 2961 2407 3091 dius???
2429 2961 2686 3018 lenticula
2714 2962 2918 3018 dictum
2959 2973 3041 3017 est
3062 2961 3207 3017 libro
3235 2978 3286 3016 tv
3315 2961 3754 3031 lnstitutionum,

2161 3046 2279 3091 cap.
2391 3074 2402 3084 .

2161 3046 2279 3087 CnD.
2312 3046 2402 3087 '20.

2227 3048 2261 3143 ξ
2289 3048 2462 3177 llzt‘t’jus
2492 3107 2728 3174 antiquae
2766 3104 3123 3177 parcimonite
3143 3113 3198 3159 et
3228 3103 3378 3177 mira:
3406 3106 3755 3163 abstinentia

2162 3175 2301 3243 apud
2357 3176 2476 3230 illos
2531 3175 2864 3243 observatio,
2911 3176 3220 3244 exemplum
3265 3176 3756 3233 reiertCassianus

2161 3246 2346 3317 collat.
2381 3248 2412 3301 8
2439 3262 2561 3317 cap.
2597 3249 2650 3311 l,
2681 3249 2769 3303 ubi
2794 3265 2853 3304 se
2893 3265 3015 3303 rum
3045 3263 3142 3301 suo
3167 3262 3425 3317 germano
3458 3250 3530 3301 ab
3557 3249 3754 3305 abbate

2161 3263 2346 3302 cottat.
2381 3263 2412 3301 δ
2439 3263 2501 3300 ca
2549 3287 2561 3299 .
2597 3263 2650 3311 ι,
2681 3263 2769 3303 unt
2794 3265 2853 3304 se
2893 3265 3015 3303 rum
3045 3263 3142 3301 suo
3167 3263 3425 3317 germano
3458 3263 3530 3301 an
3557 3263 3752 3305 abbate

2161 3315 2370 3372 Sereno
2398 3317 2484 3373 his
2508 3263 2729 3373 litutitiis
2757 3335 3014 3390 exceptos
3041 3329 3468 3374 Commemorat:
3492 3319 3631 3373 Nam
3656 3338 3752 3388 pro

2159 3391 2348 3463 muria,
2404 3390 2594 3463 inquit,
2650 3406 2765 3459 quis
2793 3395 3084 3463 superjecta
3112 3390 3214 3463 olei
3239 3398 3386 3461 gutta
3431 3390 3754 3463 quotidiana:

2158 3461 2426 3532 refectioni
2447 3461 2640 3532 solebat
2669 3463 2883 3532 apponi,
2918 3459 3174 3516 modicum
3195 3459 3496 3532 liquaminis
3523 3461 3749 3532 miscuit,

2157 3539 2204 3581 et
2227 3530 2327 3584 olei
2349 3531 2594 3601 quiddam
2615 3530 2766 3586 solito
2792 3533 3097 3601 propensius
3113 3533 3420 3600 superfudit.
3443 3530 3584 3582 Nam
3603 3530 3753 3586 illam

2157 3601 2268 3675 olei
2284 3613 2484 3674 guttam
2507 3604 2568 3656 ob
2595 3602 2692 3658 hoc
2716 3605 3073 3675 unusquisque
3092 3605 3321 3675 quotidie
3356 3601 3646 3675 refecturus
3673 3604 3754 3675 in-

2156 3671 2345 3738 stillat,
2379 3690 2479 3726 non
2500 3685 2552 3726 ut
2571 3677 2686 3743 ejus
2718 3692 2781 3728 ex
2806 3671 2899 3728 hoc
2924 3673 3144 3742 gutturis
3173 3671 3451 3740 quamdam
3493 3673 3746 3742 percipiat

2154 3745 2492 3816 suavitatem;
2534 3747 2722 3816 quippe
2769 3749 2919 3816 cujus
2960 3752 3133 3796 tantus
3188 3751 3265 3795 est
3299 3743 3518 3816 modus,
3550 3753 3613 3816 ut
3665 3747 3753 3799 viz

2154 3811 2317 3881 ipsius
2344 3811 2565 3885 gutturis
2589 3811 2912 3881 fauciumqne
2934 3825 3130 3868 meatus
3152 3829 3252 3866 non
3273 3815 3443 3867 dicam
3467 3814 3640 3882 linire,
3656 3817 3751 3870 sed

2154 3889 2468 3954 pertransire
2497 3887 2732 3957 sufﬁciat.
2762 3887 2870 3942 Sed
2897 3898 2948 3939 ut
2973 3886 3068 3939 hoc
3097 3901 3196 3957 usu
3217 3885 3528 3957 iactantiam
3549 3886 3745 3957 cordis,

2153 3971 2271 4026 qua:
2292 3973 2385 4028 pro
2413 3954 2722 4012 abstinentia
2749 3959 3083 4024 districtiore,
3110 3954 3298 4009 blande
3326 3957 3454 4010 solet
3483 3973 3546 4009 ac
3576 3956 3748 4011 laten-

2155 4035 2232 4080 ter
2255 4029 2496 4098 irrepere,
2520 4037 2567 4082 et
2596 4031 2831 4083 stimulos
2857 4029 3092 4083 elationis
3113 4028 3359 4081 obtundat
3376 4028 3531 4097 :quia
3546 4039 3747 4098 quanto

2153 4099 2460 4152 abstinentia
2490 4101 2601 4170 ipsa
2622 4100 2872 4154 occultius
2897 4109 3181 4163 exercetur,
3199 4098 3453 4170 nulloque
3475 4099 3748 4154 hominum

2154 4177 2278 4223 teste
2308 4169 2592 4240 perﬁcitur,
2622 4181 2762 4225 tanta
2790 4170 3028 4225 subtilius
3056 4169 3421 4223 occultatorem
3449 4187 3605 4223 suum
3635 4182 3751 4225 ten-

2154 4250 2262 4295 tare
2291 4258 2396 4295 non
2415 4240 2620 4296 desinit.
2657 4243 2780 4297 llaec
2807 4243 2880 4296 ibi
2917 4241 2986 4296 ad
3031 4240 3176 4295 hunc
3213 4240 3389 4295 locum
3426 4241 3744 4310 intelligen-

2151 4311 2277 4366 dum
2313 4313 2741 4368 accommodata.

2227 4394 2248 4421 ε
2285 4383 2388 4437 Pro
2411 4383 2635 4450 salibus,
2659 4385 2710 4439 id
2729 4396 2834 4450 est,
2866 4400 2965 4453 pro
2993 4384 3199 4439 deliciis
3222 4391 3277 4438 et
3294 4381 3632 4438 lautitiitha
3662 4384 3747 4440 illi

2152 4455 2491 4509 remissiores
2514 4465 2571 4511 et
2609 4456 2903 4523 lepidiores
2957 4455 3232 4516 monachi,
3286 4463 3484 4525 praeter
3535 4469 3746 4510 morem

2149 4531 2519 4595 antiquorum,
2551 4527 2750 4596 duplici
2779 4527 3007 4581 obsonio
3033 4526 3359 4588 utebantur,
3395 4533 3451 4578 et
3496 4525 3637 4579 duos
3664 4528 3746 4580 ci-

2151 4596 2270 4669 bos,
2303 4606 2360 4650 ut
2390 4597 2476 4654 hic
2506 4598 2726 4664 dicitur,
2757 4599 2975 4669 propria
3005 4599 3268 4651 suavitate
3304 4597 3590 4669 distantes,
3623 4599 3743 4653 sive

2151 4666 2434 4724 distinctos
2459 4687 2474 4725 :
2504 4684 2699 4739 nempe
2729 4666 2958 4724 muriam
2988 4679 3142 4724 aceto
3175 4668 3499 4737 permixtam
3527 4668 3749 4738 oleique

2151 4741 2358 4808 guttula
2385 4756 2683 4808 aspersam,
2703 4752 2753 4795 et
2779 4757 2995 4796 caseum
3022 4740 3342 4796 oleoitidem
3368 4740 3743 4806 superfusum,

457 4817 512 4882 e_t_
533 4807 692 4882 animi
719 4805 1079 4872 swvitiam,vel
1108 4822 1174 4882 ea;
1202 4806 1579 4882 desperatione,
1601 4808 1679 4882 vel
1697 4805 1768 4882 ea;
1789 4807 1908 4882 odio
1937 4811 2051 4882 obe-
2077 4816 2132 4877 ι)
2156 4805 2256 4866 sub
2284 4805 2680 4881 unius'saporis
2707 4812 2920 4882 (olearii
2951 4812 3182 4882 scilicet)
3226 4805 3596 4866 oblectatione
3625 4805 3750 4882 per:

459 4877 667 4930 dientia:
695 4886 742 4931 et
770 4893 943 4930 amore
963 4879 1187 4947 propria:
1215 4877 1514 4942 voluntatis,
1543 4889 1597 4932 ut
1627 4881 1704 4932 illi
1734 4881 2043 4946 Sarabaitw,

459 4947 524 5022 de
538 4948 730 5022 quibus
754 4949 810 5022 in
830 4948 1105 5022 collatione
1129 4951 1436 5020 prtecedenti
1457 4949 1609 5022 (Cap.
1663 4951 1720 5020 7)
1749 4962 1918 5004 actum
1948 4965 2044 5018 est,

455 5017 904 5092 isbesticesimilis
927 5020 1017 5092 :_si
1038 5017 1157 5072 vero
1187 5030 1241 5073 ut
1274 5029 1409 5074 totus
1457 5017 1597 5075 uacet
1627 5017 2048 5092 contemplationi

456 5088 671 5157 divinat,
697 5089 874 5160 illique
897 5089 1166 5160 intuereat,
1202 5101 1310 5144 tum
1340 5101 1476 5146 totus
1508 5093 1712 5146 divinus
1741 5101 1787 5146 et
1829 5088 1940 5146 Deo
1967 5096 2039 5148 si-

457 5160 600 5214 milis
629 5159 892 5229 r/ﬁciatur.
921 5162 995 5214 Ex
1025 5159 1109 5214 his
1133 5172 1275 5229 patet
1308 5173 1424 5218 utra
1453 5164 1564 5217 vita
1610 5163 1770 5217 alteri
1800 5165 2045 5233 praemi-

457 5243 588 5287 neat
618 5243 674 5284 et
705 5233 880 5298 potius
910 5233 1152 5298 eligenda
1176 5233 1266 5292 sit,
1293 5235 1568 5284 eretnitica
1600 5249 1667 5280 an
1697 5236 2040 5283 cmttobitica.

456 5301 596 5370 Nam
628 5302 864 5354 solitaria
893 5301 1184 5356 secundum
1210 5317 1268 5354 se
1292 5301 1636 5370 praestantior
1661 5312 1764 5364 eat,
1790 5302 1833 5353 si
1867 5301 2048 5354 debite

457 5381 769 5428 assumatur
791 5385 821 5425 a
853 5374 1104 5439 pet-teetis
1134 5375 1328 5440 quibus
1372 5370 1589 5439 proprie
1616 5375 1896 5426 convenit.
1951 5371 2046 5425 sed

458 5443 783 5501 cmnobitica
807 5443 1147 5498 commodior
1172 5453 1228 5498 et
1250 5443 1436 5497 utilior
1466 5440 1764 5512 plerisque,
1795 5451 1848 5496 et
1869 5441 2049 5511 aptior

455 5516 820 5599 agi_piscetttlat
851 5513 1188 5599 perfectioni.

536 5594 561 5622 ο
585 5589 865 5641 Sextarius
887 5586 1081 5639 dicitur
1103 5595 1253 5641 sexta
1272 5599 1397 5656 pars
1420 5586 1620 5656 congii,
1639 5601 1760 5655 quae
1788 5599 2042 5640 mensula

459 5657 602 5727 apud
651 5659 903 5725 antiquos
931 5668 1038 5711 tam
1090 5659 1303 5724 liquidis
1347 5673 1508 5726 quam
1542 5658 1710 5711 aridis
1746 5657 2040 5712 serviebat.

459 5727 620 5795 Capit
647 5738 824 5780 autem
849 5731 1116 5782 sextarius
1145 5729 1335 5783 libram
1360 5747 1482 5784 cum
1507 5729 1878 5795 ditnidia,sive
1895 5740 2042 5782 octo-

464 5796 639 5872 decim
682 5799 978 5872 uttcias,_id
1010 5811 1112 5872 cst,
1144 5803 1352 5870 cotylas
1396 5801 1570 5865 binas,
1605 5820 1725 5872 qun:
1769 5813 1821 5854 et
1871 5799 2042 5854 helui-

465 5876 551 5942 nae
571 5863 846 5942 dicuntur.
874 5869 1080 5934 Singuli
1104 5863 1253 5942 enini
1295 5875 1472 5942 congii
1502 5863 1597 5926 sex
1623 5863 1893 5928 sextarios
1915 5885 2042 5925 con-

467 5932 663 6003 tinent,
690 5932 937 5990 heminas
965 5932 1095 5992 vero
1123 5932 1438 5999 duodecim":
1454 5945 1650 6015 quippe
1670 5944 1789 6002 duas
1810 5943 2044 6001 hentinte

2153 4882 2428 4950 cipiebant
2451 4901 2464 4934 :
2497 4877 2728 4952 quorum
2757 4885 2987 4938 alterum
3013 4883 3143 4938 dicit
3163 4877 3432 4952 cujusque
3455 4877 3745 4952 refectioni

2151 4946 2270 5024 cum
2305 4946 2622 5022 paxirnaciis
2650 4956 2764 5010 sive
2797 4955 3046 5024 panibus,
3101 4946 3260 5009 unius
3315 4946 3529 5008 scilicet
3563 4946 3743 5016 libre,

2149 5022 2403 5079 sufﬁcere
2432 5027 2697 5093 potuisse.

2222 5093 2250 5132 ἀ
2282 5087 2670 5167 ἈλκὴἰπὊρνὶε
2696 5096 2996 5167 subsidium
3017 5087 3312 5167 signiﬁcat,
3334 5097 3429 5167 aut
3451 5089 3622 5167 vires,
3651 5105 3744 5147 ro-

2151 5165 2254 5221 bur
2279 5184 2289 5219 :
2325 5158 2468 5218 ntnté
2492 5158 2713 5218 άλὶηεις,
2739 5160 2912 5222 fortis,
2950 5159 3227 5212 robustus.
3258 5158 3507 5213 Sumitur
3530 5161 3616 5214 hic
3643 5177 3744 5229 ps0

2149 5229 2390 5304 sultsidio
2417 5229 2540 5304 vita;
2565 5247 2576 5282 :
2604 5240 2820 5304 χρῆσις.
2858 5229 2910 5282 id
2941 5242 3045 5295 εει,
3071 5244 3219 5304 ηςυεῖ
3251 5229 3420 5304 Porro
3445 5229 3743 5288 Ciaconius

2150 5300 2488 5355 solummodo
2527 5300 2660 5368 legit
2682 5311 2881 5363 κτῆσις,
2914 5316 3032 5368 qua:
3062 5316 3161 5355 Vox
3189 5301 3489 5356 dominium
3514 5315 3573 5356 et
3605 5319 3742 5368 pos-

2151 5371 2450 5426 sessionem
2477 5371 2705 5440 alicujus
2737 5373 2814 5424 rei
2839 5372 3130 5441 signilicat,
3163 5371 3248 5426 cui
3271 5375 3562 5442 opponitur
3583 5375 3744 5436 ἑκτη-

2145 5445 2376 5513 μοσύνη,
2407 5443 2459 5498 id
2489 5453 2595 5507 est,
2628 5444 2807 5495 omnis
2838 5443 3198 5512 possessionis
3227 5447 3473 5498 vacuitas
3499 5455 3554 5498 et
3585 5447 3742 5501 nudi.

2153 5523 2255 5576 tas,
2305 5531 2463 5582 quam
2521 5514 2790 5585 monachi
2821 5514 3168 5582 proﬁtentur,
3197 5516 3264 5585 de
3292 5530 3395 5583 qua
3421 5530 3608 5585 Supra.
3635 5517 3742 5570 Ba-

2149 5585 2399 5666 sileensis
2427 5585 2592 5640 editio
2642 5595 2698 5640 et
2743 5584 2987 5654 plerique
3027 5597 3162 5640 mss.
3211 5584 3399 5641 Graeca
3449 5584 3740 5657 utramque

2148 5666 2419 5711 omtttuut.

2227 5737 2250 5765 θ
2284 5728 2360 5783 De
2389 5742 2520 5798 sago
2538 5727 2658 5782 vide
2686 5725 3015 5782 notationem
3048 5726 3116 5783 ad
3143 5727 3283 5783 lib.v
3314 5727 3734 5795 lnstit.cap.50.

2149 5796 2318 5868 Cujus
2348 5796 2488 5854 inter
2513 5800 2614 5854 alia
2675 5803 3067 5854 monachorum
3123 5798 3438 5855 indumenta
3490 5798 3735 5868 meminit

2151 5869 2604 5996 ΒτΙΣΙιθιιειιγιηιιε
2637 5869 2690 5926 in
2728 5869 2893 5942 epist.
2915 5871 2982 5926 ad
3010 5869 3387 5940 Eustochium,
3418 5879 3476 5928 et
3519 5869 3575 5925 in
3615 5867 3732 5927 Vita

2203 5957 2215 5996 l
2273 5957 2457 5996 l‘lOlllS.

2203 5955 2457 5999 ιιοτιοιιιε.
