4072 6324
261 317 314 372 I'I
323 315 392 374 57

945 314 1286 374 COLLATIO
1324 314 1464 372 XIX.
1497 345 1563 357 —
1603 313 1689 372 DE
1725 315 1849 372 ΗΝ]

1953 313 2326 372 ΞΟΕΝΟΒΙΤᾸΞ
2369 315 2457 372 ΕΤ
2499 314 2851 372 EREMI’I‘IE.

3393 308 3530 366 H53

256 432 609 504 vlsitationes,
661 432 1106 505 diversarumque
1157 431 1651 490 confabulationum
1680 441 1842 504 atque
1869 437 1917 496 Α
1946 441 2056 489 stra
2079 433 2413 504 experientia
2437 444 2785 501 consecutus,
2807 431 3055 488 meritum
3076 444 3263 488 earum
3285 443 3348 485 ac
3367 429 3530 484 linem

255 527 665 600 occupationum
699 528 1154 584 interminabilem
1181 542 1401 594 curam;
1431 541 1657 600 quarum
1677 527 1838 583 etiam

255 619 346 676 illo
377 629 622 690 tempore
637 634 746 692 quo
769 620 882 676 haec
913 620 1163 675 videntur
1186 620 1570 692 impedimenta
1600 634 1837 687 cessare,

258 722 434 768 tamen
478 712 719 768 animum
766 713 1260 770 consuetudinarie
1289 713 1675 785 inquietudinis
1705 713 1839 768 assi-

254 805 456 862 duitate
475 819 823 876 suspensum,
847 807 1183 877 exspectatio
1206 807 1320 877 ipsa
1349 807 1629 864 distendit.
1664 807 1842 878 Atque

254 899 322 953 ita
343 899 400 952 lit
421 907 478 952 ut
501 897 901 954 anachoreseos
929 899 1019 953 illa
1050 898 1273 955 libertas
1296 898 1667 970 hujuscemodi
1691 899 1842 954 nexi-

251 990 352 1047 bus
373 991 651 1062 impedita.
675 992 744 1046 ad
771 991 916 1047 illam
939 992 1121 1048 cordis
1150 993 1477 1049 ineffabilem
1507 993 1840 1048 alacritatem

253 1087 547 1158 prapedito
575 1101 683 1142 non
712 1088 988 1157 perveniat
1014 1101 1266 1156 ascensu,
1296 1103 1359 1142 ac
1389 1087 1619 1143 fructum
1645 1087 1842 1142 eremi-

253 1179 370 1234 ticae
412 1177 767 1250 professionis
815 1179 1063 1236 amittat:
1094 1180 1183 1251 qui
1229 1180 1273 1234 si
1307 1179 1437 1236 mihi
1463 1181 1515 1235 in
1542 1194 1840 1252 congrega-

253 1272 400 1328 tione
428 1287 574 1329 nunc
595 1281 758 1342 atque
785 1273 838 1328 in
865 1273 1037 1329 turbis
1061 1273 1164 1328 sita
1188 1271 1347 1329 fuerit
1373 1273 1705 1344 denegatus;
1737 1273 1844 1328 sal-

251 1375 357 1424 tem
392 1367 549 1438 quies
578 1367 777 1422 animas
806 1365 1094 1437 cordisque
1117 1366 1478 1436 tranquillitas
1502 1366 1570 1420 ab
1590 1366 1843 1422 omnibus

251 1457 696 1529 occupationibus
743 1458 992 1514 absoluta
1046 1474 1154 1514 non
1199 1459 1416 1514 deerit:
1449 1474 1569 1530 qua:
1601 1458 1702 1513 nisi
1735 1457 1844 1514 illis

251 1565 460 1622 quoque
479 1550 570 1622 qui
593 1551 645 1606 in
669 1550 963 1607 solitudine
979 1560 1409 1619 commorantur,
1437 1559 1638 1622 prmsto
1658 1551 1840 1617 fuerit,

251 1643 463 1699 labores
516 1643 738 1715 quidem
787 1644 1187 1700 anachoreseos
1242 1645 1616 1710 sustinebunt;
1663 1645 1843 1699 fructu

252 1751 378 1793 vero
409 1737 580 1806 ipsius
602 1736 1021 1805 fraudabuntur,
1044 1739 1135 1809 qui
1160 1754 1266 1794 non
1301 1740 1404 1794 nisi
1435 1739 1617 1811 quieta
1647 1740 1844 1796 mentis

1942 526 2178 583 veridica
2209 535 2390 598 potest
2419 528 2692 583 insinuare
2718 527 2986 583 doctrina.

2539 616 2768 675 CAPUT
2812 617 2943 673 VIII.

2583 712 2890 785 Responsio.

2015 804 2250 862 Joannes
2281 823 2295 860 :
2326 805 2502 863 Unum
2534 808 2894 877 eumdemque
2921 804 3200 862 hominem
3227 805 3280 860 in
3305 812 3534 874 utraque

1944 898 2282 969 professione
2314 899 2613 968 perfectum
2640 914 2762 955 esse
2793 913 2903 954 non
2933 913 3093 970 posse
3115 898 3367 953 absolute
3408 911 3534 966 pro-

1943 992 2195 1046 nuntiare
2245 991 2565 1058 potuissem,
2624 991 2728 1046 nisi
2760 1006 2845 1046 me
2878 1006 3180 1062 paucorum
3238 988 3534 1044 admodum

1943 1084 2256 1141 retardaret
2285 1085 2618 1154 exemplum.
2638 1085 2885 1156 Magnum
2912 1083 3182 1154 siquidem
3210 1091 3296 1138 est
3323 1082 3375 1136 in
3403 1095 3536 1152 qua-

1942 1178 2075 1234 libet
2153 1193 2340 1234 earum
2407 1185 2841 1232 consummatum
2891 1176 3201 1248 quempiam
3261 1174 3536 1244 reperiri;

1943 1282 2149 1345 quanto
2175 1273 2346 1344 magis
2368 1272 2434 1326 ad
2461 1271 2678 1342 plenum
2703 1283 2989 1342 utramque
3010 1269 3538 1343 perﬁcere,ardnum

1943 1383 2011 1425 ac
2041 1383 2198 1440 pene,
2231 1375 2292 1424 ut
2347 1370 2417 1422 ita
2465 1366 2726 1433 dixerim,
2783 1365 2986 1422 homini
3037 1363 3368 1436 impossibile
3417 1375 3542 1417 esse

1946 1459 2294 1531 perspicuum
2322 1469 2428 1516 est.
2461 1458 2614 1528 Quod
2650 1467 2830 1514 tamen
2879 1459 2924 1513 si
2953 1458 3170 1529 quando
3200 1455 3540 1528 provenerit,

1944 1570 2051 1610 non
2077 1553 2257 1609 statim
2287 1553 2353 1608 ad
2381 1553 2688 1624 generalem
2743 1550 3036 1608 formulam
3089 1551 3286 1608 referri
3333 1557 3540 1621 potest.

1944 1646 2062 1703 Non
2089 1648 2232 1703 enim
2265 1662 2296 1701 a
2319 1656 2471 1718 parte
2495 1645 2742 1716 minima,
2776 1646 2827 1701 id
2860 1655 2966 1713 est,
2989 1646 3059 1702 de
3099 1645 3538 1702 consideratione

1949 1757 2272 1814 paucorum,
2297 1743 2390 1798 sed
2419 1741 2488 1797 de
2517 1741 2601 1798 his
2620 1756 2742 1812 qua:
2767 1741 3272 1810 multorum,immo
3295 1739 3540 1796 omnium

250 1830 541 1888 stabilitate
589 1831 952 1903 conquiritur.
1003 1831 1287 1888 Postremo
1317 1833 1476 1889 etiam
1519 1833 1564 1888 si
1612 1834 1744 1888 mihi
1791 1833 1844 1890 in
1878 1836 1924 1897 Β
1953 1839 2237 1908 subjacent
2271 1837 2538 1903 facultati,
2569 1835 2892 1892 universalis
2917 1845 3001 1891 est
3023 1837 3206 1906 regula
3233 1848 3544 1905 proponen-

251 1925 500 1982 ctenohio
545 1926 843 1982 constituto
891 1926 961 1980 ab
991 1925 1084 1982 illa
1131 1925 1368 1996 puritate
1415 1926 1600 1982 cordis
1645 1925 1846 1998 aliquid

252 2017 409 2073 fuerit
461 2019 828 2085 imminutum,
878 2033 974 2074 ero
998 2019 1168 2075 solius
1220 2019 1538 2090 Evangelici
1587 2019 1845 2091 praecepti

252 2110 695 2180 compensatione
724 2118 1038 2175 contentus,
1061 2110 1206 2182 quod
1247 2120 1454 2167 certum
1486 2122 1570 2168 est
1595 2111 1846 2167 omnibus

251 2203 354 2277 illis
377 2203 555 2258 eremi
595 2202 857 2260 fructibus
896 2218 1004 2259 non
1045 2220 1205 2276 posse
1250 2206 1524 2276 postponi,
1558 2215 1616 2261 ut
1640 2206 1851 2263 scilicet

250 2297 313 2353 de
340 2297 583 2353 crastino
633 2299 767 2353 nihil
811 2300 1068 2370 cogitem,
1119 2308 1172 2356 et
1204 2316 1378 2372 usque
1406 2301 1475 2356 ad
1523 2302 1685 2359 linem
1717 2304 1845 2358 sub-

249 2393 418 2463 iectus
450 2391 672 2459 abbati,
701 2392 854 2448 illum
905 2394 1247 2466 aliquatenus
1279 2395 1468 2450 videar
1494 2397 1739 2452 aemulari
1778 2397 1848 2454 de

253 2501 354 2557 quo
378 2485 611 2550 dicitur,
665 2485 976 2543 Humiliavit
1025 2493 1357 2559 semetipsum
1387 2492 1555 2562 factus
1605 2490 1850 2548 obediens

252 2578 484 2648 usquead
508 2588 720 2634 mortem
741 2578 971 2651 (Philip.
999 2581 1060 2654 tt)
1084 2598 1099 2638 :
1123 2597 1440 2654 merearque
1464 2584 1606 2642 illius
1628 2585 1848 2641 verbum

254 2670 531 2726 humiliter
575 2671 778 2739 dicere,
836 2674 974 2740 Quia
1023 2691 1127 2729 non
1159 2677 1270 2729 veni
1317 2679 1488 2746 facere
1536 2677 1849 2733 voluntatem

253 2780 433 2832 meam,
505 2767 597 2820 sed
662 2767 980 2822 voluntatem
1045 2769 1160 2840 ejus
1217 2771 1307 2840 qui
1357 2771 1495 2826 misit
1545 2787 1624 2826 me
1672 2770 1847 2827 Patris

254 2855 436 2929 (Joan.
479 2859 598 2932 vt).

865 2954 1096 3012 CAPUT
1138 2954 1246 3011 VII.

373 3069 732 3142 Interrogatio
755 3070 820 3126 de
842 3070 1078 3142 coenobii,
1107 3071 1186 3126 vel
1213 3070 1509 3128 solitudinis
1528 3072 1720 3142 fructu.

320 3225 632 3282 Germanus
665 3226 842 3294 :Quia
886 3236 941 3283 te
981 3229 1261 3300 utriusque
1313 3228 1687 3300 professionis,
1738 3245 1845 3288 non
1873 3219 1920 3282 C

255 3321 714 3392 quemadmodum
746 3322 971 3388 multos,
1002 3322 1275 3394 principia
1305 3326 1684 3381 tantummodo
1714 3341 1849 3382 con-

256 3413 454 3484 tigisse,
511 3414 610 3470 sed
666 3415 782 3485 ipsa
837 3415 1050 3487 fastigia
1081 3417 1466 3472 conscendisse
1498 3417 1843 3475 manifestum

253 3517 362 3574 est;
392 3509 649 3580 quisnam
679 3509 1129 3581 cmaobitae,quis
1155 3511 1399 3565 eremitas
1425 3512 1500 3566 sit
1527 3510 1844 3581 liois,0pta-

255 3615 371 3656 mus
403 3615 737 3673 agnoscere.
781 3601 921 3657 Nulli
945 3618 1180 3674 namque
1204 3603 1424 3658 dubium
1453 3615 1540 3660 est
1569 3605 1842 3661 neminem

254 3696 319 3753 de
346 3697 428 3753 his
459 3699 548 3754 vel
579 3697 794 3754 fidelius
823 3714 986 3770 posse
1011 3700 1096 3755 vel
1125 3701 1338 3770 plenius
1365 3701 1844 3773 disputare,quam

254 3789 396 3848 illum
425 3792 523 3865 qui
553 3802 835 3864 utramque
863 3794 1250 3865 perfectionem
1277 3797 1440 3868 longo
1464 3813 1560 3853 usu
1594 3811 1652 3855 et
1680 3802 1850 3871 magi-

1950 1932 2039 1988 da.
2071 1932 2126 1988 Si
2151 1947 2255 2003 qua
2285 1946 2417 1987 vero
2467 1931 2745 1986 rarissime
2774 1940 2937 2000 atque
2965 1944 2996 1985 a
3029 1928 3374 2000 paucissimis
3403 1925 3545 1982 obti-

1951 2033 2170 2094 nentur,
2205 2037 2268 2079 ac
2297 2023 2714 2094 possibilitatem
2761 2021 3066 2078 communis
3111 2021 3329 2076 virtutis
3380 2034 3544 2076 exce-

1951 2115 2111 2183 dunt,
2161 2115 2313 2172 velut
2353 2130 2514 2186 supra
2558 2116 2930 2172 conditionem
2958 2114 3212 2170 humana:
3242 2111 3548 2184 fragilitatis

1952 2219 2310 2280 naturamque
2335 2223 2618 2274 concessa,
2651 2223 2678 2262 a
2708 2207 3001 2279 prmeeptis
3049 2215 3176 2263 sunt
3202 2205 3548 2278 generalibus

1951 2303 2365 2373 sequestranda,
2393 2317 2496 2360 nec
2522 2312 2629 2358 tam
2665 2318 2764 2373 pro
2792 2302 3052 2373 exemplo
3101 2316 3266 2374 quam
3315 2315 3415 2371 pro
3444 2300 3544 2354 mi-

1952 2395 2136 2452 raculo
2186 2395 2531 2466 proferenda.
2559 2395 2928 2463 Quamobrem
2976 2394 3028 2450 id
3070 2393 3212 2465 quod
3252 2391 3545 2464 inquisitis,

1952 2487 2248 2544 secundum
2286 2488 2716 2545 mediocritatem
2753 2503 2950 2545 sensus
2987 2487 3095 2542 mei
3136 2486 3380 2543 breviter
3421 2483 3548 2540 inti-

1953 2589 2132 2640 mabo.
2151 2594 2175 2622 ι
2194 2584 2341 2640 Finis
2364 2586 2586 2657 quidem
2615 2585 2907 2642 cenobitas
2931 2591 3016 2640 est
3041 2597 3233 2639 omnes
3260 2595 3388 2637 suas
3401 2595 3548 2635 mor-

1951 2682 2155 2738 titicare
2181 2691 2234 2738 et
2259 2684 2581 2754 crucifigere
2611 2682 2940 2748 voluntates,
2959 2696 3026 2736 ac
3048 2679 3344 2736 secundum
3371 2677 3548 2732 Evan-

1949 2773 2138 2843 gelica:
2196 2775 2549 2846 perfectionis
2602 2775 2841 2830 salutare
2895 2772 3230 2837 mandatum,
3290 2769 3424 2824 nihil
3477 2766 3548 2822 de

1951 2867 2191 2922 crastino
2238 2867 2481 2937 cogitare
2509 2865 2744 2938 (Matth.
2781 2882 2832 2920 Vl
2859 2865 2899 2936 ).
2953 2866 3126 2933 Quam
3151 2861 3547 2933 perfectionem

1951 2975 2175 3032 prorsus
2200 2976 2228 3014 a
2259 2960 2478 3016 nemine
2509 2960 2610 3015 nisi
2637 2975 2667 3014 a
2697 2959 2970 3015 cwnohita
2995 2957 3209 3028 impleri
3235 2969 3397 3026 posse
3422 2967 3545 3010 cer-

1952 3055 2220 3112 tissimum
2248 3064 2356 3110 est.
2388 3055 2560 3122 Quem
2613 3056 2788 3109 virum
2825 3053 2996 3108 Isaias
3027 3051 3295 3122 propheta
3343 3047 3550 3104 descri-

1952 3149 2106 3216 bens,
2141 3151 2214 3204 ita
2243 3147 2516 3205 beatiﬁcat
2546 3158 2707 3219 atque
2730 3147 3002 3203 collaudat
3033 3165 3046 3199 :
3071 3144 3098 3184 δ
3133 3143 3194 3201 Si
3239 3143 3481 3199 averteris
3511 3157 3546 3195 a

1952 3244 2164 3298 sabbato
2195 3243 2374 3312 pedem
2402 3254 2567 3307 tuum,
2619 3245 2788 3312 facere
2816 3241 3130 3294 voluntatem
3167 3248 3309 3293 tuam
3357 3239 3413 3290 in
3466 3235 3552 3290 die

1950 3347 2128 3392 sancto
2158 3352 2290 3400 meo,
2318 3346 2367 3390 et
2397 3333 2770 3404 gloriﬁcaveris
2797 3349 2937 3398 eum,
2965 3333 3091 3385 dum
3121 3347 3224 3384 non
3269 3330 3398 3399 facis
3440 3329 3551 3382 vias

1951 3439 2089 3494 tuas,
2117 3439 2162 3484 et
2189 3445 2290 3482 non
2313 3427 2565 3480 invenitur
2593 3425 2827 3480 voluntas
2861 3436 2968 3489 tua,
2999 3434 3054 3477 ut
3080 3421 3312 3494 loquaris
3351 3437 3550 3474 sermo-

1952 3537 2090 3589 nem,
2123 3530 2243 3574 tunc
2263 3518 2594 3573 delectaberis
2617 3532 2770 3587 super
2801 3515 3102 3579 Dominum,
3127 3523 3174 3567 et
3201 3512 3472 3567 sustollant
3499 3519 3548 3566 te

1953 3631 2106 3688 super
2129 3612 2454 3667 altitudinem
2485 3621 2654 3676 terrae,
2688 3620 2733 3664 et
2755 3609 2932 3663 cibabo
2975 3618 3024 3662 te
3063 3605 3361 3661 haereditate
3385 3603 3550 3658 Iacob

1953 3709 2114 3782 patris
2144 3707 2218 3760 tui
2245 3703 2384 3779 (Isa.
2415 3706 2589 3773 Lvm).
2623 3702 2695 3757 Os
2724 3703 2866 3757 cnim
2920 3700 3131 3755 Domini
3165 3699 3400 3753 locutum
3443 3706 3546 3751 est.

1961 3815 1982 3843 ε
2011 3803 2266 3859 Ειδεηιίιω
2297 3815 2425 3856 vero
2457 3798 2720 3871 perfectio
2741 3805 2825 3853 est
2851 3805 3072 3852 exutam
3096 3802 3335 3850 mentem
3366 3806 3396 3846 a
3419 3804 3554 3847 cun-

1330 3911 1589 3968 ALARDI
1631 3913 1866 3972 GAZEI
1903 3912 2482 3972 COMMENTARIUS.

320 4009 344 4076 ξ
372 4001 438 4058 1).
466 4001 833 4076 Hieronymus
861 4002 929 4057 de
955 4002 1242 4076 crepohitis
1273 4003 1540 4076 Egyptiis
1568 4015 1622 4060 et
1649 4021 1839 4063 eorum

251 4071 618 4146 imitatoribus
641 4071 710 4127 ita
733 4081 959 4146 testatur
983 4073 1180 4146 (Epist.
1212 4076 1305 4145 2‘2)
1335 4071 1559 4130 {Prima
1589 4081 1731 4146 apud
1756 4095 1841 4134 eos

252 4145 620 4223 confuderatio
647 4157 720 4223 es!
752 4144 957 4223 obedire
987 4144 1292 4223 maioribus,
1309 4159 1358 4201 et
1378 4144 1713 4223 quiscumque
1729 4153 1848 4223 jus-

254 4218 407 4290 serint
445 4220 645 4287 facere.
667 4216 969 4290 Crassianus
1001 4221 1140 4272 libro
1171 4233 1226 4290 tv
1270 4216 1504 4275 Institut.
1537 4216 1658 4290 cap.
1691 4216 1747 4285 8,
1779 4222 1848 4276 de

255 4285 514 4362 praefecto
551 4288 880 4362 novitiorntn
914 4303 1078 4358 agens
1113 4306 1126 4341 :
1164 4289 1318 4360 Ejus,
1352 4293 1540 4362 inquit,
1589 4285 1698 4345 hac
1754 4294 1848 4346 erit

255 4359 546 4433 sollicitudo
577 4369 627 4413 et
653 4360 879 4413 eruditio
905 4359 1231 4432 principalis,
1261 4378 1349 4433 per
1378 4359 1533 4432 quam
1555 4364 1738 4433 junior
1764 4364 1848 4417 in-

256 4429 524 4507 troductus
547 4434 826 4485 ascendere
850 4429 1216 4507 consequenter
1239 4429 1399 4486 etiam
1419 4429 1649 4507 culmina
1680 4436 1854 4507 perfe-

255 4499 433 4576 ctionis
461 4518 668 4576 summa
701 4505 974 4570 prwvaleat
1001 4499 1022 4556 ,⁵
1042 4514 1095 4556 ut
1124 4505 1302 4558 doceat
1330 4522 1444 4558 eum
1471 4499 1706 4576 primitus
1729 4499 1850 4561 suas

1947 4011 2165 4064 trimum.
2236 4006 2489 4060 Fructum
2537 4014 2710 4059 autem
2761 4003 3074 4058 coenobitica:
3117 4002 3233 4056 vita:
3290 3999 3550 4071 duplicem

1952 4081 2115 4150 tangit
2146 4095 2164 4132 :
2193 4095 2353 4132 unum
2382 4079 2435 4131 in
2468 4076 2734 4150 praesenti,
2764 4077 2852 4150 ριὶ
2879 4085 2954 4129 est
2983 4073 3265 4150 delectatio
3285 4073 3551 4150 inconso-

1953 4141 2230 4206 latibnibns
2257 4141 2478 4211 divinis,
2498 4165 2613 4201 cum
2637 4149 2711 4200 ait
2736 4164 2750 4201 :
2778 4141 2931 4200 Tunc
2957 4145 3294 4200 delectaberis
3336 4144 3390 4196 in
3444 4141 3552 4200 Do-

1953 4225 2126 4286 mino;
2150 4221 2314 4276 alium
2336 4223 2390 4274 in
2411 4223 2513 4273 vita
2535 4220 2729 4291 futura,
2761 4219 2850 4291 qui
2872 4228 2945 4273 est
2969 4214 3553 4291 consolatiofclicitatis

1953 4307 2177 4354 azternte.
2208 4310 2323 4347 cum
2349 4292 2514 4360 inquit
2535 4285 2565 4345 ἐ
2598 4285 2890 4360 Sustollarn
2931 4300 2980 4342 te
3025 4304 3178 4358 super
3224 4285 3557 4360 altitudinem

1956 4377 2128 4429 terrae,
2163 4375 2208 4419 et
2241 4358 2426 4418 cibabo‘
2449 4374 2496 4417 te
2527 4363 2826 4417 htrreditate
2849 4358 3014 4413 Iacob
3044 4358 3337 4430 patristui.

2031 4448 2055 4478 ε
2084 4427 2156 4491 Ita
2191 4436 2373 4503 plane,
2403 4446 2455 4489 et
2497 4433 2686 4488 iisdem
2720 4431 2835 4486 fere
2858 4427 3132 4485 verbisD.
3189 4427 3556 4503 Hieronymus

1957 4509 2023 4563 ad
2052 4498 2506 4564 illud-llicremian
2540 4521 2552 4556 :
2589 4503 2795 4556 Bonum
2821 4511 2892 4556 est
2925 4507 3056 4566 viro,
3106 4517 3220 4554 cum
3275 4498 3556 4566 portaverit

255 4571 450 4626 vincere
497 4574 826 4655 voluntates;
855 4590 1024 4655 quem.
1051 4577 1279 4629 studiose
1303 4579 1353 4655 in
1378 4570 1549 4655 his'ac
1575 4579 1851 4655 diligenter
1878 4570 1932 4597 υ
1948 4581 2246 4655 juguntpb
2271 4576 2619 4655 adolescentia
2648 4591 2741 4655 sua
2774 4573 2991 4644 (Thren.
3017 4572 3119 4640 ιιι).
3177 4570 3426 4655 Militum,
3475 4571 3559 4622 in-

255 4657 515 4705 excrcens.
551 4646 660 4718 hac
680 4646 758 4699 illi
781 4661 980 4714 semper
1010 4649 1262 4718 imperare
1290 4650 1352 4701 de
1373 4648 1636 4702 industria
1656 4646 1852 4703 curabit

255 4729 365 4782 qui:
393 4717 615 4791 senserit
646 4718 818 4791 animo
845 4719 956 4787 ejus
978 4717 1089 4791 esse
1107 4722 1390 4774 contraria.
1409 4718 1588 4773 Multis
1601 4721 1854 4791 siquidem

255 4788 841 4861 experimentisedocti,
867 4790 1077 4842 tradunt
1105 4791 1414 4844 monachum
1441 4802 1486 4845 et
1518 4788 1737 4845 maxime
1758 4794 1853 4861 juo

258 4867 442 4930 mores.
466 4876 534 4913 ne
563 4858 873 4926 voluptatem
899 4861 1106 4930 quidem
1136 4863 1566 4930 concupiscentia’
1616 4879 1724 4916 suae
1758 4858 1855 4916 ’τεο

259 4923 459 5002 frenare
485 4944 658 5002 posse,
689 4923 810 4984 'nisi
839 4923 982 4998 prius
1030 4923 1341 5002 mortiﬁcare
1373 4951 1462 5001 per
1514 4933 1855 4989 obedientiam

258 4997 649 5074 suas_didicerit
679 4997 963 5074 voluntates
993 5004 1012 5073 (
1030 5003 1154 5056 I’ide
1183 4997 1305 5056 call.
1338 4997 1383 5056 ξ’)⁷
1396 5014 1442 5057 et
1466 5003 1547 5074 4).

326 5067 350 5106 δ
376 5067 1350 5143 'I'urreCretuatus_hanc'sententiam
1381 5067 1556 5129 citans
1593 5094 1605 5128 :
1639 5073 1704 5129 In
1731 5075 1851 5143 hac,

260 5137 452 5215 inquit,
486 5143 798 5215 auctoritate
825 5137 1074 5194 Dominus
1099 5157 1190 5215 per
1211 5145 1508 5215 prophetam
1531 5146 1772 5200 describit
1794 5137 1859 5215 ﬁ;

256 5226 364 5264 nem
392 5213 498 5264 sive
523 5211 889 5281 perfxtionem
918 5213 1216 5266 monasticae
1236 5211 1340 5267 sive
1361 5217 1674 5269 ctenobitica.’
1696 5211 1857 5270 disci-

257 5282 432 5358 plina},
469 5294 517 5337 et
546 5281 776 5358 fructum
824 5282 938 5358 give
970 5285 1240 5358 prwntium
1273 5288 1406 5358 ejus.
1440 5283 1591 5340 Finis
1622 5289 1858 5342 consistit

255 5352 306 5428 in
334 5354 498 5428 tribus
518 5352 555 5408 :7
565 5355 793 5428 primum
824 5355 878 5407 in
905 5353 1246 5428 declinatione
1271 5352 1307 5408 ᾱ
1346 5359 1565 5424 peccatis
1613 5375 1702 5426 per
1742 5375 1859 5428 quin

254 5424 479 5501 violatur
518 5424 693 5501 quies,
749 5441 840 5496 per
875 5427 1260 5501 _observantiam
1311 5429 1510 5501 sabbati
1561 5424 1854 5501 designata.

260 5491 405 5568 Unde
427 5499 501 5549 ait
531 5491 551 5550 ὲ
577 5495 640 5551 Si
665 5491 913 5550 averteris
957 5514 989 5550 a
1015 5496 1225 5551 sabbato
1254 5499 1435 5568 pedem
1465 5513 1626 5565 tuum,
1662 5491 1716 5555 id
1757 5511 1856 5568 est,

255 5565 300 5619 si
329 5585 428 5646 non
461 5569 739 5623 violaveris
769 5570 989 5646 quietem
1018 5571 1214 5646 animi;
1239 5565 1458 5646 qute_(nt
1486 5573 1610 5646 dicit
1661 5565 1857 5646 glossa)

257 5642 390 5692 omni
422 5651 680 5715 tempore
707 5640 1412 5715 celebranda_est._$ecundo
1438 5645 1492 5698 in
1522 5640 1858 5715 obiurgatione

257 5712 817 5784 proprialvoluntatis,
841 5728 958 5766 cum
979 5713 1051 5766 ait
1083 5728 1102 5767 :
1139 5711 1264 5767 Non
1311 5716 1490 5784 feceris
1538 5711 1856 5772 voluntatem

256 5794 415 5859 tum.
453 5780 636 5838 Tertio
674 5785 728 5837 in
759 5785 1109 5859 refrenatione
1133 5780 1344 5859 lingua}.
1377 5787 1488 5842 ibi:
1519 5787 1588 5844 Ut
1626 5805 1727 5843 non
1774 5793 1854 5843 lo-

253 5856 429 5919 quaris
454 5870 771 5920 sermonem,
791 5855 983 5912 scilicet
1008 5855 1225 5926 malum,
1241 5866 1419 5912 contra
1452 5860 1614 5916 Deum
1637 5861 1713 5916 vel
1731 5877 1854 5931 pro-

1956 4641 2092 4722 qu‘it,
2122 4649 2312 4722 Christi
2372 4647 2640 4722 perfectio
2667 4653 2743 4722 est
2785 4641 2994 4722 exutum
3025 4641 3483 4722 ‘ntentem‘habfre
3527 4655 3560 4692 a

1955 4709 2157 4776 cunctis
2201 4709 2418 4772 terrenis
2444 4709 2690 4787 negotiis,
2725 4716 2873 4780 iuxta
2902 4714 3034 4787 illud
3067 4714 3304 4787 Apostoli
3340 4727 3355 4764 :
3385 4709 3556 4764 Nemo

1956 4795 2187 4847 militans
2236 4789 2344 4843 Deo
2387 4783 2619 4859 implicat
2667 4803 2722 4854 se
2770 4786 2990 4856 negotiis
3039 4783 3394 4859 sectatoribus,
3447 4790 3554 4859 _et_c.

1960 4865 2002 4936 (I
2029 4863 2166 4917 Tim.
2192 4853 2545 4936 "Latinique,
2567 4853 2816 4925 quantum
2828 4853 3394 4936 humanaimbecillitas
3417 4853 3560 4918 sinit,

1957 4928 2107 4990 unire
2135 4950 2250 4986 cum
2282 4931 2508 4985 Christo.
2538 4936 2710 4997 Quam
2747 4930 2956 4999 quidem
3014 4928 3233 5000 speciem
3261 4939 3564 5000 _cont'er_sa-

1959 5008 2112 5060 tionis
2140 5005 2257 5058 boni
2289 5004 2514 5056 eremitte
2559 4995 2607 5055 et
2647 4995 2908 5067 monachi,
2960 4995 3050 5066 qui
3092 5009 3207 5051 voto
3261 4995 3564 5050 monasticw

1959 5073 2881 5148 disciplina:obligatisunt,__imitari
2911 5071 3262 5148 contendunt;
3291 5067 3381 5122 sed
3438 5080 3566 5148 rar_a

1961 5161 2031 5204 est
2053 5135 2105 5203 ei
2127 5135 2451 5216 paucissimis
2475 5147 2610 5198 dono
2643 5135 2736 5196 Dei
2760 5143 2870 5196 hare
2912 5143 3156 5210 perfectio
3199 5154 3462 5216 concessa.
3509 5135 3568 5189 Is

1960 5221 2098 5274 enim
2119 5211 2232 5272 vere
2262 5229 2310 5269 et
2333 5233 2436 5269 non
2469 5231 2532 5268 ea:
2554 5226 2702 5285 parte
2731 5218 2984 5284 perfectus
3017 5225 3089 5266 est
3118 5214 3206 5281 qui
3234 5211 3358 5264 etin
3390 5223 3563 5261 eremo

1960 5293 2256 5360 squalorem
2287 5287 2586 5360 solitudinis
2602 5299 2649 5340 et
2675 5287 2727 5338 in
2748 5285 2974 5338 coenobio
2999 5285 3326 5360 inﬁrmitates
3343 5286 3564 5350 fratrum

1961 5353 2200 5431 mqttttbili
2230 5359 2655 5428 magnanimitate
2679 5365 2944 5410 sustentat.
2991 5354 3054 5409 Et
3096 5356 3219 5431 ideo
3243 5353 3316 5431 _in
3346 5362 3566 5431 utraque

1964 5421 2283 5504 professione
2307 5421 2396 5498 per
2423 5431 2597 5504 omnia
2639 5436 3049 5481 consummatum
3090 5425 3314 5504 invenire
3355 5421 3566 5493 difficile

1961 5497 2073 5570 est,
2092 5505 2212 5575 quia
2267 5517 2357 5554 nec
2386 5499 2698 5555 anachoreta
2751 5510 3096 5575 contemptum
3129 5513 3195 5575 ac
3224 5497 3566 5575 privationem

1961 5566 2311 5631 materialium
2343 5588 2536 5632 rerum,
2564 5588 2654 5625 nec
2680 5570 2929 5624 caenobita
2954 5566 3259 5622 'theoriram
3300 5566 3369 5621 ad
3426 5567 3566 5618 inte-

1962 5654 2328 5724 grum_potest
2360 5643 2562 5724 assequi
2595 5639 3014 5724 ρμξὶιιςῑεζιι.“11ει
3053 5640 3114 5694 D.
3175 5639 3561 5724 Hieronymus,

1964 5710 2087 5773 cum
2118 5710 2366 5772 doctrina
2401 5710 2563 5782 hujus
2593 5710 2802 5768 abbatis
2832 5713 2970 5767 belle
2996 5724 3327 5767 consonans.
3389 5710 3562 5782 Porro

1961 5787 2070 5844 huc
2118 5790 2280 5842 etiam
2332 5781 2581 5856 spectant
2619 5787 2783 5840 verba
2814 5783 2908 5838 ilia
2949 5781 3192 5856 Diopysii
3221 5781 3562 5856 Areopagitae

1965 5859 2195 5927 (Eccles.
2223 5847 2380 5913 Hier:
2399 5873 2444 5910 c.
2467 5856 2523 5921 6)
2545 5857 2794 5930 superius
2821 5857 2985 5910 citata
3009 5847 3228 5928 (Céllat.
3258 5851 3327 5910 18
3346 5847 3533 5921 cap.5)
3557 5891 3560 5896 .
