4072 6324
271 320 408 380 “ﬂ

972 312 1311 374 COLLATIO
1351 315 1493 372 XIX.
1525 343 1594 358 --
1627 315 1718 372 DE
1757 313 1877 374 PIN:

1979 315 2366 376 ιωδωθιω
2403 318 2490 376 ET
2535 319 2884 404 ΕΠΕΜΠίΕ.

3425 323 3572 390 “ei

270 434 528 506 instituti,
573 447 670 489 nec
697 433 937 488 excoctis
971 431 1248 502 prioribus
1279 429 1426 486 vitiis
1452 429 1519 488 ad
1559 431 1857 488 solitariam
1885 440 1936 500 Α
1965 433 2058 490 dix
2079 435 2481 506 omnium,quae
2503 435 2806 505 exstirpata
2827 453 2942 492 non
2963 437 3162 508 fuerat,
3189 449 3565 518 peccatorum,

271 547 331 590 se
359 529 527 588 vitam
567 529 855 584 immaturo
887 521 1164 582 desiderio
1213 526 1644 592 transtulerunt;
1673 527 1760 598 qui
1809 525 1862 582 in

271 635 504 698 utraque
557 631 710 696 parte
757 619 1060 692 imperfecti
1099 636 1312 692 semper
1337 636 1400 676 ac
1429 620 1684 692 fragiles,
1727 634 1865 690 quo-

272 733 508 792 cumque
567 731 694 772 aura
737 713 1120 772 commetionis
1151 715 1446 784 impulerit,
1501 714 1862 772 inclinantur.

272 811 408 872 Nam
456 807 909 884 quemadmodum
959 809 1242 866 censortio
1289 809 1376 864 vel
1427 810 1866 880 interpellatione

273 901 502 964 fratrum
531 905 882 974 impatienter
903 911 1230 973 exmstuaut,
1257 901 1329 958 ita
1355 902 1408 958 in
1432 902 1726 958 solitudine
1747 917 1870 958 con-

274 1001 530 1058 sistentes
574 997 691 1069 ejus
738 995 906 1068 ipsius
945 995 1088 1066 quod
1143 1005 1406 1068 expetunt
1446 1005 1470 1032 ι
1519 994 1720 1050 silentii
1757 1011 1868 1050 non

275 1093 458 1152 ferunt
485 1093 824 1160 vastitatem,
855 1091 1054 1162 quippe
1091 1091 1184 1162 qui
1223 1107 1292 1146 ne
1319 1091 1490 1162 ipsam
1517 1087 1734 1162 quidem
1781 1103 1870 1146 ra-

275 1185 482 1246 tionem
514 1193 740 1252 norunt,
764 1185 919 1254 cujus
939 1198 1100 1240 causa
1125 1183 1426 1246 desiderari
1453 1183 1538 1240 vel
1564 1185 1746 1256 expeti
1773 1183 1870 1240 deo

275 1285 406 1342 beat
432 1281 693 1350 solitudo,
727 1283 822 1338 sed
855 1281 994 1338 hanc
1021 1297 1142 1338 esse
1173 1281 1390 1338 virtutis
1420 1297 1484 1336 ac
1515 1280 1869 1352 professionis

277 1375 436 1436 istius
455 1379 774 1434 existimant
803 1391 1093 1444 summam,
1122 1386 1178 1434 ut
1203 1376 1432 1434 fratrum
1467 1376 1742 1434 consortia
1773 1376 1870 1434 de-

279 1473 567 1541 cliuantes,
603 1467 870 1528 humanos
901 1471 1284 1530 tantummodo
1313 1472 1584 1544 refugiant
1611 1488 1676 1529 ac
1711 1473 1868 1530 dete-

279 1567 496 1626 slentur
523 1577 797 1638 aspectus.

898 1659 1124 1717 CAPUT
1164 1658 1256 1717 X1.

315 1745 665 1828 Interrogatio
692 1745 754 1808 de
789 1751 1011 1828 remedio
1041 1769 1222 1828 eorum
1253 1751 1340 1824 qui
1368 1753 1468 1808 cito
1499 1753 1562 1808 de
1593 1753 1834 1810 coenobiis

931 1825 1224 1880 discedunt.

353 1933 654 2000 Germanus
686 1960 698 1996 :
753 1941 874 2010 Quo
919 1957 1050 2014 ergo
1097 1942 1184 1998 vel
1225 1941 1382 1999 nobis
1419 1941 1506 1998 vel
1539 1939 1752 1998 cteteris
1779 1940 1872 2012 qui

281 2031 525 2107 ejusdem
576 2031 883 2106 fragilitatis
930 2043 1092 2106 atque
1129 2035 1366 2092 miseriae
1397 2033 1566 2108 [Lips.
1613 2035 1670 2088 in
1699 2051 1866 2106 marg.

283 2125 578 2200 menSurte]
619 2137 766 2196 sunt,
799 2127 1043 2184 remedio
1073 2128 1274 2200 poterit
1299 2127 1596 2198 subveniri,
1633 2127 1722 2198 qui
1751 2143 1868 2184 coe-

281 2219 594 2278 nobialtbus
621 2221 919 2294 disciplinis
948 2222 1184 2278 tenuiter
1212 2222 1468 2288 instituti,
1511 2231 1636 2278 ante
1665 2223 1861 2292 expul-

281 2313 492 2372 sionem
533 2317 774 2374 omnium
819 2319 1095 2382 vitiorum,
1129 2315 1522 2374 habitationem
1563 2317 1872 2376 solitudinis

281 2409 544 2480 coepimus
565 2409 842 2478 affectare,
865 2411 948 2466 vel
971 2425 1084 2482 quo
1107 2418 1266 2482 pacto
1287 2411 1694 2482 imperturbata:
1719 2427 1872 2468 men-

283 2503 353 2560 tis
381 2507 744 2562 constantiam
785 2515 840 2562 et
875 2504 1212 2562 immobilem
1251 2506 1526 2578 patientiae
1573 2507 1874 2576 poterimus

281 2601 694 2672 apprehendere
739 2601 1080 2668 firmitatem,
1131 2601 1222 2674 qui
1270 2601 1417 2672 ipsas
1469 2601 1872 2673 quodammodo

279 2691 498 2752 scholas
521 2704 576 2752 et
603 2697 1010 2752 exercitationis
1041 2696 1200 2767 hujus
1235 2697 1563 2766 palaestram,
1595 2697 1648 2752 in
1669 2713 1773 2768 qua
1801 2697 1870 2752 ad

281 2789 500 2861 plenum
563 2789 764 2847 erudiri
815 2806 878 2846 ac
927 2791 1112 2862 perlici
1143 2791 1410 2862 principia
1450 2801 1638 2848 nostra
1667 2791 1872 2848 debue-

281 2892 428 2948 rant,
458 2884 836 2954 intempestive
861 2885 1172 2940 intermissa
1195 2885 1430 2942 cmnobii
1453 2887 1872 2944 conversatione

281 2977 706 3049 dereliquimus;
740 2979 972 3050 qualiter
1001 2994 1132 3050 ergo
1167 2995 1311 3036 nunc
1346 2981 1588 3038 solitarie
1629 2995 1872 3036 commo-

281 3083 490 3140 rantes,
551 3077 938 3146 perfectionem
987 3075 1420 3147 longanimitatis
1475 3091 1540 3132 ac
1593 3077 1870 3146 patientiae

281 3181 708 3238 consequemur,
732 3168 818 3224 vel
843 3169 1296 3238 quemadmodum
1324 3169 1422 3224 has
1445 3168 1550 3224 sibi
1573 3169 1754 3226 inesse
1785 3171 1866 3226 vel

1969 542 2132 602 quam
2161 528 2340 586 adhuc
2367 530 2422 586 in
2469 531 2627 586 nobis
2662 531 2846 590 vivere
2875 531 2961 590 bis
2990 533 3450 604 deprehendimus
3487 539 3570 598 in-

1967 620 2150 680 diciis.
2181 621 2350 678 Verbi
2391 625 2608 694 gratia:
2639 621 2776 679 Cum
2825 626 2882 680 in
2935 626 3231 684 solitudine
3259 630 3563 704 constituti,

1969 715 2258 772 adventum
2302 714 2531 772 fratrum
2577 717 2662 774 vel
2703 717 3082 776 brevissimam
3119 735 3306 778 eorum
3352 739 3564 782 moram

1968 823 2092 866 cum
2119 808 2352 880 quadam
2395 812 2675 866 aestuantis
2703 813 2872 868 animi
2911 814 3186 872 anxietate
3211 815 3562 887 suscipimus,

1969 907 2152 962 inesse
2183 903 2364 960 adhuc
2391 904 2445 960 in
2471 906 2632 962 nobis
2665 905 3070 964 vivacissimum
3101 911 3451 982 impatientim
3483 912 3566 970 fo-

1969 999 2158 1056 mitem
2187 999 2536 1067 noverimus;
2573 1015 2696 1056 cum
2727 1017 2858 1058 vero
2881 1003 3198 1074 cujusquam
3229 1003 3414 1062 fratris
3439 1021 3566 1075 spe-

1969 1109 2156 1152 ramus
2186 1092 2506 1160 adventum,
2534 1093 2584 1148 si
2611 1109 2678 1150 eo
2703 1110 2804 1166 pro
2831 1095 3155 1152 necessitate
3179 1097 3356 1168 aliqua
3381 1099 3568 1168 paulu-

1969 1189 2084 1245 lum
2111 1187 2338 1244 forsitan
2373 1187 2718 1256 demorante,
2747 1191 2836 1246 vel
2877 1193 3040 1246 tacita
3070 1191 3370 1262 indignatio
3401 1193 3564 1250 nimia

1972 1283 2093 1355 ejus
2117 1281 2420 1352 culpaverit
2451 1283 2786 1354 tarditatem,
2833 1293 2892 1342 et
2919 1295 3157 1344 mentem
3183 1299 3428 1342 nostram
3465 1287 3567 1342 im-

1971 1379 2202 1436 modica:
2225 1377 2658 1450 exspectationis
2679 1379 2990 1438 sollicitudo
3012 1382 3349 1448 turbaverit,
3371 1382 3468 1438 irte
3489 1391 3566 1438 ato

1973 1489 2080 1546 que
2108 1473 2340 1529 tristitiae
2383 1471 2674 1528 manifeste
2705 1473 2762 1528 in
2805 1476 2964 1530 nobis
2989 1476 3118 1532 vitia
3155 1476 3399 1533 residere
3427 1490 3564 1532 ceno

1972 1565 2216 1622 scientiae
2247 1571 2452 1620 nostra:
2481 1565 2735 1636 probavit
2765 1579 3014 1624 examen.
3047 1568 3180 1623 Item
3211 1570 3255 1624 si
3281 1569 3448 1626 fratre
3478 1568 3565 1625 vel

1974 1659 2218 1716 codicem
2249 1659 2318 1715 ad
2347 1659 2638 1730 legendum
2669 1661 2756 1718 vel
2783 1661 3082 1730 quamlibet
3103 1661 3268 1718 aliam
3305 1661 3372 1717 ad
3409 1671 3566 1718 uten-

1975 1755 2102 1812 dum
2131 1755 2370 1828 speciem
2397 1755 2728 1827 postulante,
2772 1765 2866 1814 aut
2890 1771 2992 1812 nos
3032 1757 3178 1814 illius
3203 1757 3397 1828 petitio
3442 1771 3566 1816 cen-

1899 1849 1950 1914 Β
1977 1849 2294 1918 lristaverit,
2313 1859 2406 1906 aut
2427 1850 2577 1906 illum
2597 1850 2814 1922 negatio
2831 1859 3014 1908 nostra
3035 1851 3319 1919 repulerit,
3341 1851 3566 1908 dubium

1973 1961 2082 2002 non
2107 1956 2192 2002 est
2227 1961 2328 2002 nos
2349 1947 2532 2004 adhuc
2563 1947 2804 2002 avaritia:
2847 1961 2946 2004 seu
2975 1947 3328 2020 philargyrim
3356 1947 3568 2019 laqueis

1973 2039 2296 2111 compediri.
2331 2039 2490 2110 Qttod
2513 2040 2560 2096 si
2589 2039 3028 2096 recordationem
3051 2040 3266 2096 feminae
3289 2040 3446 2096 nobis
3481 2039 3570 2098 vel

1973 2135 2232 2206 cogitatio
2267 2134 2452 2190 subita
2481 2134 2570 2190 vel
2603 2141 2774 2190 sacrae
2805 2135 2984 2192 series
3011 2135 3264 2192 lectionis
3301 2134 3568 2202 attulerit,

1973 2237 2028 2286 et
2053 2227 2108 2284 in
2131 2244 2194 2284 ea
2217 2229 2450 2299 quadam
2475 2243 2576 2284 nos
2602 2229 2938 2286 senserimus
2963 2227 3280 2284 titillatione
3303 2228 3568 2298 pulsatos,

1973 2322 2210 2378 sciamus
2235 2323 2469 2378 necdum
2493 2321 2826 2378 exstinctum
2859 2323 2912 2376 in
2943 2321 3208 2378 membris
3233 2321 3432 2378 nostris
3453 2319 3570 2376 for-

1974 2415 2260 2470 nicationis
2285 2413 2630 2470 ardorem.Si
2653 2429 2786 2470 vero
2813 2414 2882 2470 de
2903 2413 3309 2484 comparatione
3331 2413 3572 2470 strictio-

1973 2508 2061 2564 nis
2083 2517 2281 2563 nostra:
2303 2517 2362 2564 et
2385 2507 2724 2563 remissionis
2745 2508 2940 2564 aliena:
2961 2507 3050 2563 vel
3075 2507 3391 2562 tenuissima
3423 2520 3572 2562 men-

1975 2608 2082 2654 tem
2139 2609 2378 2656 nostram
2431 2599 2648 2654 tentarit
2693 2599 2882 2666 elatio,
2931 2609 3142 2656 certum
3191 2605 3278 2654 est
3311 2597 3430 2654 dira
3469 2611 3570 2654 nos

1974 2691 2244 2762 superbia:
2291 2700 2444 2760 peste
2471 2699 2780 2760 corruptos.
2813 2687 2950 2746 Cum
2997 2691 3114 2748 haec
3143 2705 3274 2762 ergo
3319 2693 3374 2746 in
3401 2689 3572 2748 corde

1973 2795 2164 2838 nostro
2191 2781 2714 2852 deprehenderimus
2739 2781 2994 2838 vitiorum
3032 2781 3254 2851 indicia,
3283 2783 3572 2844 manifeste

1973 2889 2367 2948 cognoscamus
2385 2875 2546 2930 nobis
2565 2889 2672 2930 non
2690 2873 2968 2944 affectum,
2985 2875 3078 2932 sed
3097 2875 3352 2932 etfectum
3376 2875 3572 2932 deesse

1973 2973 2200 3042 peccati.
2249 2971 2382 3040 Quae
2411 2971 2597 3040 utique
2645 2969 2948 3040 passiones,
2999 2971 3048 3024 si
3093 2985 3196 3026 nos
3234 2969 3564 3040 quandoque

1973 3065 2376 3124 conversationi
2403 3064 2788 3122 miscuerimus
2815 3062 3088 3130 humanae,
3119 3064 3362 3134 protinus
3388 3063 3456 3128 de
3475 3077 3570 3120 ca-

1974 3161 2157 3218 vernis
2185 3167 2494 3216 nostrorum
2538 3173 2798 3214 sensuum
2833 3157 3214 3228 procedentes,
3249 3156 3482 3225 probant
3509 3169 3572 3212 se

283 3259 476 3317 deesse
503 3263 732 3318 virtutes
751 3277 818 3318 ex
831 3263 1090 3332 ploratrix
1110 3263 1448 3318 internarum
1473 3273 1714 3318 motuum
1735 3277 1871 3320 con-
1899 3243 1946 3308 (ἓ
1977 3271 2086 3312 non
2121 3263 2247 3310 tunc
2277 3254 2514 3326 primum
2546 3267 2668 3308 cum
2693 3252 2974 3320 eruperint
3001 3251 3170 3318 nasci,
3191 3249 3286 3305 sed
3315 3257 3443 3310 tunc
3475 3247 3574 3308 de-

285 3353 508 3410 scientia
531 3353 928 3426 deprehendet,
953 3371 1022 3412 ne
1039 3355 1180 3412 forte
1199 3356 1328 3428 quia
1352 3355 1419 3410 ab
1439 3357 1716 3410 hominum
1741 3371 1872 3412 eon-

286 3448 458 3504 sortio
487 3451 756 3520 segregati
787 3449 954 3504 nullis
980 3449 1290 3506 earumdem
1323 3450 1718 3506 irritationibus
1743 3465 1872 3519 pro-

287 3553 566 3606 vocamur,
603 3541 736 3596 falsa
765 3543 1128 3597 aestimatione
1159 3541 1396 3610 decepti,
1428 3541 1870 3610 tranquillitatem

287 3631 484 3688 mentis
515 3647 614 3688 nos
643 3633 973 3690 immobilem
1003 3634 1286 3704 possidere
1313 3633 1634 3690 credamus?

881 3747 1108 3804 CAPUT
1147 3747 1268 3804 XII.

289 3840 578 3914 Responsio
625 3843 880 3914 quomodo
922 3843 1084 3913 possit
1131 3843 1396 3898 solitarius
1441 3843 1564 3897 uitia
1593 3859 1686 3898 sua
1715 3857 1878 3914 agno-

996 3931 1158 3969 scere.

357 4007 648 4064 Joannes:
699 4007 756 4062 In
811 4007 1044 4064 veritate
1098 4007 1466 4078 quaerentibus
1525 4007 1875 4076 medicinam,

291 4100 532 4156 remedia
582 4099 925 4156 curationum
977 4099 1047 4154 ab
1097 4099 1190 4156 illo
1241 4101 1530 4156 verissimo
1575 4102 1878 4156 animarum

293 4191 529 4260 medico,
583 4193 778 4248 deesse
825 4208 932 4248 non
991 4203 1238 4264 possunt,
1293 4193 1378 4248 his
1433 4195 1736 4264 pra:sertim
1789 4195 1878 4264 qui

291 4285 320 4324 ιι
354 4287 690 4346 valetudines
727 4303 874 4356 suas,
905 4305 1012 4344 non
1053 4287 1391 4359 desperando
1421 4297 1516 4344 aut
1556 4289 1882 4360 negligenda

295 4383 750 4452 contempserint,
779 4397 880 4438 nec
905 4383 1194 4438 vulnerum
1225 4396 1444 4436 suorum
1469 4381 1710 4450 pericula
1737 4381 1882 4436 cela-

293 4474 494 4540 verint,
527 4483 622 4530 aut
653 4473 922 4532 medelam
956 4474 1288 4545 poenitentiae
1319 4475 1530 4543 procaci
1573 4483 1756 4529 mente
1797 4489 1886 4529 re-

293 4569 564 4637 spuerint,
591 4569 686 4624 sed
712 4585 812 4639 pro
843 4569 1198 4639 languoribus
1225 4567 1544 4638 ignorantia:
1577 4567 1659 4622 vel
1693 4582 1882 4624 errore

1976 3365 2124 3406 mum
2151 3349 2272 3418 quia
2301 3347 2392 3402 diu
2419 3345 2681 3402 latuerint
2708 3345 3000 3414 publicari.
3031 3345 3098 3398 Et
3125 3344 3196 3400 ita
3222 3343 3577 3412 uniuscujus-

1975 3457 2080 3512 que
2107 3441 2223 3494 vitii
2279 3440 2490 3494 radices
2545 3438 2726 3494 inesse
2757 3435 2966 3492 deﬁxos
3009 3435 3112 3490 sibi
3156 3435 3320 3492 certis
3361 3435 3576 3492 indiciis

1975 3539 2139 3594 etiam
2191 3535 2468 3590 solitarius
2524 3531 2927 3598 deprehendit,
2981 3531 3232 3601 quisquis
3281 3529 3572 3600 puritatem

1978 3645 2130 3686 suam
2163 3645 2272 3684 non
2305 3625 2616 3682 hominibus
2641 3635 2940 3693 ostentare,
2965 3624 3060 3678 sed
3085 3623 3232 3678 illius
3254 3621 3574 3691 conspectui

1979 3721 2290 3778 inviolatum
2329 3719 2604 3774 studuerit
2647 3716 2926 3782 exhibere,
2981 3731 3142 3787 quem
3194 3715 3364 3770 latere
3390 3713 3571 3768 omnia

1979 3817 2160 3873 cordis
2187 3830 2380 3872 arcana
2413 3827 2518 3878 non
2555 3819 2802 3890 possunt.

2573 3903 2800 3961 CAPUT
2840 3903 2982 3958 XIII.

1983 4003 2355 4075 Interrogatio,
2381 3999 2638 4076 quomodo
2658 3999 2834 4076 sanari
2858 3997 3016 4076 possit
3041 3997 3128 4066 qui
3149 4010 3252 4076 non
3276 3993 3579 4064 expurgatis

2376 4071 2508 4126 vitiis
2531 4071 2860 4125 solitudinem
2886 4071 3146 4138 ingressus
3170 4071 3254 4120 sit.

2056 4187 2360 4244 Germanus
2389 4184 2762 4255 :Argumenta
2810 4179 3004 4252 quibus
3035 4179 3408 4236 infirmitatum
3441 4176 3583 4234 indi-

1984 4285 2068 4342 cia
2097 4284 2416 4352 colligantur
2444 4288 2498 4334 et
2531 4279 2794 4333 rationem
2845 4274 3326 4332 discernendarum
3365 4273 3586 4343 aegritu-

1986 4378 2194 4446 diuum,
2243 4375 2296 4430 id
2325 4383 2429 4442 est,
2461 4387 2568 4442 quo
2591 4383 2747 4442 pacto
2771 4369 2894 4424 vitia
2921 4385 3040 4440 qua:
3065 4369 3308 4424 celantur
3337 4365 3390 4422 in
3423 4367 3582 4422 nobis

1985 4470 2202 4524 valeant
2238 4464 2592 4536 deprehendi,
2627 4463 2802 4518 lucide
2832 4463 2964 4516 satis
3014 4470 3306 4532 aperteque
3347 4459 3586 4530 percepi-

1989 4577 2126 4616 mus.
2159 4560 2348 4616 Omnia
2375 4557 2642 4628 siqnidem
2667 4555 2976 4626 quotidiana
3005 4554 3338 4622 experientia
3374 4569 3436 4608 ac
3459 4553 3582 4610 diu-

295 4661 376 4716 vel
427 4638 757 4718 necessitate
797 4638 1112 4726 contractis,
1157 4661 1344 4716 humili
1386 4659 1598 4714 tandem
1633 4669 1686 4714 et
1724 4673 1881 4714 cauta
1907 4638 1964 4710 Ι)
1990 4654 2160 4710 turnis
2187 4664 2494 4708 neStrarum
2517 4648 2756 4704 motibus
2784 4647 3196 4718 cogitationum,
3249 4645 3320 4701 ita
3353 4653 3412 4699 ut
3441 4644 3584 4700 dicta

295 4755 361 4810 ad
389 4757 676 4812 ccelestem
707 4756 978 4812 medicum
1027 4765 1206 4812 mente
1234 4753 1598 4825 confugerint.
1648 4753 1892 4824 ideoque.

297 4862 457 4902 nosse
487 4847 748 4904 debemus
780 4848 922 4916 quod
955 4849 1000 4904 si
1033 4849 1096 4902 ad
1129 4849 1477 4904 solitudinem
1501 4847 1584 4902 vel
1613 4847 1680 4902 ad
1705 4847 1885 4902 abdita

298 4941 410 4995 loca
441 4943 679 4996 nendum
733 4944 936 4996 curatis
963 4943 1108 4997 vitiis
1147 4942 1488 5006 secedamus,
1538 4941 1766 4996 effectus
1794 4955 1888 4994 eo-

297 5047 414 5087 rum
447 5033 822 5088 tantummodo
847 5035 1192 5104 reprimatur,
1213 5048 1320 5088 non
1341 5033 1727 5102 exstinguatur
1757 5031 1884 5088 alle-

297 5138 437 5185 ctus.
470 5129 673 5184 Latitat
705 5131 848 5184 enim
880 5129 1020 5185 intra
1049 5145 1168 5199 nos,
1202 5131 1365 5182 immo
1399 5127 1564 5182 etiam
1603 5127 1772 5196 serpit
1803 5141 1890 5180 ra-

1991 4739 2145 4812 sunt,
2179 4747 2468 4800 intuemur.
2515 4741 2772 4810 Superest
2813 4737 2978 4809 igitur
3023 4749 3080 4794 ut
3127 4737 3584 4810 quemadmodum

1994 4839 2340 4912 probationes
2379 4849 2664 4904 causaeque
2694 4833 3006 4888 morborum
3057 4831 3459 4888 evidentissima
3487 4845 3585 4886 no-

1997 4935 2078 4988 bis
2099 4923 2348 4986 oratione
2383 4927 2662 4996 patefacta).
2709 4933 2854 4988 sunt,
2908 4924 2978 4978 ita
3031 4926 3190 4980 etiam
3245 4923 3586 4978 curationum

1998 5027 2205 5084 medela
2237 5029 2588 5078 monstretur.
2628 5019 2764 5072 Nulli
2791 5033 3022 5087 namque
3049 5017 3266 5070 dubimn
3289 5025 3392 5080 est,
3436 5016 3590 5070 illum

1997 5135 2156 5193 posse
2183 5113 2486 5172 rectissime
2521 5113 2590 5167 de
2619 5111 2898 5178 remediis,
2933 5109 3192 5163 malarum
3225 5107 3589 5165 valetudinum
3617 5159 3622 5176 ,

1380 5263 1636 5322 ALARDI
1675 5261 1912 5320 GAZIEI
1951 5253 2510 5317 COMMENTARIUS.
2796 5345 2805 5346 ὲ
2892 5345 2931 5346 ἡ
3431 5343 3478 5346 Η
3557 5345 3569 5346 7
3605 5283 3616 5346 ἶ

302 5359 644 5430 fortissintum
669 5369 720 5415 et
739 5361 1122 5420 ,asttttissimum
1147 5359 1442 5414 bellatorem
1471 5355 1735 5430 diabolum
1759 5357 1893 5430 mut-
1999 5359 2174 5430 menta
2199 5348 2734 5430 pugnarejnmciant.
2762 5345 3344 5430 Ubianrerremattts
3377 5343 3620 5430 adducit"

299 5427 473 5483 rerum
488 5433 678 5485 solatio
699 5433 774 5504 (id
802 5443 902 5498 est,
918 5433 1188 5502 atljutorio
1207 5431 1458 5504 aliorum,
1479 5441 1604 5498 puta
1624 5427 1892 5504 doctrina,

299 5504 574 5570 exetnplo,
603 5498 848 5559 oratione
865 5498 1118 5570 fratrum)
1133 5505 1252 5574 jam
1271 5503 1403 5556 docti
1431 5509 1754 5574 pugnare,_et
1776 5498 1899 5574 bene

299 5575 565 5633 instructi,
607 5579 838 5644 fratem
881 5587 946 5630 ea:
989 5578 1097 5628 acie
1132 5571 1210 5645 (id
1249 5583 1352 5636 est,
1395 5571 1812 5645 congregatione
1845 5573 1901 5624 ei

1469 5645 1536 5697 ad
1582 5643 1902 5714 singularem

303 5727 534 5789 pugnant
559 5721 740 5789 eremi,
764 5721 932 5772 securi
955 5721 1062 5789 iam
1084 5717 1193 5770 sine
1215 5715 1585 5789 consolatione,
1610 5717 1722 5789 sola
1746 5725 1906 5789 manu

299 5781 399 5860 ἑξεῖ
425 5787 635 5842 brachio
683 5781 760 5860 (id
813 5797 919 5855 est,
955 5781 1197 5856 'propria
1243 5789 1442 5860 virtute
1473 5781 1903 5860 ethfertitudine)

303 5857 420 5914 Dee
441 5856 736 5918 uuallianle
761 5871 942 5914 contra
991 5862 1180 5928 carnis,
1213 5858 1392 5914 mundi
1419 5867 1464 5913 et
1507 5856 1701 5912 diaboli
1734 5866 1902 5910 tenta-

299 5647 585 5700 consortlo
609 5643 863 5700 fratrum
911 5643 1426 5715 commilitantium)

2004 5415 2304 5480 doctrinam
2338 5421 2395 5476 S.
2441 5415 2662 5473 Thema:
2699 5418 2949 5488 superius
2981 5419 3200 5470 relatam
3232 5415 3336 5486 (Ad
3368 5433 3484 5488 cap.
3511 5417 3590 5488 6),

2007 5509 2108 5566 qua
2137 5493 2296 5566 docet
2340 5491 2531 5566 quibus
2563 5493 2851 5566 conveniat
2881 5489 2987 5566 vita
3029 5489 3300 5554 solitaria,
3345 5495 3398 5542 et
3432 5503 3598 5566 quam

2007 5561 2470 5638 periculoumrsit
2499 5562 2771 5638 indoctos,
2802 5567 2858 5616 et
2887 5563 3200 5638 inexpertos
3219 5601 3240 5638 ,_
3277 5567 3334 5613 et
3359 5561 3598 5638 nondum

2011 5627 2065 5693 in
2087 5635 2246 5691 hellis
2269 5633 2640 5704 spiritualibns
2661 5635 2793 5686 satis
2815 5627 3170 5697 exercitatos,
3193 5631 3358 5684 vitam
3377 5627 3600 5702 aggredi

2011 5707 2312 5766 solitariam
2343 5714 2396 5758 et
2421 5705 2776 5758 eremiticam.

2083 5779 2192 5852 flii
2213 5789 2314 5844 est,
2339 5775 2768 5852 diuturnitatem,
2799 5774 3166 5852 prolixitatem
3192 5782 3244 5828 et
3270 5771 3597 5852 molesti-tn.

2081 5851 2110 5891 ιι
2141 5851 2196 5906 ld
2225 5857 2328 5918 est,
2358 5846 2525 5904 animi
2563 5843 2883 5906 morbos'ct
2915 5847 3276 5903 infirmitates.
3311 5843 3412 5902 Est
3452 5843 3597 5899 enim
