4072 6324
453 294 598 355 1148

1515 284 1798 345 JOANNIS
1833 281 2151 344 CASSIANI
2185 280 2675 341 COLLATIONES.

3599 302 3738 357 ﬂ“

456 413 752 484 disputare,
806 408 895 481 qui
943 422 1129 464 earum
1182 407 1330 478 prius
1375 419 1567 462 causas
1619 411 1782 474 atque
1807 400 2238 474 originesAqui
2287 399 2487 456 dudum
2540 417 2663 458 cum
2714 402 2812 460 tibi
2842 419 2949 461 non
2978 407 3150 464 solum
3179 424 3420 470 summas
3464 416 3740 472 convicio-

455 502 833 575 agrotantium
878 500 1208 557 conscientia
1252 505 1544 554 attestaute
1598 495 2043 567 deprehenderit.

455 596 643 668 Itaque
669 596 794 651 licet
828 593 1071 648 doctrina
1101 591 1450 647 beatitudinis
1480 596 1588 646 tua:
1627 590 1912 645 vulnerum
1944 604 2045 644 no-

456 699 693 746 strorum
720 701 914 743 arcana
971 685 1275 751 nudaverit,
1305 701 1411 756 quo
1435 685 1489 739 tit
1522 694 1577 740 ut
1603 699 1822 754 sperare
1846 681 2048 754 aliquid

457 787 618 839 etiam
649 782 715 836 de
746 780 998 836 remediis
1025 780 1344 844 audeamus,
1386 780 1507 847 quia
1551 788 1659 832 tam
1694 778 1914 833 evidens
1949 777 2047 834 de-

457 877 682 932 claratio
713 875 885 930 morbi
918 891 1069 945 spem
1097 875 1322 930 remedii
1373 874 1688 944 pollicetur;
1723 883 1900 930 tamen
1925 874 2048 944 quia

457 970 715 1038 primum,
743 979 801 1022 ut
829 967 909 1022 ais
931 1009 944 1034 ,
975 969 1027 1022 in
1068 967 1577 1037 congregationibus
1623 967 1832 1022 initium
1861 968 2050 1022 salutis

457 1061 776 1131 acquiritur,
807 1071 859 1116 et
906 1061 1022 1114 sani
1045 1060 1097 1114 iu
1141 1059 1434 1115 solitudine
1486 1074 1607 1115 esse
1636 1073 1744 1114 non
1801 1069 2050 1130 possunt,

458 1155 560 1211 nisi
615 1169 752 1225 quos
806 1154 957 1226 prius
1015 1150 1388 1210 coenobiorum
1440 1151 1703 1208 medicina
1755 1153 2048 1219 sanaverit,

459 1249 766 1320 perniciosa
848 1263 1060 1304 rursum
1107 1247 1487 1316 desperatione
1539 1245 1896 1314 concidimus,
1983 1261 2053 1302 ne

458 1342 602 1398 forte
643 1344 732 1413 qui
774 1341 1076 1413 imperfecti
1126 1341 1434 1397 ctenobium
1480 1340 1820 1411 reliquimus,
1848 1355 2051 1411 nequa-

459 1449 621 1504 quam
657 1436 768 1506 jam
794 1435 1014 1506 perfecti
1040 1450 1162 1490 esse
1182 1434 1236 1488 iu
1260 1449 1446 1489 eremo
1470 1433 1745 1489 valeamus

1050 1526 1281 1583 CAPUT
1319 1526 1460 1582 XIV.

780 1623 1066 1693 Responsio
1087 1640 1244 1694 super
1263 1639 1440 1678 eorum
1467 1624 1738 1678 medicina.

533 1716 770 1773 Joannes
801 1736 814 1774 :
850 1717 927 1774 De
950 1720 1262 1775 morborum
1314 1734 1538 1774 suorum
1594 1719 1877 1775 curatione
1907 1719 2055 1774 solli-

2151 509 2272 550 rum
2303 495 2650 563 acerbitates,
2679 512 2866 554 verum
2895 501 3056 556 etiam
3102 501 3438 561 intoleranda
3479 509 3742 580 supplicia

2151 585 2268 657 ipse
2283 602 2640 658 proponeres,
2671 591 2802 647 satis
2828 593 3060 649 validum
3090 605 3253 666 atque
3301 598 3368 654 ad
3397 616 3592 659 omnes
3625 619 3746 674 pro-

2153 680 2319 736 cellas
2345 681 2675 739 immobilem
2703 694 2755 740 te
2779 687 3085 744 credebas?
3113 689 3396 759 Quomodo
3427 696 3624 750 invicta
3656 698 3747 754 illa

2153 773 2409 842 patientia
2469 782 2559 830 tua
2605 775 2862 832 levissimi
2913 780 3060 835 verbi
3108 781 3427 851 prolusione
3476 783 3647 858 [Lips.
3693 789 3750 842 in

2153 882 2318 939 marg.
2378 868 2699 942 prolatione]
2723 871 2971 929 confossa
3021 877 3136 931 est?
3181 877 3468 945 Quomodo
3519 881 3745 940 domum

2152 965 2297 1014 tuam
2324 975 2489 1030 super
2511 961 2657 1017 illam
2689 965 3071 1022 solidissitnam
3122 980 3328 1038 petram
3384 983 3531 1029 tanta
3553 985 3610 1031 ut
3643 976 3743 1032 tibi

2150 1051 2436 1109 videbatur
2466 1055 2608 1111 mole
2647 1067 3013 1115 constructam
3041 1061 3178 1118 levis
3224 1079 3354 1121 aura
3403 1068 3747 1123 commovit?

2156 1146 2256 1202 Ubi
2277 1155 2362 1203 est
2392 1149 2520 1204 illttd
2550 1151 2693 1222 quod
2718 1151 2864 1209 inani
2899 1155 3092 1212 ﬁducia
3125 1157 3407 1216 bellumin
3442 1177 3576 1230 pace
3604 1164 3752 1220 desi-

2154 1245 2349 1301 derans
2374 1247 2766 1316 proclamabas,
2799 1249 3025 1306 Paratus
3043 1270 3157 1308 sum
3177 1263 3349 1310 etnon
3377 1273 3491 1312 sum
3510 1258 3751 1314 turbatus

2157 1336 2331 1409 (Psul.
2360 1339 2590 1409 cxvut)?
2617 1341 2828 1399 Etcum
2862 1345 3125 1416 propheta
3162 1363 3306 1418 saepe
3336 1350 3522 1406 dixisti
3559 1369 3574 1405 :
3615 1355 3748 1406 Pro.

2158 1432 2220 1487 ba
2239 1449 2340 1502 me,
2389 1433 2628 1503 Domine,
2663 1446 2712 1490 et
2763 1446 2899 1493 tenta
2937 1457 3032 1508 me,
3068 1459 3160 1497 ure
3203 1461 3352 1498 renes
3394 1461 3536 1499 meos
3588 1457 3634 1500 et
3663 1463 3750 1501 cor

2158 1542 2323 1580 meum
2345 1527 2572 1600 (Psalm.
2604 1530 2812 1603 cxxv);
2851 1543 2905 1588 et
2941 1532 3117 1589 Proba
3144 1552 3245 1602 me,
3275 1537 3516 1604 Domine,
3551 1547 3600 1592 et
3623 1541 3750 1595 scite

2159 1635 2247 1673 cor
2275 1637 2465 1687 meum,
2496 1623 2756 1696 interroga
2803 1643 2905 1693 me,
2933 1640 2979 1682 et
3002 1645 3250 1699 cognosce
3277 1633 3486 1687 semitas
3513 1651 3681 1703 meas,
3705 1646 3752 1691 et

2157 1713 2272 1767 vide
2308 1715 2354 1769 si
2381 1718 2460 1770 via
2497 1717 2785 1787 iniquitatis
2826 1719 2881 1773 in
2938 1737 3018 1775 nte
3051 1733 3125 1778 est
3170 1722 3403 1794 (Psalm.
3445 1729 3752 1798 cxxxvm)?

461 1810 584 1866 citis
605 1811 904 1868 remedium
948 1812 1188 1870 salutare
1240 1813 1433 1869 deesse
1483 1829 1588 1869 non
1639 1814 1864 1885 poterit,
1894 1823 1945 1869 et
1974 1812 2056 1868 id-
2085 1807 2441 1878 Βουοωοάο
2487 1810 2757 1880 ingentem
2808 1815 3122 1869 certaminis
3183 1827 3503 1886 apparatum
3558 1820 3754 1890 exigua

461 1905 609 1960 circo
649 1905 838 1961 eodem
881 1906 1044 1962 modo
1085 1921 1193 1978 quo
1245 1907 1669 1978 uniuscujusque
1705 1907 1819 1962 vitii
1859 1905 2055 1976 depre-

460 2001 1016 2069 hendunturindicia,
1056 2004 1216 2058 etiam
1271 2004 1510 2058 remedia
1561 2012 1686 2057 sunt
1739 2000 2048 2073 quaerenda.

461 2092 597 2149 Nam
640 2095 1092 2164 quemadmodum
1150 2095 1407 2152 solitariis
1475 2094 1724 2149 humanae
1767 2107 2054 2149 conversa-

463 2190 629 2245 tionis
673 2189 799 2245 vitia
828 2190 1068 2245 diximus
1095 2205 1202 2245 non
1232 2190 1445 2254 deesse,
1475 2189 1548 2244 ita
1581 2188 1833 2243 virtutum
1880 2185 2053 2240 studia

463 2291 518 2338 et
538 2282 895 2338 instrumenta
925 2282 1218 2338 sanitatum
1241 2283 1492 2337 omnibus
1531 2281 1693 2336 etiam
1723 2280 1789 2334 ab
1818 2277 2054 2333 humana

462 2379 879 2435 conversatione
906 2379 1157 2434 discretis
1188 2393 1350 2448 posse
1390 2387 1679 2448 suppetere
1725 2390 1834 2429 non
1890 2387 2053 2445 nega-

467 2486 605 2527 mus.
657 2471 791 2526 Cum
824 2487 884 2526 se
933 2473 1095 2542 igitur
1125 2471 1477 2542 impatientia:
1505 2471 1618 2525 sive
1650 2470 1744 2523 iraa
1776 2467 2058 2539 perturba-

465 2565 705 2622 tionibus
728 2566 994 2621 incursari
1013 2567 1118 2620 illis
1140 2581 1262 2636 qua:
1291 2580 1454 2635 supra
1485 2563 1818 2620 ostendimus
1840 2563 2057 2618 indiciis

468 2660 844 2731 unusquisque
893 2660 1340 2727 deprehenderit,
1374 2659 1664 2715 contrariis
1705 2659 2056 2727 semetipsum

465 2770 683 2826 semper
728 2754 1132 2824 objectiouibus
1178 2763 1582 2823 exerceat,“et
1621 2752 1911 2823 propositis
1953 2751 2056 2808 sibi

463 2847 802 2903 multimodis
856 2848 1170 2916 iujuriarum
1213 2846 1729 2918 dispendiorumque
1768 2843 2058 2918 generibus

463 2942 609 2996 velut
639 2941 708 2996 ab
737 2941 844 2996 alio
873 2942 1092 2996 sibimet
1119 2941 1394 3012 irrogatis,
1445 2941 1770 2996 assuefaciat
1819 2947 2057 2994 mentem

463 3045 616 3087 suam
645 3033 699 3087 in
728 3033 979 3087 omnibus
996 3049 1114 3103 quae
1146 3035 1345 3089 inferre
1391 3032 1706 3103 improbitas
1730 3043 1906 3102 potest
1937 3046 2060 3102 per-

466 3125 607 3182 fecta
639 3126 943 3182 humilitate
967 3127 1322 3182 succumbere
1347 3144 1361 3192 ;
1385 3136 1546 3197 atque
1572 3141 1761 3198 aspera
1783 3125 1885 3180 sibi
1912 3141 2060 3196 quaa-

2157 1898 2328 1954 hostis
2359 1899 2546 1956 umbra
2573 1903 2868 1958 conterruit
2915 1902 3084 1976 [Lips.
3116 1907 3168 1961 in
3213 1925 3383 1982 marg.
3424 1908 3754 1983 contrivit]?

2157 1991 2269 2046 Tali
2327 2006 2456 2063 ergo
2511 1993 2858 2064 semetipsum
2915 1999 3348 2068 compunctiouis
3406 2002 3756 2059 animadver-

2157 2085 2309 2141 sione
2337 2086 2728 2157 condemnans,
2754 2089 2975 2146 inultam
3005 2093 3170 2148 animi
3199 2095 3282 2149 sui
3312 2096 3754 2153 commotiuncu-

2159 2182 2264 2237 lam
2293 2197 2414 2239 esse
2436 2198 2546 2238 non
2565 2185 2727 2251 sinat,
2764 2185 2859 2241 sed
2878 2187 3110 2244 arctiore
3131 2204 3348 2245 carnem
3375 2205 3530 2246 suam
3559 2192 3751 2264 jejunii

2157 2289 2222 2331 ac
2249 2275 2552 2346 vigiliarum
2596 2280 2940 2349 correptione
2964 2281 3257 2350 castigans,
3283 2297 3346 2339 ac
3366 2282 3588 2354 iugibus
3617 2301 3752 2341 cou-

2158 2369 2399 2425 tinentiae
2431 2372 2605 2441 poenis
2645 2372 2859 2441 culpam
2897 2389 3012 2428 sua:
3043 2375 3359 2431 mobilitatis
3405 2378 3750 2448 excrucians,

2158 2461 2211 2517 id
2241 2463 2385 2533 quod
2429 2463 2495 2518 ad
2522 2467 2736 2532 plenum
2767 2482 3071 2538 excoquere
3095 2469 3148 2525 in
3179 2471 3416 2526 coenobii
3453 2486 3754 2528 conversa-

2158 2555 2308 2611 tione
2361 2557 2641 2625 debuerat,
2684 2560 2736 2614 in
2790 2559 3079 2617 solitudine
3108 2563 3434 2620 constitutus
3462 2562 3568 2619 hoc
3597 2579 3756 2620 exer-

2160 2651 2434 2707 citationis
2476 2651 2600 2723 igne
2632 2663 2934 2709 consumat.
2967 2654 3102 2710 Illud
3130 2670 3262 2710 sane
3291 2655 3357 2711 ad
3397 2657 3752 2713 obtinendam

2154 2745 2340 2816 jugem
2365 2761 2428 2800 ac
2473 2745 2720 2800 stabilem
2774 2747 3086 2818 patientiam
3118 2760 3432 2806 constanter
3457 2764 3622 2822 atque
3647 2755 3752 2806 im-

2161 2839 2436 2896 mobiliter
2487 2852 2570 2896 est
2622 2841 2938 2910 tenendum,
2981 2857 3087 2897 nou
3147 2843 3315 2900 licere
3353 2845 3510 2900 nobis
3557 2846 3754 2917 quibus

2160 2932 2280 3004 lege
2308 2933 2494 2989 divina
2522 2950 2630 2989 non
2659 2935 2836 2989 solum
2868 2937 3002 2990 ultio
3057 2937 3399 3008 iujuriarum,
3449 2939 3544 2994 sed
3587 2941 3752 2995 etiam

2162 3028 2424 3082 memoria
2455 3028 2794 3097 prohibetur,
2826 3030 3118 3100 cujuslibet
3145 3031 3454 3088 detrimenti
3498 3035 3582 3089 vel
3635 3035 3756 3090 irri-

2162 3120 2380 3176 tationis
2427 3122 2652 3178 obtentu
2695 3123 2761 3177 ad
2809 3123 3143 3178 iracundiam
3198 3127 3549 3182 commoveri.
3599 3128 3754 3194 Quod

465 3232 570 3287 que
594 3227 649 3273 et
674 3218 1038 3274 intolerabilia
1071 3217 1384 3289 frequenter
1411 3233 1713 3290 opponens,
1744 3228 1946 3285 quanta
1975 3220 2054 3275 eis
2083 3218 2130 3283 C
2159 3213 2303 3270 enim
2348 3215 2540 3270 animae
2588 3216 2806 3285 graVius
2856 3225 3036 3286 potest
3078 3219 3297 3274 evenire
3359 3218 3729 3288 diSpendium,

462 3327 752 3370 occurrere
789 3313 985 3368 debeat
1007 3314 1231 3369 lenitate
1255 3313 1402 3368 omni
1421 3314 1625 3383 jugiter
1649 3311 1829 3367 cordis
1854 3313 2058 3367 contri-

465 3407 612 3460 tione
643 3405 950 3460 meditetur.
984 3406 1050 3460 Et
1096 3407 1165 3460 ita
1218 3404 1515 3475 respiciens
1569 3405 1633 3461 ad
1689 3405 1809 3460 illas
1840 3412 2057 3459 sancto-

463 3513 585 3552 rum
613 3500 856 3554 omnium
887 3499 1002 3555 sive
1030 3499 1199 3569 ipsius
1228 3499 1440 3554 Domini
1473 3499 1775 3568 passiones,
1800 3499 2056 3553 universa

464 3607 571 3646 non
601 3592 776 3647 solum
798 3592 1193 3658 conviciorum,
1219 3592 1312 3646 sed
1338 3593 1499 3647 etiam
1526 3606 1808 3662 poenarum
1832 3606 2053 3662 genera,

465 3683 719 3740 inferiora
758 3686 966 3740 meritis
997 3685 1110 3740 suis
1134 3699 1257 3740 esse
1299 3685 1676 3753 pronuntians,
1722 3685 1790 3740 ad
1839 3700 2053 3740 omnem

464 3793 524 3833 se
569 3779 816 3834 dolorum
859 3779 1200 3834 tolerantiam
1248 3779 1596 3849 prteparabit.
1656 3777 1899 3848 Cumque
1951 3779 2053 3833 ali-

464 3872 678 3941 quando
700 3873 767 3926 ad
798 3883 973 3928 castus
1022 3872 1256 3927 fratrum
1307 3872 1488 3944 aliqua
1538 3873 1698 3928 fuerit
1736 3873 2056 3928 invitatione

464 3975 771 4031 revocatus,
804 3965 945 4034 quod
961 3981 1066 4019 non
1094 3974 1273 4030 potest
1311 3967 1394 4021 vel
1428 3981 1552 4021 raro
1567 3967 1728 4022 etiam
1762 3966 2056 4022 districtis-

465 4055 618 4110 simis
667 4058 840 4112 eremi
893 4058 1093 4113 accolis
1159 4059 1472 4127 provenire,
1517 4060 1562 4114 si
1609 4068 1844 4114 mentem
1903 4074 2054 4114 suam

463 4148 624 4203 etiam
665 4164 764 4219 pro
821 4149 1031 4206 levibus
1059 4152 1361 4222 quibusque
1413 4151 1574 4206 rebus
1632 4150 2056 4220 deprehenderit

463 4241 625 4296 tacita
650 4242 983 4298 conscientia
1001 4242 1168 4299 fuisse
1185 4255 1533 4310 comm0tam,
1550 4255 1609 4299 ut
1631 4245 1848 4313 quidam
1876 4246 2056 4300 occul-

463 4343 638 4389 torum
667 4347 907 4389 mutuum
925 4337 1302 4392 severissimus
1322 4351 1540 4402 censor,
1559 4352 1682 4391 mox
1705 4337 1809 4391 sibi
1837 4336 1927 4392 illa
1957 4336 2052 4391 du-

461 4428 675 4483 rissima
701 4429 1018 4499 iniuriarum
1068 4438 1268 4499 genera
1301 4430 1494 4499 quibus
1539 4429 1606 4484 ad
1639 4429 1932 4499 perlectam
1967 4439 2054 4485 to-

460 4524 742 4579 lerantiam
802 4525 1156 4594 semetipsum
1215 4525 1545 4596 quotidianis
1614 4527 2054 4582 meditationibus

2160 3320 2321 3376 quam
2389 3315 2447 3361 ut
2501 3321 2597 3376 per
2645 3308 3022 3364 commotionis
3050 3311 3282 3366 subitam
3309 3312 3611 3367 caecitatem
3639 3314 3754 3369 veri

2159 3409 2319 3470 atque
2346 3402 2533 3456 aeterni
2587 3401 2804 3457 luminis
2851 3403 3099 3459 claritate
3129 3404 3361 3473 privata,
3393 3405 3461 3459 ab
3489 3405 3636 3460 illius
3659 3406 3756 3476 qui

2159 3495 2309 3550 mitis
2330 3503 2386 3550 et
2412 3493 2628 3549 humilis
2649 3503 2734 3550 est
2759 3496 2925 3551 corde
2958 3497 3417 3565 contemplatione
3461 3497 3757 3553 discedat?

2159 3585 2323 3654 Quid,
2356 3600 2511 3657 rogo,
2536 3587 3136 3658 perniciosius,quidve
3153 3588 3472 3656 deformius,
3504 3605 3666 3660 quam
3697 3600 3758 3647 ut

2159 3681 2279 3752 quis
2307 3680 2605 3736 honestatis
2651 3681 2911 3752 judicium
2955 3692 3010 3737 et
3039 3683 3280 3754 regulam
3314 3699 3378 3740 ac
3407 3683 3755 3754 disciplinam

2159 3784 2320 3831 recta:
2367 3776 2716 3832 discretionis
2769 3778 3000 3844 amittat,
3055 3790 3110 3834 et
3137 3794 3198 3834 ea
3239 3794 3404 3834 sanus
3433 3795 3497 3834 ac
3534 3781 3756 3836 sobrius

2159 3875 2433 3937 perpetret
2463 3884 2582 3938 qua:
2611 3883 2712 3923 nec
2739 3870 3064 3924 temulentus
3093 3871 3309 3942 quidem
3343 3871 3458 3942 quis
3490 3887 3552 3925 ac
3583 3887 3753 3926 sensu

2159 3960 2408 4031 indigens
2445 3961 2788 4018 veniabiiiter
2821 3963 3172 4019 admisisset?
3216 3963 3342 4020 Haec
3391 3979 3521 4035 ergo
3561 3975 3616 4019 et
3645 3980 3755 4019 ca:-

2159 4063 2276 4109 tera
2331 4053 2416 4109 his
2466 4055 2661 4109 similia
2716 4055 3041 4110 detrimenta
3090 4055 3334 4126 quisquis
3378 4056 3751 4125 perpenderit,

2158 4163 2266 4203 non
2305 4147 2480 4202 solum
2535 4148 2786 4203 universa
2841 4148 3162 4203 damnorum
3197 4164 3416 4218 genera,
3449 4149 3548 4204 sed
3586 4150 3754 4204 etiam

2157 4243 2478 4315 iujuriarum
2527 4253 2690 4314 atque
2730 4257 3013 4314 pinnarum
3068 4257 3421 4314 quaecumque
3469 4253 3755 4312 possunta

2155 4334 2548 4392 crudelissimis
2577 4335 2822 4406 irrogari,
2853 4334 2996 4392 facili
3025 4335 3422 4390 sustentatione
3458 4334 3750 4405 despiciet,

2157 4431 2290 4487 nihil
2322 4429 2719 4499 diSpcndiosius
2772 4429 3050 4484 iracundia
3100 4444 3198 4483 nec
3237 4428 3524 4498 pretiosius
3581 4428 3752 4482 animi

2156 4522 2550 4593 tranquillitate
2571 4537 2635 4577 ac
2662 4528 2917 4592 perpetua
2952 4522 3132 4576 cordis
3172 4521 3255 4576 sui
3304 4521 3552 4590 judicans
3605 4523 3755 4591 puri-

457 4618 739 4673 excrcebat
787 4619 1106 4688 exprobret,
1160 4631 1322 4690 atque
1354 4621 1423 4674 ita
1457 4635 1517 4676 se
1567 4621 1856 4691 objurgans
1883 4631 1936 4676 et
1966 4622 2046 4676 in-
2080 4609 2130 4668 Ι)
2158 4627 2286 4683 tate,
2317 4620 2388 4672 ob
2417 4631 2577 4687 quam
2601 4631 2707 4670 non
2737 4617 2913 4671 solum
2957 4617 3274 4685 carnalium,
3317 4615 3411 4671 sed
3437 4615 3603 4670 etiam
3632 4614 3753 4668 illa-

457 4725 686 4780 crepans
711 4713 1016 4782 alloquatur
1044 4730 1057 4765 :
1087 4711 1239 4767 Tune
1265 4713 1355 4768 ille
1385 4729 1440 4768 es
1475 4714 1616 4770 bone
1670 4715 1772 4780 vir,
1803 4715 1894 4786 qui
1921 4715 2046 4770 dum

457 4809 510 4858 te
542 4804 596 4858 in
626 4804 713 4859 illa
771 4805 1080 4861 solitudinis
1138 4815 1242 4861 tua:
1295 4822 1582 4863 exerceres
1624 4809 1894 4878 palmstra,
1929 4825 2044 4863 om-

457 4896 548 4951 nia
565 4907 940 4969 superaturum
983 4897 1126 4952 mala
1170 4899 1608 4956 constantissime
1651 4900 2042 4971 przesutnebas,

2159 4729 2275 4768 rum
2304 4728 2429 4784 quae
2458 4713 2731 4782 Spiritales
2770 4713 3046 4778 videntur,
3087 4726 3267 4765 rerum
3291 4709 3597 4780 spernenda
3624 4719 3752 4764 sunt

2156 4805 2464 4871 commoda,
2518 4806 2563 4858 si
2611 4805 2743 4859 alias
2797 4805 3003 4874 acquiri
3061 4805 3142 4858 vel
3191 4803 3399 4872 perﬁci,
3459 4803 3563 4856 nisi
3624 4816 3748 4857 cum

2155 4902 2313 4972 hujus
2343 4900 2749 4973 tranquillitatis
2773 4899 3182 4971 perturbatione
3212 4913 3318 4952 non
3345 4903 3584 4967 possunt.

1511 5039 1766 5095 ALARDI
1808 5040 2038 5096 GAZ/El
2078 5041 2642 5099 COMMENTARIUS.

452 5128 708 5201 valetudo
761 5131 1082 5187 vocabulum
1127 5147 1350 5201 anceps,
1399 5143 1458 5188 ut
1504 5133 1639 5188 alias
1687 5135 1886 5188 dictum
1930 5145 2033 5188 cst.

524 5209 550 5237 ο
580 5199 758 5275 Minus
812 5204 970 5275 enim,
1025 5205 1097 5257 ait
1146 5204 1206 5259 Β.
1266 5199 1558 5271 Gregorius
1606 5202 1836 5275 (Homil.
1881 5205 1952 5260 35
1985 5207 2038 5259 in

447 5267 703 5345 Evang.),
723 5272 903 5343 jacula
935 5275 1124 5344 feriunt
1149 5292 1264 5345 qui:
1290 5267 1672 5342 prtevidentur;
1715 5286 1763 5330 et
1793 5293 1882 5329 nos
1911 5277 2038 5330 tole-

445 5342 667 5418 rabilius
710 5342 904 5418 mundi
933 5342 1070 5399 inata
1117 5342 1444 5417 suscipimus,
1473 5349 1517 5400 si
1565 5357 1744 5400 contra
1791 5350 1899 5401 haec
1948 5365 2040 5418 per

445 5417 782 5486 prwscientia:
857 5416 1094 5486 clypeum
1160 5416 1442 5471 munimur.
1509 5419 1635 5472 Eatn
1696 5419 1764 5471 ob
1820 5416 2035 5473 causam

447 5483 697 5540 Christus
725 5502 848 5541 cum
872 5483 995 5542 aliis
1037 5504 1146 5542 tum
1201 5490 1461 5558 apostolis
1503 5490 1555 5543 in
1607 5488 1792 5556 primis
1826 5489 2038 5545 futuras

398 5559 854 5634 ‘persecutiunes
903 5571 1156 5634 accurate
1204 5561 1472 5628 prmdixit,
1530 5570 1588 5613 ut
1634 5576 1700 5614 ne
1749 5569 2034 5630 postquam

445 5629 748 5681 evenissent
790 5638 884 5683 aut
910 5632 1409 5686 scandalizarcntur
1439 5643 1528 5685 aut
1560 5629 2035 5688 conturbareutnr.

445 5695 599 5760 Hac,
644 5700 836 5768 inquit,
867 5701 1066 5755 locutus
1094 5719 1207 5756 sum
1232 5704 1370 5757 vobis
1393 5745 1407 5768 ,
1441 5717 1496 5757 ut
1525 5720 1623 5756 non
1647 5705 2040 5757 scandalizemi-

445 5770 499 5820 ni
514 5769 1030 5846 :Absquegynqgogis
1044 5774 1230 5846 facient
1244 5791 1460 5846 voscetc.
1479 5772 1660 5845 (Joan.
1678 5778 1811 5843 xvt).
1830 5774 2032 5832 Eodem

446 5850 697 5911 spectans
735 5841 800 5899 D.
850 5841 1131 5915 Chrysust.
1175 5845 1393 5900 hornilia
1431 5841 1498 5902 de
1523 5841 1800 5905 Avaritia:
1835 5846 2029 5918 Rebus,

2147 5135 2340 5206 inquit,
2373 5136 2635 5206 prosperis
2663 5143 2921 5208 exspectes
2967 5135 3232 5190 adversas.
3266 5134 3332 5188 In
3363 5135 3749 5206 tranqailutatc

2145 5217 2497 5273 tempestatem
2523 5216 2783 5278 exspecta,
2813 5209 2866 5260 in
2894 5209 3114 5260 sanitate
3131 5208 3362 5260 morbum
3382 5215 3626 5278 exspecta
3650 5208 3746 5278 ;Ain

2144 5279 2333 5332 divitiis
2389 5276 2745 5350 paupertatem
2793 5295 2855 5332 ac
2898 5279 3276 5350 mendicitatem
3322 5276 3577 5347 exspecta.
3633 5276 3746 5330 Me-

2143 5359 2335 5414 mento,
2371 5349 2544 5418 inquit
2585 5349 2858 5422 Scriptura
2913 5349 3154 5422 (Eccles.
3203 5349 3374 5417 xvm).
3434 5360 3634 5419 tempus
3662 5349 3746 5417 fa-

2144 5423 2241 5474 mis
2267 5424 2318 5474 in
2347 5432 2572 5489 tempore
2599 5421 2954 5486 abundantiae,
2983 5421 3359 5473 mendicitatem
3389 5428 3437 5471 et
3463 5429 3743 5488 egestatem

2142 5493 2196 5545 in
2221 5494 2398 5546 diebus
2431 5491 2727 5562 opulentiae.
2759 5493 2838 5546 Ad
2858 5493 2996 5544 hunc
3017 5493 3228 5545 modum
3248 5491 3290 5543 si
3319 5490 3476 5560 fueris
3497 5489 3742 5559 afer-tus,

2145 5574 2252 5616 tum
2284 5573 2330 5617 et
2357 5564 2561 5617 divitias
2601 5565 2767 5618 multa
2794 5579 2906 5616 cum
2935 5563 3206 5617 sobrietate
3243 5562 3664 5625 administrabis;
3688 5574 3742 5615 et

2146 5644 2442 5706 egestatem,
2476 5636 2519 5687 si
2547 5635 2760 5700 incidat,
2786 5635 3058 5706 fortissime
3099 5635 3352 5706 perferes._
3372 5631 3572 5706 Malum
3590 5630 3735 5706 enim

2142 5701 2554 5773 inexspectatum
2600 5701 2918 5776 perturbabit
2962 5701 3213 5770 animum,
3245 5707 3290 5758 si
3336 5704 3546 5776 incidat.
3578 5701 3735 5776 Quod

2139 5770 2310 5832 autem
2357 5770 2772 5846 exspectabatur,
2798 5779 2845 5832 si
2898 5779 3122 5842 accidat,
3152 5792 3254 5830 non
3305 5771 3527 5829 multum
3577 5770 3734 5840 a/fert

2136 5848 2560 5919 perturbationis.
