4072 6324
291 382 428 440 1145

881 497 1108 556 CAPUT
1133 499 1248 556 XV.

285 587 666 665 Interrogatio,
689 608 760 646 an
789 591 864 646 ita
913 593 1123 648 castitas
1150 595 1282 650 sicut
1303 606 1350 650 et
1373 603 1570 650 autem
1609 598 1876 668 passiones

852 684 1032 740 debeat
1060 685 1346 756 explorari.

361 777 884 836 Germanus:Sicut
941 789 1258 836 eceterorum
1317 781 1622 846 vulnerum,
1675 782 1728 838 id
1771 793 1872 846 est,

287 871 404 938 irae,
437 871 666 928 tristitia:
696 871 782 926 vel
812 871 1183 941 impatientius,
1235 888 1332 943 per
1361 874 1718 945 ohjectionem
1748 891 1876 932 con-

211 963 217 1034 !
287 965 574 1020 trariarum
595 977 772 1018 rerum
797 963 1008 1019 medela
1033 972 1328 1020 monstrata
1341 975 1446 1030 est,
1461 967 1532 1022 ita
1555 969 1718 1022 etiam
1747 982 1876 1022 eon-

285 1065 364 1112 tra
391 1056 639 1126 spiritum
665 1055 1031 1112 fornicationis
1069 1058 1212 1128 quod
1242 1059 1539 1116 curationis
1577 1075 1751 1129 genus
1775 1075 1878 1117 nos

283 1158 534 1220 oporteat
574 1150 834 1206 adhibere
878 1151 1128 1208 volumus
1172 1152 1412 1223 edoceri,
1443 1154 1496 1208 id
1553 1162 1660 1220 est,
1693 1163 1876 1212 utrum

282 1243 448 1298 etiam
496 1243 954 1312 concupiscentia:
1005 1243 1144 1315 ignis
1187 1246 1500 1316 propositis,
1541 1247 1682 1302 sicut
1731 1247 1872 1314 illic,

282 1336 583 1405 majoribus
615 1337 931 1392 irritationis
981 1340 1286 1411 augtnentis
1339 1339 1510 1410 possit
1558 1341 1872 1412 exstingui,

280 1428 426 1499 quod
456 1430 589 1484 satis
637 1431 872 1486 castitati
928 1433 1200 1488 credimus
1245 1449 1366 1490 esse
1417 1437 1788 1501 contrarium,
1829 1435 1875 1491 si

279 1535 387 1576 non
416 1522 589 1578 solum
623 1534 1020 1594 exaggerentur
1045 1525 1098 1580 in
1122 1527 1285 1582 nobis
1309 1527 1548 1582 libidinis
1580 1528 1870 1600 incentiva,

279 1615 376 1672 sed
404 1616 490 1672 vel
523 1624 884 1687 praetereunte
911 1619 1110 1674 mentis
1137 1620 1293 1676 oculo
1319 1623 1772 1692 perstringuntur.

884 1711 1113 1768 CAPUT
1139 1711 1276 1768 XVI.

414 1803 726 1872 Responsio,
754 1805 939 1877 quibus
969 1806 1289 1864 documentis
1313 1810 1474 1878 possit
1503 1811 1736 1882 agnosci.

959 378 1301 438 COLLATIO
1343 380 1482 436 XIX.
1517 411 1586 421 —
1617 381 1706 438 DE
1743 383 1874 440 FlNl

1977 382 2336 441 (ΕΝΟΒΙΤΕ
2377 385 2465 442 ΕΤ
2507 385 2862 444 EREMI'LE.

3429 389 3568 450 M46

1899 511 1952 568 Α
1977 505 2289 574 (ιυωειίοηὶε
2309 504 2636 563 dilueidatur
2665 509 2991 576 obscuritas,
3013 522 3136 564 eum
3167 509 3566 568 absolutionem

1979 597 2098 668 ejus
2127 599 2426 670 anticipans
2461 600 2736 671 inquisitio
2756 617 2864 673 quo
2891 602 3136 659 ducenda
3159 613 3242 660 est
3269 603 3563 660 antecedit.

1979 690 2164 764 Itaque
2204 694 2457 750 remediis
2481 695 2698 766 quidem
2727 697 2940 753 illorum
2967 713 3088 769 qua:
3139 713 3300 770 supra
3333 698 3566 756 diximus

1977 785 2254 853 vitiorum,
2301 801 2408 842 non
2455 789 2632 842 solum
2687 789 2822 844 nihil
2877 790 3144 856 olﬁciunt,
3189 807 3372 846 verum
3402 791 3564 848 etiam

1977 879 2202 932 multum
2227 877 2512 934 conferunt
2534 879 2762 936 humana
2777 882 3071 939 consortia.
3097 882 3230 938 Nam
3263 881 3564 954 frequentia

1977 972 2327 1042 impatientius
2374 989 2486 1028 sua:
2529 973 2774 1030 crebrius
2827 977 3113 1046 patefacta.
3147 987 3354 1047 quanto
3395 979 3566 1048 magis
3603 965 3617 1048 ξ
3651 965 3656 970 ’

1976 1064 2254 1120 assiduum
2296 1064 2564 1136 superatis
2594 1065 2838 1123 dolorem
2889 1069 3322 1139 compunctiouis
3369 1069 3566 1126 intule-

1976 1159 2110 1226 rint,
2135 1167 2282 1214 tanto
2329 1159 2656 1216 velociorem
2685 1161 3054 1218 laborantibus
3101 1163 3392 1220 conferunt
3421 1163 3563 1220 sani-

1977 1261 2164 1308 tatem.
2221 1253 2304 1310 Ob
2357 1255 2499 1324 quod
2548 1257 2709 1310 etiam
2763 1257 2816 1310 in
2863 1257 3154 1312 solitudine
3175 1257 3562 1325 consistentes,

1975 1359 2102 1402 cum
2127 1347 2486 1402 irritationum
2515 1346 2688 1403 fomes
2709 1356 2870 1418 atque
2908 1350 3134 1405 materia
3161 1349 3230 1404 ab
3255 1349 3566 1406 hominibus

1975 1453 2082 1492 non
2136 1437 2310 1509 possit
2357 1453 2688 1508 exsurgere,
2747 1447 2926 1496 tamen
3001 1441 3314 1496 earumdem
3375 1442 3568 1496 incita-

1976 1540 2154 1586 menta
2202 1530 2462 1587 debemus
2505 1531 2666 1586 etiam
2709 1532 2778 1587 de
2825 1532 3089 1588 industria
3129 1543 3459 1600 retractare,
3509 1541 3566 1588 ut

1974 1622 2240 1679 adversus
2269 1638 2336 1680 ea
2372 1623 2546 1697 [Lips.
2578 1626 2630 1679 in
2658 1641 2826 1698 marg.
2857 1625 3007 1698 eam]
3031 1626 3144 1698 jugi
3175 1627 3562 1699 cogitationum

1973 1719 2355 1776 colluctatione
2405 1719 2774 1790 pugnantibus
2818 1719 2973 1776 nobis
3021 1721 3233 1778 medela
3265 1723 3565 1794 promptior

1974 1813 2306 1870 conferatur.
2338 1823 2364 1852 ἰ
2390 1813 2592 1870 Contra
2625 1813 3002 1870 fornicationis
3051 1829 3181 1870 vero
3207 1814 3454 1886 spiritum
3486 1813 3569 1870 di-

349 1897 588 1954 Joannes
622 1917 636 1954 :
663 1899 1028 1968 Quiestionem
1059 1917 1180 1974 qua:
1230 1903 1394 1959 etiam
1447 1906 1752 1961 tacentibus
1773 1920 1867 1962 vo-
1895 1907 1944 1968 B
1969 1923 2124 1964 versa
2155 1909 2312 1974 ratio,
2346 1917 2402 1964 et
2427 1909 2610 1978 dispar
2633 1915 2712 1964 est
2741 1923 2923 1963 causa.
2953 1907 3086 1964 Nam
3115 1908 3566 1978 quemadmodum

275 1987 362 2045 bis
391 1993 756 2048 narrationem
783 2003 1022 2048 nostram
1055 1995 1230 2050 luerat
1278 2005 1552 2064 secutura,
1601 2012 1762 2068 sagax
1789 2000 1871 2054 in-
1969 2000 2184 2070 corpori
2239 2015 2366 2054 usus
2424 1999 2660 2055 libidinis
2692 2001 2976 2070 carnisque
3006 2001 3276 2068 vicinitas,
3305 2001 3376 2055 ita
3403 2000 3566 2056 etiam

276 2084 572 2156 terrogatio
595 2093 775 2141 vestra
809 2087 1090 2156 praavenit,
1121 2099 1173 2144 et
1205 2087 1409 2145 idcirco
1431 2089 1722 2147 efﬁcaciter
1747 2107 1866 2148 eam
1971 2091 2141 2148 menti
2163 2094 2422 2148 memoria
2453 2092 2569 2161 ejus
2615 2101 2698 2148 est
2737 2093 2946 2162 penitus
2989 2091 3378 2148 subtrahenda.
3420 2090 3568 2146 Satis
3657 2085 3660 2088 ⁴

275 2177 530 2233 sensibus
573 2179 770 2234 vestris
827 2179 1242 2250 concipiendam
1295 2196 1417 2238 esse
1465 2197 1572 2238 non
1629 2184 1868 2256 ambigo,

272 2271 716 2342 quandoquidem
761 2273 1158 2330 institutionem
1207 2287 1452 2332 nostram
1506 2292 1732 2334 acumen
1777 2294 1870 2334 ve-

273 2364 374 2420 stri
397 2367 680 2436 prtecessit
707 2366 930 2438 ingenii.
987 2367 1114 2424 Sine
1161 2368 1350 2426 labore
1404 2369 1546 2425 enim
1581 2370 1868 2442 cujuslibet

1972 2186 2112 2242 enim
2155 2186 2512 2256 perniciosum
2551 2194 2636 2242 est
2673 2186 2846 2242 adhuc
2893 2185 3123 2242 inﬁrmis
3165 2188 3430 2257 aegrisque
3475 2200 3568 2256 pe-

1969 2278 2209 2334 ctoribus
2238 2279 2322 2335 vel
2363 2279 2728 2334 tenuissimam
2771 2280 3198 2335 recordationem
3241 2280 3399 2348 hujus
3439 2292 3566 2348 pas-

1972 2370 2140 2426 sionis
2167 2371 2564 2440 admittere,ita
2595 2381 2654 2428 ut
2683 2387 3085 2444 nonnumquam
3113 2373 3192 2429 eis
3218 2372 3380 2428 etiam
3411 2369 3438 2409 ι)
3465 2371 3568 2428 sub

1331 2486 1592 2542 ALARDI
1629 2487 1864 2543 GAZA‘ZI
1903 2485 2467 2544 COMSIENTARIUS.

351 2588 378 2617 ι
405 2579 640 2652 Luxuria
659 2580 802 2636 enim
828 2581 1278 2652 nonresistendo,
1302 2581 1396 2636 sed
1425 2581 1676 2652 fugiendo
1705 2583 1879 2638 vinci-

277 2659 386 2726 tur.
423 2651 574 2726 Quod
603 2651 1218 2726 insinuztns_._ltpostolus
1247 2653 1321 2708 ait
1373 2671 1384 2705 :
1436 2651 1625 2726 Fugite
1652 2655 1876 2722 fornica-

277 2724 470 2794 tionem
510 2721 557 2794 (l
592 2722 711 2776 Cor.
743 2723 840 2794 γι).
895 2723 950 2777 Id
979 2739 1108 2794 vero
1163 2726 1434 2794 quomodo
1463 2721 1872 2793 inielligendum

275 2795 370 2863 sit,
399 2793 643 2850 declarat
683 2795 745 2850 D.
777 2793 1014 2850 Thomas
1045 2793 1136 2866 (in
1165 2793 1462 2866 comment.)
1497 2813 1508 2848 :
1547 2796 1872 2864 Notandum,

273 2867 474 2934 inquit,
504 2867 642 2936 quod
685 2875 868 2920 cetera
920 2867 1044 2920 uitia
1084 2867 1357 2920 uincuntur
1413 2869 1718 2934 resistendo,
1753 2871 1874 2937 quia

273 2947 474 3008 quanto
499 2939 668 3009 magis
693 2939 844 2992 homo
885 2939 1228 3009 particular-ia
1275 2939 1566 2994 considerat
1596 2951 1642 2993 et
1663 2951 1870 3006 tractat,

275 3015 424 3083 tanto
449 3008 617 3062 minus
644 3010 708 3083 in_
741 3011 822 3083 eis
855 3008 1045 3083 invenit
1073 3008 1212 3083 unde
1251 3009 1556 3076 delectetur,
1590 3012 1680 3064 sed
1711 3013 1872 3083 magis

275 3081 526 3134 anxietur
552 3097 571 3146 ;
619 3079 710 3134 sed
738 3081 916 3134 uitium
971 3081 1328 3150 fornicationis
1359 3097 1458 3135 non
1497 3083 1714 3135 uincitur
1747 3079 1874 3136 resi-

276 3150 482 3219 stendo,
507 3152 632 3222 quia
659 3161 851 3222 quanto
875 3153 1036 3222 magis
1063 3153 1353 3207 incenditur
1379 3169 1396 3208 :
1429 3153 1519 3206 sed
1545 3155 1764 3206 vincitur
1791 3156 1873 3222 fu-

277 3224 489 3292 giendo,
514 3223 569 3274 id
596 3234 692 3290 est,
719 3223 941 3277 letaliter
961 3224 1172 3278 vitando
1193 3225 1522 3292 cogitationes
1553 3225 1870 3289 immundus,

273 3291 326 3348 et
369 3293 620 3364 quaslibet
669 3295 979 3366 occasiones.
1009 3304 1087 3366 utﬁ
1101 3291 1290 3366 dicitur
1317 3293 1538 3366 Zaghar.
1573 3311 1610 3348 ιι
1646 3293 1874 3366 :Fugite

276 3369 342 3419 de
369 3375 510 3421 terra
539 3366 847 3436 Aquilonis,
895 3365 1021 3420 dicit
1059 3365 1330 3420 Dominus.
1375 3364 1632 3419 Eamdetn
1670 3364 1871 3420 doctri-

277 3413 809 3505 strigmentum;
833 3413 1089 3506 expliciti
1105 3413 1870 3506 ii."iii“éroi?y}}i'iis§"ciVigi-
1899 3413 1945 3476 C

277 3508 504 3563 lantium
539 3508 874 3573 hazreticum,
899 3509 988 3578 qui
1021 3510 1314 3562 monachos
1342 3517 1396 3562 et
1415 3507 1706 3572 solitarios,
1731 3509 1872 3574 quod

277 3578 521 3634 libidinis
565 3595 796 3650 pugnam
844 3579 1102 3648 fugiendo
1141 3580 1396 3644 vitarent,
1422 3579 1578 3650 velut
1627 3579 1874 3650 imbelles

279 3659 336 3705 et
367 3651 588 3720 ignavos
616 3648 960 3720 suggillabat,
987 3652 1070 3704 his
1105 3651 1287 3704 verbis
1321 3649 1603 3719 aptissime
1651 3648 1870 3716 refutat,

278 3723 400 3789 ejus
429 3721 721 3787 ohjectioni
755 3721 1087 3792 respondens
1119 3739 1133 3775 :
1166 3721 1292 3784 Cur,
1343 3723 1536 3789 inquit,
1591 3723 1760 3792 pergis
1803 3721 1874 3774 ad

282 3809 513 3848 arentum
535 3795 560 3847 ?
580 3793 816 3847 uidelicet
855 3805 908 3846 ut
955 3803 1000 3846 te.
1029 3810 1128 3848 non
1177 3793 1408 3860 audiam,
1431 3808 1534 3846 non
1563 3793 1795 3858 uideam;
1819 3801 1872 3846 ut

287 3873 378 3918 tuo
421 3866 592 3932 furore
631 3881 730 3918 non
777 3881 1001 3930 movear,
1031 3874 1087 3918 ut
1129 3874 1216 3916 tua
1245 3863 1380 3916 bella
1417 3880 1520 3916 non
1569 3867 1778 3932 patiar;
1812 3881 1875 3919 ne

286 3953 370 3988 me
400 3937 568 4008 capiat
600 3940 778 3989 oculus
791 3937 1101 4008 meretricis;
1133 3951 1196 3988 ne
1224 3935 1390 4008 forma
1433 3935 1780 4008 pulcherrima
1806 3939 1876 3988 ad

283 4005 497 4060 illicitos
542 4008 696 4060 ducat
737 4007 1022 4078 amplexus.
1065 4007 1412 4072 Respondebis
1445 4021 1462 4060 :
1497 4005 1612 4059 Hoc
1653 4023 1757 4058 non
1802 4017 1875 4060 est

285 4095 540 4145 pugnare,
565 4082 655 4133 sed
681 4077 896 4147 fugere;
927 4085 1006 4130 sta
1031 4078 1085 4130 in
1137 4079 1267 4140 acie,
1307 4078 1614 4147 adversgriis
1643 4089 1876 4132 armatus

284 4152 519 4214 absiste;
547 4160 602 4203 ut
647 4145 912 4219 postquam
947 4149 1122 4202 viceris
1165 4149 1441 4202 coroneris.
1479 4145 1669 4202 Fateor
1719 4149 1876 4202 imbe-

282 4221 554 4275 cillitatem
583 4237 744 4274 meam
784 4235 800 4274 :
851 4219 970 4272 nolo
1029 4237 1117 4290 spe
1143 4235 1371 4290 pugnare
1399 4219 1732 4290 pictorumque
1761 4235 1876 4285 per-

281 4292 406 4345 dam
431 4293 714 4360 aliquando
745 4293 1032 4346 victoriam.
1056 4289 1122 4345 Si
1151 4289 1346 4362 fugere,
1374 4291 1608 4360 gladium
1629 4289 1872 4362 devitari;

279 4365 324 4416 si
357 4372 468 4418 stet;
487 4380 567 4427 ro,
621 4373 710 4416 attt
767 4363 1069 4416 uincendum
1115 4361 1242 4414 mihi
1293 4369 1388 4425 est,
1427 4369 1518 4414 aut
1540 4361 1828 4414 cadendum
1856 4377 1875 4416 :

281 4435 408 4504 quid
457 4447 628 4488 autem
678 4451 876 4489 necesse
922 4441 994 4486 est
1050 4442 1190 4486 certa
1235 4433 1530 4496 dimittere,
1581 4441 1626 4484 et
1683 4432 1876 4504 incerta

281 4501 506 4560 sectari?
531 4509 632 4558 Aut
651 4515 791 4559 scuto
815 4515 903 4557 aut
925 4503 1138 4576 pedibus
1157 4521 1294 4557 mors
1318 4505 1527 4558 vitanda
1558 4513 1652 4557 est.
1684 4501 1760 4556 Tu
1789 4507 1877 4568 qui

280 4593 509 4648 pugnas,
541 4587 588 4630 et
618 4579 848 4648 superari
871 4587 1033 4646 potes,
1065 4587 1111 4628 et
1149 4577 1378 4648 vincere;
1416 4590 1512 4648 ego
1533 4591 1647 4626 cttm
1671 4577 1874 4648 fugere,

281 4645 387 4719 non
417 4651 564 4702 uinco
587 4649 640 4701 in
667 4645 724 4702 eo
751 4645 890 4718 quod
921 4649 1094 4719 fugio;
1115 4647 1205 4701 sed
1245 4647 1358 4700 ideo
1385 4647 1638 4719 fugio,_ne
1680 4645 1874 4700 vincar.

283 4717 455 4774 Nulla
501 4717 771 4774 securitas,
799 4730 871 4772 est
919 4717 1084 4773 uicino
1137 4727 1376 4785 serpente
1409 4717 1634 4771 dormire
1667 4731 1686 4770 :
1719 4729 1876 4782 potest

1981 2589 2094 2636 tam
2127 2593 2314 2636 natura
2346 2599 2504 2653 quam
2533 2599 2701 2654 prona
2723 2585 3008 2654 voluntate
3063 2602 3073 2636 :
3105 2582 3252 2653 quod
3282 2583 3444 2638 etiam
3468 2582 3566 2638 do-

1979 2665 2065 2708 cet
2097 2653 2384 2708 Cassianus
2416 2653 2564 2726 (Lib.
2596 2671 2667 2710 vtt
2709 2653 2844 2710 Inst.
2883 2672 2997 2726 cap.
3043 2655 3066 2710 l
3102 2663 3150 2708 et
3180 2655 3268 2724 5).
3311 2653 3564 2708 Omnium

1981 2733 2159 2779 tamen
2192 2727 2444 2780 vitiorum
2485 2728 2796 2782 occasiones
2823 2737 2876 2781 et
2905 2726 3276 2793 incitamenta,
3307 2735 3563 2794 quantum

1979 2795 2032 2850 in
2063 2796 2219 2850 nobis
2243 2809 2345 2864 est,
2381 2799 2552 2853 vitare
2597 2798 2880 2864 debemus,
2921 2799 3042 2868 quia
3102 2798 3312 2866 objecta
3343 2803 3566 2851 movent

1979 2871 2244 2937 potentias
2264 2913 2278 2936 ,
2307 2869 2610 2939 praesertim
2638 2869 2848 2938 objecta
2889 2867 3147 2934 libidinis,
3191 2869 3424 2935 ideoque
3451 2883 3568 2922 ma-

1977 2939 2060 3008 gis
2088 2939 2358 2996 evitanda.
2388 2939 2653 2997 Similiter
2707 2942 3038 3008 Augustinus
3092 2943 3143 2993 in
3191 2939 3422 3010 quodam
3451 2953 3568 2993 ser-

1977 3024 2137 3082 mone
2176 3027 2189 3064 :
2236 3010 2386 3082 Quod
2412 3011 2742 3082 libidinem,
2793 3013 2964 3082 inquit
2997 3009 3216 3080 (Serm.
3261 3013 3297 3064 2
3359 3009 3570 3064 Domini

1975 3079 2011 3133 2
2069 3090 2189 3155 post
2217 3079 2382 3155 _Trin.
2410 3081 2428 3152 )
2452 3123 2469 3150 ,
2526 3079 2824 3154 fugiendam
2861 3079 2970 3138 esse
3008 3079 3371 3155 ’suggerimus,
3442 3097 3569 3150 apo-

1975 3153 2136 3204 stolus
2207 3151 2416 3208 Paulus
2459 3151 2716 3208 evidenter
2782 3155 3042 3220 ostendit,
3091 3151 3202 3224 'qui
3280 3168 3396 3206 cum
3459 3169 3570 3205 om-

1977 3225 2125 3276 nibus
2155 3225 2290 3277 ritiis
2341 3226 2700 3292 pra’dicaverit
2750 3243 2857 3280 esse
2895 3227 3252 3282 resistendum.
3293 3225 3416 3278 dum
3448 3239 3570 3276 con-

1975 3301 2056 3345 tra
2087 3291 2349 3348 libidinem
2369 3295 2680 3364 loqueretur,
2711 3312 2812 3350 non
2851 3296 2986 3350 dixit
3019 3313 3038 3350 :
3067 3295 3324 3360 Resistite,
3348 3297 3436 3349 sed
3455 3291 3570 3348 Fu-

1973 3367 2078 3436 gite
2108 3365 2520 3436 fornicationem.
2577 3367 2668 3419 Sic
2718 3377 2764 3418 et
2801 3368 2925 3420 alibi
2951 3369 3006 3420 in
3056 3366 3346 3434 Scripturis
3385 3366 3570 3420 divinis

1975 3435 2194 3508 legimus
2219 3453 2232 3489 :
2263 3435 2390 3508 oli
2415 3437 2468 3489 in
2497 3438 2697 3508 faciem,
2721 3437 2932 3508 uirginis
2959 3437 3240 3508 intendere,
3259 3453 3322 3508 ne
3350 3447 3395 3489 te
3413 3451 3566 3508 scatt-

1977 3505 2166 3560 dalizet
2189 3505 2357 3560 uultus
2400 3505 2512 3578 ejus
2548 3507 2772 3578 (Eccles.
2800 3505 2902 3578 Ῑι).
2956 3506 3020 3560 Et
3049 3509 3222 3578 beatus
3246 3505 3440 3578 Ioseph
3465 3547 3482 3572 ,
3516 3517 3570 3560 ut

1976 3577 2288 3647 impudicam
2316 3577 2578 3630 dominam
2615 3587 2780 3648 posset
2831 3577 3060 3642 eradere,
3091 3577 3314 3649 pallium
3351 3577 3450 3649 quo
3475 3595 3506 3630 ιι

1977 3651 2256 3718 prehensus
2285 3650 2456 3720 fuerat
2477 3649 2706 3719 reliquit,
2747 3659 2793 3702 et
2825 3649 2976 3720 fugit.
3012 3648 3152 3719 Ergo
3185 3657 3364 3720 contra
3393 3648 3570 3703 libidi-

1977 3721 2056 3772 nis
2083 3721 2326 3794 impetum
2364 3719 2689 3794 apprehende
2716 3719 2915 3794 fugom,
2941 3722 2984 3772 si
3031 3723 3105 3774 vis
3134 3719 3372 3794 obtinere
3390 3721 3580 3794 picto:

1975 3795 2126 3844 riam.
2160 3790 2270 3845 Nec
2297 3793 2386 3844 tibi
2415 3790 2848 3863 uerecunduntsit
2883 3793 3080 3863 fugere,
3101 3793 3144 3846 si
3173 3791 3425 3863 castitatis
3454 3790 3570 3862 pol;

1975 3879 2112 3916 mam
2152 3863 2414 3916 desideras
2464 3863 2708 3917 obtinere.
2755 3862 2828 3916 Ita
2857 3861 3205 3932 AuguStinus.
3267 3861 3364 3916 Est
3406 3861 3570 3932 igitur

1977 3947 2164 3989 contra
2197 3934 2462 3988 luxuriam
2523 3949 2673 3989 more
2701 3933 3022 3988 Parthorum
3056 3935 3420 4004 pugnandum,
3462 3935 3569 3988 sci-

1977 4005 2104 4076 licet
2149 4005 2424 4076 fugiendo,
2467 4007 2721 4072 versisque
2774 4007 2994 4076 sagittis,
3027 4017 3084 4059 ut
3128 4005 3378 4076 Virgilius
3435 4005 3570 4060 dixit

1978 4073 2302 4148 (Georgftu)
2323 4120 2336 4144 ,
2364 4087 2422 4132 et
2441 4078 2718 4147 eleganter
2747 4073 2987 4148 Baptista
3029 4073 3348 4132 Mantuanus
3375 4095 3388 4130 :

2071 4189 2210 4240 Hanc
2231 4201 2396 4242 contra
2422 4197 2617 4242 certare
2641 4204 2788 4250 cave;
2815 4205 2924 4240 nam
2951 4192 3154 4240 vincere
3177 4191 3304 4240 vinci
3331 4195 3408 4240 est
3432 4205 3442 4240 :

2075 4253 2286 4304 Vincere
2312 4263 2450 4317 terga
2473 4255 2612 4314 dare,
2635 4261 2686 4304 et
2709 4265 2848 4304 retro
2871 4255 3080 4316 vestigia
3104 4253 3256 4304 ferre.

2048 4359 2078 4398 ι»
2105 4361 2242 4416 Hinc
2257 4359 2549 4416 Cassianus
2567 4373 2748 4414 monet
2767 4360 2859 4414 lih.
2879 4375 2932 4413 vt
2957 4359 3130 4413 Instit.
3155 4373 3279 4420 cap.
3301 4355 3388 4416 l3.
3411 4355 3572 4412 casti-

1981 4434 2174 4487 monim
2191 4435 2414 4502 primatu
2432 4447 2552 4486 esse
2565 4431 2886 4496 custodiam,
2901 4439 2957 4483 ut
2973 4447 3087 4483 cum
3104 4431 3258 4483 menti
3271 4439 3572 4502 nostr-ceme-

1981 4507 2145 4556 moria
2160 4499 2308 4556 sexus
2322 4503 2524 4570 feminei
2541 4517 2632 4570 per
2644 4501 2880 4555 subtilem
2901 4504 3276 4571 suggestionem
3299 4499 3573 4554 diabolica:

1982 4574 2284 4627 calliditatis
2315 4573 2621 4642 obrepserit,
2667 4575 2888 4643 primum
2947 4573 3175 4626 immissa
3219 4571 3572 4626 recordatione

1981 4649 2192 4708 matris,
2248 4661 2514 4710 sororum,
2572 4661 2660 4698 seu
2713 4653 2848 4698 certe
2889 4647 3196 4714 feminarum
3241 4650 3568 4706 sanctarum,

1980 4718 2282 4783 quantocius
2314 4733 2424 4769 eam
2453 4717 2518 4768 de
2547 4725 2733 4769 nostra:
2765 4713 2946 4768 mentis
2983 4713 3263 4770 recessibus
3300 4714 3572 4768 es-trudere

280 4791 399 4859 ﬁeri
456 4803 509 4844 ut
573 4807 651 4844 me
705 4807 805 4844 non
863 4793 1092 4844 mordeat
1126 4831 1138 4852 ,
1209 4783 1380 4843 tamen
1441 4797 1604 4859 potest
1663 4787 1777 4856 fieri
1823 4799 1877 4842 ut
1905 4796 1956 4855 1)
1982 4789 2313 4858 festinemus,
2343 4798 2454 4859 etc.
2483 4786 2737 4859 Eat‘udetn
2767 4789 2836 4859 uti
2863 4801 3078 4859 causam
3117 4787 3174 4837 ι).
3212 4783 3572 4859 Hieronymus

279 4863 565 4927 aliquando
620 4878 700 4915 me
740 4862 986 4914 mordeat.
1035 4859 1228 4914 Matres
1267 4876 1536 4925 uocamus,
1589 4873 1785 4912 sorores
1830 4870 1876 4914 et

267 4934 464 5000 .ﬁlius,
493 4942 542 4987 et
581 4949 682 4986 non
724 4933 1062 4986 erubescimus
1105 4932 1238 4984 vitiis
1277 4932 1464 4984 nostris
1513 4931 1720 4983 nomina
1771 4935 1878 5000 pie-

283 5005 402 5057 tatis
452 5003 738 5058 obtendere.
791 5003 928 5067 Quid
961 5005 1080 5072 facit
1125 5003 1406 5055 monachus
1452 5003 1506 5054 in
1551 5001 1752 5053 cellulis
1793 5006 1874 5068 fe-

282 5076 545 5129 minarum
574 5075 742 5142 ?qnid
769 5073 866 5126 sibi
907 5075 1084 5127 uolunt
1137 5072 1249 5126 sola
1293 5083 1340 5125 et
1372 5073 1570 5140 privata
1591 5073 1874 5140 colloquia,

283 5156 328 5199 et
357 5147 580 5218 arbitros
611 5147 863 5218 fugientes
888 5147 1064 5218 oculi?
1092 5145 1313 5218 Sanctus
1334 5159 1482 5195 amor
1502 5144 1874 5218 impatientiam

282 5233 388 5272 non
439 5216 620 5275 habet.
654 5216 804 5282 Quod
831 5217 894 5269 de
923 5217 1134 5270 libidine
1183 5216 1430 5280 diaimus,
1479 5217 1761 5283 referamus
1808 5217 1876 5268 ad

281 5291 556 5342 avaritiam
582 5299 626 5342 et
656 5294 724 5340 ad
765 5289 940 5340 omnia
987 5289 1102 5341 vitia
1141 5301 1256 5356 qua:
1297 5287 1521 5340 uitunmr
1573 5286 1870 5340 solitudine.

283 5359 354 5412 Et
399 5361 593 5414 idcirco
627 5360 829 5414 urbium
873 5361 1184 5428 frequentius
1237 5357 1572 5424 declinamus,
1607 5373 1668 5410 nc
1707 5357 1874 5424 faccre

281 5431 654 5500 compellamur
709 5445 822 5500 qute
851 5447 942 5484 nos
985 5447 1088 5484 non
1129 5441 1232 5484 tant
1289 5439 1476 5482 natura
1523 5431 1658 5496 cogit
1703 5431 1872 5498 facere

282 5519 440 5571 quam
487 5503 748 5558 voluntas.
806 5501 932 5572 Hinc
991 5500 1866 5572 llieruuymus;nbivitieturin-

249 5615 254 5624 .
285 5570 456 5628 nuere
485 5575 754 5644 quoddam
789 5571 1085 5644 discrimen
1115 5570 1254 5626 inter
1295 5573 1378 5626 illa
1429 5570 1556 5626 vitia
1597 5586 1718 5640 quae
1751 5580 1870 5625 tan-

281 5645 360 5713 git
383 5643 621 5700 Joannes
653 5645 755 5698 illis
801 5643 982 5698 verbis
1015 5663 1026 5696 :
1063 5643 1225 5696 Omne
1259 5645 1420 5715 quod-
1445 5653 1515 5697 est
1559 5644 1612 5696 in
1653 5644 1864 5708 mundo,

283 5725 374 5770 aut
405 5727 478 5770 est
503 5716 916 5786 concupiscentia
946 5717 1134 5780 carnis,
1161 5725 1250 5768 aut
1277 5715 1687 5786 concupiscentia
1740 5731 1866 5766 ocu-

284 5791 456 5846 lorum
488 5787 564 5860 (id
582 5785 685 5855 est,
714 5786 979 5860 avaritia),
1003 5786 1355 5860 autsuperbia
1377 5789 1490 5860 uiue
1513 5785 1552 5858 (l
1581 5785 1740 5860 ean.
1767 5789 1865 5854 tv).

287 5856 567 5932 Siquidem
594 5862 662 5914 ad
693 5856 1180 5932 concupiscentiam
1211 5859 1408 5922 carnis,
1428 5856 1554 5932 _sive
1581 5856 1866 5932 luxuriam,

287 5927 481 5988 naiura
513 5931 910 6002 quodammodo
959 5929 1286 6000 impellimur
1315 5945 1330 5990 ;
1377 5927 1442 5982 ad
1469 5929 1569 5982 alia
1603 5929 1730 5982 vitia
1763 5943 1869 5982 non

1983 4856 2206 4912 Rustico
2249 4858 2516 4912 monacho
2544 4858 2733 4912 suadet
2759 4856 2953 4928 (Epist.
2992 4857 3081 4928 ὁ),
3105 4872 3166 4928 ne
3196 4857 3272 4908 vel
3302 4858 3452 4928 matri
3484 4871 3571 4907 co-

1981 4932 2170 4984 Itubitet
2199 4945 2216 4983 :
2248 4947 2332 4992 ne,
2365 4931 2572 4999 inquit,
2602 4941 2690 4982 aut
2721 4925 3020 4994 offerentem
3050 4925 3295 4999 delicatos
3324 4926 3462 4999 cibos
3490 4943 3570 4999 re-

1980 5001 2184 5056 nuendo
2213 4995 2513 5066 contristes;
2544 5009 2632 5054 aut
2673 5001 2714 5053 si
2755 5001 3010 5070 acceperis
3032 5040 3046 5064 ,
3088 4995 3255 5070 oleum
3287 4997 3393 5066 igni
3432 4998 3571 5070 adji-

1978 5075 2085 5126 cias
2132 5081 2179 5127 et
2223 5075 2353 5125 inter
2398 5073 2730 5142 frequentiam
2763 5069 3049 5142 puellarum
3092 5085 3179 5142 per
3221 5069 3568 5142 dicatquideas

1977 5145 2116 5212 quod
2162 5152 2310 5214 nocte
2357 5139 2566 5214 cogites.
2617 5142 2682 5196 Et
2715 5139 2853 5196 libro
2897 5143 2990 5195 illo
3039 5141 3298 5214 adversus
3325 5139 3568 5214 _Vigilan-

1979 5211 2114 5268 tium
2146 5231 2160 5268 :
2199 5211 2504 5281 Monachus,
2537 5215 2730 5280 inquit,
2763 5230 2864 5266 non
2893 5211 3138 5275 doctoris,
3163 5212 3252 5264 sed
3280 5211 3568 5281 plangentis

1976 5285 2128 5340 habet
2161 5286 2410 5356 oﬁ'icium:
2441 5287 2526 5352 qui
2558 5286 2633 5338 vel
2660 5301 2735 5350 se,
2765 5285 2843 5356 t'el
2871 5283 3122 5336 mundum
3151 5281 3356 5356 lugeat,
3381 5291 3431 5356 et
3463 5281 3570 5356 Do-

1978 5359 2104 5410 mini
2130 5353 2346 5427 pauidus
2371 5357 2688 5424 prtustoletur
2708 5355 3018 5418 adventum;
3046 5356 3133 5420 qui
3155 5359 3320 5406 sciens
3341 5353 3567 5427 imbecil-

1977 5423 2173 5482 litatem
2209 5423 2377 5488 suam,
2409 5437 2455 5480 et
2481 5445 2568 5480 vos
2609 5427 2795 5498 fragile
2823 5427 2960 5495 quod
2987 5433 3174 5496 portat,
3218 5427 3358 5478 timet
3399 5423 3564 5492 oﬂ'ett-

1976 5501 2124 5564 dere,
2167 5515 2231 5553 ne
2271 5501 2548 5568 impingat.
2580 5507 2786 5552 corruat
2817 5509 2967 5566 atque
3003 5501 3316 5568 frangatur:
3355 5501 3490 5548 unde
3517 5505 3566 5548 et

1975 5572 2281 5634 mulierum,
2333 5567 2648 5634 maccimeque
2695 5569 3200 5622 adolescentulurum
3241 5567 3367 5620 t'itat
3409 5583 3563 5633 aspe-

1973 5651 2144 5706 ctum;
2176 5651 2222 5695 et
2267 5645 2320 5694 in
2364 5650 2563 5694 tantum
2603 5640 2876 5709 castigator
2912 5648 2984 5693 est
3029 5639 3131 5702 sui,
3181 5649 3235 5690 ut
3274 5638 3420 5692 etiam
3451 5655 3566 5706 qua!

1975 5724 2086 5766 tuta
2113 5724 2233 5784 sunt
2266 5714 2604 5784 pertimescat.
2633 5713 2697 5765 Et
2720 5713 2873 5784 deis.
2898 5711 3197 5784 Augustino
3221 5710 3406 5784 scribit
3433 5711 3564 5784 Pos-

1972 5785 2141 5839 sidius
2176 5781 2274 5854 (In
2299 5782 2417 5837 Vita
2447 5782 2506 5836 S.
2541 5783 2674 5854 Aug.
2706 5799 2752 5838 c.
2775 5783 2868 5852 ι26)
2895 5801 2907 5835 :
2939 5781 3276 5836 Feminarum
3308 5783 3444 5835 intra
3471 5783 3567 5836 do-

1974 5873 2112 5910 mum
2141 5857 2252 5926 ejus
2280 5855 2426 5906 nnlla
2455 5871 2699 5926 umquam
2728 5863 3028 5910 conuersata
3046 5864 3154 5926 est,
3187 5855 3331 5926 nulla
3355 5857 3562 5918 mansit,

1975 5943 2066 5981 nec
2093 5924 2296 5997 quidem
2337 5924 2580 5996 germana
2627 5941 2774 5982 soror
2798 5967 2813 5994 ,
2856 5941 2971 5998 qutc
3009 5925 3164 5980 uidua
3195 5924 3305 5979 Deo
3344 5928 3565 5982 serviens
