4072 6324
502 316 638 378 1151

503 548 626 588 mus
646 573 660 598 ,
689 532 1004 588 monasterii
1035 539 1288 602 receptus
1316 527 1654 596 habitaculo,
1685 528 1738 582 in
1779 535 1960 581 nostra
1988 523 2098 581 cel-

504 624 613 683 lula
633 627 701 681 ab
721 627 918 683 abbate
941 633 1242 697 praeceptus
1267 632 1354 681 est
1368 637 1739 680 commanere.
1759 620 1869 678 Sed
1894 635 1961 676 ne
1985 619 2098 675 illic

503 720 721 792 quidem
769 721 861 775 diu
907 720 1122 776 virtutis
1163 719 1282 789 ejus
1329 717 1524 774 merita
1572 716 1741 772 latere
1785 720 2094 785 potuerunt.

502 811 638 869 Nam
679 813 845 868 simili
879 812 1180 883 proditione
1221 812 1492 877 detectus,
1524 818 1686 880 atque
1725 807 1792 863 ad
1822 815 2096 862 monaste-

505 905 646 962 rIum
675 921 831 961 suum
861 921 981 962 cum
1006 906 1210 977 ingenti
1237 905 1647 961 honorificentia
1674 918 1737 958 ac
1761 901 1917 957 laude
1945 916 2097 956 revo-

504 1007 676 1066 catus,
711 1002 925 1058 tandem
955 1001 1098 1074 quod
1130 1011 1248 1056 erat
1275 1014 1398 1056 esse
1420 999 1737 1071 compulsus
1765 1004 1872 1053 est.

1145 1133 1376 1192 CAPUT
1416 1135 1482 1190 II.

695 1245 772 1303 De
799 1248 1024 1303 adventu
1052 1256 1229 1304 nostra
1257 1248 1327 1302 ad
1356 1247 1593 1302 abbatem
1621 1245 1911 1318 Pinuﬁum.

576 1383 715 1440 Cum
747 1385 908 1455 igitur
947 1395 1068 1454 post
1097 1401 1201 1441 non
1250 1386 1466 1456 longum
1505 1395 1717 1455 tempus
1763 1400 1862 1441 nos
1889 1397 2103 1455 quoque

505 1475 802 1548 Egyptum
858 1487 1046 1547 petere
1107 1487 1310 1534 sanctae
1365 1479 1718 1534 institutionis
1775 1477 2102 1533 desiderium

503 1570 876 1640 compulisset,
901 1585 1116 1626 summo
1144 1587 1266 1626 eum
1292 1571 1484 1626 all'ectu
1507 1587 1568 1626 ac
1595 1571 1864 1627 desiderio
1893 1571 2102 1642 perqui-

501 1672 714 1728 rentes,
767 1671 912 1718 tanta
965 1663 1085 1734 ejus
1140 1679 1326 1719 sumus
1376 1665 1549 1734 gratia
1594 1672 1757 1734 atque
1805 1663 2105 1718 humilitate

500 1757 770 1826 suscepti,
824 1765 880 1812 ut
939 1771 1038 1813 nos
1079 1768 1358 1828 tamquam
1399 1760 1426 1790 ⁸
1470 1759 1726 1830 pristinos
1770 1758 2100 1830 syncelIitas,

500 1849 664 1903 etiam
689 1848 900 1905 cellula:
928 1864 1060 1916 sum,
1090 1866 1250 1920 quam
1273 1852 1324 1906 in
1350 1861 1600 1906 extrema
1621 1851 1763 1906 horti
1794 1860 1946 1920 parte
1973 1865 2102 1906 σοι·
2129 1831 2178 1896 Β

501 1949 801 2013 struxerat,
837 1943 1135 2001 bonoraret
1181 1947 1437 2016 hospitio.
1489 1946 1588 2003 Ubi
1623 1962 1744 2002 cum
1774 1946 1904 2002 satis
1934 1947 2100 2002 ardua

501 2045 661 2106 atque
711 2039 973 2108 praecelsa
1009 2039 1225 2094 cuidam
1279 2040 1428 2095 fratri
1479 2041 1790 2096 monasterii
1841 2040 2098 2111 Regulam

499 2130 758 2186 subeunti
804 2147 986 2188 coram
1030 2134 1284 2188 omnibus
1330 2136 1381 2189 in
1429 2136 1617 2206 synaxi
1666 2133 1922 2190 fratribus
1963 2150 2102 2205 prte-

501 2232 659 2293 cepta
711 2223 1027 2280 tradidisset
1071 2227 1212 2296 (quae
1261 2225 1314 2279 in
1363 2237 1577 2297 quarto,
1631 2236 1686 2282 ut
1730 2226 2100 2297 praediximus,

500 2314 903 2373 lnstitutionum
931 2318 1070 2374 libro
1101 2319 1255 2392 (Cap.
1289 2319 1381 2389 32)
1412 2329 1611 2390 quanta
1641 2323 1791 2391 potui
1833 2321 2104 2377 brevitate

498 2411 820 2480 complexus
849 2411 1022 2484 sum),
1047 2423 1155 2468 tam
1187 2413 1753 2484 incomprehensibilia
1784 2414 1938 2470 nobis
1961 2424 2103 2468 tam-

500 2513 604 2572 que
630 2503 857 2560 miritica
889 2519 1035 2560 vera:
1062 2505 1550 2561 abrenuntiationis
1581 2508 1816 2563 culmina
1850 2506 2106 2563 videban-

501 2601 611 2660 tur,
647 2603 706 2650 ut
736 2597 886 2653 nullo
915 2597 1080 2654 modo
1124 2598 1252 2654 illnc
1301 2598 1664 2656 humilitatem
1696 2611 1934 2656 nostram
1981 2616 2104 2658 cre-

501 2684 758 2742 deremus
795 2703 954 2757 posse
983 2691 1373 2746 conscendere.
1409 2692 1573 2762 Igitur
1601 2693 1985 2764 desperatione
2011 2695 2108 2750 de-

494 2774 650 2846 jecti,
679 2787 734 2833 et
763 2779 885 2850 ipso
907 2781 1070 2836 etiam
1098 2788 1246 2838 vultu
1272 2784 1517 2839 intimam
1541 2787 1926 2856 cogitationum
1956 2803 2104 2842 ama-

501 2867 794 2926 ritudinem
817 2889 924 2928 non
949 2875 1212 2941 celantes,
1235 2877 1300 2933 ad
1320 2877 1537 2932 beatum
1560 2895 1768 2947 senem,
1793 2881 1925 2936 satis
1943 2881 2101 2936 anxia

500 2972 685 3020 mente
710 2969 1068 3035 recurrimus;
1091 2971 1175 3024 cui
1203 2972 1450 3040 protinus
1469 2988 1686 3029 causam
1718 2985 1878 3032 tantae
1899 2976 2106 3032 moesti-

502 3055 705 3110 tudinis
756 3059 1076 3130 inquirenti,
1113 3063 1280 3119 abbas
1309 3063 1632 3135 Germanus,
1665 3068 1906 3138 graviter
1956 3069 2104 3140 inge-

503 3148 761 3222 miscens,
787 3153 858 3210 ita
890 3156 1190 3226 respondit.

1567 314 1850 372 JOANNIS
1887 312 2200 373 CASSIANI
2239 309 2738 370 COLLATIONES.

507 439 776 510 incipiens
815 446 982 512 atque
1016 437 1252 494 novitius
1289 437 1343 494 in
1374 434 1466 491 illo
1506 435 1561 490 in
1589 447 1696 505 quo
1727 447 1825 488 nos
1869 430 2101 504 degeba-
2127 441 2181 501 Α

3680 301 3809 366 1152

2827 449 3055 509 CAPUT
3096 451 3184 508 Ill.

2202 553 2551 626 Interrogatio
2573 554 2638 607 de
2660 553 2969 624 paenitentiae
2989 553 3094 622 fine
3115 562 3163 608 et
3191 552 3570 625 satisfactionis
3589 549 3807 607 indicio.

2270 648 2483 716 Quanto
2525 646 2958 718 magnificentior
2985 657 3146 716 atque
3189 647 3482 704 sublimior
3514 645 3808 718 incognita

2200 741 2359 796 nobis
2380 757 2560 797 sermo
2582 741 2845 796 doctrina:
2869 751 2974 794 tute
2995 741 3097 796 iter
3119 741 3346 796 arduum
3368 738 3810 811 praecelsissimz

2200 835 2623 892 renuntiationis
2671 834 2917 905 aperuit,
2968 842 3026 890 et
3065 834 3219 905 quasi
3271 845 3478 890 rem0ta
3527 832 3810 887 oculorum

2201 938 2506 984 nostrorum
2527 927 2761 999 caligine
2779 927 3058 982 conditum
3083 926 3228 983 casio
3245 926 3460 983 culmen
3482 925 3604 995 ejus
3626 932 3812 978 osten-

2201 1020 2300 1088 dit,
2334 1029 2482 1074 tanto
2527 1019 2731 1090 majore
2772 1018 3173 1089 desperationis
3221 1019 3370 1074 mole
3419 1017 3805 1088 deprimimur.

2201 1115 2630 1172 lmmensitatem
2663 1113 2931 1184 siquidem
2963 1114 3081 1182 ejus
3119 1127 3243 1168 cum
3288 1112 3586 1181 exiguitate
3615 1109 3807 1164 virium

2203 1220 2511 1263 nostrarum
2544 1207 2854 1274 metientes,
2889 1219 2942 1262 et
2973 1206 3192 1262 nimiam
3240 1205 3605 1276 abjectionem
3656 1205 3808 1275 igna-

2203 1301 2305 1357 vis:
2342 1311 2541 1356 nostrae
2582 1315 2704 1357 cum
2733 1300 2944 1355 infinita
2971 1299 3190 1355 virtutis
3217 1310 3448 1356 ostensa:
3481 1300 3810 1356 celsitudine

2203 1394 2570 1461 conferentes,
2606 1393 2925 1464 pravitatem
2951 1403 3190 1450 nostram
3221 1411 3327 1450 non
3357 1395 3536 1450 solum
3567 1394 3638 1449 ad
3663 1395 3806 1450 illam

2207 1503 2312 1542 non
2346 1502 2504 1558 posse
2531 1486 2816 1557 proficere,
2847 1502 3032 1542 verum
3059 1487 3221 1542 etiam
3244 1487 3312 1543 ab
3335 1503 3400 1542 eo
3426 1487 3575 1558 quod
3605 1500 3686 1543 es:
3716 1487 3809 1542 de-

2206 1578 2369 1634 ficere
2399 1593 2557 1648 posse
2583 1581 2868 1634 sentimus.
2893 1578 3026 1634 Nam
3058 1579 3392 1648 ponderibus
3410 1580 3596 1634 nimie
3615 1578 3808 1650 despe-

2207 1670 2433 1726 rationis
2465 1672 2732 1741 oppressi,
2764 1671 3168 1741 qnodammodo
3209 1672 3277 1727 de
3325 1671 3528 1727 infimis
3556 1672 3626 1726 ad
3675 1672 3804 1727 infe-

2208 1765 2356 1818 riora
2392 1763 2746 1834 prolabimur.
2780 1762 2955 1818 Unum
2988 1763 3216 1833 proinde
3253 1779 3316 1818 ac
3354 1763 3646 1834 singulare
3674 1779 3805 1833 prae-

2204 1855 2402 1912 sidium
2448 1855 2677 1912 medela
2723 1857 2924 1910 nostris
2972 1864 3152 1926 potest
3182 1855 3418 1928 conferri
3467 1855 3803 1919 vulneribus,

2204 1960 2262 2005 ut
2305 1948 2375 2005 de
2412 1949 2522 2005 fine
2565 1947 2901 2019 poenitentiae
2932 1959 2989 2004 et
3030 1949 3264 2004 maxime
3311 1949 3379 2004 de
3422 1949 3806 2004 satisfactionis

2205 2041 2408 2098 indicio
2437 2043 2618 2112 aliqua
2643 2042 2937 2110 discamus,
2965 2052 3020 2097 ut
3050 2042 3186 2099 certi
3217 2043 3287 2099 de
3317 2042 3644 2098 remissione
3675 2057 3807 2113 pras-

2205 2135 2509 2192 cedentium
2540 2135 2885 2203 delictorum,
2914 2135 3187 2206 possimus
3216 2136 3379 2191 etiam
3427 2135 3494 2191 ad
3539 2149 3804 2191 conscen.

2207 2229 2385 2288 denda
2413 2229 2624 2302 fastigia
2662 2229 2931 2301 prmdicue
2960 2227 3307 2299 perfectionis
3331 2229 3585 2285 animari.

2821 2321 3056 2379 CAPUT
3104 2322 3194 2379 IV.

2615 2414 2903 2484 Responsio
2931 2413 3130 2466 abbatis
3165 2410 3388 2475 Pinufii.

2280 2506 2519 2562 Pinulius
2546 2524 2559 2560 :
2592 2506 2841 2562 Delector
2867 2504 3153 2560 admodum
3185 2504 3403 2574 quidem
3436 2506 3678 2576 copiosis
3707 2505 3806 2562 hu-

2211 2600 2454 2656 militatis
2482 2610 2678 2656 vestrm
2708 2600 2991 2666 fructibus,
3023 2613 3160 2667 quos
3204 2600 3369 2654 etiam
3400 2599 3613 2654 celiulaa
3663 2599 3807 2654 illius

2209 2694 2482 2766 quondam
2531 2691 2863 2749 habitatione
2903 2701 3187 2762 susceptus
3220 2706 3326 2746 non
3358 2691 3631 2747 incuriosa
3661 2692 3808 2747 testi-

2211 2788 2450 2843 matione
2471 2787 2742 2858 perspexi,
2771 2786 3034 2856 valdeque
3063 2785 3396 2856 congaudeo,
3420 2785 3546 2856 quia
3579 2785 3632 2839 id
3660 2784 3806 2856 quod

2212 2895 2243 2935 a
2276 2881 2431 2936 nobis
2461 2879 2702 2934 omnium
2736 2878 3165 2934 Christianorum
3196 2878 3394 2933 inlimis
3423 2877 3538 2932 sola
3575 2877 3803 2933 forsitan

2213 2972 2500 3028 verborum
2554 2971 2804 3027 libertate
2853 2972 3195 3040 praecipitur.
3246 2979 3392 3024 tanta
3441 2970 3805 3027 admiratione

2211 3065 2549 3135 suscepistis,
2577 3075 2633 3120 ut
2663 3079 2724 3120 ea
2749 3063 2819 3125 (si
2848 3079 2957 3118 non
2985 3064 3160 3134 fallor)
3205 3063 3348 3118 haud
3378 3064 3595 3134 segnius
3639 3081 3801 3136 quam

2212 3177 2242 3216 a
2261 3161 2415 3216 nobis
2439 3162 2580 3216 dicta
2603 3170 2727 3216 sunt
2752 3158 3036 3230 impleatis.
3061 3158 3089 3198 δ
3105 3157 3348 3230 Cumque
3369 3158 3532 3229 (sicut
3554 3161 3801 3231 memini)

1570 3298 1826 3355 ALARDI
1864 3296 2098 3361 GAZIEI
2137 3295 2705 3354 COMMENTARIUS.

583 3421 612 3487 ξι
645 3412 700 3468 Id
727 3425 807 3487 est
833 3415 1072 3486 ejusdem
1098 3417 1249 3472 colite
1269 3417 1690 3487 cohabimtores,
1715 3419 1800 3473 vel
1827 3418 1881 3472 in
1905 3416 2096 3472 eadem
2125 3415 2172 3478 C
2204 3413 2542 3470 Justiiiianus
2596 3415 2789 3482 imper.
2842 3414 2895 3468 in
2948 3427 3042 3468 sua
3090 3411 3313 3487 Novella
3368 3413 3618 3487 (Novell.
3659 3416 3694 3470 5
3741 3417 3803 3468 de

505 3484 639 3538 cella
665 3484 1056 3542 cnhabiiuntes.
1090 3489 1344 3544 Sidonius
1373 3484 1685 3544 concellitas
1713 3489 1879 3553 dicit;
1914 3490 2099 3543 Enno-

503 3557 627 3609 dius
680 3559 1056 3628 concellaneos
1111 3561 1299 3615 eadem
1355 3561 1774 3628 signiﬁcatione.
1834 3561 2100 3616 Pristinos

503 3637 684 3702 autem
716 3627 813 3702 _hic
850 3640 1027 3691 vocat,
1059 3632 1184 3701 quia
1217 3627 1468 3702 superius
1497 3632 1651 3700 dixit,
1685 3635 1785 3687 sub
1817 3632 1977 3686 linem
2010 3647 2100 3684 ca-

504 3699 653 3770 pitis,
706 3697 974 3770 Pinuﬁum
1019 3697 1091 3756 in'
1119 3697 1298 3756 eadem
1346 3703 1508 3766 cella,
1559 3697 1855 3758 monasterii
1907 3703 2102 3757 scilicet

505 3767 899 3844 Bethleemitici,
939 3789 1111 3826 secum
1147 3790 1470 3829 cammanere
1499 3776 1732 3844 justum,
1777 3792 1889 3829 cum
1920 3775 1974 3827 in
2011 3775 2102 3827 illo

504 3842 638 3916 velut
674 3842 926 3916 incipiens
952 3855 999 3896 et
1025 3844 1250 3898 novitius
1289 3842 1521 3915 receptus
1544 3857 1689 3900 esset.
1724 3847 1802 3900 Ad
1834 3847 1990 3916 cujus
2022 3845 2102 3899 in-

510 3910 856 3987 telligentiam
888 3917 1123 3987 notanda
1147 3916 1311 3970 verba
1341 3910 1740 3987 DIllieronymi
1768 3919 1818 3972 in
1845 3910 1936 3970 illa
1966 3932 2104 3987 prm-

509 3981 709 4057 I‘aitione
754 3983 973 4052 Regula:
1025 3985 1403 4042 Pac-bomianze
1437 4005 1450 4041 :
1484 3981 1713 4052 Habent,
1763 3981 1980 4057 inquit,
2014 4002 2106 4053 per

509 4053 713 4130 singula
742 4058 1047 4130 monasteria
1077 4057 1284 4122 Patres,
1311 4069 1360 4113 et
1389 4059 1794 4130 dispensatores,
1827 4053 1874 4112 et
1914 4059 2104 4112 hebdo-

511 4124 794 4201 madarios,
823 4141 884 4178 ac
907 4129 1195 4201 ministros,
1229 4137 1277 4181 et
1313 4124 1638 4201 singularum
1675 4132 1946 4184 domorum
1974 4146 2106 4191 prcc-

507 4194 915 4273 positos;‘ita_ut
944 4199 996 4251 in
1028 4216 1132 4273 una
1159 4199 1313 4273 doma
1347 4194 1696 4273 quadraginta
1722 4203 1840 4272 plus
1876 4205 2105 4254 minusve

509 4265 700 4334 fratres
735 4265 992 4335 habitent,
1028 4271 1116 4337 qui
1148 4265 1386 4324 obediant
1414 4265 1688 4343 proposito
1706 4265 1733 4340 ;’
1757 4273 1978 4340 sintque,
2011 4289 2104 4344 pro

509 4350 720 4390 numero
762 4345 1017 4416 fratrum,
1053 4344 1291 4414 triginta,
1331 4345 1408 4416 uel
1442 4345 1788 4416 quadraginta
1831 4345 2014 4397 domus
2050 4345 2104 4396 in

507 4419 608 4487 una
637 4413 950 4487 monasterio
967 4429 985 4477 ;
1015 4427 1060 4466 et
1088 4413 1254 4487 teratu
1272 4415 1347 4487 rel
1373 4413 1845 4485 quaternce‘domus
1872 4416 1922 4468 in
1948 4431 2104 4487 unam

511 4476 699 4558 tribum
722 4476 1058 4558 _fwderentur,
1091 4495 1148 4538 ut
1174 4484 1254 4538 rel
1274 4486 1342 4538 ad
1374 4476 1530 4558 opera
1569 4489 1722 4540 simul
1769 4488 1982 4552 vadunt,
2027 4485 2104 4540 rel

509 4549 562 4601 in
599 4549 1044 4623 hebdomadtrum
1083 4558 1366 4610 ministerio
1398 4549 1494 4611 sibi
1529 4560 1807 4612 succedant
1844 4575 1938 4623 per
1966 4549 2106 4610 ordi-

510 4634 646 4704 nem.
697 4622 822 4704 Ilaec
866 4625 955 4679 ibi.
993 4625 1184 4704 Itaque
1222 4630 1516 4704 syncellitae
1544 4622 1864 4704 dicebantur
1911 4629 2104 4704 fratres

511 4691 631 4760 plus
663 4693 912 4771 minusve
931 4691 1282 4767 quadraginta
1317 4701 1367 4753 in
1402 4716 1502 4754 una
1533 4703 1696 4768 cella,
1728 4702 1810 4755 vel
1844 4704 2020 4771 potius
2049 4699 2101 4771 in

511 4777 613 4844 una
643 4763 809 4844 domo
837 4763 1267 4844 commanentes,
1294 4779 1349 4824 et
1382 4774 1469 4825 nni
1515 4763 1805 4842 przeposito
1845 4763 2098 4839 subjecti.

515 4833 850 4914 Iiranfenim
885 4838 936 4892 in
969 4855 1071 4914 una
1099 4833 1266 4914 domo
1291 4845 1470 4910 plures
1503 4833 1675 4910 cella},
1703 4844 1754 4898 in
1786 4833 1984 4914 quide
2011 4853 2104 4896 aut

510 4907 727 4972 singuli,
762 4921 851 4963 aut
880 4920 1028 4965 certe
1061 4911 1196 4978 bini,
1227 4907 1308 4967 vel
1339 4915 1501 4977 terni,
1541 4907 1763 4969 auctore
1805 4907 1870 4967 ἶ).
1917 4913 2105 4968 Iliero-

510 4989 673 5057 nytno
722 4979 976 5057 in__epist.
1007 4983 1072 5036 ad
1101 4983 1458 5057 Eustachium
1505 4984 1698 5057 (Epist.
1724 4983 1839 5053 εἳ),
1869 5000 2106 5057 autuma-

510 5047 731 5128 lff‘bflltl.
769 5047 922 5110 Unile
961 5054 1307 5128 etejusdem
1361 5047 1726 5128 Regulaaiart.
1763 5047 1806 5111 τ
1823 5047 2107 5112 manifeste

509 5117 914 5199 distinguuntur
953 5117 1106 5199 cellas;
1129 5141 1174 5199 ia
1221 5117 1474 5199 (Ιηιηὶὺιιξ
1508 5144 1520 5181 2
1566 5127 1742 5191 Mane,
1779 5129 1981 5198 inquit,
2017 5144 2107 5194 per

513 5191 741 5264 tinnulas
771 5193 971 5256 domos,
1001 5196 1162 5264 [initis
1192 5198 1538 5259 orationibus,
1571 5215 1670 5252 non
1695 5191 1869 5253 statim
1891 5199 1958 5252 ad
1987 5191 2108 5252 suas

510 5258 671 5342 cellas
694 5258 1042 5342 revertentur,
1075 5269 1164 5321 sed
1194 5272 1455 5338 conferent
1499 5258 1631 5342 inter
1676 5287 1729 5324 se
1763 5287 1876 5339 qua:
1906 5286 2107 5342 praepo-

512 5341 636 5384 sitos
682 5335 942 5406 audierint
991 5335 1340 5406 disputantes,
1378 5352 1480 5394 etc.
1531 5339 1716 5394 Porro.
1748 5335 1837 5396 illa
1878 5335 2107 5395 duorum

514 5411 608 5454 aut
659 5405 889 5472 plurium
945 5405 1167 5463 fratrum
1215 5413 1328 5465 sive
1380 5413 1769 5466 monachorum
1819 5414 1869 5468 in
1918 5414 2109 5468 eadem

514 5474 647 5527 cella
689 5490 784 5554 seu
817 5478 1068 5554 cubiculo
1107 5483 1440 5538 cobabttatio
1473 5485 1868 5554 posterioribus
1893 5485 2110 5538 smculis

513 5554 570 5596 et
616 5547 858 5623 moribus
902 5553 1016 5605 visa
1070 5564 1147 5606 εει
1197 5567 1305 5608 non
1339 5547 1604 5623 expedire
1648 5570 1745 5609 nec
1787 5555 2110 5619 condecere,

515 5619 659 5684 quod
690 5619 854 5674 etiam
885 5623 1011 5677 alibi
1039 5624 1302 5678 monitum
1331 5619 1574 5681 memini.
1607 5625 1759 5682 Unde
1801 5628 1853 5680 in
1883 5627 2115 5681 concilio

515 5685 816 5770 Turonensi
851 5694 933 5770 ita
952 5696 1222 5751 sancitum
1257 5695 1489 5770 legitur;
1523 5695 1701 5768 Neque
1737 5699 1884 5752 liceat
1928 5715 2106 5751 mona-

515 5757 629 5813 chis
658 5759 818 5839 cellas
847 5764 1030 5820 habere
1070 5757 1386 5839 communi»,
1435 5767 1521 5823 ubi
1557 5757 1647 5823 aut
1688 5770 1793 5824 bini
1840 5779 2103 5835 maneant,

516 5841 613 5886 aut
639 5832 928 5906 singulares
953 5840 1133 5910 reponi
1167 5832 1388 5911 possint,
1415 5852 1521 5898 etc.
1564 5841 1783 5914 (Turon.
1822 5843 1882 5914 II,
1911 5860 1957 5898 c.
1996 5832 2106 5913 '10).

2131 4801 2182 4862 D

2204 3488 2502 3555 monachis)
2551 3487 2742 3539 statuit
2791 3493 2848 3540 ut
2891 3485 3170 3538 monachis
3212 3501 3314 3540 una
3356 3485 3572 3555 Quidem
3603 3489 3669 3540 sit
3701 3487 3794 3540 do-

2206 3573 2347 3624 nius,
2382 3574 2549 3612 unum
2593 3571 2882 3612 commune
2928 3558 3260 3610 etetncmum
3294 3571 3356 3611 ac
3385 3559 3797 3624 dormitorium;

2207 3630 2420 3684 diversa
2456 3638 2634 3683 tamen
2681 3627 2924 3682 cubicula
2965 3627 3082 3681 sive
3129 3629 3379 3682 ccliulm:
3414 3633 3513 3681 Aut
3553 3629 3596 3681 si
3644 3630 3796 3698 forte,

2207 3700 2402 3770 inquit,
2432 3718 2532 3754 non
2571 3699 2754 3768 sufﬁcit
2783 3699 2850 3752 ad
2877 3699 3257 3752 multitudinem
3291 3701 3663 3752 monachorum
3703 3701 3798 3752 do-

2206 3789 2318 3824 mus
2347 3789 2470 3838 una,
2495 3773 2546 3824 in
2567 3773 2696 3824 duas
2716 3781 2808 3823 aut
2825 3773 2997 3839 plures
3017 3771 3478 3839 (distribuantur),
3504 3788 3606 3824 non
3633 3782 3798 3825 tamen

2206 3859 2420 3896 seorsmt
2468 3853 2514 3896 et
2564 3845 2703 3910 apud
2752 3841 3070 3909 semetipsos,
3099 3843 3192 3894 sed
3241 3843 3293 3894 in
3344 3844 3602 3896 communi
3651 3853 3799 3895 testes

2206 3915 2445 3967 alterutri
2487 3915 2588 3966 sint
2626 3913 2911 3965 honestatis
2941 3921 2986 3964 et
3029 3914 3314 3979 castitatis;
3343 3915 3443 3966 nisi
3481 3923 3651 3966 tamen
3689 3914 3799 3978 qui-

2209 3986 2328 4058 dam
2370 4000 2544 4037 eorum
2579 3985 2633 4038 in
2667 3983 3100 4058 (contemplatione
3135 3993 3184 4037 et
3212 3985 3528 4054 perfectione
3562 3987 3798 4058 degentes

2206 4056 2363 4109 vitam
2386 4066 2630 4109 remotam
2655 4055 2871 4108 habeant
2897 4055 2947 4106 in
2970 4070 3190 4118 secessu,
3220 4071 3348 4122 quos
3371 4072 3552 4109 vocare
3570 4055 3800 4109 anacho-

2207 4140 2341 4180 retas
2382 4137 2431 4180 et
2474 4127 2810 4198 hesychastas
2848 4137 3235 4198 consueverunt,
3266 4137 3525 4198 tamquam
3569 4144 3634 4180 ea:
3664 4143 3803 4180 com-

2208 4199 2452 4252 munione
2480 4199 2548 4251 ad
2574 4197 2794 4252 meliora
2839 4208 3099 4268 exceptos.
3130 4197 3271 4268 illa‘c
3315 4197 3406 4255 ibi.
3439 4215 3558 4268 quae
3592 4209 3706 4252 tum
3736 4214 3802 4253 ex

2207 4269 2330 4325 aliis
2364 4271 2630 4333 Patribus,
2666 4277 2774 4322 tum
2805 4284 2866 4322 ex
2892 4267 3091 4337 Regula
3123 4267 3183 4322 Ι).
3207 4267 3480 4323 Benedicti
3513 4272 3800 4339 desumpta

2206 4353 2333 4395 sunt
2361 4357 2480 4408 cap.
2515 4340 2604 4394 22.
2637 4339 2735 4396 Ubi
2769 4339 3087 4395 Casinemes
3121 4339 3224 4394 hoc
3266 4349 3526 4395 statutum
3571 4342 3803 4395 addide-

2206 4423 2333 4466 runt
2367 4431 2377 4466 :
2413 4413 2712 4467 Secundum
2741 4414 3044 4464 modernum
3084 4427 3298 4474 marem,
3325 4423 3533 4478 propter
3561 4412 3804 4466 honesta-

2207 4492 2325 4548 tem,
2354 4495 2476 4537 etut
2499 4483 2704 4536 liberius
2735 4486 2921 4552 fratres
2940 4500 3004 4554 se
3035 4498 3270 4536 exercere
3295 4484 3490 4554 possint
3523 4486 3574 4536 in
3607 4485 3803 4536 oratio-

2206 4555 2350 4608 nibus
2381 4565 2426 4609 et
2454 4556 2571 4608 aliis
2591 4555 2843 4608 exercitiis
2867 4553 3244 4620 spiritualibus,
3270 4553 3315 4605 et
3343 4563 3396 4607 ut
3422 4557 3609 4607 vitetur
3635 4556 3805 4607 curio—

2206 4627 2351 4693 sitas,
2386 4626 2750 4680 dormitorium
2789 4625 3005 4678 divisum
3043 4636 3113 4678 est
3156 4642 3245 4692 per
3283 4625 3507 4677 diversas
3548 4629 3732 4687 cellas,
3762 4637 3805 4679 et

2207 4701 2529 4770 assignamus
2574 4698 2848 4770 unicuique
2897 4699 3117 4770 fratrum
3147 4697 3348 4770 cellam
3392 4713 3586 4770 unam,
3632 4698 3805 4770 sicut

2208 4766 2400 4840 sing'uli
2427 4771 2481 4822 in
2512 4770 2729 4839 singulis
2759 4766 3019 4821 dormiant
3040 4767 3202 4820 cellis.
3235 4766 3356 4820 Ilaec
3382 4767 3486 4840 ipsi
3520 4768 3587 4821 ad
3618 4768 3806 4840 decla-

2211 4838 2470 4895 rationem
2501 4838 2619 4908 ejus
2649 4856 2772 4910 cap.
2814 4840 3053 4906 ltegulze,
3088 4854 3193 4907 quo
3230 4838 3486 4892 statuitur
3516 4848 3574 4891 ut
3614 4839 3806 4900 singuli

2207 4929 2296 4984 per
2325 4910 2553 4983 singulos
2584 4911 2738 4984 lectos
2769 4910 3026 4984 dormiant
3053 4909 3309 4984 mgnachi.

2280 4981 2306 5020 δ
2350 4979 2423 5037 Ιῑτῐ
2452 4982 2798 5036 emendatum
2828 4997 2857 5034 e
2887 4980 3073 5034 codice
3113 4979 3404 5034 Basileensi
3436 4989 3491 5034 et
3525 4981 3808 5036 nonnullis

2211 5055 2592 5122 manuscript.,
2639 5068 2761 5106 cum
2803 5063 2958 5106 antea
3002 5065 3254 5118 corrupte
3296 5052 3565 5122 legeretur
3601 5070 3613 5105 :
3647 5050 3808 5106 Cum-

2209 5143 2326 5197 que,
2355 5127 2487 5179 sicut
2514 5125 2742 5187 memini,
2767 5123 2992 5197 laborem
3017 5122 3183 5197 operis
3214 5123 3366 5197 vestri
3397 5137 3524 5185 pene
3548 5123 3809 5197 dictorum

2211 5193 2500 5250 nostrorum
2523 5198 2810 5266 exsequitur
2834 5195 3111 5266 industria,
3131 5193 3620 5266 Ciaconius‘tamen
3649 5193 3779 5263 legit
3809 5214 3817 5244 :

2214 5267 2456 5336 Cumque,
2506 5263 2664 5320 sicut'
2692 5267 2920 5329 memini,
2969 5265 3222 5318 industria
3268 5263 3461 5318 laboris
3490 5267 3646 5320 vestri
3678 5282 3814 5336 pene

2216 5341 2466 5392 dictorum
2500 5350 2790 5391 nostrorum
2833 5345 3122 5405 extequctur
3150 5337 3440 5390 instructio.
3475 5337 3578 5390 Alii
3609 5355 3622 5388 :
3655 5337 3812 5390 Cum-

2215 5427 2332 5482 que,
2360 5413 2488 5464 sicut
2516 5411 2744 5473 memini,
2779 5408 2953 5462 labore
2996 5409 3356 5482 operisivestri
3389 5424 3514 5476 pene
3553 5409 3814 5482 dictorum

2217 5477 2518 5536 nostrorum
2559 5483 2782 5550 gravitas
2811 5477 3121 5550 exa'quetur.
3164 5481 3366 5535 Sensus
3392 5491 3474 5532 est
3501 5497 3511 5530 :
3543 5477 3679 5533 Cum
3714 5493 3817 5530 vos

2221 5553 2449 5609 antehac
2491 5553 2733 5606 noverim
2776 5568 2837 5606 ea
2869 5566 2990 5620 quae
3017 5551 3140 5604 dico
3169 5561 3223 5604 et
3249 5565 3442 5604 moneo
3468 5552 3644 5618 reipsa
3675 5563 3818 5617 pene

2222 5627 2288 5680 ad
2322 5640 2551 5695 unguem
2583 5632 2864 5695 praestare.
2895 5622 2986 5676 Vel
3016 5631 3072 5676 ut
3094 5623 3216 5695 aliis
3245 5623 3423 5695 verbis
3455 5621 3819 5695 praecedenti-

2216 5699 2316 5752 bus
2339 5692 2476 5752 tliitit
2505 5714 2516 5749 :
2553 5694 2682 5749 Cum
2710 5711 2768 5748 ea
2803 5696 2869 5764 (si
2901 5710 3001 5768 non
3028 5694 3212 5765 fallor)
3235 5692 3379 5748 haud
3408 5693 3616 5768 segnius
3654 5708 3817 5767 quam

2215 5787 2246 5824 a
2273 5770 2418 5826 nobis
2450 5770 2591 5824 dicta
2618 5776 2734 5823 sunt
2767 5767 3035 5840 impleatis.
