4072 6324
268 316 414 377 1158

1168 298 1503 360 εοιιΑτιο
1539 292 1662 354 XX.
1692 320 1765 338 --
1927 283 2402 348 ΡίΕΝΙΤΕΝΤΙΛΕ
2432 284 2616 347 FINE.

3417 293 3561 357 1151

266 435 454 492 labore
484 429 666 500 operis
693 426 862 483 vestri
910 436 1050 496 pene
1102 421 1368 478 dictorum
1416 426 1723 474 nostrorum
1772 424 1864 466 ex-

1980 435 2094 499 pter
2121 429 2269 485 omni
2309 429 2571 484 brevitate
2619 436 2783 499 alque
2811 427 3137 500 compendio
3174 431 3563 503 propositionis

265 534 512 597 aequetur
534 522 905 586 industria,ita
932 518 1184 575 meritum
1209 523 1403 572 vestra:
1431 510 1650 568 virtutis
1670 506 1856 564 occul-

266 621 414 687 tatis,
445 628 720 690 tamquam
751 617 794 667 si
825 612 966 668 nulla
1008 611 1077 668 ad
1115 623 1210 666 vos
1237 624 1424 665 eorum
1470 620 1591 677 qua
1619 600 1860 674 quotidie

266 714 538 770 exercetis
565 724 696 764 aura
736 705 1068 780 pervenerit.
1101 702 1208 760 Sed
1233 701 1357 771 quia
1386 700 1616 769 idipsum
1648 710 1858 751 summa

268 806 431 862 laude
466 802 843 876 dignissimum
886 807 990 868 est,
1023 796 1168 870 quod
1198 795 1344 851 velut
1369 793 1550 848 adhuc
1578 789 1739 846 rudes
1779 788 1861 843 in-

266 899 480 971 cognita
530 895 685 951 vobis
729 907 851 950 esse
896 891 997 947 ista
1043 896 1352 945 sanctorum
1402 885 1642 940 instituta
1690 892 1858 939 testa-

266 991 423 1057 mini,
457 989 512 1044 id
549 987 692 1060 quod
719 1003 748 1042 a
778 985 932 1040 nobis
971 983 1163 1038 sedulo
1195 979 1478 1050 postulatis
1528 977 1764 1032 breviter
1803 984 1862 1032 ut

264 1098 558 1156 possumus
598 1081 1048 1151 complectamur.
1083 1077 1313 1133 Necesse
1340 1082 1423 1129 est
1446 1072 1591 1128 enim
1623 1080 1682 1125 ut
1720 1070 1860 1124 ultra

264 1175 681 1248 possibilitatem
709 1183 950 1227 nostram
973 1179 1134 1241 atque
1160 1169 1410 1222 virtutem
1439 1164 1676 1233 antiqua!
1701 1162 1862 1217 fami-

267 1267 522 1323 liaritatis
548 1273 744 1322 vestras
773 1278 1061 1335 pareamus
1094 1259 1340 1330 imperio.
1375 1258 1561 1327 Itaque
1587 1255 1655 1310 de
1688 1254 1859 1323 paeni-

266 1361 452 1417 tentiae
499 1357 878 1416 exhortatione
927 1356 1008 1410 vel
1064 1355 1259 1410 merito
1308 1352 1464 1408 multi
1521 1365 1628 1405 non
1680 1349 1858 1405 solum

266 1453 460 1521 dictis,
502 1466 691 1506 verum
735 1449 896 1504 etiam
941 1447 1158 1516 scriptis
1207 1444 1434 1515 plurima
1483 1442 1856 1513 vnlgaverunt,

268 1555 642 1602 monstrantes
669 1550 867 1608 quanta
898 1541 1016 1610 ejus
1045 1539 1272 1605 utilitas,
1303 1546 1612 1609 quantaque
1639 1536 1708 1588 sit
1736 1549 1860 1606 gra-

268 1639 363 1706 tia,
387 1641 460 1694 ita
490 1647 546 1692 ut
577 1637 688 1692 Deo
713 1633 1004 1704 praeteritis
1028 1630 1353 1686 facinoribus
1378 1629 1606 1697 oﬂ'enso,
1642 1640 1860 1696 tamque

264 1731 623 1804 iustissimam
656 1743 868 1796 prunam
903 1741 1002 1796 pro
1029 1724 1190 1779 tantis
1218 1723 1537 1778 criminibus
1581 1721 1854 1785 inferenti,

1961 532 2159 578 vestrae
2184 522 2458 580 desiderio
2483 521 2799 578 satisfacere
2826 522 3065 580 nitimur.

2593 658 2821 717 CAPUT
2860 660 2926 716 V.

2068 791 2145 848 De
2177 795 2328 848 modo
2358 795 2700 866 paenitentiae,
2736 806 2785 850 et
2828 796 3162 869 indulgentia:
3201 810 3453 872 percepta:

2595 879 2915 938 argumento.

2035 989 2061 1018 ι
2100 980 2439 1037 Ρωηὶιεηιίω
2487 985 2642 1052 plena
2691 994 2743 1038 et
2792 985 3027 1053 perfecta
3076 986 3322 1045 definitio
3365 999 3471 1058 est,
3508 1000 3567 1047 ut

1967 1082 2187 1143 peccata
2214 1090 2311 1146 pro
2333 1076 2530 1146 quibus
2559 1077 2946 1147 plenitudinem
2969 1079 3230 1151 gerimus,
3255 1084 3341 1139 vel
3362 1084 3563 1154 quibus

1964 1176 2151 1222 nostra
2193 1171 2529 1226 conscientia
2569 1172 2932 1237 remordetur,
2963 1189 3299 1246 nequaquam
3333 1179 3560 1234 ulterius

1963 1259 2342 1318 admittamus.
2377 1263 2404 1302 ιι
2436 1263 2696 1319 Indicium
2729 1281 2858 1321 vero
2883 1267 3271 1326 satisfaCIionis
3300 1281 3354 1327 et
3386 1272 3562 1328 indol-

1962 1357 2158 1426 gentiae
2185 1366 2270 1412 est
2298 1356 2522 1412 allectus
2552 1374 2768 1427 quoque
2805 1375 2994 1414 eorum
3041 1360 3110 1414 de
3142 1364 3343 1418 nostris
3378 1365 3559 1420 cordi-

1962 1445 2065 1501 bus
2096 1450 2389 1518 expulisse.
2434 1449 2658 1505 Noverit
2687 1452 2829 1505 enim
2871 1455 3242 1525 unusquisque
3283 1472 3383 1513 nec
3430 1458 3559 1513 dum

1963 1554 2022 1595 se
2048 1542 2282 1611 peccatis
2315 1542 2559 1610 pristinis
2585 1543 2914 1610 absolutum,
2940 1549 3197 1616 quamdiu
3223 1549 3324 1605 sibi
3351 1552 3562 1607 satisfa-

1961 1630 2124 1686 ctioni
2159 1642 2212 1687 et
2241 1633 2528 1702 gemitibus
2573 1634 2852 1691 incubanti
2895 1639 2978 1694 vel
3029 1640 3240 1696 illorum
3288 1661 3405 1712 quae
3453 1646 3564 1716 egit

1963 1726 2047 1779 vel
2080 1725 2334 1781 similium
2360 1728 2648 1783 criminum
2670 1738 2798 1785 ante
2819 1733 3005 1787 oculos
3031 1733 3208 1806 imago
3234 1737 3560 1806 praeluserit.

265 1825 314 1881 si
346 1824 454 1880 dici
488 1822 568 1877 fas
598 1830 700 1888 est,
736 1818 1134 1891 quodammodo
1163 1816 1413 1878 obsistat,
1447 1822 1503 1870 et
1531 1814 1682 1886 quasi
1709 1813 1862 1868 inviti
1893 1805 1943 1866 B
1971 1834 2268 1890 eorumque
2299 1835 2402 1876 non
2447 1821 2623 1877 dicam
2659 1823 2976 1888 oblectatio,
3008 1827 3104 1882 sed
3138 1805 3563 1887 velrrccorditio

272 1918 358 1990 (ut
389 1917 461 1972 ita
493 1913 747 1986 dixerim)
774 1913 1052 1969 dexteram
1080 1911 1376 1980 suspendat
1403 1909 1614 1964 ultoris.
1664 1908 1862 1964 Verum

268 2013 390 2068 haec
433 2010 616 2067 omnia
658 2009 834 2075 vobis,
867 2008 951 2064 vel
995 2022 1090 2076 pro
1129 2005 1393 2076 sapientia
1438 2003 1861 2073 supernaturali,

266 2106 354 2164 vel
398 2121 495 2178 pro
546 2105 817 2162 indefesso
862 2119 1137 2160 sacrarum
1184 2101 1364 2158 studio
1407 2102 1742 2167 litterarum,
1788 2099 1864 2156 ita

267 2200 482 2272 cognita
513 2216 634 2256 esse
663 2215 770 2255 non
804 2199 1038 2271 ambigo,
1072 2207 1131 2252 ut
1156 2197 1224 2252 de
1261 2196 1346 2252 bis
1387 2197 1561 2267 prima
1604 2195 1864 2266 plantatio

266 2301 466 2350 vestrae
505 2291 945 2350 conversationis
985 2290 1297 2346 inoleverit.
1352 2289 1593 2360 Denique
1639 2304 1746 2345 non
1795 2290 1866 2346 de

269 2383 608 2456 ptenitentia
632 2384 918 2456 qualitate,
950 2383 1047 2440 sed
1075 2383 1143 2439 de
1173 2383 1292 2452 ejus
1321 2382 1426 2438 line
1453 2397 1515 2438 ac
1540 2382 1864 2438 satisfactio-

270 2478 358 2533 nis
404 2477 609 2533 indicio
652 2478 890 2542 solliciti,
925 2477 977 2532 id
1009 2476 1151 2546 quod
1177 2477 1246 2530 ab
1275 2476 1393 2531 aliis
1438 2477 1860 2544 praetermissum

269 2577 375 2634 est,
415 2568 758 2642 sagacissima
803 2568 1226 2639 interrogatione
1255 2567 1578 2639 disquiritis.
1619 2566 1864 2670 Quapro-

1973 1912 2309 1968 infestaverit
2339 1916 2537 1970 mentis
2565 1931 2784 1972 arcana.
2820 1918 3005 1988 Itaque
3033 1929 3159 1978 tunc
3190 1939 3248 1979 se
3279 1927 3324 1979 is
3352 1927 3439 1997 qui
3467 1942 3564 1997 pro

1971 2006 2342 2064 satisfactione
2381 2009 2666 2078 pervigilat
2705 2027 2735 2065 a
2771 2013 3088 2069 criminibus
3135 2017 3460 2086 absolutum,
3502 2035 3566 2076 ac

1970 2100 2038 2156 de
2064 2102 2358 2171 praeteritis
2385 2102 2637 2159 admissis
2669 2105 2881 2159 veniam
2911 2108 3222 2176 percepisse
3248 2121 3564 2181 cognoscat,

1969 2210 2092 2250 cum
2123 2210 2458 2266 nequaquam
2496 2211 2592 2252 cor
2628 2213 2784 2252 suum
2817 2201 3134 2256 eorumdem
3163 2201 3418 2258 vitiorum
3450 2205 3567 2261 ille-

1970 2291 2152 2346 cebris
2197 2291 2432 2346 senserit
2481 2292 2565 2346 vel
2609 2293 2992 2363 imaginatione
3035 2297 3568 2367 perstringi.Quam-

1970 2380 2156 2438 obrem
2188 2383 2507 2440 verissimus
2537 2384 2753 2454 quidam
2785 2387 3130 2442 examinator
3153 2391 3482 2458 pmnitcntiae
3511 2400 3570 2448 et

1971 2474 2319 2546 indulgentiae
2371 2475 2539 2551 [Lips.
2587 2479 2642 2531 in
2683 2495 2848 2552 marg.
2904 2477 3088 2552 index]
3133 2481 3187 2536 in
3231 2484 3567 2540 conscientia

1970 2569 2175 2627 residet
2205 2581 2413 2638 nostra,
2443 2571 2534 2642 qui
2576 2571 2973 2630 absolutionem
3003 2583 3189 2631 reatus
3225 2577 3399 2633 nostri
3442 2587 3568 2636 ante

1347 2766 1600 2822 ALARDI
1642 2766 1875 2824 GAZ/El
1911 2769 2482 2830 COMMENTARIUS.

411 2925 612 2981 Eodem
640 2923 756 2980 fere
792 2922 958 2980 modo
986 2921 1079 2977 alii
1105 2920 1296 2978 Patres
1326 2922 1700 2990 paenitentiam
1734 2924 1867 2979 defl-

268 2999 445 3055 niunt.
474 2997 788 3053 Lactantius
815 2995 852 3049 l.
886 3011 938 3050 v1
967 2994 1099 3050 Inst.
1132 3007 1253 3063 cap.
1275 2991 1347 3046 21
1374 3013 1386 3047 :
1415 2997 1600 3065 Agere,
1632 2997 1730 3059 ait,
1760 3013 1869 3063 par-

267 3071 564 3136 nitentiam,
598 3066 731 3121 nihil
760 3066 908 3120 aliud
949 3074 1025 3120 est
1067 3081 1224 3138 quam
1254 3065 1501 3138 profiteri
1531 3076 1578 3120 et
1611 3068 1869 3138 amrmare

267 3157 322 3195 se
367 3135 587 3195 ulterius
632 3155 734 3192 non
766 3148 1118 3210 peccaturum.
1163 3135 1230 3210 Et
1259 3137 1397 3210 intra
1425 3154 1437 3189 :
1472 3135 1528 3190 Is
1559 3135 1692 3192 enim
1716 3155 1870 3210 quem

269 3213 396 3283 facti
417 3213 498 3265 sui
520 3207 992 3283 panitet,4errorem
1008 3224 1157 3283 suum
1175 3207 1440 3283 intelligit,
1462 3209 1679 3278 ideoque
1701 3209 1870 3262 σι’ωεὶ

270 3279 455 3337 melius
499 3279 546 3337 et
585 3281 971 3351 signiﬁcantius
1019 3279 1536 3351 perévoLa-i_dicuitt,
1580 3297 1736 3350 quam
1777 3295 1870 3334 nos

270 3370 544 3424 possumus
593 3347 1238 3424 resipiscentiam'dicere.
1292 3347 1767 3424 Resipiscit'enim,
1813 3367 1872 3424 ac
1902 3350 1947 3413 C

272 3421 495 3478 mentem
541 3421 705 3478 suam
733 3423 880 3491 quasi
928 3422 992 3475 ab
1037 3423 1240 3474 insania
1277 3421 1482 3486 recipit,
1523 3438 1673 3489 quem
1715 3423 1874 3474 errati

271 3496 437 3564 piget,
465 3495 782 3564 castigatque
806 3495 1029 3562 seipsum
1058 3492 1352 3556 dementire,
1383 3501 1429 3547 et
1459 3493 1729 3561 conﬁrmat
1757 3494 1874 3546 ani-

273 3563 415 3618 mum
455 3563 611 3620 suum
636 3565 703 3618 ad
732 3565 918 3618 rectius
964 3564 1253 3618 vivendum.
1288 3563 1616 3632 Augustinus
1643 3579 1807 3618 serm.
1840 3565 1872 3618 7

272 3635 340 3690 de
361 3637 630 3705 Tempore
653 3651 666 3690 :
693 3633 803 3688 Ista
824 3644 899 3690 est
925 3652 1044 3688 vera
1065 3635 1381 3705 paenitentia,
1411 3635 1620 3702 quando
1647 3635 1722 3688 sic
1749 3651 1875 3689 con-

272 3709 493 3762 vertitur
518 3708 654 3776 quis,
678 3717 732 3759 ut
758 3723 861 3760 non
882 3717 1198 3770 revertatur;
1219 3706 1428 3776 quando
1456 3708 1530 3758 sic
1562 3708 1788 3773 paenitet.
1817 3715 1873 3760 ut

274 3795 381 3849 non
416 3775 630 3849 repetat.
661 3777 951 3847 Gregorius
989 3777 1177 3832 homil.
1226 3775 1295 3830 54
1336 3791 1497 3844 super
1541 3777 1868 3844 Evangelia:

276 3847 542 3904 Paenitere
563 3858 636 3903 est
669 3857 906 3902 anteacta
928 3858 1136 3918 peccata
1157 3850 1300 3918 ﬂere,
1327 3855 1373 3901 et
1402 3850 1576 3918 ﬂenda
1604 3865 1706 3902 non
1728 3865 1839 3902 com
1857 3879 1872 3890 -

276 3923 521 3974 mittere:
549 3921 616 3974 Et
642 3918 882 3974 Isidorus
913 3920 1008 3973 lib.
1035 3936 1068 3974 II
1094 3923 1161 3974 de
1190 3919 1415 3975 Summo
1445 3919 1595 3972 Bono
1625 3934 1742 3988 cap.
1775 3920 1869 3974 l6:

276 3989 455 4062 lsaias
482 3992 545 4044 de
574 3991 926 4062 peccatoribus
957 3991 1121 4044 dicit:
1156 3989 1449 4062 Lavamini,
1483 3991 1662 4043 mundi
1689 3999 1868 4045 estote.

275 4061 505 4116 Lauatur
524 4060 817 4116 et‘mundus
837 4073 912 4116 est
932 4063 1021 4132 qui
1043 4070 1092 4115 et
1111 4062 1374 4132 preterita
1397 4060 1594 4132 plangit
1616 4070 1667 4115 et
1695 4064 1869 4132 ﬂenda

275 4133 468 4204 iterum
498 4150 603 4186 non
629 4132 918 4186 committit.
961 4132 1190 4187 Latmtur
1215 4142 1261 4187 et
1295 4148 1399 4185 non
1431 4134 1758 4204 estimundus
1786 4135 1875 4204 qui

275 4203 483 4274 plangit
517 4220 632 4272 quae
668 4205 843 4272 gessit,
883 4221 972 4258 nec
1002 4205 1225 4274 deserit:
1261 4213 1329 4270 et,
1361 4213 1473 4269 post
1503 4203 1874 4274 lacrymas,rea

274 4273 719 4357 qure’deﬁeverat
764 4275 966 4357 repetit.
1011 4273 1213 4357 verum
1245 4283 1302 4357 ut
1344 4273 1427 4357 liae
1469 4282 1524 4328 et
1565 4273 1874 4357 litijustnodi

277 4345 574 4402 Sententiis
603 4361 734 4402 sane
764 4345 1152 4415 intelligantur,
1187 4345 1480 4400 notandum
1522 4345 1873 4415 quemadmo-

276 4418 409 4474 dum
442 4419 696 4487 superius
723 4415 790 4471 de
816 4419 1052 4472 amicitia
1086 4433 1214 4473 vera
1245 4416 1443 4472 dictum
1467 4427 1550 4470 est
1573 4417 1752 4470 cnllat.
1785 4418 1870 4484 16,

275 4489 353 4544 ita
382 4488 454 4544 de
481 4504 604 4544 vera
639 4489 954 4555 poenitentia
977 4489 1344 4552 sentiendum,
1368 4487 1575 4540 duobus
1607 4503 1726 4542 eam
1761 4503 1876 4542 mo-

277 4559 367 4614 dis
415 4559 588 4628 accipi
619 4574 802 4630 posse,
837 4570 895 4613 nt
923 4561 1082 4614 docte
1112 4567 1355 4630 annotuti
1383 4558 1444 4630 Ι).
1497 4558 1873 4614 Bonaventura

276 4630 334 4684 in
382 4629 928 4702 quartumgSentent.
973 4630 1131 4701 (Dist.
1168 4629 1278 4697 M).
1333 4629 1516 4684 Primo
1539 4631 1702 4684 modo
1749 4645 1872 4702 vera

276 4701 601 4772 paenitentia
631 4701 828 4756 dicitur
856 4703 908 4756 in
940 4717 1045 4770 qua
1078 4702 1345 4772 reperitur
1374 4716 1498 4754 vera
1533 4702 1673 4755 ratio
1699 4701 1876 4771 pleni-

282 4771 493 4836 tentias,
525 4773 796 4842 quomodo
836 4788 1020 4828 verum
1063 4789 1252 4827 aurum
1298 4771 1531 4826 dicimus
1586 4775 1726 4842 quod
1768 4788 1874 4828 non

275 4853 364 4898 est
406 4843 805 4908 adulterinum;
852 4854 908 4898 et
937 4843 1039 4898 hoc
1071 4843 1232 4899 modo
1258 4850 1478 4912 accepta
1528 4859 1659 4898 vera
1709 4844 1880 4913 posui-

277 4915 451 4968 tentia
475 4913 766 4983 opponitur
794 4913 944 4969 falsa:
975 4924 1068 4969 aut
1091 4914 1378 4968 simulatae.
1413 4915 1535 4969 Alio
1566 4915 1726 4969 modo
1753 4931 1878 4970 vera

276 4983 482 5041 dicitur
512 4985 828 5054 pmoitentia
859 5001 976 5052 quze
1023 4987 1293 5039 hominem
1343 4984 1590 5050 perducit
1618 4986 1685 5040 ad
1719 4987 1879 5041 linem

277 5057 560 5120 ultimum,
587 5055 638 5110 id
668 5063 773 5120 est,
798 5055 965 5109 vitam
997 5068 1278 5110 :eternam.
1311 5055 1384 5109 De
1419 5056 1514 5109 bac
1544 5058 1704 5126 igitur
1729 5073 1877 5120 vera,

275 5126 333 5199 id
357 5136 466 5193 est,
494 5127 726 5196 perfecta
755 5127 1088 5199 poenitentia,
1115 5127 1409 5197 loquuntur
1432 5126 1642 5199 Patres,
1665 5130 1882 5199 quando

275 5198 473 5254 dicunt
521 5213 702 5252 veram
757 5197 1126 5268 paenitentiam
1174 5212 1294 5252 esse
1339 5198 1609 5268 prmterita
1660 5197 1881 5267 peccata

275 5268 516 5329 deﬂere.
550 5279 598 5323 el
630 5269 806 5323 flenda
831 5271 1054 5323 ulterius
1078 5284 1183 5323 non
1209 5269 1578 5334 committere;
1608 5271 1697 5325 vel
1729 5279 1881 5325 certe

277 5339 596 5408 intelligunt
622 5340 993 5410 paenitentiam
1025 5355 1146 5394 esse
1172 5342 1533 5394 cessitionem
1561 5356 1589 5393 a
1626 5344 1877 5407 peccatis,

276 5412 476 5482 saltem
510 5411 561 5464 in
595 5424 721 5482 voLo
750 5424 799 5465 et
836 5412 1114 5480 proposito
1142 5411 1492 5482 paenitentis;
1527 5415 1880 5480 quemadmo-

278 5480 414 5555 dum
448 5481 635 5555 Patres
665 5481 965 5555 Tridentini
998 5480 1168 5555 (Sess'.
1203 5481 1268 5535 14
1293 5497 1340 5555 c.
1375 5483 1430 5550 1)
1461 5481 1655 5555 docent
1682 5483 1882 5538 contri-

278 5553 489 5623 tionem
519 5553 662 5622 (quae
683 5561 770 5607 est
793 5553 1353 5623 primus'pmnitentize
1380 5553 1559 5621 acuis)
1591 5569 1700 5607 esse
1721 5555 1884 5608 animi

279 5622 545 5692 dolorem,
588 5635 636 5677 et
673 5622 1057 5678 detestationem
1092 5627 1154 5676 de
1188 5635 1395 5692 peccato
1435 5626 1731 5688 commisso,
1767 5643 1883 5679 cum

278 5697 554 5766 proposito
579 5712 682 5749 non
709 5695 954 5766 peccandi
975 5697 1037 5748 de
1059 5705 1242 5748 emisre
1274 5694 1435 5766 (Vide
1456 5711 1526 5749 ss.
1552 5695 1585 5750 6
1607 5712 1724 5765 cap.
1760 5697 1880 5765 t4);

322 5766 563 5838 uomodo
585 5765 746 5838 etiam
766 5765 1019 5838 (videntur
1041 5765 1353 5838 accipienda
1379 5767 1543 5838 verba
1570 5767 1876 5838 Augustini,

309 5835 482 5894 sideri
513 5847 569 5895 et
597 5837 806 5897 abbatis
849 5835 1042 5895 Pinufii
1085 5837 1189 5894 hoc
1210 5836 1362 5911 loco.
1393 5836 1532 5894 Illud
1563 5835 1693 5894 vero
1722 5839 1880 5897 indu-

1907 4740 1955 4800 D

1978 2924 2205 2996 bitatum
2255 2941 2378 2981 esse
2419 2925 2602 2990 debet,
2651 2926 2792 2996 quod
2821 2936 2876 2982 et
2901 2942 2930 2982 a
2963 2927 3215 2983 Patribus
3243 2928 3574 2984 Tridentinis

1977 2995 2308 3058 declaratur,
2338 2998 2651 3069 paenitentiae
2676 2995 2983 3052 vocabulum
3015 3008 3124 3052 tum
3171 3002 3222 3052 in
3266 3001 3450 3054 divinis
3493 3002 3576 3055 lit-

1979 3069 2122 3134 teris,
2161 3078 2268 3120 tunt
2289 3067 2431 3140 apud
2457 3067 2564 3124 SS.
2599 3068 2809 3134 Patres,
2833 3087 2934 3141 non
2963 3087 3061 3139 pro
3087 3072 3198 3125 sola
3219 3072 3576 3141 resipiscenlia

1978 3150 2068 3212 aut
2097 3141 2383 3212 mutatione
2403 3141 2538 3206 vita,
2569 3150 2624 3193 ut
2650 3140 2826 3194 volunt
2850 3140 3098 3206 heretici,
3127 3143 3218 3197 sed
3240 3159 3332 3212 pro
3360 3145 3578 3197 άειεειαο

1982 3209 2120 3262 tione
2162 3221 2209 3264 et
2257 3211 2606 3264 rindicatione
2647 3220 2971 3277 peccatorum
2998 3209 3390 3267 commissorum
3428 3231 3578 3268 usur-

1979 3281 2115 3350 pari.
2138 3282 2366 3352 Concilii
2391 3281 2703 3336 verba'stmt
2732 3281 2858 3352 (Ubi
2878 3283 3056 3351 supra)
3085 3300 3100 3336 :
3135 3281 3377 3339 Declarat
3400 3295 3579 3339 sancta

1979 3351 2212 3421 synodus
2251 3352 2386 3405 hanc
2427 3351 2785 3406 contritionem
2834 3370 2935 3407 non
2980 3355 3144 3408 solum
3186 3358 3520 3408 cessationem
3549 3372 3580 3409 a

1979 3431 2214 3490 peccato,
2263 3434 2310 3476 et
2358 3422 2472 3476 uiue
2519 3439 2663 3476 nocte
2710 3427 3058 3492 propositum,
3101 3435 3145 3477 et
3177 3426 3578 3493 inchoationem,

1975 3493 2064 3569 sed
2091 3495 2272 3569 veteris
2293 3494 2452 3569 etiam
2483 3494 2660 3569 odium
2691 3497 2973 3569 continere,
2997 3496 3160 3569 juxta
3181 3496 3358 3569 illud:
3391 3494 3576 3569 Proji-

1977 3565 2083 3637 cite
2117 3581 2148 3616 a
2182 3563 2332 3637 nobis
2361 3579 2531 3618 omnes
2562 3566 2854 3637 iniquitates
2895 3576 3104 3633 vestras,
3135 3567 3188 3618 in
3230 3567 3413 3637 quibus
3448 3563 3578 3632 pra:-

1977 3635 2190 3688 varicati
2242 3635 2397 3706 e_stis;
2433 3645 2481 3688 et
2521 3637 2680 3706 facile
2706 3636 2848 3706 t‘obis
2893 3653 2981 3690 cor
3025 3635 3311 3704 novum—et
3341 3639 3581 3706 spiritunt

1978 3722 2165 3758 novum
2215 3703 2434 3775 (Ezech.
2469 3703 2643 3774 xvtu).
2691 3705 2762 3760 Et
2801 3716 2935 3761 certe
2979 3709 3066 3775 qui
3112 3707 3233 3761 illos
3284 3703 3580 3762 sanctarum

1978 3775 2229 3830 clamores
2280 3777 2677 3831 consideraverit
2701 3794 2720 3832 :
2751 3776 2866 3831 Tibi
2896 3781 2995 3832 soli
3034 3782 3259 3844 peccavi,
3290 3791 3338 3833 et
3379 3780 3577 3833 malum

1978 3864 2151 3920 coram
2176 3856 2224 3901 te
2255 3848 2386 3918 feci;
2420 3848 2650 3902 laboraui
2679 3850 2731 3902 in
2761 3852 2950 3918 gemitu
2976 3866 3121 3917 meo;
3151 3850 3334 3904 lavabo
3360 3867 3449 3920 per
3467 3852 3581 3903 sin-

1977 3918 2131 3992 gulas
2169 3931 2342 3973 noctes
2375 3919 2559 3974 lectum
2585 3937 2754 3973 meum
2785 3920 2961 3990 (Psal.
2999 3937 3028 3976 ι.
3054 3930 3102 3975 et
3134 3925 3246 3992 vn);
3282 3918 3575 3992 recogitabo

1980 3991 2292 4044 tibiamnes
2337 4008 2499 4045 annos
2546 4009 2684 4046 meos
2731 3993 2782 4045 in
2822 3991 3193 4047 amaritudine
3221 3991 3415 4048 animai
3454 4008 3579 4047 mete

1979 4060 2118 4132 (Isa.
2154 4062 2412 4136 XXXVIII);
2443 4072 2488 4136 et
2521 4063 2654 4136 alios
2689 4063 2846 4136 hujus
2872 4066 3115 4134 generis;
3150 4066 3300 4135 facile
3328 4062 3579 4134 intelliget

1978 4149 2062 4186 eos
2093 4149 2157 4188 ea:
2184 4133 2465 4207 vehementi
2493 4134 2722 4207 quodam
2752 4133 3010 4207 anteacta,
3028 4133 3286 4190 viue‘odio
3308 4144 3353 4190 et
3383 4133 3576 4207 ingenti

1978 4215 2301 4279 peccatorum
2331 4205 2668 4279 detestatione
2693 4223 2944 4279 manasse.
2978 4206 3102 4262 Ilaec
3131 4207 3391 4279 synodus.

2050 4274 2174 4349 eid
2221 4285 2324 4346 est,
2359 4275 2652 4349 indicium,
2696 4278 2811 4332 sive
2858 4274 3258 4349 argumentum,
3305 4292 3414 4348 quo
3458 4276 3578 4346 qnis

1980 4346 2286 4419 colligatse
2320 4347 2477 4414 plene
2525 4355 2579 4402 et
2619 4349 2857 4415 perfecte
2903 4346 3152 4418 expiasse
3192 4346 3434 4419 peccata,
3483 4354 3581 4402 aut

1979 4417 2308 4489 satisfecisse
2338 4433 2432 4486 pro
2462 4419 2723 4487 peccatis,
2753 4431 2805 4474 et
2850 4417 3081 4489 proinde
3124 4417 3312 4476 eorum
3360 4419 3576 4474 veniam

1980 4497 2036 4542 et
2065 4488 2451 4560 indulgentiam
2485 4504 2605 4544 esse
2631 4488 3004 4557 consecutum,
3036 4491 3128 4560 qui
3153 4501 3238 4546 est
3261 4493 3381 4544 linis
3408 4489 3579 4560 βωμία

1983 4560 2186 4631 tentias,
2210 4560 2277 4614 de
2305 4574 2410 4629 quo
2434 4560 2675 4614 instituta
2708 4569 2761 4614 et
2792 4561 3050 4631 inscripta
3084 4562 3199 4618 hate
3227 4562 3464 4618 collatio.
3495 4560 3577 4615 Ad

1983 4629 2126 4702 [tunc
2153 4645 2318 4699 porro
2339 4631 2515 4702 locum
2542 4645 2672 4702 sane
2695 4629 3101 4700 intelligendum
3132 4649 3236 4688 non
3260 4631 3579 4702 neglrgcnda

1984 4700 2128 4774 Petri
2159 4701 2661 4774 Maturigannotatio
2694 4701 2912 4774 (Chron.
2945 4714 3080 4774 part.
3116 4720 3176 4765 II.
3201 4721 3248 4760 c.
3277 4700 3448 4769 ἓξίιίὶ.
3484 4702 3575 4768 lii,

1983 4770 2013 4844 ς
2052 4771 2141 4839 19)
2182 4772 2324 4844 apud
2352 4772 2407 4826 S.
2439 4770 2771 4827 Antoninum
2800 4789 2814 4827 :
2847 4770 2977 4840 Qua:
3018 4774 3118 4829 ltoc
3165 4775 3307 4840 loco,
3339 4774 3432 4838 ait,
3469 4781 3581 4827 tra-

1982 4842 2205 4915 duntur,
2238 4842 2305 4897 de
2334 4844 2705 4913 cognoscenda
2754 4860 3096 4915 peccatorum
3145 4860 3368 4900 suorum
3411 4846 3577 4898 abso-

1984 4914 2185 4969 lutiune
2224 4923 2278 4968 et
2319 4915 2658 4981 remissione,
2692 4914 2888 4970 indicia
2929 4916 3146 4986 quidem
3175 4926 3231 4972 et
3251 4916 3580 4985 Coniectura).

1987 5000 2111 5040 esse
2157 4995 2384 5054 possunt
2428 4986 2789 5043 abStiIUIiODiS
2836 4995 3215 5057 peccatorum;
3250 5002 3356 5041 non
3401 4997 3579 5041 tamen

1985 5066 2130 5128 certa
2175 5066 2227 5128 et
2273 5057 2580 5111 necessaria
2629 5069 2965 5128 argumenta,
3010 5059 3204 5128 quibus
3243 5061 3405 5113 homo
3434 5058 3499 5111 ad
3529 5057 3580 5111 id

1988 5127 2315 5182 credendum
2347 5143 2442 5196 pro
2471 5139 2625 5183 certo
2667 5127 2855 5184 adduci
2898 5127 3107 5198 pOSsit:
3137 5133 3404 5184 neminem
3435 5129 3580 5183 enim

1989 5199 2091 5270 nisi
2124 5213 2218 5268 per
2248 5198 2484 5253 divinam
2514 5201 2742 5268 gratiam
2783 5211 2989 5256 certum
3020 5215 3141 5256 esse
3175 5215 3332 5270 posse
3361 5201 3584 5254 certitu-

1989 5269 2113 5324 dine
2166 5270 2291 5324 fidei
2339 5270 2442 5324 sibi
2491 5281 2712 5340 peccata
2751 5287 2872 5326 esse
2915 5269 3458 5333 diniissa.’constans
3500 5277 3586 5324 est

1989 5341 2382 5397 catholicorum
2407 5341 2610 5411 opinio.
2639 5343 2769 5396 Vide
2791 5344 3062 5398 Canisium
3089 5345 3138 5398 in
3162 5341 3339 5410 Opere
3356 5341 3580 5396 Cateclt.

1990 5428 2109 5482 cap.
2160 5414 2227 5468 de
2266 5413 2511 5484 Peccatis
2556 5427 2741 5467 contra
2789 5413 3048 5480 Spiritum
3096 5415 3155 5470 S.
3204 5421 3394 5484 quasi.
3435 5411 3488 5484 5,
3532 5420 3586 5465 et

1989 5485 2045 5539 S.
2079 5483 2341 5538 Thomam
2375 5487 2423 5538 in
2460 5483 2571 5549 1-9.,
2604 5493 2792 5553 quaest.
2830 5486 2954 5552 lli,
2987 5500 3036 5539 a.
3072 5487 3125 5550 5,
3159 5483 3345 5540 So'tum
3392 5483 3487 5536 lib.
3527 5497 3586 5537 III

1991 5557 2059 5627 tle
2089 5554 2208 5608 Nat.
2234 5564 2289 5610 et
2312 5556 2462 5627 Grut.
2489 5571 2538 5608 c.
2566 5555 2757 5621 10-12,
2788 5565 2842 5610 et
2875 5555 3068 5627 Vegatn
3093 5558 3159 5612 de
3185 5554 3586 5627 Justilicatlone

1993 5625 2088 5681 lib.
2125 5643 2201 5709 IX‘.
2234 5626 2325 5709 qui
2355 5629 2703 5709 confirmati-th
2721 5643 2783 5681 ea
2807 5622 3044 5709 ﬂuafin
3095 5628 3292 5709 concil.
3337 5622 3585 5709 Τξξιιειιι.

1993 5712 2129 5752 sess.
2158 5697 2191 5753 6
2213 5695 2331 5766 cap.
2358 5698 2390 5752 9
2414 5707 2469 5752 et
2489 5712 2609 5752 can.
2640 5695 2705 5750 12
2723 5709 2777 5752 et
2801 5697 2866 5754 1⁵5
2887 5708 3011 5752 sunt
3037 5700 3265 5762 sancita,
3291 5705 3345 5758 et
3367 5695 3582 5750 Sixtum

1992 5768 2222 5824 Senens.
2267 5769 2362 5824 lib.
2394 5785 2446 5823 vr
2479 5768 2824 5824 Bibliotheca:
2869 5782 3059 5826 annot.
3100 5768 3227 5826 2I0.
3268 5767 3395 5824 Haec
3436 5766 3582 5823 Petr.

1991 5839 2249 5898 Maturus.
2294 5841 2400 5898 Sed
2429 5841 2551 5896 vide
2582 5841 2734 5912 plura
2765 5841 2987 5899 inferius
3015 5853 3293 5901 annotata.
