4072 6324
521 302 661 363 1189

1575 295 1848 354 ιοΑηΝιε
1884 290 2197 354 CASSIANI
2236 294 2730 353 COLLATIONES.

3668 298 3795 357 1160

518 409 825 485 neglexerit
851 410 1176 481 assequitur,
1209 408 1313 464 nisi
1343 409 1434 480 qui
1460 418 1693 480 g-emttus
1719 419 1880 480 atque
1919 412 2096 479 suspi-
2123 413 2172 472 Α
2201 421 2289 467 tus
2316 411 2592 480 apostolus
2622 411 2816 466 Petrus
2847 409 3050 482 (Actor.
3078 411 3158 482 ιιι)
3183 428 3198 468 ;
3221 411 3574 477 Ρωιιὶιεηιίηἱ,
3607 415 3796 484 inquit,

516 507 600 563 ria
622 516 812 563 mossta
847 506 1074 577 jugitate
1111 504 1430 560 continuans
1465 519 1678 560 omnem
1708 505 1948 560 sordium
1996 505 2105 575 pri—

525 602 790 657 stinarum
838 599 1115 657 excoxerit
1159 598 1364 666 labem,
1407 607 1462 654 et
1502 598 1700 654 virtute
1741 599 1903 654 animi
1945 609 2108 670 atque

517 709 684 766 opere
716 693 1127 766 proclamaverit
1165 693 1232 747 ad
1265 692 1430 746 Deum
1458 710 1471 745 :
1511 691 1770 748 Delictum
1801 711 1968 748 meum
2021 711 2108 748 co-

516 790 716 863 gnitum
763 788 856 842 tibi
912 789 1036 858 feci,
1087 796 1135 841 et
1187 787 1498 858 injustitiam
1548 803 1715 842 meam
1768 805 1872 842 non
1925 789 2109 858 operui

517 883 693 956 (Psal.
723 884 896 952 nsi).
927 883 993 938 Et
1018 880 1260 938 Fuerunt
1281 883 1409 936 mihi
1439 882 1680 953 lacrymte
1707 898 1830 936 mea:
1847 899 2004 950 panes
2025 883 2108 936 die

514 993 577 1031 ac
608 985 753 1031 nocte
784 973 959 1048 (Psal.
986 975 1134 1045 xu);
1183 986 1241 1031 ut
1267 983 1664 1044 consequenter
1704 986 1977 1031 mereatur
2005 992 2104 1031 au—

516 1071 664 1127 dire:
693 1070 938 1137 Quicscat
967 1086 1067 1124 vox
1093 1080 1182 1126 tua
1209 1086 1242 1122 a
1271 1072 1500 1138 ploratu.
1531 1078 1579 1124 et
1607 1070 1743 1124 oculi
1766 1071 1840 1124 tui
1863 1087 1893 1123 a
1936 1070 2106 1140 lacry-

514 1163 630 1227 mis,
659 1163 780 1232 quia
806 1172 879 1216 est
921 1177 1112 1216 merces
1140 1163 1282 1232 operi
1327 1171 1440 1228 tuo,
1470 1163 1547 1214 ait
1587 1160 1841 1216 Dominus
1885 1161 2101 1231 (Jerem.

514 1252 618 1324 ιιι).
650 1253 783 1308 Illud
809 1261 1023 1323 quoque
1051 1253 1302 1308 similiter
1327 1253 1392 1307 ad
1416 1268 1539 1307 eum
1568 1268 1700 1308 voce
1731 1254 1937 1307 Domini
1970 1252 2102 1307 diri-

511 1354 691 1415 gatur,
727 1344 903 1399 Delevi
937 1355 990 1398 ut
1022 1345 1204 1400 nubem
1244 1345 1539 1412 iniquitates
1587 1354 1722 1410 tuas,
1765 1354 1811 1399 et
1845 1345 1992 1415 quasi
2018 1360 2105 1398 ne-

515 1435 687 1490 bulam
732 1448 941 1509 peccata
990 1446 1080 1491 tua
1118 1436 1255 1512 (lsa.
1289 1437 1454 1509 XLIV).
1490 1438 1555 1492 Et
1586 1438 1806 1492 iterum:
1856 1437 1966 1508 Ego
1989 1453 2104 1490 sum

513 1532 601 1602 qui
630 1532 774 1586 deleo
824 1531 1121 1603 iniquitates
1165 1540 1280 1585 tuas
1313 1541 1518 1603 prapter
1572 1547 1673 1598 me,
1713 1540 1758 1584 et
1781 1521 2105 1602 peccatorum

513 1632 717 1678 tuorum
729 1627 846 1696 jam
869 1641 970 1678 non
995 1623 1306 1679 recordabar
1321 1622 1457 1696 (Isa.
1476 1623 1647 1694 ιιιιι).
1668 1623 1737 1678 Et
1759 1623 1828 1678 ita
1853 1622 2105 1678 funiculis

512 1726 855 1785 peccatorum
887 1729 1130 1780 suorum,
1173 1715 1369 1784 quibus
1413 1715 1779 1784 unusquisque
1828 1715 2101 1768 constrin~

2212 516 2258 560 et
2294 505 2670 572 convertimini,
2701 514 2756 558 ut
2790 506 3057 560 deleantur
3091 517 3295 571 peccata
3321 516 3509 564 vestra.
3545 507 3611 562 Et
3635 507 3794 564 Joan-

2209 613 2308 655 nes
2347 599 2607 667 Baptista,
2642 597 2730 654 vel
2774 599 2891 669 ipse
2937 598 3198 652 Dominus
3239 597 3459 669 (Matth.
3505 615 3566 654 ιιι
3608 609 3652 655 et
3682 599 3799 671 Iv):

2211 691 2571 746 Pwnitcntiam
2592 691 2750 762 agite,
2772 691 3214 762 apprOpinquabit
3241 691 3376 745 enim
3402 708 3620 764 regnum
3643 693 3799 747 creto-

2207 799 2342 837 rum.
2377 782 2484 839 Sed
2527 783 2689 837 etiam
2721 797 2814 852 per
2847 781 3133 838 charitatis
3166 782 3419 838 affectum
3451 794 3800 854 peccatorum

2210 877 2380 932 moles
2426 875 2710 930 obruitur:
2741 874 2981 928 Charitas
3025 875 3160 929 enim
3207 876 3372 946 operit
3418 877 3800 932 multitudinem

2207 977 2528 1038 peccatorum
2556 967 2598 1040 (l
2628 967 2774 1022 Petr.
2807 968 2904 1038 Iv).
2935 969 3203 1024 Similiter
3236 970 3397 1024 etiam
3439 985 3536 1039 per
3558 971 3799 1028 eleemo-

2206 1075 2461 1132 synarum
2487 1060 2722 1116 fructum
2753 1059 3067 1116 vulneribus
3097 1061 3300 1116 nostris
3332 1061 3540 1118 medela
3574 1074 3800 1134 praesta-

2209 1161 2326 1218 tur;
2359 1154 2483 1223 quia
2511 1155 2644 1208 sicut
2685 1171 2820 1225 aqua
2847 1154 3123 1226 exstinguit
3148 1154 3335 1226 ignem,
3367 1155 3440 1208 ita
3477 1156 3799 1228 cleemosyna

2209 1245 2492 1318 exstinguit
2528 1256 2792 1314 peccatum
2814 1244 3042 1314 (Eccles.
3065 1245 3168 1316 ιιι).
3203 1247 3274 1301 Ita
3301 1248 3462 1302 etiam
3497 1264 3595 1317 per
3622 1249 3797 1320 lacry-

2215 1352 2420 1391 marum
2448 1337 2814 1406 profusionem
2839 1338 3179 1408 conquiritur
3194 1337 3398 1394 ablatio
3414 1351 3794 1409 peccatorum:

2206 1427 2411 1484 Lavabo
2439 1431 2580 1486 enim
2611 1445 2703 1500 per
2719 1431 2954 1501 singulas
2979 1441 3150 1485 noctes
3183 1431 3373 1485 lectum
3403 1448 3590 1500 meum,
3626 1433 3798 1504 lacry-

2207 1523 2303 1576 mis
2339 1523 2462 1576 meis
2507 1531 2728 1576 stratum
2767 1538 2937 1577 meum
2981 1522 3198 1595 rigabo;
3228 1522 3462 1594 denique
3499 1523 3795 1594 subjungit,

2206 1615 2499 1670 ostendens
2530 1629 2624 1670 eas
2664 1631 2771 1670 non
2820 1616 3055 1671 inaniter
3096 1615 3264 1670 fuisse
3293 1615 3582 1684 profusas:
3620 1616 3798 1672 Disce-

2207 1710 2330 1774 dite,
2362 1708 2629 1779 inquietis,
2659 1725 2691 1761 a
2708 1725 2788 1762 me
2805 1725 3001 1776 omnes,
3024 1709 3115 1779 qui
3136 1709 3421 1776 operamini
3449 1709 3795 1779 iniquitatem,

510 1805 656 1875 gitur
683 1803 867 1876 (Prov.
902 1804 982 1874 v),
1014 1805 1292 1859 absolutus
1321 1805 1546 1859 Domino
1568 1820 1690 1860 cum
1721 1805 1865 1860 omni
1891 1805 2092 1875 gratia-
2123 1798 2171 1858 Β
2199 1803 2443 1873 quoniam
2493 1802 2754 1856 exaudivit
2795 1801 3047 1856 Dominus
3077 1817 3245 1857 vocem
3283 1803 3435 1872 ﬂetus
3481 1804 3581 1858 mei
3623 1801 3797 1875 (Etsi.

511 1912 632 1952 rum
659 1897 868 1952 actione
893 1896 1132 1979 cantabit.
1163 1913 1176 1948 :
1211 1894 1470 1964 Dirttpisti
1490 1896 1696 1950 vincula
1733 1913 1866 1963 mea,
1897 1897 1989 1952 tibi
2017 1914 2098 1952 sa-

510 1990 752 2059 criﬁcabo
781 1990 1004 2045 hostiam
1033 1987 1205 2043 laudis
1235 1987 1411 2060 (Psal.
1444 1988 1594 2060 ειν).

1091 2102 1319 2160 CAPUT
1360 2103 1497 2159 VIII.

511 2193 695 2252 Hultis
738 2196 905 2251 modis
949 2196 1019 2250 ad
1065 2206 1398 2266 peccatorum
1449 2197 1792 2266 expiationem
1836 2198 2096 2269 perveniri

1219 2283 1387 2336 posse.

581 2361 711 2416 Post
737 2359 882 2415 illam
916 2374 1150 2431 namque
1178 2369 1205 2397 ι
1231 2360 1542 2430 generalem
1567 2360 1820 2434 baptismi
1844 2362 2092 2432 gratiam,

508 2462 567 2511 et
610 2453 744 2510 illud
784 2452 812 2492 δ
843 2452 1304 2525 pretiosissimum
1361 2454 1604 2527 martyrii
1655 2455 1895 2520 donum,
1953 2454 2096 2525 quod

506 2548 790 2620 sanguinis
815 2547 1094 2603 ablutione
1131 2548 1494 2618 conquiritur,
1525 2558 1548 2587 ο
1576 2548 1734 2603 multi
1765 2556 1890 2603 sunt
1925 2548 2100 2620 paeni-

509 2638 694 2694 tentia:
727 2638 955 2706 fructus,
990 2653 1087 2708 per
1125 2654 1264 2710 quos
1301 2640 1367 2694 ad
1411 2641 1782 2710 expiationem
1812 2639 2099 2696 criminum

507 2731 844 2802 pervenitur.
871 2731 990 2786 Non
1028 2732 1174 2788 enim
1202 2741 1414 2789 tantum
1442 2733 1676 2804 simplici
1705 2733 1800 2790 illo
1827 2735 2098 2804 paeniten-

508 2824 599 2880 tiae
629 2826 851 2882 nomine
879 2825 1026 2881 salus
1054 2838 1256 2882 aeterna
1283 2827 1708 2898 repromittitur,
1738 2825 1807 2882 de
1833 2841 1940 2897 quo
1971 2827 2098 2883 bea-

2206 1895 2303 1966 vt).
2363 1895 2473 1950 Nec
2527 1910 2634 1949 noti
2681 1910 2776 1964 per
2826 1895 3112 1949 criminum
3163 1893 3564 1950 confessionem
3611 1910 3798 1952 eorum

2203 1990 2428 2046 abolitio
2453 1989 2775 2045 conceditur
2798 2006 2812 2046 :
2840 1988 2968 2044 Dixi
2993 1989 3162 2056 enim,
3195 1990 3289 2053 ait,
3317 1987 3678 2044 Pronuntiabo
3703 2007 3798 2049 ar.-

2202 2101 2404 2140 versum
2434 2099 2513 2138 me
2545 2085 2850 2154 injustitiam
2893 2100 3062 2137 meam
3089 2081 3332 2146 Domino,
3376 2094 3423 2139 et
3461 2094 3515 2138 tu
3553 2087 3798 2141 remisisti

2200 2179 2511 2248 impietatem
2533 2177 2732 2250 peccati
2748 2177 2845 2230 mei
2867 2174 3044 2248 (Psal.
3065 2174 3241 2247 XXXI).
3269 2176 3336 2231 Et
3360 2177 3554 2232 iterum
3577 2195 3592 2232 :
3623 2176 3797 2234 Narra

2201 2281 2257 2325 tu
2285 2271 2584 2342 iniquitates
2608 2281 2723 2326 tuas
2751 2272 2971 2343 primus,
3002 2281 3058 2324 ut
3077 2271 3382 2342 justiﬁceris
3411 2271 3570 2343 (Isai.
3617 2273 3791 2346 xun).

2204 2362 2308 2418 Per
2330 2361 2679 2418 afﬂictionem
2707 2377 2921 2432 quoque
2941 2361 3126 2418 cordis
3152 2371 3209 2418 et
3237 2364 3510 2433 corporis,
3539 2364 3797 2422 admisso-

2201 2471 2320 2512 rum
2381 2454 2650 2511 scelerum
2703 2454 2954 2510 remissio
3002 2455 3255 2510 similiter
3308 2455 3608 2512 obtinetur.
3658 2456 3791 2512 Nam

2197 2548 2332 2615 vide,
2367 2548 2561 2618 inquit,
2605 2547 2945 2600 humilitatem
2977 2563 3141 2600 meam
3177 2556 3223 2600 et
3253 2545 3481 2601 laborem
3509 2564 3700 2613 meum,
3745 2557 3793 2604 et

2200 2640 2400 2696 dimitte
2448 2641 2625 2694 omnia
2668 2649 2882 2709 peccata
2928 2655 3041 2692 mea
3069 2637 3242 2708 (Psal.
3277 2638 3444 2709 χχιιι).
3484 2639 3793 2711 Pracipue-

2202 2750 2308 2805 que
2329 2749 2427 2804 per
2453 2733 2888 2788 emendationem
2919 2746 3130 2786 morum
3165 2750 3178 2784 :
3203 2731 3438 2803 Auferte,
3464 2733 3662 2804 inquit,
3687 2750 3795 2788 ma-

2199 2827 2306 2882 lum
2339 2827 2714 2897 cogitationum
2742 2833 3027 2879 vestrarum
3069 2823 3132 2877 ab
3174 2825 3335 2878 oculis
3371 2825 3520 2894 meis,
3549 2827 3796 2896 quiescitc

1577 2959 1833 3017 ALARDI
1870 2959 2102 3017 GAZIEI
2143 2958 2715 3038 COMMENTARIUS.

583 3101 733 3167 l|Qua
761 3101 973 3156 scilicet
995 3099 1153 3166 plena
1184 3107 1241 3152 et.
1271 3097 1509 3165 perfecta
1536 3096 1812 3150 confertur
1841 3096 2093 3167 remissio

508 3165 746 3229 omnium
775 3179 1116 3240 peccatorum
1146 3168 1364 3242 (Concil.
1396 3167 1632 3224 Trident.
1672 3182 1799 3242 sess.
1834 3168 1888 3233 5,
1919 3184 1966 3242 c.
1996 3165 2050 3238 5)
2079 3184 2093 3220 :

508 3249 668 3315 plena
707 3239 956 3315 quidem,
1004 3242 1126 3311 quia
1158 3239 1387 3315 omnia,
1431 3241 1779 3307 quantumvis
1811 3239 2001 3315 _niulta
2041 3247 2097 3293 et

508 3310 775 3382 enormia,
820 3310 1229 3379 condonantur;
1267 3310 1503 3380 perfecta
1540 3325 1693 3382 vero,
1735 3311 1859 3379 quia
1902 3325 2095 3382 unum-

507 3381 767 3457 quodque
789 3382 1248 3457 eorum_perfecte
1283 3381 1812 3457 remittiturabsque
1842 3381 1957 3457 ulla
1984 3397 2096 3448 ρω-

512 3452 596 3514 nte
624 3452 850 3524 alicujus
895 3459 947 3510 in
980 3455 1164 3509 futuro
1211 3453 1412 3509 saeculo
1454 3452 2090 3524 luend:eireservatione.

509 3506 1628 3596 {inussissetretunsistunuam
1659 3523 1908 3577 Ezechiel
1938 3523 2090 3595 (Cap.
2120 3506 2166 3568 C

509 3595 701 3669 invn)
732 3595 836 3655 illis
869 3599 1047 3653 verbis
1082 3615 1094 3649 :
1128 3595 1414 3669 Eﬂ‘undam
1437 3610 1924 3669 supervosaquam
1947 3611 2098 3669 mun-

511 3669 652 3733 dam,
684 3665 735 3724 et
781 3669 1155 3723 mundabimini
1203 3668 1266 3719 ab
1311 3665 1544 3718 omnibus
1585 3665 1985 3734 inquinamentis
2015 3683 2099 3718 ve-

511 3743 650 3795 stris.
685 3741 853 3807 Quem
887 3741 1061 3794 locum
1100 3738 1276 3792 citans
1310 3737 1668 3806 Hieronymus
1696 3735 1756 3807 in
1778 3736 2000 3805 epistola
2029 3736 2098 3790 ad

509 3805 782 3867 Oceanum
815 3827 831 3866 :
861 3811 936 3865 Ab
965 3811 1219 3876 omnibus,
1252 3807 1444 3876 inquit,
1492 3805 1751 3861 mandabo
1791 3823 1878 3860 vos
1923 3809 2096 3860 sordi-

512 3881 638 3946 bus;
686 3883 737 3935 in
783 3882 1043 3945 omnibus,
1095 3880 1225 3933 nihil
1255 3881 1612 3950 pratici-mittit.
1661 3878 1725 3950 Et
1767 3877 1818 3931 in
1852 3877 2095 3950 eamdem

513 3952 836 4007 sententiam
881 3953 1065 4006 subdit
1107 3950 1236 4004 illud
1255 3947 1486 4004 Michem
1529 3965 1600 4003 vu
1627 3965 1641 4003 :
1672 3947 1795 4017 Ipse
1839 3949 2098 4020 demerget

512 4023 802 4094 iniquitates
845 4033 1071 4086 nostras,
1125 4030 1172 4075 et
1204 4021 1443 4092 projiciet
1490 4021 1544 4074 in
1575 4020 1896 4091 profundum
1942 4021 2098 4074 maris

516 4095 688 4148 omnia
718 4104 924 4163 peccata
950 4103 1143 4147 nostra.

587 4163 613 4203 δ
642 4161 954 4236 Martyrium
996 4164 1250 4236 supplere
1276 4165 1452 4236 vicem
1484 4161 1753 4236 baptismi
1783 4162 1969 4236 innon
2012 4177 2099 4217 re-

515 4236 678 4301 natis,
713 4231 967 4290 constans
995 4243 1082 4289 est
1111 4233 1372 4288 Ecclesia:
1401 4233 1617 4286 traditio
1643 4249 1672 4286 a
1716 4231 1976 4287 Gratiano
2007 4247 2099 4286 re-

517 4307 623 4362 lata
656 4305 758 4376 (De
788 4305 1083 4376 Consecrat.
1121 4305 1241 4359 dist.
1273 4303 1329 4365 4,
1359 4320 1407 4357 c.
1439 4302 1728 4372 Baptismi;
1773 4303 1936 4376 Basil.
1970 4303 2012 4376 ι.
2027 4303 2100 4376 de

516 4374 716 4450 Spiritu
767 4375 888 4444 8.);
935 4377 1078 4450 unde
1117 4385 1172 4430 et
1227 4374 2100 4450 baptisma-sanguinis_appella-

515 4445 623 4512 tur,
656 4460 706 4502 ct
741 4459 1007 4518 martyres
1035 4448 1086 4501 in
1116 4462 1214 4502 suo
1238 4449 1508 4518 sanguine
1526 4446 1789 4518 baptizari
1822 4445 2096 4518 dicuntur.

515 4518 654 4575 Hinc
697 4519 760 4573 D.
792 4516 1120 4586 Augustinus
1159 4533 1256 4572 χιιι
1303 4516 1370 4571 de
1398 4516 1556 4571 Civit.
1597 4530 1714 4585 cap.
1744 4517 1774 4569 7
1807 4516 2100 4579 :Quicum-

511 4607 626 4660 que,
661 4591 850 4660 inquit,
883 4590 1038 4643 etiam
1067 4605 1170 4642 non
1193 4599 1430 4654 percepto
1457 4587 1854 4658 regenerationis
1893 4588 2102 4660 lavacro

515 4657 609 4728 pro
641 4657 830 4715 Christi
859 4660 1175 4730 confessione
1195 4657 1528 4730 moriuntur,
1545 4668 1744 4712 tantum
1771 4660 1844 4712 eis
1873 4657 2005 4711 valet
2033 4660 2104 4712 ad

514 4732 815 4803 dimittenda
841 4729 1072 4803 peccata,
1089 4738 1337 4803 quantum
1359 4731 1409 4803 si
1431 4729 1770 4803 abluerentur
1784 4745 1938 4803 (sacro
1957 4730 2104 4803 fonte

515 4799 853 4869 baptismatis;
893 4803 992 4867 Qui
1021 4803 1154 4854 enim
1192 4801 1324 4872 dixit
1356 4801 1537 4872 (Joan.
1569 4802 1649 4868 ιιι)
1679 4818 1690 4852 :
1719 4799 1838 4854 Nisi
1877 4802 1991 4869 quis
2021 4819 2101 4855 re-

2197 3097 2316 3164 quia
2343 3094 2638 3150 maluerunt
2663 3094 2928 3167 Christum
2955 3096 3247 3165 conﬁtendo
3273 3098 3426 3166 finire
3453 3099 3586 3153 hanc
3611 3102 3788 3167 vitam,

2197 3185 2352 3252 quam
2381 3185 2497 3251 eum
2522 3166 2762 3252 negando
2801 3166 3032 3252 adﬁcias.
3065 3169 3374 3251 baptismum
3391 3175 3683 3252 pervenire.
3705 3166 3791 3252 _lta

2199 3239 2555 3307 Augustinus.
2581 3237 2646 3292 D.
2701 3239 2827 3291 item
2873 3237 3174 3307 Cyprianus
3221 3239 3271 3294 in
3319 3237 3544 3308 cpistola
3583 3243 3651 3297 ad
3697 3244 3793 3299 Ju-

2197 3311 2475 3384 baianutn,
2510 3308 2934 3384 catechumenos
2962 3321 3229 3384 martyres
3253 3311 3385 3384 dicit
3407 3314 3659 3384 baptizari
3679 3315 3792 3384 glo-

2195 3382 2553 3452 riosissimoet
2586 3382 2810 3434 maximo
2841 3381 3116 3452 sanguinis
3143 3381 3423 3449 baptisnto,
3459 3381 3524 3436 de
3552 3402 3654 3452 quo
3680 3381 3794 3439 Do-
3879 3439 3884 3444 ,

2197 3454 2366 3526 minus
2395 3455 2447 3526 in
2478 3450 2764 3526 Evangelia
2794 3452 2995 3526 dicebat
3030 3450 3219 3526 habere
3259 3470 3313 3507 se
3342 3453 3493 3509 aliud
3531 3450 3793 3526 baptisma

2200 3524 2450 3596 baptizari
2491 3522 2651 3596 (Luc.
2678 3522 2794 3596 xtl).
2836 3522 3008 3589 Quam
3058 3525 3360 3596 doctrinam
3403 3527 3471 3580 de
3518 3522 3792 3596 baptismo

2203 3594 2509 3666 sanguinis,
2537 3604 2594 3666 ut
2621 3594 2816 3666 ibidem
2851 3601 3071 3666 annotat
3091 3594 3392 3666 iPamelius,
3421 3594 3655 3666 sumpsit
3679 3599 3791 3666 Cy-

2203 3616 2502 3664 sanguinis,
2537 3616 2593 3648 ιιι
2622 3616 2816 3646 111101⁵111
2851 3616 3071 3648 atumutt
3101 3616 3392 3661 ramellus,
3421 3616 3655 3666 sumpSlt
3679 3616 3719 3652 [Α
3764 3630 3790 3641 ·’

2203 3665 2421 3741 priattus
2462 3683 2528 3741 e_x
2555 3664 3023 3741 Tertulliant)_l_ib.
3061 3665 3142 3741 de
3187 3667 3460 3741 Baptisnio
3488 3668 3642 3740 (Cap.
3682 3616 3790 3741 ibi),

2200 3737 2290 3792 ubi
2315 3741 2393 3792 ait
2421 3755 2441 3793 :
2471 3737 2562 3792 Est
2589 3736 2800 3806 quidem
2828 3735 2973 3788 nobis
3002 3737 3158 3789 etiam
3183 3735 3468 3793 secundum
3496 3735 3786 3806 lavacrum,

2200 3825 2362 3882 unum
2391 3820 2438 3864 et
2465 3810 2660 3882 ipsum2
2699 3808 2966 3882 sanguinis
3010 3809 3230 3882 scilicet,
3262 3813 3323 3865 de
3361 3827 3465 3882 quo
3488 3810 3744 3866 Dominus
3771 3831 3789 3866 :

2204 3878 2406 3953 Habeo,
2432 3880 2618 3953 inquit,
2643 3877 2898 3953 baptismo
2921 3879 3068 3950 tingi,
3095 3895 3215 3953 cum
3229 3885 3346 3953 jam
3367 3877 3554 3936 tinctus
3584 3884 3787 3951 fuisset.

2203 3953 2266 4004 Et
2300 3951 2439 4006 infra
2465 3969 2478 4005 :
2513 3949 2614 4003 Hic
2643 3949 2719 4002 est
2747 3949 3048 4021 baptismus,
3083 3951 3170 4020 qui
3199 3949 3459 4006 lavacrum
3484 3962 3534 4007 et
3563 3949 3668 4007 non
3699 3972 3788 4007 ac-

2199 4030 2405 4092 ceptum
2430 4019 3141 4095 reprxsentat,et_pe_rdi_tum
3170 4023 3357 4076 reddit.
3387 4024 3629 4095 Meminit
3647 4026 3788 4095 ejus-

2199 4095 2324 4147 dem
2349 4091 2599 4160 baptismi
2624 4092 2899 4161 sanguinis
2923 4091 2983 4144 D.
3010 4091 3322 4162 Fulgentius
3350 4095 3444 4148 lib.
3473 4095 3542 4150 de
3571 4091 3701 4150 Fide
3725 4097 3789 4152 ad

2202 4163 2418 4218 Petrum
2447 4164 2602 4233 (Cap.
2633 4163 2711 4232 5),
2756 4173 2943 4216 auctor
2972 4163 3113 4234 libri
3139 4164 3206 4219 de
3240 4166 3496 4220 Ecclesia:
3542 4167 3788 4234 Dogmat.

2200 4248 2321 4304 cap.
2355 4234 2444 4301 74,
2483 4233 3021 4304 Prospersententia
3056 4233 3178 4290 146.
3217 4235 3416 4290 Eadem
3447 4236 3517 4291 de
3545 4251 3605 4290 re
3632 4233 3786 4292 latius

2202 4303 2280 4360 D.’
2308 4303 2633 4361 Bernardus’
2661 4303 2820 4372 epist.
2874 4304 2964 4368 77,
2993 4316 3047 4359 et
3089 4305 3375 4362 Gratianus
3420 4308 3486 4362 de
3528 4306 3782 4364 Consecr.

2201 4375 2330 4431 dist.
2359 4376 2395 4430 4
2422 4391 2544 4445 oztp.
2575 4374 2830 4444 Baptismi
2861 4376 3040 4428 vicem.

2275 4458 2298 4486 ο
2323 4445 2660 4520 Pmnitentiae
2687 4445 2891 4500 fructus
2928 4457 3080 4520 vocat
3119 4462 3224 4503 non
3273 4450 3418 4520 ipsos
3451 4451 3790 4519 pmnitentiae

2201 4518 2460 4583 effectus;
2517 4517 2611 4572 sed
2662 4531 2826 4584 Opera
2873 4519 3110 4584 pmnalia
3159 4528 3215 4574 et
3263 4517 3653 4587 satisfactoria,
3695 4537 3789 4578 seu

2201 4605 2558 4662 qittecumqne
2580 4598 2802 4662 externa
2829 4589 2980 4658 signa
3009 4605 3080 4644 ex
3105 4591 3303 4662 quibus
3332 4607 3456 4647 vera
3483 4594 3653 4648 animi
3679 4609 3790 4662 pm-

2202 4659 2391 4716 nitndo
2432 4659 2709 4735 cognosci
2740 4669 2931 4735 potest,
2985 4669 3044 4714 ut
3082 4670 3208 4716 sunt
3252 4661 3534 4735 lacrymte,
3559 4659 3790 4734 jejunis,

2206 4729 2551 4801 peccatorum
2581 4729 2876 4802 confessio,
2905 4731 3044 4785 bona
3081 4748 3246 4801 opera
3273 4729 3578 4802 praiteritis
3603 4729 3792 4802 pecca-l

2206 4804 2274 4858 tis
2298 4804 2599 4868 contraria,
2636 4801 2703 4856 de
2747 4801 2945 4868 quibus
2993 4801 3192 4857 dicitur
3231 4801 3419 4860 Matth.
3465 4821 3523 4860 III
3559 4824 3573 4860 :
3604 4801 3793 4860 Facite

513 4882 667 4927 natus
699 4873 862 4954 fuerit.
884 4888 948 4925 ex
971 4889 1106 4943 aqua
1123 4881 1181 4954 let
1213 4870 1654 4954 Spirituosancto,
1676 4887 1789 4954 ‘non
1815 4871 2026 4926 intrabit
2047 4874 2099 4926 in
2127 4893 2182 4954 D
2207 4890 2326 4944 ergo
2354 4873 2579 4954 fructum
2609 4873 3198 4954 dignantupwnitentite.
3246 4875 3618 4954 Undetitulus
3667 4879 3793 4954 huic

511 4960 724 5010 regnum
769 4942 1036 5006 caelorum,
1081 4943 1188 4995 alia
1227 4943 1629 5014 sqntentia_istos
1667 4942 1800 5014 fecit
1835 4955 2094 5011 exceptos,

514 5015 599 5068 ubi
630 5032 728 5068 non
761 5015 926 5068 minus
951 5011 1673 5084 generaliter’dixit(Matth.
1696 5011 1810 5082 vm)
1841 5030 1856 5066 :
1889 5014 1991 5078 Qui
2020 5031 2098 5068 me

511 5085 777 5154 confessus
821 5083 975 5153 fuerit
1015 5101 1188 5137 coram
1229 5083 1540 5140 hominibus.
1585 5085 1866 5154 conﬁtebor
1914 5095 1960 5138 et
2005 5101 2096 5154 ego

511 5153 625 5208 eum
655 5171 827 5210 coram
863 5155 1019 5208 Patre
1068 5171 1199 5217 meo,
1231 5156 1320 5224 qui
1359 5157 1413 5208 in
1444 5155 1582 5208 cretis
1614 5168 1708 5210 cst.
1755 5153 1824 5208 Et
1850 5157 1956 5209 alio
1981 5153 2096 5209 loco

515 5225 667 5298 (Luc.
698 5228 774 5297 lx)
805 5243 820 5279 :
861 5226 968 5298 Qui
991 5224 1266 5292 perdiderit
1310 5226 1542 5298 animam
1574 5242 1722 5278 suam
1755 5239 1964 5298 prapter
1993 5243 2092 5292 me,

515 5245 667 5298 (Luc.
698 5245 774 5297 ιι)
805 5245 820 5279 :
861 5245 962 5293 qui
991 5245 1266 5292 perataeru
1313 5245 1542 5279 antmam
1574 5245 1722 5278 suam
1794 5245 1964 5298 ropter
1993 5245 2092 5292 me,

509 5298 728 5368 inveniet
757 5315 888 5352 eam.
924 5295 1060 5350 Hinc
1078 5305 1152 5351 est
1183 5297 1315 5368 quod
1344 5298 1595 5366 scriptunt
1621 5307 1693 5350 est
1717 5245 1889 5360 (βδιιι.
1924 5298 2052 5368 cxv)
2078 5317 2092 5350 :

511 5364 748 5440 Pretiosa
788 5371 844 5423 in
888 5376 1162 5433 conspectu
1193 5365 1403 5421 Domini
1451 5364 1587 5420 mors
1628 5377 1924 5422 sanctorum
1955 5364 2090 5440 ejus.

513 5439 655 5506 Quid
706 5443 838 5495 enim
885 5441 1158 5511 pretiosius
1211 5455 1361 5506 quam
1407 5455 1563 5506 mors,
1617 5456 1706 5510 per
1744 5457 1894 5507 quam
1938 5439 1998 5508 ﬁt
2043 5450 2097 5493 ut

510 5514 666 5567 etiam
686 5513 873 5568 delicta
894 5512 1070 5565 omnia
1101 5512 1446 5577 dimittantur,
1479 5520 1524 5564 et
1555 5511 1736 5563 merita
1777 5511 2094 5564 cumulatius

508 5585 833 5654 augeantur?
879 5582 1061 5654 Neque
1104 5583 1236 5636 enim
1268 5583 1399 5634 tanti
1437 5592 1557 5635 sunt
1603 5584 1806 5648 meriti,
1845 5584 1933 5654 qui
1976 5597 2094 5634 cunt

511 5653 723 5710 martem
747 5655 958 5721 di/ferre
976 5653 1086 5708 non
1113 5663 1342 5721 possent,
1367 5653 1609 5724 baptizati
1641 5661 1784 5719 sunt,
1817 5653 2096 5724 deletisque

511 5727 747 5782 omnibus
776 5727 998 5795 peccatis
1015 5742 1076 5780 ex
1093 5723 1190 5778 hac
1208 5728 1311 5779 vita
1331 5723 1678 5796 emigrarunt,
1699 5727 1881 5795 quanti
1905 5723 2021 5778 sunt
2039 5725 2094 5778 Ιιὶ

511 5797 596 5866 qui
617 5808 830 5851 mortem
857 5797 1070 5865 di/ferre
1091 5813 1206 5850 cum
1227 5805 1454 5867 possent,
1477 5796 1595 5852 ideo
1621 5813 1723 5850 non
1753 5797 2087 5865 distulerunt,

2205 4942 2326 5014 cap.
2348 4961 2374 4998 a
2407 4942 2663 4998 Ciacnuio
2687 4951 2748 5015 et
2770 4943 2888 5015 aliis
2909 4944 3202 4998 ascribitur
3233 4964 3247 5002 :
3282 4945 3357 5000 De
3385 4947 3602 5002 diversis
3630 4950 3794 5015 potni-

2207 5013 2378 5098 tentite
2405 5015 2674 5098 fructibus.
2705 5013 2865 5098 ιιυιω
2897 5024 3076 5070 autem
3103 5016 3416 5098 bujusntodi.
3441 5013 3670 5098 operum
3701 5036 3796 5089 ge-

2207 5102 2331 5141 nera
2366 5087 2457 5140 hic
2500 5096 2939 5158 recenset,__qum_
2973 5092 3171 5154 passim
3216 5089 3267 5141 in
3297 5088 3597 5158 Scripturis
3639 5087 3791 5144 cotu-

2209 5161 2554 5220 mendantur,
2589 5166 2646 5209 ut
2674 5154 2849 5210 media
2876 5155 2942 5210 ad
2974 5158 3140 5212 Deum
3175 5159 3332 5213 nobis
3363 5154 3795 5228 propitiandum,

2206 5239 2260 5283 et
2297 5231 2506 5283 veniam
2557 5235 2899 5297 peccatorum
2941 5229 3286 5284 obtinendam
3330 5231 3642 5295 utilissima,
3689 5251 3795 5287 non

2205 5300 2350 5370 quod
2396 5300 2604 5370 singula
2637 5313 2732 5368 per
2773 5311 2932 5370 seet
2974 5299 3201 5355 seorsitn
3243 5299 3306 5354 ad
3342 5300 3441 5356 ltoc
3489 5301 3795 5366 sufficiant,

2206 5368 2302 5441 sed
2339 5368 2505 5424 simul
2528 5382 2580 5424 et
2611 5385 2735 5424 cum
2767 5368 2888 5424 aliis
2918 5371 3198 5440 requisitis
3225 5372 3516 5441 conjuncta
3544 5383 3602 5427 et
3641 5375 3795 5428 adbi-

2205 5440 2340 5508 bita,
2382 5451 2439 5496 ut
2481 5441 2616 5513 alias
2644 5441 2847 5495 dictum
2897 5451 2980 5496 est
3007 5441 3110 5510 (Ad
3140 5440 3381 5498 collat.'9
3411 5460 3528 5510 cap.
3572 5444 3703 5513 21):
3743 5448 3794 5498 in

2203 5513 2399 5583 quibus
2437 5512 2770 5584 praecipuum
2801 5513 2975 5567 locum
3007 5515 3221 5568 obtinet
3256 5516 3584 5569 sacramenti
3618 5512 3797 5582 metu.

2203 5586 2408 5648 tentite,
2442 5595 2498 5639 et
2529 5583 2885 5639 absolutimtis
2931 5586 3340 5640 sacramentalis
3371 5587 3672 5652 susceptio,
3699 5597 3791 5640 aut

2201 5655 2318 5725 ejus
2348 5666 2554 5720 Votum,
2597 5655 2743 5725 quod
2786 5655 2837 5708 in
2885 5656 3005 5724 ipsa
3033 5660 3388 5714 conrersione
3425 5655 3488 5711 ad
3539 5654 3706 5713 Deum
3742 5667 3800 5714 et

2198 5724 2533 5784 contritione
2563 5724 2745 5781 cordis
2771 5725 3078 5783 includitur.
