4072 6324
247 291 379 353 1161

1137 289 1484 356 .COLLATIO
1524 290 1643 348 XX.
1673 320 1744 333 —
1771 287 1862 348 DE
1901 284 2379 350 PlENlTENTIIE
2419 289 2605 348 FINE.

3382 283 3528 357 tias

237 427 388 485 agere
430 425 678 480 perverse,
721 407 902 464 discite
943 408 1256 479 benefacere,
1300 410 1516 481 quwrite
1547 408 1828 478 judicium,
1856 413 1909 474 Α
1936 409 2229 465 secundum
2263 408 2394 464 illud
2422 427 2434 461 :
2463 407 2566 463 Per
2590 408 2999 465 misericordiam
3026 420 3075 468 et
3101 413 3258 484 fidem
3289 401 3528 491 purgan-l

236 503 499 558 subvenite
526 516 791 574 oppresso,
813 500 1052 574 judicate
1071 499 1295 574 pupillo,
1319 501 1576 570 defendite
1604 499 1830 568 viduam,

238 603 288 647 et
328 593 490 648 venite
533 600 581 648 et
625 593 827 665 arguite
851 609 951 662 me,
990 592 1116 647 dicit
1157 592 1428 648 Dominus.
1459 591 1528 648 Et
1571 593 1615 648 si
1643 593 1836 664 fuerint

240 693 449 752 peccata
471 695 639 741 vestra
675 695 732 739 ut
763 685 1045 752 coccinum,
1069 687 1208 740 uelut
1237 687 1328 740 nix
1349 687 1763 754 dealbabuntur;
1789 695 1838 742 et

236 779 282 831 si
325 777 520 847 fuerint
573 778 735 833 rubra
771 778 918 848 quasi
969 777 1302 846 vermiculus,
1357 780 1494 834 uelut
1539 779 1659 834 lana
1713 779 1833 833 alba

240 876 393 921 erunt
425 865 579 938 (lsai.
605 867 671 938 ι).
700 867 976 924 Interdum
999 868 1164 924 etiam
1191 870 1585 926 intercessione
1615 878 1834 926 sancto-

238 975 360 1016 rum
387 961 713 1032 impetratur
738 962 897 1017 venia
924 961 1268 1018 delictorum.
1305 963 1409 1031 Qui
1431 963 1574 1019 enim
1601 964 1699 1018 scit
1721 967 1832 1033 fra-

236 1064 367 1110 trem
397 1072 548 1110 suum
573 1071 784 1128 peccare
818 1065 1086 1128 peccatum
1124 1073 1228 1111 non
1254 1057 1322 1112 ad
1351 1064 1581 1124 mortem,
1623 1065 1758 1128 petat
1782 1065 1833 1111 et

234 1149 380 1204 dabit
400 1152 450 1206 ei
483 1150 642 1206 vitam
668 1148 808 1206 Deus
841 1151 1074 1220 peccanti
1103 1166 1204 1206 non
1245 1151 1313 1206 ad
1350 1161 1559 1204 mortem
1600 1149 1642 1221 (l
1669 1147 1830 1204 Joan.

232 1243 314 1316 v).
338 1243 408 1300 Et
439 1245 634 1300 iterum
667 1241 1021 1314 :Inﬁrmatur
1047 1227 1161 1316 quis
1192 1261 1258 1300 ex
1288 1244 1450 1311 vobis,
1479 1243 1690 1298 inducat
1712 1259 1834 1313 pre-

232 1337 464 1408 sbyteros
493 1336 760 1404 Ecclesiae,
791 1346 837 1392 et
879 1347 1023 1393 orent
1067 1353 1222 1408 super
1260 1354 1396 1402 eum,
1431 1346 1674 1408 ungentes
1711 1352 1828 1390 eum

233 1426 351 1484 oleo
389 1430 444 1484 in
478 1431 681 1484 nomine
722 1428 952 1499 Domini,
984 1439 1031 1484 et
1069 1432 1238 1485 oratio
1267 1430 1390 1500 fidei
1433 1429 1647 1484 salvabit
1683 1428 1830 1498 infir-

231 1537 374 1575 mum
397 1539 416 1588 ;
446 1531 496 1577 et
524 1521 761 1577 alleuabit
791 1539 908 1576 eum
939 1521 1224 1588 Dominus;
1252 1530 1301 1577 et
1330 1522 1374 1576 si
1401 1522 1453 1575 in
1477 1520 1704 1591 peccatis
1737 1520 1825 1586 sit,

231 1613 555 1670 dimittentur
582 1615 631 1669 ei
660 1612 862 1685 (Jacobi
889 1615 968 1681 v).
1015 1613 1429 1686 Nonnumquam
1469 1613 1634 1670 etiam
1665 1612 1829 1668 mise-

231 1705 485 1763 ricordia:
525 1720 590 1763 ac
625 1704 753 1762 fidei
789 1706 988 1762 merito
1014 1705 1166 1764 labes
1193 1706 1522 1777 excoquitur
1551 1705 1827 1772 vitiorum,

1937 513 2023 558 tur
2049 514 2255 576 peccata
2281 502 2553 577 (Proverb.
2577 501 2692 576 xv).
2722 504 2830 561 Per
2852 507 3264 564 conversionem
3287 512 3526 580 plerume

1937 611 2040 668 que
2062 605 2115 652 et
2143 595 2372 651 salutem
2399 611 2586 652 eorum
2623 597 2714 667 qui
2739 598 2941 654 nostris
2982 601 3202 657 monitis
3227 616 3291 658 ac
3322 603 3524 672 praedi-

1934 687 2152 744 catione
2191 689 2488 745 salvantur.
2530 690 2788 758 Quoniam
2813 691 2903 762 qui
2941 695 3162 749 converti
3195 695 3371 765 fecerit
3399 713 3524 768 pec-

1935 791 2158 836 calorem
2203 783 2265 836 ab
2300 798 2470 838 errore
2511 783 2609 838 via:
2641 800 2782 853 sure,
2830 786 2996 841 salvat
3048 789 3272 844 animam
3317 794 3432 863 ejus
3490 808 3524 846 a

1936 883 2119 940 morte,
2151 883 2197 928 et
2234 875 2396 946 operit
2425 875 2811 931 multitudinem
2856 887 3178 947 peccatorum
3207 879 3415 952 (Jacobi
3441 881 3518 954 v).

1936 965 2042 1021 Per
2083 963 2469 1035 indulgentiam
2509 967 2862 1024 nihilominus
2903 979 2959 1026 et
2999 972 3374 1030 remissionem
3419 990 3521 1030 no-

1936 1071 2130 1123 stram,
2179 1057 2244 1113 ad
2290 1057 2681 1131 indulgentiam
2724 1073 3036 1120 nostrorum
3065 1065 3369 1123 facinorum
3397 1084 3523 1139 per-

1934 1149 2150 1203 venitur
2172 1149 2266 1205 :Si
2285 1152 2746 1208 enint‘dimiscritis
2767 1154 3055 1210 hominibus
3083 1168 3291 1227 peccata
3315 1175 3518 1229 eorum,

1933 1241 2152 1297 dimittet
2189 1252 2237 1298 et
2287 1244 2426 1299 vobis
2467 1243 2626 1299 Pater
2665 1257 2826 1301 uester
2866 1249 3084 1304 caelestis
3129 1249 3318 1306 delicta
3356 1263 3523 1308 vestra

1937 1331 2150 1405 (Matth.
2197 1333 2296 1405 vt).
2330 1346 2357 1372 ι
2407 1335 2616 1392 Videtis
2665 1353 2795 1409 ergo
2844 1350 3077 1410 quantos
3127 1342 3524 1401 misericordia

1935 1427 2114 1484 aditus
2134 1428 2454 1498 patefecerit
2491 1430 2779 1487 clementia
2807 1433 3123 1501 Salvatoris,
3159 1445 3218 1492 ut
3241 1453 3408 1494 nemo
3435 1453 3526 1495 sa-

1937 1517 2104 1574 lutem
2151 1519 2409 1589 cupiens,
2439 1521 2824 1592 desperatione
2853 1525 3156 1598 frangatur,
3187 1542 3310 1585 cum
3339 1529 3524 1586 videat

1935 1625 1998 1667 se
2023 1611 2187 1668 tantis
2207 1611 2274 1666 ad
2295 1612 2461 1668 vitam
2494 1613 2752 1670 remediis
2779 1617 3014 1674 invitari.
3050 1618 3109 1675 Si
3133 1621 3278 1677 enim
3309 1635 3409 1691 pro
3437 1623 3525 1678 in-

1936 1703 2194 1761 ﬁrmitate
2239 1706 2421 1761 carnis
2471 1705 2766 1764 afﬂictione
2805 1709 3137 1780 jejuniorum
3191 1712 3416 1789 abolere
3466 1723 3523 1771 te

1295 1819 1552 1877 ALARDI
1591 1818 1825 1877 GAZEI
1861 1816 2428 1876 COMMENTARIUS.

304 1927 329 1956 ι
356 1917 422 1973 D.
454 1915 762 1973 Antoninus
792 1915 953 1986 hujus
995 1915 1192 1986 capitis
1229 1929 1500 1971 summam
1545 1928 1645 1968 suo
1671 1928 1822 1986 more
1855 1918 1899 1979 Β
1925 1910 2145 1986 Floren.
2177 1910 2232 1967 in
2263 1912 2513 1986 doctrina
2540 1914 2610 1970 de
2631 1915 3010 1986 sacramentis,
3035 1927 3091 1974 et
3118 1918 3173 1974 in
3201 1919 3523 1980 Tridentino

231 1998 579 2061 prosecutus,
612 1987 680 2043 ad
719 1985 880 2057 hujus
913 1985 1116 2056 periodi
1157 1987 1320 2061 iinem
1362 1985 1664 2061 sistendum
1707 1985 1821 2061 exi-

228 2056 494 2129 stimavit,
545 2068 600 2116 et
643 2073 712 2115 ne
758 2056 864 2129 qua
917 2073 982 2114 ex
1022 2056 1296 2130 praedictis
1353 2056 1562 2130 erroris
1606 2057 1820 2112 occasio

229 2128 706 2200 suboriri'posset,
739 2128 894 2185 suam
924 2128 1252 2185 sententiam
1293 2128 1820 2200 explicationemque

229 2199 578 2273 interposuit,
608 2216 768 2273 quam
801 2212 856 2273 et
889 2200 976 2273 hic
1003 2211 1247 2273 attexere
1294 2199 1611 2273 neclectori
1644 2199 1821 2269 ingra-

229 2268 494 2339 tum,'nec
518 2268 707 2343 inutile
732 2270 880 2343 duxi.
912 2272 1003 2329 Sic
1028 2272 1192 2343 igitur
1213 2271 1331 2343 ipse
1357 2268 1446 2340 (In
1469 2269 1659 2343 Chron.
1680 2268 1816 2343 με,

229 2362 274 2400 c.
306 2345 368 2412 2,
395 2346 478 2416 tit.
523 2345 576 2410 1,
609 2342 638 2416 ς
669 2343 755 2413 19)
787 2360 799 2396 :
835 2341 1072 2410 Oportet,
1092 2341 1331 2416 inquit,”
1354 2357 1476 2416 sane
1503 2341 1600 2416 hoc
1625 2341 1818 2416 intelli-

229 2431 371 2488 gere.
406 2414 568 2488 _Nam
616 2414 890 2488 peccatum
923 2414 1241 2488 quandoque
1280 2414 1471 2467 dicitur
1509 2414 1665 2482 culpa
1707 2415 1821 2488 ipsa

229 2483 306 2542 uel
355 2485 576 2553 ofensa,
608 2483 919 2557 quandoque
936 2483 1097 2555 poma
1126 2483 1297 2539 debita
1329 2500 1424 2554 pro
1455 2493 1698 2557 peccato.
1728 2483 1819 2539 Et

229 2502 304 2542 vet
355 2502 576 2553 ogensa,
608 2502 919 2557 quandoque
948 2502 1097 2555 pasna
1126 2502 1297 2539 aeuua
1329 2502 1424 2554 pro
1505 2502 1698 2539 eccato.
1749 2502 1818 2539 nt

229 2568 490 2630 quantum
521 2558 590 2610 ad
630 2557 861 2630 cuipam,
896 2557 1271 2630 (principaliter
1317 2565 1366 2630 et
1405 2502 1632 2630 e/fgctiue
1673 2558 1818 2630 solus

230 2627 376 2711 Deus
398 2628 652 2711 indulget.
684 2625 798 2711 Ego
822 2625 990 2711 solitas,
1015 2629 1089 2711 ait
1111 2625 1603 2711 per-Isaiani’wap.
1625 2627 1816 2711 fuit)!

228 2702 375 2757 deleo
405 2697 705 2770 iniquitates
734 2697 878 2753 tuas.
907 2697 978 2752 Et
1004 2699 1324 2770 Augustinus
1350 2697 1572 2770 :_Nemo
1602 2697 1821 2753 dimittit

229 2781 464 2843 peccata,
495 2766 611 2843 'nisi
632 2769 898 2843 _(_3Itristus,
927 2771 1015 2837 qui
1043 2766 1128 2843 esi
1154 2770 1331 2843 Agnus
1364 2766 1461 2822 Dei
1493 2769 1674 2843 tollens
1701 2786 1821 2841 pec-

229 2839 346 2898 cata
397 2841 578 2912 mundi
621 2839 800 2912 (Joan.
831 2844 899 2910 ι).
947 2850 1043 2896 etc.
1091 2839 1169 2896 De
1197 2839 1491 2912 Consecrat.
1539 2839 1666 2912 dist.
1702 2839 1740 2895 '4
1769 2858 1816 2896 c.

233 2913 428 2995 Nemo.
463 2910 721 2995 Exopa—rte
762 2920 931 2995 aufem
972 2911 1398 2995 peccat-oris‘soia
1427 2911 1818 2995 c‘olntritio,me-

231 2986 413 3040 diante
431 2979 624 3054 gratia,
655 2984 938 3038 secundum
966 2979 1103 3038 illud
1129 2982 1418 3054 Ezechielis
1444 2979 1598 3053 (Cap.
1627 2984 1780 3054 xvttt)
1803 3002 1816 3038 :

234 3057 299 3110 In
337 3052 666 3127 quacumque
699 3055 1052 3127 diepeccator
1089 3069 1364 3108 conversus
1393 3052 1572 3127 fuerit,
1604 3062 1653 3127 _et
1682 3052 1821 3125 inge-

232 3095 442 3194 muerit,
470 3095 700 3198 omn'ium
728 3095 1067 3196 iniquitatum
1102 3129 1216 3198 ejus
1247 3141 1348 3178 non
1377 3095 1714 3198 siccortlabor,
1733 3095 1823 3180 irit

233 3197 514 3252 Dominus.
546 3196 811 3264 Quantum
832 3213 950 3252 uero
977 3199 1046 3250 ad
1081 3196 1282 3265 prunam
1318 3198 1652 3264 temporalem
1681 3196 1821 3250 debi-

237 3278 338 3322 tam
367 3284 467 3340 pro
498 3270 741 3338 peccatis,
772 3268 847 3321 sic
867 3268 1048 3340 omnia
1077 3269 1329 3338 praedicta
1351 3267 1522 3340 ualent
1544 3267 1614 3320 ad
1639 3269 1820 3320 remis-

234 3337 434 3411 sionem
466 3337 814 3411 pegcatorum,
845 3339 911 3411 id
947 3347 1046 3405 est,
1080 3337 1377 3411 'pwnarum
1402 3337 1688 3391 debitorum
1726 3355 1820 3411 pro

236 3408 484 3484 peccatis.
518 3409 585 3484 Et
607 3412 702 3464 hoc
728 3408 1119 3484 intelligendum
1135 3411 1178 3484 _si
1209 3413 1337 3478 [iant
1361 3409 1416 3484 in
1437 3417 1574 3462 statu
1600 3409 1819 3484 gratiae:

237 3479 353 3535 nam
388 3484 532 3552 facta
567 3482 621 3534 in
652 3479 983 3546 mortali,‘ad
1011 3481 1145 3534 illud
1174 3497 1275 3552 non
1306 3479 1494 3552 ualent,
1523 3479 1612 3534 sed
1643 3480 1819 3552 dispo-

235 3550 483 3606 sitive'ad
521 3552 873 3607 remissionem
916 3552 1228 3617 mortalium,
1261 3550 1316 3604 id
1361 3559 1456 3614 est,
1506 3558 1563 3603 ut
1600 3567 1690 3621 per
1727 3551 1820 3604 illa

235 3625 344 3693 quis
368 3624 679 3689 disponatur
706 3632 753 3676 et
775 3622 1070 3677 habilitetur
1095 3622 1163 3676 ad
1185 3621 1411 3694 gratiam,
1434 3631 1479 3674 et
1506 3637 1679 3694 u_e_ram
1699 3637 1820 3694 cori-

235 3687 514 3758 tritioitetit,
539 3705 591 3746 ut
616 3695 808 3748 dicitur
829 3693 892 3748 de
923 3687 1215 3762 poenitentia
1237 3693 1358 3745 dist.
1385 3693 1416 3748 5
1441 3707 1490 3746 c.
1516 3687 1726 3745 Falsas.
1754 3691 1820 3746 Et

234 3767 394 3836 infra,
424 3766 586 3835 inquit
623 3763 1034 3836 Pinupttius:Si
1069 3764 1710 3836 verecundiaretrahente,
1734 3779 1820 3817 re-

235 3835 400 3891 uelare
433 3851 494 3890 ea
522 3851 696 3890 coram
725 3835 1016 3890 numinibus
1060 3837 1338 3895 erubescis.
1374 3835 1454 3888 illi
1479 3851 1628 3904 quem
1657 3835 1821 3888 latere

235 3925 332 3962 non
367 3917 609 3977 possunt,
639 3907 876 3979 confiteri
903 3923 962 3960 ea
991 3908 1113 3979 jugi
1141 3904 1518 3979 supplicatione
1549 3922 1652 3958 non
1687 3905 1823 3960 ἀεσί-

235 3996 346 4046 nas,
370 3976 440 4034 ac
457 3979 626 4033 dicere
653 3976 896 4050 ei(Psal.
917 3976 1005 4050 1.)}
1033 3976 1291 4044 Quoniam
1310 3976 1632 4050 iniquitatem
1658 3993 1824 4050 meam

235 4067 323 4120 ego
349 4065 629 4121 cognosco.
672 4047 741 4102 Et
768 4049 865 4104 hoc
907 4049 1060 4121 etiam
1089 4064 1211 4103 sane
1246 4048 1660 4121 intelligendum,
1701 4049 1825 4118 quia

236 4117 514 4192 postquam
555 4121 807 4175 emanarit
845 4121 940 4174 illa
968 4117 1254 4174 Decretalis
1293 4134 1310 4172 :
1346 4118 1541 4192 omnis
1555 4117 1824 4192 utriusque

235 4189 296 4246 de
324 4189 602 4262 poenitent.
635 4200 682 4245 et
711 4192 914 4246 remiss.
954 4206 1156 4246 necesse
1192 4199 1266 4244 est
1311 4189 1566 4262 conﬁteri,
1593 4189 1639 4244 si
1676 4189 1825 4245 habet

233 4259 446 4333 copiam
475 4263 685 4333 (supple
709 4262 1050 4332 confessarii)
1082 4272 1130 4316 et
1151 4268 1339 4332 potest.
1369 4259 1621 4330 Tempore
1652 4271 1826 4315 autem

234 4331 462 4388 Joannis
484 4331 726 4388 Cassiani
751 4344 860 4387 erat
883 4335 945 4406 in
963 4331 1206 4406 opinione
1231 4333 1349 4406 talis
1378 4335 1614 4406 materia,
1647 4333 1828 4406 videli-

239 4415 312 4458 cet
339 4408 380 4460 si
404 4415 482 4459 est
511 4406 796 4459 necessaria
821 4403 1077 4476 confessio
1111 4403 1282 4474 ﬁenda
1306 4403 1604 4476 sacerdoti?
1633 4403 1710 4476 uel
1735 4420 1828 4474 po-

238 4486 329 4530 test
359 4477 459 4531 hoc
490 4476 711 4545 intelligi
747 4476 812 4530 de
845 4474 1053 4544 publica
1091 4475 1430 4546 confessione.
1473 4488 1590 4544 qua:
1617 4474 1768 4541 ﬁebat
1795 4492 1827 4527 a

236 4549 495 4619 religiosis
521 4545 588 4599 ad
619 4547 1087 4619 mortiﬁcationem.
1114 4545 1386 4619 Hactenus
1408 4546 1467 4600 S.
1497 4546 1824 4611 Antoninus,

239 4616 568 4674 sententiam
599 4617 840 4672 Cassiani
875 4632 1024 4672 more
1060 4616 1386 4672 scholastice
1415 4619 1741 4686 explanatis;
1775 4619 1823 4672 in

1846 3311 1892 3375 C

1926 1997 2072 2055 sessi
2098 1982 2153 2038 6.
2194 1997 2244 2039 c.
2272 1984 2302 2037 7
2330 1995 2384 2039 et
2415 1985 2480 2040 14
2525 1994 2579 2040 et
2624 1999 2743 2041 can.
2802 1987 2836 2041 6
2864 1987 2896 2040 7
2927 1982 3064 2055 et'8,
3098 1990 3378 2048 definitum
3411 2005 3518 2049 est.

1924 2053 2077 2121 Quod
2123 2069 2252 2134 vero
2281 2055 2612 2134 adiungitur,
2661 2057 2832 2134 solam
2864 2053 3245 2134 conti-itionem
3273 2079 3339 2118 ex
3368 2074 3521 2134 parte

1923 2125 2245 2194 peccatoris,
2278 2125 2593 2199 reiiiittendi
2621 2128 2828 2198 peccati
2853 2131 2961 2185 vim
3004 2130 3240 2199 habere,
3276 2134 3327 2189 id
3359 2125 3521 2190 etiam

1922 2210 2111 2251 verum
2133 2206 2244 2262 est;
2269 2197 2364 2252 sed
2387 2197 2514 2253 huic
2533 2197 2847 2254 contritioni
2868 2201 3159 2258 confitendi
3187 2197 3523 2261 satisfacien-

1922 2266 2087 2345 dique
2118 2269 2452 2345 propositum
2493 2270 2656 2338 adsit,
2701 2285 2924 2345 necesse
2974 2283 3079 2340 est,
3113 2284 3170 2328 ut
3212 2276 3375 2330 tradit
3406 2278 3523 2345 inse

1923 2337 2330 2418 _D.’Antonin~us
2377 2344 2430 2396 in
2445 2356 2520 2418 _nt
2542 2349 2688 2418 _p_art.
2710 2340 2885 2418 hujus
2906 2337 3102 2418 pperis
3124 2359 3244 2414 cap.
3262 2347 3313 2418 77
3337 2345 3364 2418 §
3395 2337 3520 2404 3"et

1924 2409 1978 2465 in
2002 2423 2061 2488 ιιι
2083 2410 2397 2488 ρθιιλδιιηι.
2421 2412 2506 2468 tit.
2534 2409 2600 2467 14
2623 2427 2672 2468 c.
2702 2409 2876 2488 i_8,‘et
2901 2409 3141 2488 Sotusin
3170 2409 3221 2470 iv
3243 2409 3372 2472 dist".
3402 2436 3457 2488 q.
3487 2420 3510 2472 1

1922 2494 1974 2554 s_.
2004 2481 2064 2554 1,
2095 2491 2151 2536 et
2195 2481 2441 2552 Cajetan.
2473 2498 2661 2552 Opusc.
2694 2484 2795 2548 l7;
2836 2485 2978 2554 quod
3009 2487 3169 2542 etiam
3214 2503 3243 2542 a
3283 2481 3516 2546 concilio

1923 2549 2168 2607 Trident.
2193 2549 2474 2610 definitum
2502 2549 2588 2610 est
2606 2568 2746 2611 sess.
2777 2555 2810 2610 6
2841 2549 2891 2610 ὁ.
2929 2555 2996 2611 14
3025 2567 3080 2613 et
3105 2573 3242 2614 sess.
3277 2559 3342 2616 14
3374 2576 3425 2616 c.
3456 2559 3514 2615 4.

1922 2621 2058 2702 Qum
2107 2639 2237 2702 vero
2284 2637 2487 2702 po_stea‘
2520 2625 2801 2702 subiungit
2843 2628 2940 2697 (ι).
2985 2629 3347 2702 Antoninus).
3391 2641 3519 2701 post

1922 2692 2251 2766 decretalem
2285 2692 2298 2748 ὲ
2330 2694 2513 2752 Omnis
2563 2692 3062 2766 utriusque'sexus,
3114 2692 3512 2758 confessionem

1923 2764 2090 2842 fuisse
2120 2769 2504 2842 necessariam,
2535 2784 2640 2842 non
2672 2764 2865 2842 siciest
2909 2764 3286 2842 accipiendum
3311 2815 3326 2838 ,
3357 2775 3511 2842 quasi

1922 2836 2194 2912 confessio
2219 2840 2630 2912 sacramentalis
2652 2840 2721 2894 ab
2750 2839 2845 2912 illo
2873 2836 3049 2896 solum
3077 2836 3324 2912 tempore
3356 2836 3517 2900 fuerit
3549 2857 3558 2865 '

1923 2909 2254 2980 necessaria,
2287 2911 2367 2964 vel
2408 2920 2519 2964 tum
2561 2912 2796 2980 primum
2836 2911 3104 2969 instituta.
3133 2909 3267 2969 Nam
3310 2916 3400 2970 illa
3431 2925 3517 2971 est

1924 2976 1991 3033 de
2017 2978 2369 3051 juredivino,
2395 2995 2426 3034 a
2449 2976 2668 3036 Christo
2691 2981 2944 3038 videlicet
2980 2981 3246 3051 instituta,
3291 2997 3346 3042 et
3366 3001 3516 3042 sem-

1925 3063 2023 3118 per
2048 3050 2101 3103 in
2135 3049 2378 3106 Ecclesia
2406 3051 2728 3118 observata,
2763 3062 2824 3107 ut
2853 3053 3057 3109 indicat
3095 3055 3158 3109 D.
3189 3049 3426 3112 Thomas
3455 3058 3509 3112 in

1925 3134 1984 3174 ιιι
2007 3129 2226 3194 part._q.
2243 3121 2312 3176 61
2332 3138 2384 3177 a.
2403 3123 2438 3176 2
2457 3132 2514 3178 et
2536 3123 2592 3178 in
2614 3123 2896 3193 Supplem.
2920 3140 2975 3194 q.
3007 3124 3041 3181 6
3068 3140 3116 3180 a.
3143 3125 3201 3194 2,
3235 3137 3288 3183 et
3313 3128 3517 3183 diserte

1927 3194 2121 3268 prohat
2151 3192 2321 3268 Souis
2346 3194 2635 3268 in_tv_di8t.
2663 3192 2806 3264 18η.
2833 3192 2990 3268 1a.]
3015 3213 3029 3263 ;
3061 3192 3204 3268 quod
3232 3199 3512 3255 definitum

1925 3272 2009 3316 est
2038 3263 2094 3316 in
2126 3264 2362 3318 concilio
2409 3264 2656 3320 Trident.
2699 3263 2842 3321 seSs.
2873 3267 2905 3320 7
2937 3263 3125 3324 canfl
3168 3281 3222 3324 et
3270 3287 3408 3326 sess.
3450 3271 3516 3328 14

1926 3346 2048 3388 can.
2084 3335 2138 3406 ζ).
2172 3333 2304 3406 Vide
2331 3335 2494 3390 etiam
2530 3335 2727 3406 Vegam
2767 3337 2834 3390 de
2863 3335 3258 3395 Justilicatione
3296 3341 3389 3395 lib.
3421 3357 3517 3397 xm

1923 3418 2044 3473 eap.
2077 3402 2168 3458 28.
2198 3404 2470 3460 Cteterum
2498 3402 2865 3462 celeberrima
2898 3407 2988 3462 illa
3019 3409 3311 3467 decretalis
3337 3452 3351 3474 ,
3381 3415 3515 3467 nihil

1922 3475 2255 3546 aliudqnam
2296 3485 2528 3546 tempus,
2565 3477 2616 3530 in
2645 3492 2754 3546 quo
2792 3478 3105 3533 mandatum
3136 3481 3267 3536 illud
3307 3482 3511 3538 Christi

1921 3544 1994 3600 sit
2021 3545 2450 3616 adimplendum,
2481 3544 2793 3613 prtefin‘ivit.
2822 3548 2974 3603 Sicut
3019 3550 3166 3605 enim
3213 3553 3511 3608 absurdum

1923 3615 2217 3692 estdicere
2242 3617 2679 3692 communionem
2721 3633 2931 3674 sacram
2961 3621 3015 3674 in
3047 3621 3145 3675 hac
3175 3623 3286 3692 ipsa
3314 3623 3510 3680 dcere.

1922 3687 2019 3742 tali
2066 3687 2609 3760 institutamfuisse,
2661 3693 2907 3760 quamvis
2960 3705 3021 3746 ea
3070 3687 3513 3749 cominunicandi

1925 3768 2139 3827 tempus
2167 3759 2420 3816 statuerit
2451 3777 2464 3812 :
2499 3760 2580 3815 sic
2608 3759 2739 3816 sane
2768 3776 2798 3815 a
2819 3775 2949 3816 vero
2979 3762 3241 3819 abhorret
3265 3780 3518 3822 asserere

1923 3829 1979 3906 in
2000 3845 2209 3906 sacram
2232 3839 2362 3886 tunc
2383 3830 2551 3906 fuisse
2570 3831 2872 3906 institutam
2891 3834 3312 3906 confessionem,
3327 3852 3516 3906 quam-

1926 3901 2010 3977 vis
2039 3900 2111 3977 ibi
2136 3912 2348 3971 tempus
2366 3901 2661 3977 confitendi
2693 3900 3323 3977 fuerit_determinatum.
3344 3900 3513 3977 'Quod

1925 3971 2054 4050 item
2081 3973 2359 4050 decretum
2390 3985 2477 4050 est
2502 3974 2556 4050 in
2583 3975 2816 4050 concilio
2842 3975 3092 4050 irrident.
3124 3993 3262 4034 sess.
3298 3971 3513 4050 “cap.

1926 4044 1962 4100 5
1985 4054 2041 4099 et
2062 4059 2184 4116 can.
2219 4047 2272 4116 8.
2302 4046 2458 4111 Quod
2489 4045 2722 4116 denique
2751 4047 2900 4102 addit
2941 4047 3006 4102 D.
3031 4051 3340 4106 Antoninus
3371 4044 3514 4106 teni-

1927 4115 2337 4190 poreCassiani
2387 4116 2442 4172 in
2489 4115 2749 4190 opinione
2783 4117 2950 4174 fuisse
2999 4121 3160 4176 talem
3203 4122 3512 4190 materiam,

1929 4186 2484 4261 intciligendnmbon
2522 4186 2608 4244 est
2633 4189 2703 4244 de
2741 4200 2955 4261 secreta
2985 4191 3129 4261 apud
3167 4186 3515 4253 sacerdotem

1929 4258 2290 4333 confessione.
2325 4257 2630 4333 Numquam
2673 4261 2820 4316 enim
2863 4260 2930 4316 de
2957 4257 3186 4333 ea'apud
3217 4263 3519 4327 catholicos

1927 4331 2150 4384 dubium
2182 4329 2281 4384 fuit
2328 4332 2459 4400 quin
2488 4329 2557 4386 ea
2602 4340 2748 4386 esset
2787 4333 2854 4386 ad
2895 4329 3124 4388 salutem
3171 4337 3520 4391 necessaria:

1928 4401 2023 4456 sed
2049 4401 2153 4455 hoc
2177 4401 2244 4455 ad
2271 4401 2671 4476 confessionem
2703 4403 2992 4476 publicam,
3020 4415 3074 4458 et
3109 4408 3262 4476 quasi
3295 4405 3520 4461 theatri-

1929 4487 2048 4528 cam
2088 4481 2173 4526 est
2223 4471 2614 4540 referendum,
2646 4482 2714 4544 ut
2763 4475 2840 4528 ait
2886 4475 3049 4530 etiam
3090 4471 3150 4530 θ’.
3186 4477 3520 4544 Antoninus,

1929 4558 2090 4614 quam
2142 4544 2300 4618 pau_lo
2353 4553 2564 4618 antea
2610 4543 2861 4618 Nestorio
2913 4543 3522 4618 ConstantinOpolitano

1931 4618 2191 4688 episcopo
2206 4614 2695 4688 (Cenatantinopoli
2716 4617 3028 4688 abrogatam
3074 4617 3240 4674 fuisse
3265 4614 3522 4680 Solame-

237 4705 334 4758 qna
368 4700 553 4744 tamen
583 4688 942 4762 explicatione
971 4688 1162 4762 Petrus
1191 4688 1454 4762 Maturus,
1491 4685 1704 4762 maturo
1743 4687 1830 4762 ju-
1853 4699 1909 4762 ι)
1933 4702 2035 4741 nus
2081 4685 2242 4740 tradit
2267 4686 2362 4762 lib.
2395 4701 2452 4740 ix
2496 4685 3016 4762 HistoriaerTripart.
3061 4703 3180 4759 cap.
3224 4689 3313 4745 36.
3346 4691 3524 4757 Quare

238 4763 376 4815 dicio
403 4773 459 4814 et
494 4759 689 4828 insigni
729 4760 1031 4816 eruditione
1074 4760 1176 4824 vir,
1213 4759 1470 4813 nonnulla
1517 4759 1825 4814 observavit

237 4847 353 4898 qua:
407 4830 632 4886 clariori
679 4838 736 4886 et
777 4831 1034 4886 exactiori
1081 4832 1438 4900 explicatione
1485 4831 1824 4900 indigerent,

237 4916 392 5026 Euam
427 4913 479 4957 et
509 4903 624 4955 suis
653 4902 799 4957 hisce
828 4902 1008 4958 verbis
1043 4902 1290 4971 ascripsit
1315 4919 1328 4955 :
1361 4905 1692 4968 Quamquam
1722 4901 1830 4973 hoc

279 4972 488 5026 assiani
521 4984 683 5026 caunt
707 4973 791 5026 uie
817 4973 1104 5026 admodum
1137 4973 1198 5026 ι).
1228 4973 1531 5026 Antoninus
1561 4971 1829 5026 interere—

279 4972 488 5027 assiani
521 4984 683 5041 caput
707 4973 791 5042 pie
817 4973 1104 5028 admodum
1137 4973 1198 5026 ι).
1228 4973 1531 5027 Antoninus
1561 4971 1829 5041 interpreo

239 5053 402 5112 tetur,
441 5044 701 5098 nonnulla
734 5053 911 5100 tamen
963 5045 1043 5100 his
1093 5043 1336 5098 addenda
1378 5044 1538 5108 duxi,
1571 5052 1631 5098 ut
1661 5045 1830 5114 magis

239 5115 357 5169 fidei
380 5115 671 5170 catholicae
705 5117 905 5170 veritas
931 5117 1220 5170 elucescat.
1251 5114 1489 5169 Primum
1523 5117 1684 5184 igitur
1711 5130 1833 5171 cer-

240 5195 348 5238 tum
377 5197 465 5241 est
495 5185 674 5240 solum
709 5185 874 5240 Deum
919 5187 1241 5242 auctoritate
1277 5200 1376 5239 sua
1405 5187 1607 5255 peccati
1639 5188 1830 5242 remit-

241 5258 383 5311 tendi
413 5257 619 5311 habere
651 5265 967 5325 potestatem
993 5275 1005 5309 :
1037 5257 1132 5314 sed
1157 5265 1213 5311 et
1240 5256 1370 5312 illud
1402 5259 1452 5310 in
1480 5256 1729 5311 confesso
1751 5266 1834 5313 est

239 5337 587 5383 sacramenta
611 5342 764 5381 nova:
788 5328 944 5398 legis.
966 5329 1384 5398 sacerdotesque
1410 5329 1522 5398 ipsa
1546 5327 1835 5384 conferen-

243 5409 339 5464 tes,
357 5397 894 5470 gratiamconferre,
919 5409 974 5456 et
995 5408 1211 5469 peccata
1235 5397 1532 5464 remittere,
1561 5409 1829 5469 tamquam

239 5464 431 5526 causas
480 5464 752 5540 secundas
789 5479 844 5525 et
880 5464 1355 5536 ’inst'rutnentales,
1380 5479 1454 5535 ut,
1489 5479 1610 5540 post
1638 5464 1701 5524 Ι).
1726 5474 1834 5524 Au-

240 5541 524 5609 gustinum
551 5539 843 5610 sup.Joan.
874 5551 1029 5596 tract.
1055 5543 1124 5597 80
1151 5551 1211 5596 et
1236 5542 1330 5598 lib.
1365 5557 1456 5596 xix
1481 5551 1668 5597 contra
1695 5541 1834 5608 Fau-

249 5624 387 5682 stam
414 5627 546 5679 cap.
573 5612 673 5677 16,
709 5611 873 5666 tradit
898 5613 964 5667 D.
993 5613 1228 5667 Thomas
1256 5613 1308 5667 in
1341 5628 1396 5666 ιιι
1425 5622 1562 5682 part.
1592 5629 1647 5682 q.
1683 5613 1752 5666 οἳ
1777 5628 1826 5667 a.

247 5677 272 5759 1
301 5689 356 5735 et
379 5683 416 5738 4
437 5677 558 5738 etin
576 5698 626 5759 iv
651 5683 784 5759 dist.
806 5685 831 5738 1
855 5686 967 5759 q._i
997 5701 1048 5759 ε.
1077 5684 1109 5759 ξ
1132 5694 1187 5738 et
1212 5700 1266 5753 q.
1293 5685 1345 5759 2,
1373 5677 1506 5759 et'l).
1534 5677 1836 5759 Antoninus

248 5752 300 5802 in
329 5764 379 5825 I_v
407 5752 725 5822 part.8nm.
754 5757 839 5807 tit.
866 5752 932 5808 H
953 5769 1003 5809 c.
1023 5754 1113 5825 ες
1147 5759 1194 5818 l.
1215 5752 1270 5809 et
1297 5758 1458 5812 Solus
1487 5756 1538 5809 in
1563 5770 1613 5809 tv
1645 5754 1772 5810 dist.
1809 5756 1837 5810 1

245 5837 300 5896 q.
333 5822 440 5882 5a.
471 5825 497 5882 1
534 5825 739 5880 etdrst.
769 5829 841 5882 20
869 5843 924 5897 q.
956 5826 992 5880 2
1012 5842 1064 5880 a.
1089 5822 1140 5880 1.
1164 5826 1317 5894 Quod
1347 5828 1508 5882 etiam
1533 5827 1586 5883 in
1613 5828 1843 5884 concilio

561 5927 852 6009 ΡΑτιιοι..
890 5928 1124 6004 XLIX.

1934 4771 2289 4830 quaecumque
2344 4758 2582 4812 haeretici
2627 4771 2692 4813 ex
2741 4757 3230 4829 D.'Cltrysosto'mo
3259 4762 3524 4830 colligunt

1930 4839 2120 4885 contra
2142 4843 2355 4884 sacram
2381 4838 2729 4899 peccatorum
2761 4832 3182 4898 confessionem,
3204 4833 3272 4886 de
3311 4845 3522 4887 secreta

1931 4901 2073 4971 apud
2091 4899 2434 4956 sacerdotem
2451 4915 2558 4954 non
2573 4912 2698 4954 sunt
2713 4901 3088 4972 intelligenda,
3104 4902 3199 4956 sed
3219 4902 3287 4957 de
3306 4903 3524 4970 publica

1933 4983 1989 5028 et
2018 4973 2086 5028 de
2113 4986 2178 5026 ea
2205 4986 2327 5042 quae
2373 4971 2537 5043 fiebat
2582 4972 2636 5043 in
2670 4971 2962 5042 conspectu
3012 4974 3178 5028 totius
3211 4973 3394 5043 p0puli
3419 5018 3433 5041 ,
3467 4985 3527 5029 ut

1932 5053 2121 5114 aperte
2150 5044 2350 5099 docent
2375 5042 2561 5114 Sixtus
2600 5042 2805 5099 Senen.
2837 5044 2932 5100 lib.
2969 5061 2999 5098 v
3029 5042 3294 5099 Biblioth.
3319 5047 3527 5114 Annot.

1936 5115 2042 5170 175
2069 5127 2125 5170 et
2157 5113 2329 5184 Vegas
2379 5115 2448 5168 de
2481 5113 2876 5170 Justificatione
2922 5115 3014 5171 lib.
3049 5129 3143 5169 xm
3171 5130 3289 5184 cap.
3321 5113 3420 5181 29;
3453 5115 3525 5172 de

1935 5185 2124 5242 eadem
2156 5200 2370 5256 quoque
2395 5184 2742 5241 confessione
2773 5186 2986 5256 publica
3023 5185 3370 5256 intelligenda
3399 5202 3526 5244 esse

1933 5257 2191 5328 Cassiani
2213 5259 2401 5324 verba,
2435 5258 2569 5311 satis
2615 5257 2731 5312 haec
2778 5259 3058 5328 sequentia
3099 5256 3340 5328 indicant
3374 5276 3386 5310 :
3424 5258 3524 5323 Qui

1933 5327 2134 5384 scilicet
2166 5327 2307 5382 Deus
2336 5338 2384 5387 et
2410 5329 2600 5394 absque
2640 5327 2798 5382 ullius
2827 5327 3147 5382 uerecundia:
3175 5327 3529 5398 publicatione-

1935 5416 2140 5473 curare,
2171 5409 2220 5454 et
2243 5401 2353 5454 sine
2381 5399 2693 5473 improperio
2718 5412 2929 5473 peccata
2957 5401 3154 5473 donare
3183 5403 3506 5473 consueverit.

1938 5470 2037 5528 Ubi
2061 5472 2176 5526 hare
2197 5470 2478 5538 natantur,
2499 5486 2617 5542 quae
2635 5472 2688 5525 in
2714 5470 2925 5539 publica
2948 5470 3389 5542 nianifestatione
3404 5486 3535 5540 pet...

1938 5553 2206 5608 ceterum,
2228 5557 2334 5596 non
2363 5552 2541 5597 autem
2565 5542 2618 5595 in
2647 5552 2856 5598 secreta
2878 5542 3219 5598 confessione
3241 5541 3528 5596 eveniunt:

1942 5613 2230 5685 [lucusque
2269 5612 2461 5685 Maturi
2490 5613 2765 5685 annotatio
2802 5614 2869 5668 ad
2899 5615 2955 5669 S.
2989 5613 3319 5685 Antoninum
3363 5629 3376 5665 :
3409 5629 3527 5685 qua:

1947 5683 2222 5740 tamen'ad
2256 5684 2672 5739 hunc.Cassiani
2721 5685 2898 5739 locum
2940 5699 3071 5739 sane
3123 5683 3527 5752 intelligendum

1950 5771 2105 5828 asque
2135 5759 2389 5828 pertinet.
2424 5754 2530 5811 Sed
2563 5753 2686 5810 vide
2715 5765 2912 5812 caetera
2944 5755 2997 5812 in
3024 5753 3274 5826 sequenti
3304 5765 3450 5811 nota.

3010 5925 3084 5993 37
