4072 6324
529 253 674 330 tios

1600 259 1882 322 JOANNIS
1921 261 2234 320 cassum
2273 248 2768 322 COLL'ATlUNES.

3677 265 3812 329 H65

527 389 750 455 peccata
773 395 882 438 non
907 380 1070 452 posse
1093 373 1358 446 causaris,
1391 392 1492 434 nec
1515 387 1668 448 potes
1689 377 1908 434 dicere:
1936 375 2117 432 Genua
2142 377 2195 438 Α
2221 376 2369 433 illius
2412 379 2760 434 verecundia:
2798 378 3162 448 publicatioue
3190 394 3406 446 curare,
3447 391 3504 452 et
3547 382 3672 439 sine
3712 385 3814 440 im-

527 491 640 532 mea
663 475 929 547 inﬁrmata
950 479 1068 528 sunt
1094 487 1127 524 a
1144 471 1374 546 jejunio,
1404 477 1452 524 et
1477 485 1599 525 caro
1623 485 1733 525 mea
1756 471 2024 525 immutata
2044 479 2121 525 est

528 576 742 640 propter
764 567 933 620 oleum
953 563 1128 634 (Psal.
1146 561 1335 634 cvm);
1358 563 1482 631 quia
1501 563 1722 617 cinerem
1743 571 2005 634 tamquam
2026 577 2122 635 pa-

528 675 644 713 nem
668 654 1069 723 manducabam,
1096 660 1146 708 et
1178 653 1420 723 poculum
1450 655 1618 708 meum
1645 669 1761 708 cum
1782 655 1910 724 ﬂetu
1935 654 2120 709 misceo

525 748 840 822 bam(Psal.
863 745 940 820 ct)
968 768 981 804 :
1013 746 1484 818 eleemosynarum
1515 755 1579 802 ea
1610 745 1818 802 redime
1850 747 2118 817 largitate.

527 841 795 910 indigenti
822 843 866 894 si
909 851 1017 893 non
1050 839 1218 894 habes
1246 837 1392 908 quod
1421 839 1699 908 impartias
1730 838 1883 909 (licet
1917 838 2120 893 nullum

531 933 602 986 ab
634 933 738 988 hoc
767 947 936 1002 opere
980 933 1274 987 necessitas
1320 932 1514 1000 inopia:
1565 946 1625 984 ac
1656 932 1989 1002 paupertatis
2029 944 2122 986 ex-

527 1026 736 1092 cludat,
791 1025 1233 1095 quandoquidem
1276 1032 1331 1081 et
1375 1025 1518 1080 illius
1557 1024 1732 1079 vidua:
1761 1024 1870 1080 duo
1918 1032 2121 1078 tantum

527 1133 634 1173 u-ra
707 1119 1016 1190 ingentibus
1075 1117 1307 1173 divitum
1371 1116 1693 1172 muneribus
1757 1116 2123 1187 praeferuntur

533 1211 686 1283 (Luc.
710 1215 848 1283 xxi),
881 1215 936 1269 et
962 1227 1060 1283 pro
1088 1213 1259 1268 calice
1299 1227 1452 1282 aquae
1482 1211 1688 1283 frigidae
1727 1211 2034 1267 mercedem
2062 1225 2123 1268 se

527 1303 868 1359 redditurum
915 1303 1178 1359 Dominus
1219 1303 1437 1374 (Matth.
1465 1304 1523 1374 ιι)
1553 1302 1926 1373 repromittit),
1972 1314 2122 1360 certe
2159 1339 2162 1342 ~

525 1399 733 1468 absque
777 1399 886 1454 illis
935 1413 1145 1454 morum
1195 1398 1401 1468 poteris
1447 1397 1830 1452 emendatione
1879 1397 2121 1467 purgari.

526 1489 679 1562 Quod
724 1494 768 1548 si
809 1493 1198 1563 perfectionem
1246 1493 1510 1546 virtutum
1553 1491 1913 1546 exstinctione
1962 1491 2122 1545 vitio.

523 1590 644 1640 rttm
670 1586 910 1640 omnium
937 1603 1044 1640 non
1070 1585 1226 1655 potes
1252 1584 1498 1653 adipisci,
1525 1582 1944 1639 sollicitudinem
1975 1583 2118 1654 piam

522 1687 655 1749 erga
689 1679 978 1736 utilitatem
1011 1679 1209 1735 alienae
1239 1679 1430 1734 salutis
1465 1678 1735 1747 impende.
1771 1678 1828 1734 Si
1855 1686 2034 1734 autem
2068 1689 2122 1734 to

2225 473 2480 542 prbperio
2512 475 2728 542 peccata
2763 471 2967 529 donare
3007 474 3312 530 consuevit.
3340 474 3470 530 Post
3499 475 3642 531 istud
3685 491 3815 547 quo-

2224 567 2334 637 que
2352 574 2458 621 tam
2478 578 2786 638 promptum
2815 576 3134 639 certumque
3163 567 3488 635 subsidium,
3520 569 3669 623 aliud
3692 587 3817 638 quo-

2223 675 2327 731 que
2354 661 2532 716 adhuc
2566 659 2776 717 facilius
2807 662 2998 733 largita
3029 672 3114 719 est
3154 663 3313 718 nobis
3339 662 3520 718 divina
3549 661 3814 734 dignatio,

2224 751 2513 824 ipsamque
2553 754 2776 809 remedii
2818 769 2977 824 opem
3020 765 3209 810 nostro
3251 755 3527 811 commisit
3570 755 3817 820 arbitrio,

2225 854 2284 901 ut
2334 847 2724 917 indulgentiam
2780 857 3096 902 nostrorum
3157 849 3426 904 scelerum
3479 865 3576 918 pro
3631 859 3818 904 nostro

2225 949 2618 1008 praesumamus
2670 939 2886 1004 affectu,
2935 939 3180 994 dicentes
3223 939 3273 995 ei
3307 956 3320 993 :
3359 940 3617 994 liimittite
3673 940 3818 994 nobis

2224 1029 2398 1084 debita
2429 1042 2629 1096 nostra,
2673 1033 2804 1086 sicut
2824 1042 2874 1088 et
2901 1049 2994 1087 nos
3034 1031 3338 1086 dimittimus
3371 1032 3693 1087 debitoribus
3727 1050 3819 1086 no-

2223 1123 2346 1176 stris
2390 1123 2602 1194 (Matth.
2652 1123 2746 1194 vi).
2791 1122 3047 1194 Quisquis
3094 1125 3253 1195 igitur
3300 1123 3366 1179 ad
3423 1123 3816 1196 indulgentiam

2225 1228 2443 1268 suorum
2486 1215 2770 1269 criminum
2804 1215 3084 1270 desiderat
3116 1214 3422 1285 pervenire,
3459 1217 3581 1272 istis
3614 1229 3816 1273 semet-

2223 1305 2399 1375 ipsum
2459 1317 2648 1376 aptare
2690 1307 2909 1363 studeat
2961 1307 3371 1374 instrumentis,
3414 1323 3516 1364 nec
3563 1308 3817 1363 obdurati

2223 1397 2403 1452 cordis
2452 1399 2757 1468 pervicacia
2796 1416 2825 1453 a
2866 1400 3107 1454 remedio
3156 1400 3379 1456 salutari
3411 1399 3618 1456 fontem
3657 1410 3820 1455 tanta!

2222 1491 2437 1563 pietatis
2462 1502 2698 1559 avertat;
2731 1494 2854 1563 quia
2881 1494 3096 1549 etiamsi
3140 1495 3254 1549 hac
3283 1494 3462 1549 omnis
3493 1493 3817 1560 fecerimus,

2223 1597 2327 1638 non
2358 1593 2520 1639 erunt
2561 1583 2755 1639 idonea
2787 1585 2853 1639 ad
2887 1585 3248 1655 CXpiutionem
3285 1585 3556 1641 scelerum
3600 1598 3818 1640 nostro-

2223 1691 2364 1744 rum,
2398 1676 2500 1731 nisi
2541 1691 2604 1732 ea
2635 1676 2848 1732 bonitas
2892 1678 3108 1733 Domini
3153 1679 3553 1749 clementiaque
3603 1679 3820 1735 deleve-

521 1772 777 1826 idoneum
805 1771 934 1828 huic
960 1772 1266 1828 ministerio
1296 1787 1403 1826 non
1432 1786 1552 1827 esse
1577 1773 1956 1842 conquereris,
1980 1787 2114 1844 ope-
2147 1771 2196 1833 B
2223 1771 2314 1838 rit,
2343 1770 2372 1810 ι)
2413 1773 2503 1841 qui
2545 1785 2667 1828 cum
2717 1771 2958 1843 religiosi
3001 1782 3230 1828 conatus
3272 1773 3532 1844 obseqnia
3583 1773 3823 1844 supplici

518 1867 634 1920 rire
667 1873 887 1935 peccata
914 1866 1124 1936 poteris
1147 1867 1428 1922 charitatis
1449 1865 1661 1921 affectu.
1679 1867 1736 1923 ln
1769 1867 1876 1923 hoc
1903 1883 2118 1939 quoque

519 1959 568 2013 si
599 1968 650 2015 te
681 1958 930 2029 fragilem
961 1958 1150 2015 fecerit
1178 1959 1440 2029 quaelibet
1484 1962 1684 2015 mentis
1710 1961 1945 2031 ignavia,
1993 1975 2118 2016 ora-

524 2049 674 2106 tione
701 2051 898 2108 saltem
925 2061 1089 2122 atque
1111 2049 1511 2107 intercessione
1536 2063 1849 2108 sanctorum
1874 2051 2119 2108 remedia

518 2143 836 2200 vulneribus
883 2145 988 2199 tuis
1032 2143 1356 2200 humilitatis
1391 2143 1587 2199 allecto
1628 2145 1935 2202 submissus
1966 2143 2118 2218 [sub-

515 2235 699 2308 nisus]
741 2237 990 2307 implora.
1047 2237 1334 2293 Posuemo
1369 2237 1492 2309 quis
1537 2245 1622 2293 est
1663 2239 1754 2308 qui
1806 2253 1914 2293 non
1943 2239 2117 2308 possit

515 2331 840 2400 suppliciter
882 2330 1111 2388 dicere:
1154 2329 1434 2386 Peccatum
1489 2348 1662 2387 meum
1717 2333 1974 2404 cognitum
2023 2333 2117 2388 tibi

514 2423 635 2493 feci,
666 2433 715 2478 et
743 2425 1055 2495 injustitiam
1091 2440 1261 2479 meam
1303 2441 1407 2480 non
1439 2425 1799 2498 operui(Psal.
1832 2426 2029 2497 xui)?
2059 2436 2118 2482 ut

511 2515 613 2589 per
636 2519 777 2574 hanc
806 2520 1209 2574 confessionem
1236 2518 1404 2573 etiam
1437 2518 1571 2574 illud
1604 2518 1948 2574 conﬁdenter
1977 2519 2111 2574 sub-

512 2610 742 2681 iungere
776 2618 1070 2678 mereatur,
1099 2607 1169 2663 Et
1215 2619 1272 2664 tu
1301 2609 1547 2666 remisisti
1581 2610 1896 2679 impietatem
1941 2612 2114 2666 cordis

513 2703 616 2756 mei
651 2701 866 2774 (Ibid.).
896 2701 1050 2771 Quod
1086 2710 1112 2738 ι
1137 2702 1182 2756 si
1215 2701 1553 2758 verecundia
1594 2700 1911 2758 retrahente
1957 2718 2113 2759 reve-

511 2794 634 2850 lare
684 2809 867 2850 coram
913 2793 1221 2850 horninibus
1269 2795 1576 2864 erubescis,
1626 2794 1704 2850 illi
1745 2811 1907 2866 quem
1947 2796 2117 2852 latere

513 2902 623 2941 non
651 2894 879 2957 possunt
905 2885 1156 2941 confiteri
1198 2899 1260 2941 ea
1289 2884 1404 2958 jugi
1444 2885 1847 2956 supplicatione
1879 2902 1987 2942 non
2016 2887 2113 2943 de-

515 2980 684 3046 sinas,
724 2995 787 3035 ac
816 2979 1021 3045 dicere,
1052 2971 1389 3050 Iniquitatem
1420 2995 1586 3033 meam
1622 2996 1713 3050 ego
1751 2995 2024 3052 cognosco,
2067 2990 2116 3034 et

512 3083 780 3143 peccatum
819 3088 984 3125 meum
1019 3080 1202 3125 contra
1237 3087 1322 3127 me
1363 3077 1439 3126 est
1468 3087 1701 3141 semper;
1729 3072 1818 3125 tibi
1853 3072 1952 3126 soli
1996 3089 2111 3140 pec-

2223 1876 2406 1921 mente
2427 1883 2457 1921 a
2484 1866 2639 1920 nobis
2665 1865 2843 1920 oblata
2870 1866 3233 1936 perspexerit,
3252 1866 3482 1936 exiguus
3511 1881 3823 1936 parvosque

2227 1969 2451 2015 conatus
2493 1960 2754 2014 immensa
2808 1958 3137 2014 liberalitate
3172 1959 3535 2029 prosequitur,
3564 1959 3768 2013 dicens
3803 1975 3818 2012 :

2221 2049 2332 2123 Ego
2375 2068 2511 2119 sum,
2547 2068 2638 2120 ego
2671 2067 2785 2105 sum
2820 2051 2910 2122 qui
2952 2050 3096 2105 deleo
3125 2051 3418 2121 iniquitates
3451 2058 3567 2104 tuas
3610 2060 3824 2121 propter

2219 2162 2320 2213 me,
2363 2155 2409 2199 et
2442 2153 2770 2216 peccatorum
2809 2152 3014 2199 tuorum
3035 2147 3152 2216 jam
3181 2161 3284 2198 non
3315 2144 3634 2198 recordabar
3665 2143 3820 2214 (Isai.

2218 2249 2366 2318 ιιι).
2401 2247 2482 2302 Ad
2513 2245 2653 2300 hunc
2685 2259 2817 2317 ergo
2839 2261 2999 2316 quem
3047 2245 3402 2315 prmdiximus
3430 2252 3635 2300 statum
3668 2247 3822 2313 quis-

2216 2349 2339 2420 quis
2366 2347 2768 2414 conscenderit,
2801 2346 3186 2402 satisfactionis
3215 2347 3441 2417 gratiam
3466 2349 3810 2418 quotidianis

2212 2450 2439 2524 jejuniis
2467 2460 2521 2508 et
2548 2449 2969 2506 mortiﬁcatione
2990 2449 3172 2505 cordis
3193 2461 3248 2506 et
3276 2451 3529 2520 corporis
3556 2465 3823 2519 asseque-

2217 2563 2348 2611 tur:
2385 2553 2536 2626 quia,
2585 2553 2726 2608 sicut
2769 2553 3032 2623 scriptum
3073 2561 3178 2617 est,
3227 2559 3338 2607 sine
3379 2555 3657 2626 sanguinis
3689 2553 3822 2622 ειτη-

2217 2656 2361 2712 sione
2389 2673 2492 2710 non
2523 2655 2581 2724 fit
2602 2655 2840 2709 remissio
2871 2652 3063 2724 (Hebr.
3094 2653 3193 2725 rx).
3225 2653 3332 2710 Nec
3361 2654 3657 2710 immerito.
3685 2657 3824 2710 Caro

2217 2760 2354 2813 enim
2397 2770 2443 2813 et
2485 2758 2697 2829 sanguis
2744 2773 2961 2827 regnum
3000 2754 3102 2810 Dei
3151 2755 3413 2826 possidere
3462 2773 3563 2810 non
3606 2754 3822 2827 possunt

2216 2860 2263 2933 (l
2288 2859 2408 2914 Cor.
2442 2861 2557 2929 xv).
2595 2859 2660 2913 Et
2690 2858 2810 2913 ideo
2841 2857 3084 2927 quisquis
3125 2857 3193 2912 ab
3230 2857 3392 2927 hujus
3431 2860 3718 2928 sanguinis
3743 2859 3817 2914 ef—

2216 2961 2430 3018 fusiOne
2458 2959 2696 3032 gladium
2721 2958 2966 3029 spiritus,
2999 2957 3144 3030 quod
3188 2969 3271 3013 est
3301 2959 3527 3014 verbum
3562 2959 3690 3022 Dei,
3727 2976 3817 3014 vo-

2216 3064 2382 3120 luerit
2424 3048 2694 3126 inliibere,
2740 3061 2947 3131 absque
2971 3060 3137 3117 dubio
3180 3061 3270 3116 illa
3299 3061 3553 3118 Jeremiae
3584 3065 3816 3133 prophe-

515 3166 649 3232 cavt,
674 3175 722 3219 et
751 3164 945 3218 malum
965 3179 1143 3218 coram
1173 3173 1222 3219 te
1250 3163 1351 3238 feci
1378 3162 1552 3236 (Psal.
1587 3162 1676 3234 1.);
1701 3164 1789 3234 qui
1821 3173 1876 3218 et
1902 3164 2106 3237 absque
2132 3157 2179 3219 C
2211 3173 2281 3222 ta:
2307 3165 2685 3220 maledictione
2708 3165 2996 3234 plcctetur.
3031 3162 3164 3219 Nam
3196 3173 3218 3204 ε
3252 3163 3581 3233 maledictus,
3615 3167 3813 3237 inquit,

1578 3280 1833 3336 ALARDI
1873 3280 2109 3337 (ΞΑΖΑΞΙ
2148 3281 2722 3338 COMMENTARIUS.

585 3388 613 3419 ι
655 3378 871 3435 Similes
915 3378 1197 3433 sententia;
1226 3375 1429 3447 passim
1475 3375 1614 3444 apud
1645 3373 2102 3442 Chry~o~tomum

511 3451 753 3507 Cassiani
798 3450 1078 3505 doctorem
1119 3457 1174 3504 et
1225 3449 1542 3515 magistrum
1591 3447 1872 3514 leguntur,
1914 3447 2107 3511 quibus

511 3523 751 3577 hmrelici
779 3523 1043 3576 adversus
1071 3519 1472 3576 confessionem
1501 3517 1946 3572 sacraineutalem
1972 3517 2107 3570 abu-

513 3604 719 3647 tuntur.
746 3593 943 3648 Homil.
972 3593 1008 3645 2
1052 3592 1106 3646 in
1153 3592 1419 3661 psalmum
1451 3603 1513 3661 1.:
1544 3587 1769 3661 Peccata
1799 3599 1884 3642 tua
1913 3590 2100 3661 dicito,

510 3674 571 3718 ut
597 3665 770 3720 deleas
816 3665 950 3718 illa:
981 3664 1025 3717 si
1057 3659 1394 3731 confunderis
1440 3659 1598 3714 alicui
1637 3659 1806 3731 dicere
1833 3660 1955 3731 quia
1989 3675 2107 3727 pec-

510 3737 661 3797 casti,
686 3737 842 3790 dicito
863 3751 921 3790 ea
945 3729 1174 3804 quotidie
1197 3734 1250 3786 in
1275 3731 1449 3804 animo
1465 3739 1574 3804 tua.
1607 3729 1730 3804 Non
1750 3729 1887 3793 dico,
1907 3740 1961 3783 ut
1983 3747 2106 3804 con-

555 3809 708 3861 tearis
738 3802 982 3861 conservo
1025 3817 1134 3869 tuo,
1165 3804 1255 3856 sed
1295 3803 1456 3855 dicito
1491 3802 1598 3856 Deo
1638 3803 1725 3872 qui
1754 3811 1904 3856 curat
1929 3818 2010 3855 ea.
2040 3802 2106 3856 Et

564 3879 712 3931 omit.
744 3877 810 3942 4,
846 3877 914 3932 de
962 3875 1200 3929 Lazaro:
1232 3874 1335 3927 Cur
1388 3875 1581 3940 igitur,
1613 3873 1816 3941 inquit,
1868 3874 2106 3940 pudescis

509 3957 560 4002 et
597 3947 850 4001 erubescis
899 3947 1137 4014 confiteri
1180 3956 1390 4016 peccata
1421 3945 1548 3998 tua?
1577 3959 1700 3998 cave
1726 3946 1864 3997 enim
1907 3946 2104 3998 homini

513 4019 730 4084 dixeris,
758 4034 820 4072 ne
845 4019 939 4071 tibi
961 4015 1249 4085 exprobret.
1277 4015 1455 4085 Neque
1483 4017 1618 4071 enim
1634 4031 1878 4070 conservo
1901 4016 2106 4079 conﬁte-

510 4090 606 4153 ris,
632 4100 686 4142 ut
715 4092 770 4143 in
801 4089 1060 4158 publicum
1105 4088 1355 4158 proferat.
1390 4089 1478 4140 sed
1523 4089 1569 4140 ei
1596 4088 1685 4157 qui
1718 4085 1972 4140 Dominus
2005 4096 2101 4150 est,

509 4162 599 4231 qui
623 4157 851 4214 medicus
875 4169 977 4226 est,
1001 4157 1228 4213 ostendis
1256 4157 1467 4211 rulnera
1485 4168 1594 4231 tua,
1612 4173 1775 4231 neque
1797 4159 2103 4231 enimigno-

511 4229 617 4294 rat,
651 4232 853 4284 etiamsi
882 4232 926 4284 ei
957 4247 1060 4284 non
1091 4231 1305 4293 dixeris,
1337 4239 1442 4284 etc.
1479 4230 1648 4283 Porro
1681 4229 1794 4282 haec
1823 4237 1879 4282 et
1906 4229 2102 4283 similia

509 4311 627 4357 tum
657 4301 1051 4372 Chrysostomi,
1070 4310 1179 4355 tum
1203 4300 1444 4354 Cassiani
1477 4303 1640 4363 dicta,
1666 4315 1914 4372 nonresse
1939 4299 2102 4355 intel-

510 4373 729 4443 ligenda
753 4369 820 4427 de
851 4385 1056 4428 secreta
1083 4381 1138 4427 et
1161 4373 1537 4426 sacramentali
1559 4369 1902 4443 confessione
1926 4371 1982 4443 in
2002 4386 2101 4438 qua

513 4442 680 4499 humo
707 4446 996 4499 confitetur
1025 4443 1250 4509 homini,
1279 4458 1384 4496 non
1416 4452 1471 4496 ut
1501 4442 1726 4505 homini,
1760 4442 1853 4495 sed
1879 4450 1936 4496 ut
1967 4442 2098 4507 Deo,

511 4517 567 4569 id
595 4525 706 4579 est,
743 4515 840 4569 Dei
862 4517 1062 4569 vicario
1083 4557 1097 4577 ,
1132 4515 1226 4568 sed
1255 4514 1320 4568 de
1349 4513 1558 4582 publica
1593 4521 1646 4566 et
1676 4513 1951 4579 theatrali,
1982 4529 2102 4582 quae

510 4587 728 4712 gulilice
757 4586 918 4640 ﬁebat
948 4586 1015 4640 ab
1043 4586 1107 4640 iis
1135 4586 1222 4666 qui
1265 4585 1532 4667 publicam
1565 4585 1944 4668 pmnitentiam
1973 4599 2100 4668 age-

551 4669 665 4712 ant.
696 4665 957 4711 annotant
1003 4658 1275 4712 Cuvchtus
1324 4665 1378 4711 et
1430 4658 1738 4712 Ciacunius.
1765 4665 1888 4712 post
1932 4656 2099 4712 Matu-

551 4669 665 4723 ant,
696 4665 978 4750 agnotant.
1003 4658 1275 4739 Cuychius
1324 4665 1378 4711 et
1407 4657 1742 4750 ,Οἱειξριιίυιε-ἶ
1765 4665 1898 4750 βοῇ.
1932 4655 2099 4750 Magi-
2129 4690 2181 4750 D

511 4740 685 4784 strum
733 4727 1134 4785 Sententiarum
1186 4728 1238 4781 in
1268 4735 1482 4793 quarto,
1515 4727 1642 4781 dist.
1677 4729 1774 4792 l7,
1810 4728 1899 4782 ubi
1949 4735 2101 4796 post-

512 4815 672 4872 quam
704 4800 930 4872 dixisset
960 4809 1181 4872 peccata
1226 4802 1472 4872 primum
1506 4800 1653 4872 _Deo,_
1671 4800 2101 4872 deindedsacer-

509 4867 622 4924 doti
655 4886 776 4926 esse
805 4867 1134 4937 confitenda,
1180 4869 1368 4923 subdit
1398 4887 1412 4922 :
1444 4867 1588 4922 Illud
1617 4867 1836 4923 Joannis
1871 4869 2096 4940 Chryso-

508 4943 661 4995 stomi
688 4943 931 5009 superius
973 4943 1199 5010 positum
1227 4956 1328 4994 non
1360 4951 1435 4994 est
1462 4942 1533 4993 ita
1581 4941 1975 5011 intelligendum
1994 4982 2008 5002 ,
2043 4947 2100 4994 ut

511 5013 660 5066 liceat
692 5014 867 5077 alicui,
896 5015 939 5067 si
967 5012 1404 5084 tetnpusiltabeat,
1435 5012 1690 5065 sacerdoti
1713 5029 1815 5065 non
1837 5011 2094 5084 confiteri,

507 5085 600 5137 sed
623 5085 743 5149 quia
765 5084 970 5154 sufﬁcit,
1000 5081 1088 5136 ubi
1115 5083 1306 5154 crimen
1345 5084 1603 5135 occultum
1629 5094 1722 5145 est,
1754 5084 1850 5136 soli
1874 5081 1986 5136 Deo
2009 5099 2103 5152 per

507 5152 1043 5218 aucerdotentdicere,
1067 5161 1117 5207 et
1138 5152 1315 5214 semel.
1341 5169 1432 5206 nec
1472 5160 1672 5219 Oportet
1712 5155 1969 5224 publicari
2015 5171 2101 5208 co-

504 5243 621 5280 ram
662 5227 834 5280 multis
865 5225 1002 5293 quod
1037 5226 1296 5279 occultum
1319 5233 1412 5278 est.
1447 5225 1598 5289 Quod
1647 5227 1834 5278 notavit
1874 5227 2050 5279 dicens
2078 5244 2098 5281 :

505 5297 632 5352 Non
664 5297 756 5352 tibi
794 5297 940 5361 dico,
971 5308 1041 5368 ut
1062 5307 1108 5349 te
1133 5297 1326 5365 prodas
1375 5297 1427 5348 in
1472 5295 1752 5368 publicum.
1784 5296 1932 5351 Sicut
1960 5298 2098 5351 enim

502 5369 716 5440 publica
743 5383 879 5422 noxa
902 5367 1124 5440 publico
1153 5377 1262 5437 eget
1291 5366 1565 5440 remedio,
1587 5366 1668 5440 ita,
1703 5377 1751 5420 et
1779 5370 1986 5423 occulta
2011 5383 2095 5423 se-

504 5437 650 5494 creta
688 5437 1008 5509 confessione
1060 5449 1106 5491 et
1151 5437 1357 5492 occulta
1411 5438 1769 5508 satisfactione
1817 5450 2093 5509 purgatur.

503 5510 618 5563 Nec
635 5526 832 5563 necesse
852 5518 924 5561 est
956 5520 1013 5563 ut
1031 5510 1168 5576 quod
1191 5510 1451 5563 sacerdoti
1477 5509 1633 5564 semel
1649 5511 1867 5579 confessi
1892 5526 2095 5577 sumus,

501 5581 695 5633 iterant
740 5581 1114 5647 conﬁteantur;
1159 5581 1248 5634 sed
1297 5581 1473 5650 lingua
1518 5581 1722 5645 cordis,
1762 5596 1865 5633 non
1901 5583 2094 5650 carnis,

503 5653 647 5722 apud
674 5668 844 5704 verum
871 5651 1109 5706 Iudicem
1135 5653 1190 5705 id
1211 5654 1413 5723 jugiter
1451 5653 1685 5721 confiteri
1715 5651 1977 5706 debemus.
2006 5652 2095 5707 Sic

503 5723 620 5776 ille.
656 5724 727 5775 De
753 5724 848 5775 hac
870 5723 1032 5793 igitur
1065 5724 1404 5776 confessione
1436 5725 1665 5784 interna,
1695 5739 1814 5792 quae
1848 5723 1955 5777 Deo
1982 5724 2094 5792 pri-‘

503 5806 652 5853 mutu
679 5796 918 5848 facienda
944 5803 1049 5857 est.
1079 5795 1315 5856 loquitur
1339 5794 1426 5850 hic
1452 5796 1691 5850 l’iuuﬁus
1724 5812 1736 5848 :
1761 5810 1880 5863 quae
1914 5806 2093 5851 tamen

2212 3376 2610 3430 confessionem
2634 3387 2912 3432 externam
2933 3383 2988 3430 et
3009 3374 3460 3431 sacramentalem
3488 3389 3601 3429 non
3633 3377 3819 3432 exclu-

2212 3446 2316 3511 dit,
2346 3448 2438 3501 sed
2475 3447 2540 3500 ad
2573 3463 2690 3502 eam
2723 3449 2996 3517 dirigitur,
3027 3446 3254 3516 ejusque
3276 3453 3456 3501 votum
3482 3461 3580 3502 seu
3614 3463 3818 3518 prepo-

2211 3519 2374 3572 situm
2403 3519 2623 3572 includit
2649 3534 2710 3572 ac
2739 3519 3011 3588 supponit.

2282 3588 2310 3627 δ
2345 3591 2570 3643 llednlet
2602 3591 2716 3644 haec
2743 3592 3009 3646 sententia
3041 3589 3294 3645 eumdem
3315 3603 3535 3644 sensum
3565 3599 3622 3645 et
3656 3592 3818 3646 intel-

2211 3659 2410 3715 lectum
2438 3677 2598 3730 quem
2622 3663 2743 3715 alite
2773 3662 2977 3716 similes
3003 3661 3056 3714 in
3097 3663 3388 3716 collatione
3409 3660 3621 3716 decima
3658 3667 3816 3719 tertia

2212 3733 2440 3800 prolatae
2473 3742 2527 3787 et
2553 3732 2799 3787 refutatur
2827 3730 2995 3803 (Cap.
3028 3735 3082 3797 7,
3109 3737 3163 3798 8,
3195 3733 3250 3798 9,
3285 3732 3413 3802 15).
3452 3733 3693 3789 Proinde
3724 3751 3811 3788 sa-

2211 3804 2333 3857 nius
2361 3804 2769 3870 interpretanda
2795 3814 2848 3857 et
2878 3805 3210 3858 admittenda
3238 3843 3252 3868 ,
3288 3812 3381 3857 aut
3406 3803 3664 3859 similiter
3690 3823 3810 3859 cum

2210 3874 2318 3928 illis
2343 3875 2705 3944 explodeuda.
2734 3875 3078 3930 Admittenda
3105 3875 3342 3943 quidem,
3367 3877 3410 3927 si
3436 3874 3502 3928 de
3527 3877 3816 3932 curialibus

2211 3945 2450 4000 hominis
2476 3947 2777 4012 justiﬁcati,
2811 3954 2865 4000 et.
2889 3961 2984 4016 per
3011 3947 3241 4017 gratiam
3275 3948 3555 4017 operantis
3588 3950 3669 4001 vel
3700 3964 3813 4017 pm-

2209 4017 2436 4072 nitentis
2465 4034 2527 4072 ev
2568 4015 2936 4087 praeveniente
2967 4015 3059 4073 Dei
3101 4018 3271 4088 gratia
3303 4015 3576 4084 excitatis,
3611 4015 3817 4073 intelli-

2209 4099 2403 4158 gatur;
2439 4089 2776 4156 explodeuda
2808 4104 2962 4154 vero,
2995 4089 3040 4142 si
3083 4090 3152 4143 de
3181 4088 3464 4143 conatibus
3487 4099 3580 4142 aut
3606 4090 3818 4145 viribus

2207 4162 2380 4214 solius
2410 4160 2567 4215 liberi
2599 4160 2834 4227 arbitrii,
2883 4161 3088 4214 seclusa
3133 4163 3307 4229 gratia
3356 4163 3735 4228 praeveniente
3764 4173 3817 4216 et

2209 4231 2500 4301 excitante,
2521 4231 2610 4301 qui
2638 4232 2769 4285 nihil
2792 4232 2857 4285 ad
2879 4233 3107 4301 gratiam
3136 4241 3188 4285 et
3210 4231 3440 4284 salutem
3467 4246 3563 4300 per
3593 4249 3655 4287 se
3686 4249 3817 4287 con-

2208 4300 2352 4356 ferre
2385 4300 2630 4371 possunt.
2670 4300 2961 4356 Verissima
2997 4303 3140 4356 enim
3170 4310 3257 4356 est
3287 4301 3351 4355 D.
3386 4303 3650 4356 Bernardi
3689 4320 3818 4358 sen-

2209 4375 2372 4427 tentia
2407 4373 2675 4444 diceutis(
2703 4373 2816 4428 Lib.
2847 4375 2910 4428 de
2934 4372 3116 4427 Gratia
3146 4381 3196 4426 et
3221 4371 3336 4426 Lib.
3364 4374 3586 4438 Arbitr.)
3606 4392 3618 4426 :
3639 4371 3817 4428 Cona-

2206 4453 2290 4498 tus
2330 4446 2476 4498 liberi
2518 4445 2719 4497 arbitrii
2755 4456 2801 4498 et
2843 4446 2974 4499 cassi
3025 4453 3146 4499 sunt
3177 4445 3222 4497 si
3251 4459 3354 4498 non
3383 4445 3734 4514 adjurentur,
3770 4459 3817 4502 et

2207 4515 2339 4570 nulli
2368 4518 2412 4569 si
2439 4533 2540 4569 non
2572 4519 2879 4570 excitentur.

2283 4597 2304 4626 ε
2341 4588 2464 4640 ilmc
2487 4587 2754 4641 sententia
2784 4587 3282 4658 praeterlitteralem
3315 4601 3558 4654 sensum,
3585 4588 3676 4657 qui
3706 4589 3816 4644 huc

2208 4672 2313 4712 non
2367 4658 2512 4722 facit,
2547 4659 2757 4712 duobus
2804 4659 2977 4712 modis
3027 4659 3322 4712 seeiindum
3379 4659 3750 4728 trepologiam
3783 4674 3814 4713 a

2206 4728 2456 4783 Patrihus
2482 4731 2790 4797 exponitur.
2822 4730 2990 4783 Priori
3017 4729 3196 4794 modo,
3223 4743 3382 4798 quem
3409 4727 3496 4782 hic
3517 4727 3814 4784 Cassianus

2206 4802 2478 4869 sequitur,
2517 4801 2833 4854 maledictus
2866 4799 3084 4868 Deoque
3109 4801 3314 4853 invisus
3342 4799 3541 4854 dicitur
3567 4801 3660 4869 qui
3689 4817 3818 4869 pro-

2209 4871 2356 4925 hibet
2388 4873 2470 4924 vel
2501 4871 2768 4924 subtrahit
2798 4871 3032 4939 gladium
3062 4881 3219 4924 suum
3245 4885 3272 4922 a
3301 4871 3586 4940 sanguine,
3617 4871 3673 4925 id
3706 4884 3811 4936 est,
3845 4887 3854 4905 '-

2246 4943 2296 4994 ui
2331 4943 2515 4996 hostes
2546 4957 2692 5004 suos,
2724 4941 2948 4996 allectus
2970 4956 3188 5010 pravos,
3226 4943 3667 5014 rmortiticationis
3700 4944 3816 5014 gla-

2248 5014 2298 5067 io
2321 5029 2428 5067 non
2455 5015 2633 5078 Caedit,
2667 5030 2770 5066 non
2803 5023 3030 5076 resecat,
3061 5017 3155 5065 sed
3188 5013 3367 5066 vivere
3401 5014 3604 5081 patitur
3633 5013 3818 5069 etdo-

2207 5085 2423 5148 minari,
2473 5099 2570 5138 nec
2620 5084 2862 5151 Apostoli
2914 5085 3131 5137 monitis
3175 5081 3468 5150 acquiescit
3513 5083 3760 5139 dicentis
3799 5103 3812 5137 :

2213 5155 2316 5222 Qui
2339 5163 2455 5208 sunt
2481 5156 2692 5218 Christi,
2728 5171 2930 5208 carnem
2959 5171 3107 5207 suam
3137 5154 3505 5222 cruciﬁxerunt
3531 5170 3647 5207 cum
3674 5157 3816 5211 vitiis

2203 5221 2252 5299 et
2284 5226 2924 5299 concupiscentiis(Colos.
2951 5225 3052 5294 ιιι).
3085 5225 3214 5278 Item
3250 5221 3620 5299 :Hortiﬁcate
3647 5243 3817 5281 mem-

2205 5297 2297 5351 bra
2327 5308 2510 5355 vestra.
2541 5314 2656 5367 qua:
2685 5297 2800 5350 sunt
2828 5313 2979 5367 super
3011 5308 3218 5360 terram,
3262 5297 3682 5366 fornicationem,
3716 5301 3820 5352 imo

2205 5371 2533 5433 munditiam,
2561 5370 2841 5423 libidinem.
2875 5368 3333 5438 concupiscentiam
3361 5368 3577 5431 malam,
3610 5377 3662 5423 et
3689 5385 3818 5424 ava-

2203 5442 2376 5494 ritiam
2399 5440 2542 5512 (Gal.
2580 5444 2664 5506 ιι).
2699 5450 2802 5494 etc.
2842 5438 2904 5493 Et
2928 5436 3140 5492 rursum
3168 5436 3344 5512 ΔεμΝοη
3381 5439 3814 5512 incomcssatfo-

2204 5513 2352 5565 nibus
2380 5508 2426 5564 et
2457 5512 2781 5565 ebrietatibus
2801 5553 2813 5575 ,
2846 5527 2946 5564 non
2973 5514 3024 5562 in
3063 5508 3315 5582 cubilibus
3350 5519 3401 5564 et
3435 5510 3813 5582 impudicitiis,

2205 5598 2306 5636 non
2335 5585 2386 5634 in
2411 5585 2734 5636 contentione
2757 5594 2802 5634 et
2821 5582 3148 5636 atmulatione
3169 5597 3188 5646 ;
3208 5581 3299 5634 sed
3319 5581 3603 5634 induimini
3626 5583 3809 5637 Domi-

2205 5669 2327 5706 num
2355 5651 2557 5715 Iesum,
2595 5663 2639 5706 et
2685 5656 2856 5707 carnis
2884 5669 3060 5706 curam
3088 5668 3152 5705 ne
3189 5653 3410 5722 feceritis
3446 5655 3501 5706 in
3531 5651 3817 5709 desideriis

2207 5723 2227 5795 (
2257 5725 2404 5778 Rom.
2441 5727 2578 5795 sui).
2606 5725 2787 5778 Alii-ra
2839 5723 3107 5791 espositio
3137 5725 3447 5792 superiores
3487 5727 3681 5793 tangit.
3720 5727 3814 5795 qui

2204 5798 2539 5850 subditorum
2595 5806 2810 5865 peccata
2861 5806 2916 5850 et
2965 5809 3224 5850 excessus
3269 5795 3451 5864 gladio
3498 5796 3818 5866 disciplina
