4072 6324
207 341 350 409 1165

1125 323 1469 388 οοιιιτιο
1507 299 1626 384 xit.
1653 357 1724 371 —
1756 297 1846 382 in:
1883 295 2363 383 rmmrenrtai
2399 297 2582 382 intra.

3343 305 3490 390 uiis

205 456 292 526 qui
319 451 556 526 prohibet
594 465 743 504 suum
771 445 1002 522 gladium
1050 463 1083 500 α
1119 446 1370 516 sanguine
1399 443 1532 516 (Jer.
1573 441 1781 510 vam).
1815 445 1864 504 Α
1889 441 2164 512 puritatis,
2195 441 2312 512 ejus
2339 441 2611 514 praecipue
2653 441 2744 512 qui
2771 435 2825 499 in
2857 419 3151 502 solitudine
3174 429 3486 508 commora-
3515 431 3518 434 I

205 543 306 601 Hic
361 559 592 612 namque
635 551 719 596 est
755 539 968 610 gladius
994 539 1082 610 qni
1129 537 1279 592 illum
1319 537 1559 602 noxium,
1581 533 1792 605 sangui-

205 653 356 704 nem,
386 651 492 708 quo
519 637 790 690 animatur
834 633 1055 687 materia
1101 640 1466 700 peccatorum,
1502 627 1790 684 salubriter

205 731 471 797 fundens,
523 725 786 798 quidquid
841 725 1108 796 repererit
1165 725 1218 779 in
1275 721 1534 778 membris
1587 721 1792 776 nostris

206 826 426 880 carnale
449 833 800 878 terrenumve
823 829 1156 882 concretum,
1181 825 1392 874 resecat
1421 825 1478 871 et
1499 815 1788 886 abscindit,

208 931 272 972 ac
291 917 650 970 mortificatos
685 913 833 966 vitiis
865 909 1044 965 vivere
1074 909 1182 964 Deo
1213 918 1270 964 et
1309 907 1642 978 spiritalibus
1671 907 1796 962 facit

207 1011 394 1080 vigere
421 1007 746 1072 virtutibus;
783 1015 836 1060 et
863 1005 936 1058 ita
963 1005 1072 1074 jam
1099 1019 1206 1058 non
1243 1001 1621 1058 recordatione
1649 1011 1794 1056 vete-

207 1102 284 1156 ris
307 1099 556 1164 admissi,
605 1099 699 1154 sed
741 1112 838 1166 spe
865 1096 1168 1151 futurorum
1201 1097 1522 1166 gaudiorum
1547 1093 1676 1148 ﬂere
1711 1095 1794 1148 itt-

209 1192 406 1260 cipiet;
443 1205 542 1246 nec
567 1199 674 1244 tam
697 1189 764 1244 de
805 1188 1101 1258 praeteritis
1131 1187 1290 1242 malis
1316 1201 1476 1258 quam
1507 1186 1576 1242 de
1605 1195 1800 1242 ventu-

209 1286 288 1340 ris
319 1285 566 1354 cogitans
593 1283 770 1350 bonis,
811 1297 918 1336 non
957 1297 1026 1336 ex
1069 1288 1411 1348 peccatorum
1444 1293 1687 1336 mmrore
1715 1279 1796 1332 la-

209 1392 462 1448 crymas,
513 1375 609 1432 sed
663 1389 728 1428 ex
778 1383 994 1428 aeternae
1065 1373 1210 1428 illius
1259 1371 1464 1426 laetitiae
1520 1373 1800 1426 alacritate

211 1467 527 1538 profundat,
547 1477 709 1536 atque
733 1467 1061 1520 obliviscens
1083 1481 1286 1536 eaquae
1312 1465 1616 1534 posteriora
1652 1473 1798 1534 sunt,

213 1561 264 1616 id
297 1569 404 1626 est,
437 1559 676 1614 carnalia
705 1557 855 1620 vitia,
879 1557 944 1612 ad
985 1573 1048 1612 ea
1076 1573 1194 1626 qua:
1223 1557 1274 1612 in
1305 1569 1430 1612 ante
1457 1567 1584 1612 sunt
1611 1567 1800 1612 exten-

212 1653 390 1716 detur,
431 1651 534 1706 hoc
561 1661 664 1716 est,
707 1651 970 1720 spiritalia
999 1649 1142 1704 dona
1183 1659 1344 1720 atque
1373 1651 1624 1706 virtutes.

813 1761 1040 1818 CAPUT
1088 1760 1182 1816 IX.

1893 541 2000 596 tur,
2033 533 2311 604 implicans
2339 549 2460 589 eam
2485 531 2737 590 sordibus
2781 535 2964 592 mundi
3005 535 3185 610 hujus,
3212 547 3267 596 et
3295 543 3487 612 praefo-

1845 625 1850 630 ’
1892 639 2024 680 cans
2049 623 2216 682 fetore
2243 627 2518 681 vitiorum.
2551 625 2684 681 Dum
2727 627 2868 683 enim
2921 631 3117 686 recolis
3157 648 3219 688 ea
3251 629 3370 705 qua:
3401 653 3489 692 se-

1893 717 2126 774 cundum
2156 721 2454 792 principem
2486 721 2666 776 smculi
2696 723 2809 778 sive
2837 738 2934 793 per
2964 725 3328 794 ignorantiam
3374 731 3490 788 sive

1895 827 1992 884 per
2016 803 2288 867 lasciviam
2320 815 2660 882 commisisti,
2692 823 2748 869 ut
2791 817 3085 873 concedam
3119 813 3214 874 tibi
3261 821 3405 891 quod
3435 825 3488 879 in

1897 905 1995 959 hac
2024 905 2348 974 cogitatione
2371 905 2550 976 posito
2575 907 2867 963 oblectatio
2884 911 3028 965 nulla
3051 911 3324 984 subrepat,
3343 925 3490 974 certe

1895 997 2132 1068 antiqua:
2161 997 2463 1066 putredinis
2491 999 2574 1054 vel
2602 1001 2718 1055 sola
2759 1003 3008 1075 contagio
3047 1019 3270 1062 necesse
3321 1019 3400 1064 est
3433 1019 3492 1066 ut

1897 1097 2040 1144 tetro
2071 1100 2307 1144 mentem
2352 1089 2524 1146 fetore
2551 1105 2884 1164 corrumpat,
2917 1107 2973 1152 et
3001 1097 3298 1168 spiritalem
3327 1104 3492 1158 virtu-

1900 1194 2008 1238 tum
2041 1183 2389 1254 fragrantiam
2409 1227 2423 1250 ,
2453 1184 2506 1240 id
2552 1197 2658 1254 est,
2691 1191 3009 1246 suavitatem
3037 1193 3162 1246 boni
3189 1194 3372 1252 odoris
3397 1213 3492 1252 ex-

1898 1277 2097 1332 cludat.
2131 1279 2260 1330 Cum
2308 1293 2437 1348 ergo
2487 1281 2880 1348 praeteritorum
2933 1291 3194 1346 memoria
3237 1294 3490 1350 vitiorum

1899 1369 2196 1440 pulsaverit
2225 1385 2464 1436 senSum,
2515 1374 2584 1426 ita
2615 1373 2686 1428 ab
2715 1389 2776 1429 ea
2823 1375 3172 1436 resiliendum
3219 1394 3320 1452 est,
3355 1387 3496 1442 sicut

1900 1461 2098 1530 refugit
2128 1463 2209 1515 vir
2239 1461 2497 1518 honestus
2529 1473 2582 1519 et
2614 1468 2810 1536 gravis,
2837 1467 2882 1523 si
2913 1471 3197 1542 impudica:
3223 1491 3286 1531 ac
3305 1493 3494 1548 proca-

1907 1553 1986 1608 cis
2013 1553 2225 1608 ft-minar
2255 1557 2306 1609 in
2343 1555 2556 1625 publico
2588 1565 2676 1610 aut
2723 1561 3009 1631 colloquiis
3039 1575 3130 1619 aut
3158 1568 3495 1637 amplexibus

1903 1653 2204 1719 appetatur.
2233 1647 2334 1717 Qtti
2365 1651 2548 1717 utique
2579 1649 2683 1704 nisi
2709 1667 2768 1707 se
2797 1667 2824 1706 a
2854 1663 3101 1713 contactu
3133 1657 3247 1729 ejus
3271 1659 3496 1716 festinus

1908 1741 2256 1804 abstraxcrit,
2299 1751 2355 1796 et
2397 1743 2484 1797 vel
2533 1743 2901 1801 brevissimam
2942 1761 3147 1805 moram
3197 1753 3496 1809 inhonesta:

217 1857 375 1925 Quod
407 1857 550 1910 utilis
579 1858 647 1910 sit
675 1855 918 1924 perfectis
945 1853 1134 1908 oblivio
1161 1854 1384 1926 peccati,
1415 1861 1462 1908 et
1491 1853 1630 1924 quod
1651 1855 1804 1926 βασί-
1837 1837 1884 1898 Β
1911 1835 2364 1891 contabulationis
2393 1835 2708 1904 admiserit.
2735 1840 2944 1896 eliamsi
2969 1857 3290 1901 conscHSum
3323 1847 3500 1917 impu—

593 1930 780 1980 tiorutn
811 1927 1100 1980 recordatio
1125 1927 1192 1980 sit
1219 1926 1450 1980 uitanda.

286 2021 560 2076 Caeterum
597 2021 738 2090 quod
767 2021 928 2088 paulo
953 2029 1078 2074 ante
1114 2019 1333 2080 dixisti.
1363 2027 1416 2074 te
1443 2019 1605 2074 etiam
1635 2019 1702 2075 de
1733 2019 1812 2074 in-

216 2115 420 2170 dustria
459 2115 862 2184 prmtet'itorum
897 2123 1250 2184 peccatorum
1295 2113 1614 2170 memoriam
1645 2121 1818 2168 retra-

217 2219 370 2264 ctare
393 2249 408 2272 ,
445 2217 468 2242 ¹¹
507 2206 612 2260 hoc
642 2207 756 2260 fieri
799 2209 1018 2277 penitus
1050 2221 1156 2262 non
1201 2215 1449 2276 oportet,
1510 2205 1814 2276 quinimmo

218 2302 432 2358 etiamsi
483 2301 750 2358 violenter
801 2301 1112 2372 irrepserit,
1170 2303 1418 2372 protinus
1469 2301 1810 2356 estrudatur.

217 2395 442 2451 Multum
473 2410 706 2465 namque
755 2395 985 2450 retrahit
1025 2405 1258 2452 mentem
1287 2411 1318 2451 a
1353 2397 1814 2466 contemplatione

1911 1931 2106 1986 dendte
2135 1939 2356 2002 respuat
2383 1932 2703 2004 voluptatis,
2735 1933 2974 1991 infamia:
3017 1949 3194 1995 tamen
3225 1955 3286 1996 ac
3311 1957 3498 2012 repre-

1917 2023 2193 2080 hensionis
2243 2035 2420 2080 notam
2465 2037 2780 2084 cunctorum
2827 2033 3268 2099 praetereuntium
3293 2033 3502 2104 judicio

1915 2134 2022 2172 non
2053 2119 2262 2174 evadet.
2299 2119 2374 2174 lla
2402 2119 2568 2190 igitur
2587 2122 2750 2176 etiam
2783 2137 2881 2178 nos
2927 2135 3140 2194 oportet
3184 2141 3308 2182 cum
3339 2129 3500 2184 fueri-

1915 2227 2033 2268 mus
2059 2213 2108 2266 in
2144 2213 2452 2282 lmjusmodi
2471 2215 2822 2286 cogitationes
2844 2217 3100 2286 pestifera
3127 2221 3504 2280 recordatione

1914 2305 2154 2368 deducti,
2186 2307 2378 2374 raptim
2409 2305 2476 2360 ab
2502 2321 2686 2361 earum
2714 2309 3170 2380 contemplatione
3196 2312 3500 2381 discedere,

1915 2407 1968 2453 et
2013 2397 2244 2468 implere
2275 2399 2404 2454 illud
2432 2399 2572 2470 quod
2601 2415 2630 2456 a
2663 2399 2952 2460 Salomone
3007 2405 3314 2476 praecipitur
3348 2425 3361 2460 :
3389 2407 3497 2464 Sed

1289 2529 1546 2586 ALARDI
1587 2529 1824 2588 GAZIEI
1857 2531 2419 2592 COMMENTARIUS.

218 2649 491 2716 corrigere
521 2657 572 2702 et
599 2649 862 2716 castigare
895 2647 1418 2718 negliguntteisque
1450 2647 1685 2718 Segttiter
1719 2647 1801 2702 in-

220 2719 442 2786 dulgent
483 2729 574 2772 aut
615 2717 977 2774 dissimulant.
1015 2717 1086 2772 lt.t
1114 2717 1174 2771 D.
1206 2717 1494 2786 Gregorius
1536 2721 1585 2772 in
1617 2717 1805 2772 Pasto-

221 2791 315 2844 rali
343 2789 496 2862 (Cap.
529 2790 622 2862 26)
649 2808 662 2843 :
697 2789 758 2846 Si
785 2789 1106 2844 medicinalis
1131 2791 1260 2842 artis
1291 2790 1502 2842 minime
1528 2789 1698 2860 ignari
1725 2805 1804 2842 se-

220 2864 444 2914 cundum
475 2863 658 2914 vulnus
703 2871 986 2926 cernerent,
1015 2869 1064 2912 et
1095 2867 1264 2913 tamen
1295 2877 1468 2914 secare
1495 2871 1806 2922 recusarent,

223 2937 454 3002 profecto
487 2943 750 3002 peccatum
772 2933 1012 3000 fraterna:
1029 2931 1205 3002 mortis
1221 2947 1284 2986 ea:
1310 2932 1422 2984 solo
1447 2941 1650 2998 torpore
1669 2949 1810 2984 com-

221 3001 500 3058 mitterent.
526 3003 730 3068 Quanta
753 3020 874 3072 ergo
895 3003 1048 3072 culpa
1071 3001 1412 3064 involvantur,
1432 3003 1704 3070 aspiciant.
1723 3003 1811 3070 qui

221 3077 340 3128 dum
367 3085 681 3146 cognoscunt
713 3071 924 3146 vulnera
953 3071 1220 3146 mentium,
1251 3091 1432 3126 curare
1463 3071 1724 3143 negligant
1751 3089 1808 3127 ea

223 3145 448 3200 sectione
479 3149 762 3200 verborum.
785 3145 932 3200 Unde
955 3155 1000 3199 et
1019 3145 1142 3198 bene
1154 3161 1242 3212 per
1265 3146 1567 3216 prop/telam
1590 3145 1810 3216 dicitur:

225 3217 536 3271 Maledictus
565 3219 652 3280 qui
677 3217 910 3282 prohibet
937 3217 1168 3286 gladium
1193 3213 1342 3270 suum
1361 3233 1390 3268 a
1421 3215 1669 3284 sanguine
1699 3213 1811 3284 (Je-

223 3305 350 3342 rem.
383 3287 592 3360 XLVIII).
613 3287 862 3343 Gladium
877 3291 1072 3360 quippe
1089 3305 1127 3360 a7
1147 3289 1402 3358 sanguine
1423 3287 1713 3360 prohibere,
1740 3295 1814 3360 est

227 3358 614 3428 pra'dicationis
635 3361 840 3414 verbum
868 3358 900 3412 ἁ
930 3359 1156 3414 carnalis
1177 3360 1294 3414 uiue
1313 3358 1664 3428 interfectione
1685 3359 1812 3410 reti-

227 3449 364 3484 nere.
397 3429 476 3484 De
504 3449 604 3501 quo
636 3449 839 3502 rursum
865 3429 1040 3502 gladio
1067 3431 1295 3502 dicitur;
1333 3427 1392 3502 Et
1431 3427 1636 3502 gladius
1673 3445 1812 3502 meus

1909 2650 1962 2704 in
1987 2649 2074 2726 his
2101 2649 2482 2726 collationibus
2525 2651 2878 2726 dlsserentes,
2927 2656 3168 2722 pluribus
3193 2657 3246 2714 In
3279 2659 3432 2726 locis,
3462 2677 3492 2717 e

1909 2722 2104 2798 quibus
2135 2722 2274 2798 haec.
2294 2724 2848 2798 prgcipuelnotanda.
2879 2727 3056 2784 Abbas
3087 2729 3346 2798 Serapion
3379 2722 3492 2796 col,-

1911 2789 2064 2872 lat.‘5
2089 2789 2318 2872 capud}
2357 2789 2799 2872 PuritatiLinquit
2821 2839 2835 2862 ,
2872 2799 3191 2872 studentibus
3215 2789 3500 2872 plurimum

1909 2863 2115 2944 confert
2133 2871 2188 2944 ut
2210 2865 2394 2944 Irarum
2422 2863 2716 2944 carnalium
2749 2869 3044 2944 passionum
3089 2863 3334 2926 materias
3366 2874 3501 2944 ipsos

1907 2935 2002 2992 sibi
2037 2935 2275 3010 primitus
2311 2936 2663 3010 subtrahunt,
2689 2939 2872 3008 quibus
2895 2947 3062 3010 potest
3093 2945 3170 2994 uel
3197 2935 3398 2998 occasio
3425 2945 3502 2998 vel

1911 3007 2200 3082 recordatio
2207 3007 2505 3082 earumdem
2527 3007 2822 3082 passionum
2842 3007 3114 3082 aegrotanti
3127 3013 3302 3066 adhuc
3318 3017 3504 3068 animo!

1909 3079 2164 3152 generari.
2199 3075 2420 3152 Necesse
2466 3089 2548 3152 es_t_
2584 3081 2718 3132 enim
2749 3089 2804 3132 ut
2851 3075 3027 3135 niorbo
3066 3083 3264 3152 duplici
3311 3085 3506 3150 duplex

1910 3149 2212 3224 adhibeatur
2241 3149 2460 3202 curatio.
2499 3148 2636 3203 Nam
2659 3152 2882 3218 corpori,
2913 3169 2976 3204 ne
3001 3148 3418 3224 concupiscentia
3445 3157 3500 3210 in

1913 3217 2149 3296 eljectum
2173 3229 2332 3296 tentet
2349 3237 2702 3292 prorumpere.
2733 3217 3020 3296 necessario
3043 3217 3230 3296 e/ﬁgies
3268 3235 3316 3280 et
3345 3238 3504 3282 mnte-

1915 3289 1994 3365 ria
2023 3289 2368 3365 sulttraltenda
2397 3301 2512 3365 est;
2545 3289 2606 3365 et
2655 3294 2844 3346 animae
2881 3289 3249 3365 nihiloriiibus,
3283 3315 3348 3352 ne
3395 3316 3507 3352 eam

1915 3361 1991 3414 uel
2021 3363 2646 3438 cogitationeconcipiat.
2681 3366 2922 3438 attentior
2951 3367 3218 3438 meditatio
3237 3361 3245 3365 ’
3267 3367 3508 3438 Scriptu-

1915 3449 2117 3496 rarum,
2158 3441 2204 3485 et
2231 3433 2525 3502 sollicitudo
2565 3434 2801 3502 peruigil,
2853 3451 2914 3486 ac
2957 3437 3166 3490 remotio
3209 3433 3506 3498 solitudinis

227 3499 558 3554 manducub'it
585 3513 762 3554 carnes
788 3499 1028 3572 (Denter.
1047 3501 1236 3572 nm).
1264 3501 1332 3572 Et
1357 3499 1542 3554 Petrus
1571 3499 1810 3552 Damiani
1841 3511 1886 3572 ρ
1919 3503 2112 3572 utiliter
2135 3501 2461 3570 opponenda.
2499 3499 2629 3555 ltcnt
2677 3499 2840 3558 abbas
2867 3503 3102 3559 Joannes
3143 3507 3323 3561 collat..
3359 3511 3426 3564 fil
3451 3525 3502 3566 c.

229 3573 370 3644 (Lib.
403 3589 460 3628 tv
499 3575 648 3644 epist.
682 3575 746 3642 5)
789 3591 802 3628 :
837 3571 956 3638 Ille,
987 3571 1201 3644 inquit,
1219 3571 1454 3642 gladium
1481 3572 1756 3644 compescit
1785 3587 1816 3622 a

223 3642 642 3714 sanguine,‘qui
701 3653 912 3714 peccata
972 3643 1376 3714 delinquentium
1441 3643 1656 3712 negligit
1707 3642 1816 3693 vin-

222 3717 422 3769 dicare.

293 3797 316 3823 ⁸
351 3787 557 3856 Nempe
595 3787 1010 3856 prmteritornm,
1039 3795 1094 3856 ut
1133 3793 1258 3838 ante
1286 3783 1438 3846 dixit,
1471 3789 1814 3856 peccatorum

225 3855 546 3912 memoriam
595 3855 910 3911 retractare.
941 3855 1090 3922 Quod
1133 3857 1198 3908 de
1229 3857 1459 3922 peccatis
1508 3855 1816 3908 carnalibus

223 3937 280 3982 et
303 3929 554 3982 venereis
577 3927 978 3996 intelligendum
1013 3937 1114 3994 est,
1133 3935 1189 3980 ttt
1217 3927 1416 3980 indicat
1445 3927 1602 3979 etiam
1631 3925 1818 3978 titulus

223 3995 388 4068 hujus
420 4015 564 4066 cap.,
598 4003 684 4068 qui
713 3995 888 4050 tamen
918 3999 1055 4068 apud
1086 4009 1332 4052 auctores
1351 3997 1592 4068 nonnihil
1620 3997 1814 4068 variat;

227 4067 350 4124 nam
387 4067 676 4134 Dionysius
714 4077 766 4124 et
792 4067 1076 4124 Ciacobins
1104 4070 1300 4122 habent
1333 4085 1344 4120 :
1398 4067 1546 4134 Quod
1575 4067 1714 4120 utilis
1754 4068 1818 4119 sit

227 4085 350 4124 nam
387 4085 522 4123 mon
566 4085 676 4124 snts
714 4085 766 4124 et
792 4085 1076 4124 btaconms
1104 4085 1300 4122 nabent
1333 4085 1344 4120 :
1398 4085 1544 4134 uuoa
1575 4085 1714 4120 unus
1754 4085 1818 4119 su

227 4141 466 4214 perfectis
487 4085 676 4214 Δοἷῑίιιὶο
705 4141 922 4214 peccati,
954 4151 1002 4193 et
1023 4141 1162 4208 quod
1183 4139 1499 4214 ﬂagitiorum
1534 4139 1819 4214 recordatio

227 4207 292 4264 in
315 4207 550 4265 uitanda.
579 4207 848 4276 Curti-hius
873 4207 1334 4276 vero,isccnndt_ttn
1362 4211 1648 4262 editionem
1669 4207 1820 4260 Plan-

229 4285 492 4336 tinianam
543 4293 596 4336 et
647 4281 1004 4336 Basilcensem
1041 4299 1054 4338 :
1089 4281 1241 4346 Quod
1280 4281 1420 4332 utilis
1465 4281 1528 4332 sit
1560 4281 1822 4347 profectus

231 4355 336 4406 οὺιὶ
370 4356 424 4406 io
440 4355 652 4418 peccati,
669 4367 712 4406 et
727 4355 862 4420 quod
875 4353 1194 4420 ﬂagitiorum
1213 4351 1498 4405 recordatio
1510 4353 1572 4402 sit
1591 4350 1818 4412 t-itauda,

233 4425 324 4478 ubi
350 4440 482 4478 sane
508 4425 768 4495 profectus
798 4421 1094 4495 redundare
1123 4423 1355 4486 videtur,
1379 4437 1498 4495 cum
1527 4421 1738 4495 absque
1757 4435 1820 4495 e_o

230 4495 451 4564 planior
477 4489 532 4550 et
563 4489 718 4564 plena
746 4497 814 4546 sit
855 4494 1114 4548 sententia
1147 4510 1159 4545 :
1197 4495 1346 4564 Quod
1375 4493 1514 4564 utilis
1539 4493 1605 4542 sit
1637 4489 1822 4564 oblivio

231 4561 452 4636 peccati,
485 4561 616 4629 etc},
647 4565 1024 4636 quasidiceret
1057 4563 1695 4636 nou‘cujusviipeccati,
1729 4561 1822 4614 sed

233 4633 584 4706 llagitiomm,
613 4633 872 4690 utStatitn
899 4637 1139 4704 exponit.
1168 4633 1388 4702 Flagitia
1413 4633 1673 4706 siquidem
1703 4647 1826 4700 pro-

235 4723 352 4776 prie
383 4709 659 4774 dicuntur,
686 4723 788 4760 non
815 4707 1071 4774 qnmlibct
1099 4706 1246 4768 vitia,
1285 4707 1372 4758 sed
1410 4705 1674 4776 przecipue
1697 4718 1824 4776 pec-

233 4773 356 4832 cata
389 4777 570 4832 carnis
592 4773 683 4831 aut
711 4773 955 4838 luxuriae,
986 4780 1104 4846 quia
1141 4779 1316 4842 tttrpia
1341 4818 1354 4838 ,
1385 4775 1620 4838 servilia,
1654 4783 1708 4826 et
1730 4773 1828 4846 fla-

233 4849 348 4916 gris
375 4849 558 4918 digna.
585 4849 736 4904 Unde
753 4849 938 4901 Cicero
960 4845 1013 4901 in
1033 4847 1233 4918 Catone
1261 4849 1585 4918 Stupra,ait,
1603 4855 1648 4918 et
1676 4845 1830 4918 adul-

233 4915 391 4986 teria,
411 4915 461 4974 ei
488 4937 634 4990 omne
661 4919 762 4972 tale
781 4921 1056 4990 ﬂagitium.
1089 4915 1659 4990 nullisgliisillecebris
1686 4915 1826 4990 exci-

233 4993 364 5054 tari,
407 4993 510 5044 nisi
542 4987 937 5060 voluptatis—Et
983 4993 1034 5042 in
1083 5003 1118 5042 ll
1145 4989 1212 5042 de
1259 4987 1502 5051 Finibus,
1538 4987 1826 5060 flagitiosas

233 5073 404 5116 vocat
433 5061 700 5116 libidines.
735 5061 1048 5128 Huiusmodi
1099 5073 1256 5128 porro
1287 5067 1525 5128 peceata,
1559 5073 1662 5112 non
1697 5059 1831 5112 resi-

231 5131 454 5192 stendo.
489 5141 544 5186 ιιι
588 5133 690 5186 alia
739 5133 892 5195 vitia,
920 5131 1014 5186 sed
1049 5129 1452 5200 lttgicndupboc
1500 5137 1602 5200 est,
1637 5143 1824 5200 eorum

231 5205 678 5260 recordationem
707 5213 762 5258 et
801 5199 1180 5272 cogitationem
1223 5199 1436 5272 penitus
1468 5199 1825 5272 excludendo

233 5275 558 5340 vincuntur,
589 5285 644 5329 ut
674 5275 806 5327 alias
833 5269 976 5342 saepe
1009 5271 1207 5326 dictum
1237 5280 1316 5342 est
1347 5269 1576 5340 (Collat.
1613 5269 1678 5342 iii
1709 5285 1822 5342 cap.

233 5345 364 5416 16).
392 5355 444 5399 et
474 5353 618 5412 patet
648 5359 716 5400 ex
761 5353 874 5398 toto
912 5341 1358 5416 eontextttltujus
1387 5342 1598 5416 capitis.
1633 5341 1826 5410 Hujus-

235 5413 390 5470 ιηόαί
421 5429 552 5485 ergo
579 5417 967 5484 praeteritorum
1009 5429 1104 5468 seu
1131 5413 1219 5468 diu
1249 5414 1656 5485 commissorum
1699 5425 1825 5480 puc-

231 5483 507 5540 catorttm'
521 5483 828 5541 memoriam
863 5495 1154 5540 retractare
1179 5499 1244 5540 ac
1287 5483 1566 5538 revolvere
1596 5499 1700 5536 non
1728 5499 1828 5536 cx-

235 5557 424 5626 pedit;
453 5555 576 5625 quia
607 5571 712 5626 quo
739 5557 908 5626 magis
953 5557 1256 5626 cogitantur
1293 5561 1347 5609 et
1393 5555 1742 5626 revolvuntur
1775 5555 1828 5610 in

233 5625 680 5700 particulariiaeo
707 5625 964 5696 majorem
1002 5625 1244 5700 aderunt
1273 5625 1476 5680 vitioste
1511 5625 1742 5678 libidinis
1775 5631 1830 5700 et

237 5695 890 5766 voluptatisillecebram,
923 5709 974 5750 et
1001 5697 1361 5760 incentivum,
1387 5705 1478 5750 aut
1504 5705 1650 5750 certe
1683 5695 1826 5765 peri—

235 5771 452 5834 culum,
481 5779 536 5821 nt
558 5769 716 5822 docet
743 5769 800 5824 S.
836 5767 1068 5822 Thomas
1097 5783 1264 5836 nuper
1291 5767 1342 5820 in
1369 5769 1469 5822 hoc
1509 5777 1828 5836 argumento

233 5851 470 5912 citatus.
499 5841 672 5908 Quam
691 5840 996 5896 doctrinam
1019 5841 1338 5894 contlrtnant
1360 5840 1520 5894 etiam
1539 5841 1624 5892 alti
1643 5839 1830 5894 Patres

1855 4885 1908 4945 Β

1925 3575 1988 3626 lli
2011 3569 2232 3648 :Con_tra
2265 3573 2618 3648 fornicationis
2643 3575 2878 3648 spiritum
2905 3575 3104 3629 diversa
3131 3579 3264 3648 ratio
3293 3579 3506 3648 (supple

1919 3645 2184 3712 certandi)
2205 3651 2252 3714 et
2274 3643 2452 3714 dispar
2475 3654 2548 3696 est
2570 3643 2745 3697 causa.
2777 3644 2918 3698 Nam
2938 3643 3366 3714 quemadmodum
3385 3643 3508 3703 cor-

1922 3715 2034 3782 pori
2069 3731 2188 3768 usus
2221 3713 2454 3768 libidinis
2484 3716 2750 3781 carnisque
2775 3713 3028 3780 vicinitas,
3059 3718 3134 3770 ita
3172 3721 3324 3772 etiam
3350 3723 3508 3774 menti

1921 3787 2168 3861 memoria
2197 3787 2306 3856 ejus
2331 3793 2402 3837 est
2417 3785 3014 3861 penitusAmIura/renda.
3046 3787 3187 3843 Satis
3208 3791 3342 3861 enim
3381 3809 3504 3861 per-

1921 3857 2170 3932 niciosum
2207 3853 2280 3912 est
2306 3897 2320 3918 ,
2357 3853 2773 3932 adhuc-inﬁrmis
2815 3859 3065 3932 trgi-isque
3107 3853 3394 3932 pectoribui
3431 3861 3509 3918 vel

1921 3929 2276 4002 tenuissimam
2285 3927 2698 4002 recordationem
2739 3929 2896 4000 hujus
2923 3927 3176 4002 passionis
3196 3931 3507 4002 admittere,

1921 4005 2024 4072 etc.
2063 3997 2200 4072 llaec
2243 3997 2344 4062 illi,
2375 3999 2596 4072 quibus
2621 4013 2724 4072 non
2766 3995 3038 4072 repugnat
3065 4001 3206 4072 quod
3254 3995 3510 4070 Superius

1921 4067 2100 4145 docuit
2139 4069 2364 4145 Auctor,
2396 4067 2510 4122 Sive
2551 4069 2715 4145 abbas
2765 4067 3248 4145 Pinulins_(Collat.
3283 4067 3352 4126 20
3383 4089 3506 4145 cap.

1924 4139 2017 4208 7),
2049 4139 2418 4207 paenitentiam
2450 4139 2733 4210 agetttibns
2763 4157 2868 4194 non
2909 4139 3069 4194 modo
3102 4143 3306 4206 utilem,
3337 4139 3512 4200 sedet

1921 4211 2288 4264 necessarium
2313 4225 2432 4263 esse
2457 4219 2798 4278 peccatorum
2829 4212 3279 4278 rectlrdationem,
3304 4225 3356 4268 ttl
3380 4229 3504 4270 eum

1917 4279 2028 4348 jugi
2081 4283 2312 4348 pectoris
2358 4281 2442 4335 sui
2488 4283 2804 4334 contusione
2833 4283 3168 4350 proclamant
3201 4303 3212 4338 :
3247 4283 3504 4352 Quoniam

1921 4353 2240 4418 iniquitatem
2288 4369 2447 4404 meam
2490 4367 2580 4419 ego
2627 4367 2904 4422 (agnosco,
2937 4363 2984 4406 et
3035 4365 3294 4422 peccatum
3344 4372 3512 4410 meum

1924 4433 2103 4474 contra
2143 4441 2220 4475 nte
2263 4431 2334 4494 est
2372 4437 2566 4492 semper
2593 4421 2762 4486 (Paul.
2795 4427 2874 4488 ι),
2918 4424 3002 4478 ubi
3038 4421 3188 4494 plura
3232 4426 3330 4480 hac
3353 4426 3420 4480 de
3445 4441 3510 4484 re

1925 4495 2250 4566 notavimus.
2281 4491 2451 4566 Utilis
2480 4491 2622 4566 enim
2654 4503 2734 4546 est
2785 4491 3126 4562 peccatorum
3179 4497 3508 4566 recordatio,

1895 4569 1983 4616 'ut
2014 4565 2132 4631 quis
2161 4563 2390 4616 admissa
2425 4563 2618 4616 deﬂeat
2655 4574 2706 4614 et
2764 4567 2980 4630 puniat;
3009 4582 3112 4620 non
3141 4567 3214 4621 ita
3245 4577 3420 4622 tamen
3455 4563 3514 4622 ut

1929 4635 1980 4688 in
2021 4649 2206 4708 eorum
2237 4635 2569 4708 assidnaaut
2600 4633 2804 4708 diutina
2832 4637 3172 4708 cogitatione,
3199 4652 3292 4692 seu
3325 4637 3514 4708 imagi-

1931 4705 2173 4778 natione,
2199 4719 2292 4778 s_en
2321 4704 2674 4778 revolutione,
2707 4705 3041 4778 itnmoretur.
3069 4707 3218 4775 Quod
3245 4704 3513 4778 prmeipbe

1929 4776 2101 4829 locum
2139 4775 2300 4828 habet
2349 4776 2399 4828 in
2445 4777 2676 4842 peccatis
2704 4775 3038 4842 carnalibus,
3073 4787 3131 4832 ut
3175 4775 3374 4832 dictum
3404 4775 3511 4844 est,

1935 4847 2091 4912 ἱό-ιιιρ
2124 4855 2245 4918 tam
2263 4845 2436 4915 quoad
2465 4847 2609 4900 viros
2639 4845 2922 4918 perfectos,
2946 4849 3038 4916 qui
3065 4849 3218 4918 longa
3245 4850 3514 4916 pmniten-

1935 4919 2002 4971 tia
2037 4917 2324 4986 praeterita:
2339 4918 2458 4970 vita:
2487 4919 2723 4988 maculas
2743 4917 3312 4988 absterserunt,quam
3335 4921 3514 4988 quoad

1934 4987 2281 5056 imperfectos
2313 4999 2364 5040 et
2395 4987 2719 5053 imbecilles,
2749 4989 2842 5042 sed
2874 4989 3086 5044 diversa
3111 4987 3510 5046 ratione.’Nam

1933 5057 2261 5124 imperfectis
2276 5059 2488 5131 quidem
2515 5059 2670 5131 noxia
2691 5069 2772 5112 est
2787 5059 3372 5131 recordatioejnsmodi
3389 5077 3516 5131 pec-

1933 5139 2204 5194 catorum,
2245 5137 2300 5182 nt
2323 5145 2390 5184 ex
2429 5129 2586 5182 dictis
2612 5139 2788 5198 patet,
2819 5129 2890 5183 ob
2937 5129 3274 5199 fragilitatem
3307 5129 3516 5188 natura:

1933 5213 2204 5269 corrupta:
2231 5209 2286 5254 et
2317 5199 2606 5269 periculum
2633 5201 2836 5254 vitiosae
2865 5201 3262 5256 oblectationis.
3295 5203 3371 5258 De
3401 5203 3518 5257 tali-

1934 5271 2032 5326 bus
2052 5272 2193 5324 enim
2216 5271 2554 5338 potissimum
2579 5269 2812 5338 loquitur
2823 5271 3099 5340 apostolus
3115 5269 3367 5338 Jacobus,
3387 5287 3512 5329 cum

1932 5343 2006 5394 ait
2037 5359 2049 5394 :
2084 5341 2445 5414 Unusquisque
2493 5349 2724 5414 tentatur
2753 5359 2801 5414 αῖ
2821 5343 3242 5414 concupiscentia
3271 5361 3366 5400 sua
3399 5343 3518 5398 abs-

1935 5419 2156 5494 tractus”
2177 5421 2224 5466 et
2245 5409 2455 5494 illectus
2497 5409 2650 5480 (Jac.
2679 5409 2754 5494 ι).
2786 5409 3046 5468 Pet-lectis
3074 5424 3351 5494 verp,_aut
3391 5429 3516 5494 pro-

1934 5483 2262 5556 ficientibus,
2287 5499 2408 5556 cum
2434 5484 2532 5556 hac
2549 5483 2830 5556 occasione
2855 5501 2884 5556 ξι
2911 5485 3378 5556 contemplationis
3399 5483 3517 5539 dul-

1935 5554 2149 5626 cedine,
2183 5555 2448 5609 orationis
2477 5555 2688 5626 fervore
2719 5563 2773 5607 et
2800 5554 2994 5608 fiducia
3025 5554 3253 5626 aliisque
3280 5555 3516 5612 sanctio-

1937 5625 2088 5680 ribtts
2113 5627 2388 5680 exercitiis
2435 5623 2852 5696 abstrahamur;
2902 5625 3043 5696 quod
3091 5623 3358 5695 praecipue
3393 5639 3517 5696 spe-

1937 5703 2110 5766 ctasse
2154 5695 2364 5766 videtur
2406 5695 2573 5748 abbas
2621 5693 2810 5766 inhoc
2851 5693 3046 5766 rapite,
3076 5693 3132 5752 et
3171 5693 3282 5766 prtia
3323 5711 3384 5752 se
3410 5693 3522 5753 fert

1935 5765 2102 5823 titulis
2131 5767 2224 5822 ille
2248 5781 2278 5820 a
2303 5765 2558 5830 Dionysio
2579 5777 2628 5818 et
2661 5765 2780 5818 aliis
2801 5765 3073 5834 prtetisus.
