4072 6324
477 271 506 328 !
517 267 617 326 ιστ

472 478 588 532 loco
609 477 745 548 ejus,
773 487 936 544 neque
963 469 1199 526 intendas
1225 466 1374 521 oculo
1405 475 1493 518 tuo
1513 465 1568 519 in
1597 481 1708 519 eam
1733 463 1752 534 (
1780 461 1936 518 Prov.
1963 463 2060 532 v);

477 584 550 625 ne
577 569 818 624 videntes
851 578 950 619 nos
971 561 1150 633 angeli
1190 556 1482 614 immundis
1509 572 1571 611 ac
1593 555 1839 628 turpibus
1863 555 2066 626 cogita-

473 659 718 715 tionibus
748 654 1038 720 involutos,
1071 667 1178 707 non
1225 649 1430 720 possint
1459 647 1528 704 de
1556 647 1711 704 nobis
1739 653 2066 716 praetereun-

477 762 562 808 tes
585 751 768 806 dicere
791 765 806 805 :
836 745 1133 802 Benedictio
1156 743 1366 798 Domini
1392 758 1546 814 super
1573 757 1686 808 vos,
1717 739 2068 796 benediximus

476 843 619 897 vobis
648 842 701 895 in
745 840 950 895 nomine
987 835 1199 892 Domini
1241 833 1426 907 (Psal.
1456 831 1704 901 cxxvm).
1733 829 2070 902 [inpossibile

475 946 714 1002 namque
742 939 826 986 est
865 937 1100 985 mentem
1131 928 1288 982 bonis
1321 925 1741 996 cogitationibus
1771 922 2068 990 immorari,

478 1038 606 1079 cum
630 1021 658 1061 δ
687 1021 986 1093 principale
1015 1019 1194 1076 cordis
1221 1019 1288 1074 ad
1321 1027 1504 1088 turpes
1534 1027 1697 1088 atque
1726 1025 1971 1071 terrenos
1990 1014 2073 1070 in-

480 1119 648 1170 tuitus
675 1113 840 1168 fuerit
859 1112 1192 1168 devolutum.
1223 1109 1363 1166 Vera
1382 1117 1466 1164 est
1487 1109 1630 1163 enim
1653 1107 1744 1161 illa
1768 1104 2072 1162 Salomonis

478 1207 751 1263 sententia
778 1225 790 1259 :
830 1217 851 1245 ο
889 1205 1044 1262 Oculi
1072 1205 1145 1259 tui
1175 1219 1290 1258 cum
1320 1202 1540 1256 viderint
1571 1199 1817 1268 alienam,
1850 1215 1906 1253 os
1927 1206 2073 1251 tuum

481 1308 608 1354 tunc
643 1300 879 1370 loquetur
931 1313 1119 1369 prava,
1169 1304 1217 1349 et
1259 1293 1459 1366 jacebis
1504 1303 1763 1360 tamquam
1817 1291 1873 1344 in
1921 1289 2075 1343 corde

481 1404 670 1473 maris,
705 1411 752 1457 et
781 1403 915 1456 sicut
935 1400 1246 1471 gubernator
1279 1399 1333 1452 in
1363 1413 1554 1468 magna
1583 1401 1910 1466 tempestate;
1934 1391 2077 1446 dices

477 1515 659 1566 autem
690 1520 709 1559 :
737 1502 1014 1559 Perierunt
1051 1516 1166 1566 me,
1195 1499 1284 1556 sed
1314 1514 1421 1553 non
1463 1496 1646 1563 dolui;
1693 1505 1738 1550 et
1778 1494 2080 1549 deluserunt

474 1624 585 1672 .me,
616 1624 708 1678 ego
731 1617 906 1662 autem
933 1605 1123 1661 nescivi
1151 1602 1338 1674 (Prov.
1370 1599 1546 1672 nm).
1579 1598 1864 1656 Derelictis
1890 1605 2074 1652 autem

483 1727 593 1768 non
611 1712 787 1768 solum
815 1710 1082 1781 turpibus,
1095 1707 1192 1764 sed
1212 1707 1376 1764 etiam
1404 1705 1636 1763 terrenis
1656 1702 2077 1776 cogitationibus

483 1815 772 1878 universis,
799 1812 1056 1884 erigenda
1103 1820 1186 1868 est
1234 1826 1452 1882 semper
1497 1809 1566 1866 ad
1595 1808 1838 1866 caelestia
1869 1815 2072 1862 nostra:

483 1919 685 1973 mentis
709 1915 959 1980 intentio,
991 1912 1285 1969 secundum
1325 1911 1622 1968 Salvatoris
1651 1912 1823 1966 nostri
1854 1915 2078 1964 senten-

484 2016 634 2072 tiam.
671 2014 770 2071 Ubi
789 2017 922 2071 enim
939 2029 1033 2085 ego
1063 2028 1198 2081 sum,
1226 2013 1420 2084 inquit,
1455 2012 1566 2067 illic
1592 2019 1642 2067 et
1677 2010 1912 2066 minister
1932 2024 2076 2063 meus

485 2119 586 2174 erit
617 2116 816 2191 (Joan.
863 2115 996 2184 xu).
1023 2113 1175 2171 Solet
1220 2114 1364 2170 enim
1412 2113 1722 2184 frequenter
1747 2111 1993 2168 accidere
2018 2116 2080 2165 ut

485 2219 614 2276 dum
643 2217 730 2275 vel
759 2231 887 2274 suos
915 2216 1000 2272 vel
1038 2216 1268 2271 aliorum
1314 2215 1502 2286 lapsus
1529 2214 1904 2284 imperitorum
1931 2213 2082 2284 quis-

485 2323 631 2392 piam
661 2317 975 2377 miserantis
1009 2323 1265 2374 retractat
1294 2315 1520 2385 aﬂ‘ectu,
1555 2316 1670 2387 ipse
1714 2316 1878 2372 etiam
1911 2315 2079 2371 subti-

484 2421 684 2483 lissimi
707 2421 800 2478 teli
820 2419 1127 2491 voluptario
1164 2419 1563 2490 perstringatur
1599 2432 1853 2483 assensu;
1885 2426 1940 2473 et
1969 2417 2078 2472 ini-

487 2524 622 2579 tium
647 2522 752 2585 sub
779 2521 962 2590 specie
991 2521 1205 2592 pietatis
1234 2529 1505 2587 exortum,
1537 2520 1773 2576 obsceno
1800 2532 1865 2574 ac
1915 2518 2080 2574 noxio

485 2627 595 2682 line
621 2623 916 2682 concludit.
949 2619 979 2660 δ
1012 2622 1148 2678 Sunt
1177 2622 1321 2678 enim
1349 2624 1446 2677 vita
1467 2636 1582 2691 qua
1605 2620 1841 2675 videntur
1859 2619 2084 2674 homini-

486 2728 581 2783 bus
595 2737 769 2795 recte,
782 2726 1058 2782 novissima
1079 2735 1252 2780 autent
1272 2740 1451 2779 earum
1471 2724 1670 2778 venient
1691 2723 1744 2777 in
1764 2722 2084 2795 profundum

489 2829 686 2899 inferni
701 2827 1031 2902 (Prov.xvt).
1053 2827 1394 2897 Quapropter
1413 2825 1740 2883 studendum
1752 2835 1835 2882 est
1857 2816 2085 2881 nobis-ut

486 2930 746 2986 virtutum
779 2929 959 3002 potius
978 2929 1220 3000 appetitu
1239 2937 1294 2983 et
1314 2927 1590 2984 desiderio
1617 2927 1770 2998 regni
1793 2927 2080 2996 ccelorum,

489 3049 651 3104 quam
681 3033 859 3089 noxiis
887 3031 1144 3087 vitiorum
1194 3029 1687 3099 recordationibus,
1721 3030 2084 3099 nosmetipsos

489 3135 556 3190 ad
584 3135 1054 3204 compunctionem
1085 3134 1408 3191 laudabilem
1433 3147 1810 3204 provocemus,
1835 3131 1960 3200 quia
1983 3146 2080 3187 ne-
2105 3135 2154 3200 C

485 3252 643 3295 cesse
667 3245 749 3294 est
788 3235 991 3293 tamdiu
1027 3237 1334 3309 quempiam
1367 3233 1830 3306 pestilentissimis
1872 3232 2075 3290 cloacae

487 3340 752 3398 fetoribus
795 3339 1111 3412 praefocari,
1156 3337 1412 3411 quamdiu
1457 3351 1622 3409 supra
1671 3351 1793 3394 eam
1818 3348 1963 3394 stare
1990 3337 2077 3394 vel

488 3460 700 3502 caenum
732 3445 850 3516 ejus
888 3443 1117 3503 voluerit
1146 3457 1493 3501 commovere

1539 250 1826 311 JOANNIS
1861 247 2175 307 CASSIANI
2213 243 2716 307 COLLATIONES.

471 395 501 425 ι
521 385 647 441 exili
675 380 865 458 [Lips.
895 380 951 434 in
973 375 1139 448 marg;
1166 372 1256 430 exi
1275 370 1320 445 ],
1353 371 1558 442 inquit,
1584 369 1692 425 noli
1731 369 1990 424 demorari
2014 368 2069 423 in
2093 373 2153 434 Α

3623 251 3760 313 “68

2801 366 3028 424 CAPUT
3065 362 3134 423 Χ.

2165 457 2247 516 De
2292 461 2660 532 satisfactionis
2723 459 2952 543 indicio,
2979 468 3028 513 et
3083 459 3332 516 oblivione
3386 462 3767 532 prmeriton

2806 546 3099 587 criminum.

2243 631 2267 660 °
2299 621 2620 679 Noverimus
2648 633 2825 676 autem
2858 635 2989 687 nos,
3032 629 3091 676 ut
3135 636 3282 692 saepe
3324 621 3593 688 diximus,
3634 632 3766 678 tunc

2167 714 2384 771 demum
2410 729 2507 785 pro
2536 713 2824 785 prmteritis
2853 711 3180 769 satisfecisse
3208 715 3471 784 peccatis,
3509 728 3630 769 cum
3664 714 3768 784 ipsi

2171 817 2352 863 motus
2380 814 2543 876 atque
2572 805 2794 862 aﬂectus
2824 821 2920 876 per
2948 821 3093 876 quos
3137 806 3448 876 paenitenda
3493 806 3770 861 commisi-

2172 914 2292 956 mus
2319 899 2521 956 l'uerint
2546 899 2615 956 de
2642 899 2844 954 nostris
2881 897 3132 954 cordibus
3170 899 3456 969 amputati.
3500 898 3653 967 Quod
3691 908 3774 953 ta-

2172 1007 2295 1047 men
2324 991 2502 1047 nullus
2531 991 2776 1046 obtinere
2797 1004 2956 1061 posse
2984 1004 3044 1046 se
3069 989 3290 1055 credat,
3337 992 3429 1061 qui
3471 1005 3579 1046 non
3622 991 3770 1060 prius

2175 1081 2319 1153 ipsas
2355 1095 2545 1138 causas
2570 1090 2731 1152 atque
2759 1081 3013 1137 materias
3043 1095 3142 1151 pro
3165 1081 3358 1152 quibus
3388 1082 3440 1136 in
3471 1081 3562 1136 illa
3598 1081 3771 1136 colla-

2174 1191 2305 1248 psus
2331 1186 2412 1232 est
2434 1175 2661 1233 crimina
2683 1174 2831 1231 omni
2852 1174 3076 1245 spiritus
3103 1174 3315 1231 fervore
3333 1174 3662 1241 succiderit;
3691 1182 3772 1240 ut,

2175 1268 2330 1324 verbi
2356 1268 2555 1340 gratia,
2586 1269 2631 1323 si
2662 1268 2716 1323 in
2748 1266 3160 1324 fornicationem
3187 1266 3271 1323 vel
3298 1267 3624 1322 adulterium
3652 1282 3777 1336 per-

2179 1364 2381 1419 niciosa
2411 1363 2728 1418 feminarum
2751 1360 3117 1416 familiaritate
3141 1360 3413 1430 collapsus
3437 1367 3538 1424 est,
3566 1373 3775 1414 summa

2180 1455 2523 1513 festinatione
2547 1456 2713 1512 etiam
2750 1455 2924 1526 ipsum
2970 1469 3155 1510 earum
3199 1453 3403 1510 devitet
3447 1463 3776 1524 aspectum;

2183 1558 2277 1606 aut
2317 1559 2484 1618 certe,
2533 1549 2578 1605 si
2604 1562 2700 1620 per
2725 1547 3110 1605 abundantiam
3135 1545 3245 1602 vini
3275 1547 3667 1616 epularumque
3693 1553 3777 1600 est

2183 1643 2462 1698 nimietate
2511 1655 2840 1706 succensus,
2897 1638 3145 1695 illicitam
3198 1637 3442 1694 ciborum
3491 1636 3776 1708 crapulam

2183 1748 2391 1790 summa
2435 1733 2770 1790 districtione
2815 1732 3062 1803 castiget.
3109 1729 3176 1785 Et
3215 1745 3452 1796 rursum,
3483 1728 3529 1784 si
3560 1728 3615 1784 in
3649 1743 3775 1797 per-

2177 1827 2398 1898 jurium,
2429 1833 2524 1880 aut
2548 1824 2782 1890 furtum,
2819 1833 2913 1878 aut
2958 1821 3303 1878 homicidium
3329 1863 3346 1889 ,
3391 1829 3487 1877 aut
3525 1820 3778 1890 blasphe-

2181 1920 2366 1985 miam,
2398 1917 2745 1989 pecuniarum
2769 1914 3046 1971 desiderio
3074 1923 3235 1985 atque
3269 1927 3455 1969 amore
3485 1921 3778 1980 corruptus

2180 2011 2430 2077 incurrit,
2460 2010 2742 2065 materiam
2765 2006 3007 2063 avaritiae
3033 2007 3345 2063 illectricem
3369 2021 3482 2062 suae
3507 2004 3782 2074 deceptio-

2180 2103 2264 2159 nis
2294 2101 2590 2159 abscindat.
2623 2099 2682 2155 Si
2711 2101 2764 2155 in
2794 2098 3086 2154 iracundia:
3113 2098 3301 2154 vitium
3345 2097 3612 2169 superbire
3651 2110 3783 2166 pas-

2180 2195 2337 2253 sione
2362 2193 2699 2266 propellitur,
2729 2192 3050 2262 arrogantia:
3079 2189 3245 2261 ipsius
3274 2189 3514 2246 fomitem
3557 2203 3774 2243 summa

2179 2285 2500 2342 humilitatis
2529 2285 2726 2339 virtute
2755 2283 3040 2339 convellat.
3070 2281 3140 2338 Et
3164 2283 3235 2338 ita
3268 2291 3325 2337 ut
3358 2281 3783 2353 unumquodque

2181 2387 2464 2449 peccatum
2491 2376 2662 2448 possit
2685 2375 2975 2446 exstingui,
3003 2389 3166 2430 causa
3215 2384 3376 2445 atque
3420 2373 3637 2429 occasio
3684 2389 3786 2444 per

2182 2489 2344 2543 quam
2373 2473 2459 2530 vel
2487 2473 2558 2527 ob
2581 2487 2741 2544 quam
2762 2471 3056 2527 admissum
3086 2479 3172 2527 est
3196 2469 3356 2526 debet
3384 2469 3631 2541 primitus
3662 2484 3781 2523 am-

2184 2567 2385 2637 putari.
2415 2566 2522 2622 lsto
2548 2565 2750 2621 etenim
2778 2564 3118 2620 curationum
3149 2563 3414 2632 remedio,
3441 2563 3511 2618 ad
3541 2561 3777 2618 oblivio-

2185 2672 2308 2713 nem
2340 2670 2554 2729 quoque
2578 2655 2938 2712 admissorum
2967 2655 3256 2712 criminum
3287 2655 3407 2710 sine
3445 2654 3610 2711 dubio
3657 2670 3786 2726 per-

2185 2751 2424 2808 venitur.

2798 2819 3025 2877 CAPUT
3068 2819 3162 2875 XI.

2191 2912 2486 2968 Venialium
2513 2921 2838 2985 peccatorum
2863 2928 2966 2985 non
3003 2912 3150 2966 debet
3194 2928 3286 2965 nos
3332 2926 3516 2982 capere
3561 2911 3785 2976 oblivio,

2622 2985 2713 3039 sed
2744 2982 3043 3037 mortalium
3071 2990 3362 3037 dumtaxat.

2257 3075 2458 3132 Verum
2490 3075 2591 3132 ista
2638 3073 2913 3145 pradictte
2952 3073 3242 3128 oblivionis
3284 3072 3574 3129 delinitiot
3619 3087 3786 3143 super

2183 3166 2502 3237 capitalibus
2549 3174 2756 3221 tantum
2803 3165 2873 3219 sit
2917 3165 3234 3220 criminibus
3281 3164 3608 3230 constituta,
3657 3180 3786 3234 quae

2185 3259 2418 3315 Mosaica
2459 3272 2674 3329 quoque
2703 3257 3055 3321 damnantur,
3089 3271 3316 3327 quorum
3345 3257 3489 3312 sicut
3519 3271 3614 3326 per
3643 3271 3787 3310 con-

2187 3351 2552 3408 versationem
2582 3352 2776 3406 bonam
2808 3349 3135 3419 abjiciuntur
3163 3349 3248 3405 vel
3278 3340 3669 3405 consu‘muntur
3694 3347 3762 3403 af
3762 3377 3789 3390 -

2186 3441 2384 3507 fectus.
2418 3443 2491 3497 ita
2517 3443 2676 3498 etiam
2715 3443 2912 3513 accipit
2943 3442 3257 3511 poenitentia
3297 3442 3477 3497 linem.
3518 3441 3789 3496 Caeterum

2191 3547 2217 3585 ε
2263 3538 2332 3592 ab
2379 3537 2496 3593 istis
2543 3536 2764 3592 minutis
2809 3536 2862 3592 in
2905 3535 3099 3605 quibus
3149 3535 3350 3605 septies
3391 3535 3568 3605 justus
3620 3533 3792 3600 cadit,

1562 3627 1820 3684 ALARDI
1858 3628 2098 3685 GAZIEI
2143 3626 2718 3686 COMMENTARIUS.

559 3733 587 3762 ι
611 3723 819 3779 Textus
849 3720 1105 3791 Vulgatus
1129 3735 1144 3776 :
1173 3717 1461 3791 Longe_[ac
1488 3719 1552 3773 ab
1580 3735 1639 3773 ea
1667 3721 1799 3791 viam
1826 3728 1998 3789 tuam,
2031 3731 2084 3776 et

489 3812 552 3850 ne
578 3789 1174 3864 apprapinquesforibus
1205 3793 1314 3864 eius
1343 3789 1531 3864 (Prov.
1561 3790 1769 3864 v)._Ubi
1801 3792 1874 3864 D.
1893 3791 2082 3847 Hiero-

488 3859 683 3936 nymus
713 3859 828 3936 haec
848 3859 1014 3918 habet
1039 3881 1052 3914 :
1084 3859 1156 3936 Et
1181 3859 1456 3936 Apostolus
1485 3862 1554 3915 ait
1583 3875 1603 3936 ς
1635 3861 1822 3936 Fugite
1848 3863 2081 3936 [arnicaj

491 3933 681 3990 tionem
707 3936 765 4005 (Ι
791 3933 910 3988 Cor.
942 3936 1042 4000 vt),
1069 3933 1467 4005 quianimirum
1514 3933 1734 4001 privtum
1777 3933 1932 4003 hujus
1972 3933 2086 3987 vitii

489 4002 770 4060 remedium
800 4014 872 4060 est
902 4007 1050 4074 longe
1073 4003 1136 4058 ab
1171 4004 1241 4074 eis
1272 4002 1384 4071 ﬁeri
1424 4019 1641 4074 quorum
1691 4002 1962 4074 praesentia
2008 4005 2086 4058 vel

489 4077 766 4142 allicit,vel
788 4073 1091 4146 cooperatur
1115 4073 1184 4126 ad
1214 4075 1414 4146 vitium.
1444 4073 1552 4146 Sed
1581 4075 1710 4128 etab
1731 4073 2087 4130 haereticorum

492 4149 678 4203 auditu
708 4143 962 4218 segregari
991 4145 1210 4215 infirmis
1236 4143 1556 4218 auditoribus
1587 4147 1810 4218 prodest.

563 4218 592 4258 ιι
627 4218 680 4272 Id
706 4216 811 4283 est,
837 4216 1092 4279 mentem,
1125 4230 1216 4269 seu
1244 4216 1660 4284 cogitationem,
1701 4217 1770 4272 de
1815 4230 1922 4286 quo
1962 4216 2087 4272 vide

493 4289 895 4346 annotationem
921 4287 987 4340 ad
1015 4287 1240 4341 collat.7
1273 4301 1393 4354 cap.
1429 4287 1516 4341 12.

570 4371 592 4400 ο
630 4360 846 4429 Vulgata
876 4358 1088 4412 versio:
1124 4357 1274 4410 Oculi
1300 4358 1378 4409 tui
1406 4357 1646 4411 videbunt
1684 4366 1955 4412 extraneas
1980 4399 1994 4423 ,
2039 4367 2088 4412 et

493 4448 582 4486 cor
613 4442 754 4485 tuum
785 4431 1014 4498 loquetur
1041 4444 1308 4494 perversa;
1337 4435 1386 4481 et
1415 4429 1512 4482 eris
1554 4429 1684 4481 sicut
1729 4430 1985 4482 dormiens
2034 4429 2088 4483 in

497 4504 661 4558 medio
688 4503 836 4564 mari,
870 4510 916 4553 et
946 4500 1093 4563 quasi
1119 4499 1316 4564 scpitus
1342 4499 1648 4569 gubernator
1692 4501 1881 4553 amisso
1917 4501 2083 4569 clavo,

496 4583 544 4628 et
574 4573 709 4626 dices
734 4587 750 4625 :
787 4571 1186 4626 Verberaverunt
1217 4585 1317 4635 me,
1361 4570 1450 4622 sed
1477 4587 1577 4623 non
1608 4569 1788 4636 dolui;
1823 4579 2089 4625 traxerunt

2189 3722 2518 3792 absolutum,
2552 3721 2793 3779 quamdiu
2822 3719 2920 3773 sibi
2948 3721 3293 3791 satisfactioni
3321 3730 3368 3774 et
3396 3720 3663 3792 gemitibus
3705 3723 3796 3774 in-

2192 3793 2394 3847 cubanti
2424 3791 2502 3846 vel
2529 3791 2737 3846 illorum
2767 3807 2881 3859 qua
2909 3793 3061 3861 gemit
3109 3791 3186 3846 vel
3225 3791 3471 3846 similium
3513 3792 3796 3845 criminum

2189 3873 2308 3917 ante
2337 3864 2510 3917 oculos
2539 3864 2708 3931 imago
2740 3862 3044 3930 praeluserit,
3075 3879 3347 3932 eorumque
3369 3879 3471 3916 non
3499 3863 3667 3915 dicam
3697 3865 3798 3916 ob-

2193 3935 2399 3988 lectatio
2419 3935 2506 3988 sed
2535 3933 2612 3986 vel
2635 3933 2923 3987 recordatio
2945 3935 3255 4001 infestaverit
3273 3944 3511 3987 mentem.
3536 3933 3601 3986 Et
3626 3934 3731 3987 iulr
3753 3951 3794 3987 ιε

2192 4005 2330 4059 Tum
2353 4005 2558 4060 demum
2583 4004 2842 4073 prteterita
2870 4004 3016 4058 nobis
3042 4006 3280 4058 vitiorum
3306 4004 3543 4075 contagia
3572 4007 3798 4057 remissa

2194 4093 2302 4131 esse
2328 4076 2580 4129 credenda
2605 4085 2747 4139 sunt,
2780 4091 2896 4128 cum
2923 4075 3114 4144 fuerint
3143 4076 3207 4129 de
3240 4075 3393 4128 corde
3437 4086 3609 4128 nostra
3652 4092 3799 4145 pra:-

2192 4147 2414 4201 sentium
2441 4147 2760 4218 voluptatum
2782 4147 3044 4218 (desideria
3069 4147 3261 4218 pariter
3286 4146 3648 4218 passionesque
3684 4146 3798 4218 de-

2189 4218 2376 4289 pulsae.
2405 4219 2535 4283 Quze
2562 4216 2830 4286 quomodo
2858 4216 3082 4287 intelligi
3109 4216 3370 4283 debeant,
3423 4217 3542 4272 vide
3585 4217 3797 4272 ibidem

2192 4299 2459 4344 notatum.

2266 4359 2288 4400 ί
2319 4359 2374 4414 ld
2405 4369 2506 4426 est,
2553 4360 2621 4414 de
2668 4358 2899 4426 peccatis
2944 4358 3284 4413 mortalibus.
3340 4358 3520 4412 Potest
3564 4373 3629 4412 ex
3685 4359 3801 4413 hoc

2192 4445 2308 4502 cap.
2339 4431 2552 4500 probari
2577 4429 2863 4502 distinctio
2879 4431 3080 4502 peccati
3116 4430 3382 4493 mortalis,
3409 4428 3552 4502 quod
3578 4429 3800 4502 crimen

2193 4500 2436 4568 vocatur,
2469 4511 2523 4556 et
2551 4502 2794 4566 venialis,
2823 4501 2938 4555 sive
2973 4500 3190 4566 delicti;
3221 4517 3380 4571 quam
3414 4500 3662 4570 Pelagius
3683 4542 3698 4566 ,
3735 4509 3804 4555 et

2191 4574 2507 4627 Jovinianus
2550 4573 2787 4627 haeretici
2840 4571 3099 4626 tollebint
3142 4588 3172 4627 e
3223 4572 3418 4625 medio.
3471 4572 3545 4625 De
3585 4587 3689 4634 qua
3727 4573 3799 4625 D.

499 4625 583 4698 ine
604 4689 618 4713 ,
657 4625 701 4697 et
745 4625 849 4695 non
889 4625 1042 4714 sensi.
1075 4625 1320 4714 lniquetn
1351 4640 1526 4714 locum
1562 4625 1868 4714 Ven:_lleda
1899 4659 1923 4714 :7
1948 4640 2084 4703 Vox,
2115 4625 2170 4686 Β
2193 4625 2600 4712 Gregorius—ut
2632 4625 2910 4697 Moralium
2939 4625 3092 4714 (Cap.
3131 4625 3187 4712 Si)
3217 4661 3228 4695 :
3265 4641 3403 4708 Hoc,
3429 4625 3619 4710 inquit,
3655 4642 3805 4696 inter

498 4711 612 4780 ait,
647 4713 874 4785 percussi
919 4723 964 4785 et
987 4711 1282 4785 dormientis
1312 4713 1632 4785 exprimitur.
1670 4711 1815 4765 Mens
1839 4713 2028 4785 quippe
2055 4729 2090 4765 a

500 4804 624 4839 cura
648 4782 1025 4838 sollicitudinis
1069 4782 1327 4835 dormiens
1374 4782 1686 4848 verberatur,
1716 4794 1760 4836 et
1793 4799 1894 4836 non
1925 4783 2084 4851 dolet,

499 4872 614 4925 qut?
640 4857 766 4910 sicut
793 4851 1273 4925 intminentiarmtda
1301 4867 1401 4925 non
1429 4854 1671 4924 praspicit
1691 4895 1704 4915 ,
1739 4855 1811 4906 sic
1851 4870 1940 4907 nec
1975 4869 2092 4923 qut:

501 4920 893 4998 perpetraverat
915 4924 1164 4998 agnoscit.
1199 4920 1460 4998 Traltitur,
1487 4920 1886 4992 et'nequaquam
1913 4920 2086 4998 sentit,

502 4994 703 5068 quiper
729 4995 992 5068 illecebras
1023 4994 1524 5068 vitiorumducitur,
1555 5011 1649 5068 nec
1689 5004 1856 5068 tamen
1897 4996 1964 5048 ad
2009 4995 2092 5049 sui

502 5063 788 5130 custodiant
835 5067 1129 5120 suscitatur.
1183 5063 1284 5130 Qui
1324 5065 1530 5133 quidem
1573 5066 1813 5136 evigilare
1857 5073 1996 5134 aptat
2037 5075 2092 5119 ut

503 5141 619 5193 vina
644 5154 851 5192 rursum
874 5137 1133 5204 reperiat;
1162 5138 1300 5205 quia,
1322 5138 1549 5203 quamvis
1587 5153 1766 5189 somno
1805 5137 2030 5205 stuporis
2059 5152 2092 5190 tt

503 5211 585 5264 sui
614 5209 847 5263 custodia
874 5215 1149 5277 prematur,
1181 5204 1393 5276 vigilare
1419 5215 1585 5259 tamen
1625 5209 1692 5260 ad
1732 5204 2092 5261 curas’steculi

504 5281 703 5342 nititur,
728 5289 782 5333 ut
804 5294 1000 5349 semper
1019 5277 1360 5349 voluptatibus
1382 5277 1637 5349 ebrietnr;
1666 5286 1713 5331 et
1733 5294 1850 5349 cum
1870 5277 1938 5330 ad
1959 5277 2092 5331 illud

505 5352 729 5404 dormiat
752 5352 803 5403 in
830 5347 930 5417 quo
959 5349 1170 5419 solerter
1197 5348 1411 5416 vigilare
1436 5347 1703 5419 debuisset,
1739 5347 1872 5402 illud
1900 5349 2093 5419 appetit

505 5424 574 5476 ad
594 5419 732 5492 quod
754 5419 1083 5492 laudabiliter
1105 5417 1329 5492 dormire
1351 5419 1614 5492 potuisset.
1637 5418 1902 5492 Hactenus
1925 5417 2091 5473 Beda.

574 5489 615 5529 α’
632 5493 837 5545 (litatur
865 5490 978 5544 haec
1001 5490 1262 5544 sententia
1289 5489 1467 5544 collat.
1496 5489 1520 5542 ‘l
1552 5503 1668 5558 cap.
1697 5489 1788 5559 20,
1815 5489 1904 5545 ubi
1931 5493 2094 5545 etiam

506 5562 706 5631 aliquid
736 5561 1057 5631 notavimus.

579 5629 609 5670 θ’
633 5635 760 5704 Cap.
793 5631 859 5690 5:
891 5629 1152 5684 Indicium
1181 5631 1550 5704 satisfactionis
1578 5638 1624 5685 et
1645 5630 2095 5704 indulgentiteest,

505 5701 723 5767 allectus
749 5719 946 5773 quoque
972 5718 1150 5755 eorum
1195 5704 1257 5756 de
1306 5703 1491 5756 nostris
1532 5702 1768 5756 cordibus
1798 5701 2095 5769 expulisse.

466 5791 470 5794 ‘
507 5774 722 5831 Noverit
746 5775 878 5831 enim
907 5775 1250 5847 unusquisque
1273 5774 1489 5829 necdum
1518 5789 1570 5829 se
1603 5773 1823 5846 peccatis
1844 5774 2098 5846 pristinis

2192 4723 2456 4783 peccatum
2485 4716 2637 4768 distat
2659 4724 2706 4768 et
2734 4715 2950 4778 crimen,
2981 4713 3119 4782 quod
3141 4731 3287 4768 omne
3309 4715 3502 4767 crimen
3529 4723 3806 4782 peccatum

2192 4795 2294 4848 est,
2333 4801 2435 4837 non
2485 4796 2652 4838 tamen
2697 4800 2844 4838 omne
2887 4793 3152 4854 peccatum
3177 4785 3369 4838 crimen
3395 4795 3505 4850 est;
3534 4794 3579 4836 et
3607 4790 3661 4836 in
3687 4783 3802 4836 hac

2190 4855 2293 4908 vita
2322 4856 2468 4908 multi
2493 4856 2604 4908 sine
2629 4856 2870 4922 crimine,
2915 4856 3089 4910 nullus
3127 4871 3245 4909 vero
3279 4871 3386 4908 esse
3422 4857 3532 4908 sine
3569 4857 3808 4924 peccatis

2192 4927 2346 4978 valet.
2382 4924 2445 4978 In
2465 4942 2567 4995 qua
2596 4927 2824 4997 videlicet
2855 4937 3180 4997 peccatorum
3215 4936 3262 4980 et
3290 4925 3563 4978 criminum
3607 4926 3807 4978 distiu-

2191 4999 2356 5048 ctione
2383 4996 2697 5063 pensandum
2724 5007 2795 5050 est
2821 5037 2835 5057 ,
2856 4996 2988 5067 quia
3030 4997 3284 5051 nonnulla
3319 5006 3527 5066 peccata
3565 4999 3809 5048 animam

2199 5067 2459 5134 polluant,
2487 5068 2879 5139 quantrcrimina
2923 5069 3274 5139 exstinguunt.
3324 5067 3526 5122 Eadem
3573 5068 3688 5122 lere
3731 5067 3806 5121 D.

2199 5141 2531 5209 Augintinus
2563 5138 2614 5191 in
2648 5138 2956 5192 Encltiridio
2983 5137 3135 5208 (Cap.
3163 5140 3275 5209 6i).

2274 5218 2298 5255 ις
2333 5207 2527 5262 Minuta
2559 5224 2586 5261 a
2617 5209 2870 5262 Patribus
2896 5209 3146 5264 dicuntur
3177 5207 3654 5279 peccata_venialia
3674 5249 3690 5274 ,
3714 5210 3814 5262 al-

2201 5277 2408 5334 lusioue
2453 5279 2680 5348 quadam
2727 5279 2792 5331 ad
2839 5279 2969 5334 illud
3014 5276 3192 5334 Lucae
3219 5295 3330 5334 xtl:
3373 5276 3506 5332 Dico
3547 5279 3658 5346 tibi,
3691 5298 3813 5334 non

2199 5351 2338 5405 exies
2365 5351 2508 5415 inde,
2532 5350 2695 5404 donec
2723 5351 2874 5404 etiam
2917 5351 3244 5404 novissimum
3284 5351 3539 5403 minutum
3583 5352 3814 5405 reddas.

2203 5421 2306 5475 Per
2351 5421 2705 5476 novissimum
2752 5423 2893 5476 enim
2943 5420 3204 5475 minutum
3255 5421 3561 5490 intelligunt
3605 5421 3816 5476 Patres

2203 5503 2419 5558 peccata
2466 5491 2767 5557 levissima,
2803 5500 2861 5545 ut
2885 5498 3011 5545 sunt
3039 5493 3202 5546 verba
3233 5491 3430 5558 otiosa,
3467 5507 3565 5560 pro
3593 5493 3816 5560 quibus

2202 5562 2255 5616 in
2286 5577 2502 5617 carcere
2531 5563 2821 5631 purgatorii
2846 5561 3279 5617 satisfaciendum
3307 5563 3441 5627 erit,
3471 5562 3576 5616 nisi
3610 5563 3666 5616 in
3695 5562 3818 5618 hac

2203 5634 2308 5704 vita
2343 5644 2560 5702 purgata
2591 5635 2671 5687 vel
2703 5635 2938 5704 relaxata
2975 5633 3192 5688 fuerint.
3233 5632 3296 5686 D.
3333 5633 3726 5704 Hieronymus
3751 5635 3821 5689 in

2202 5703 2438 5757 Μαιιιιιιεί
2465 5720 2583 5769 cap.
2619 5720 2642 5752 v
2673 5719 2687 5758 :
2723 5703 2838 5757 Hoc
2861 5713 2967 5768 est,
3012 5705 3220 5771 inquit,
3268 5704 3404 5769 quod
3448 5704 3622 5758 dicit:
3677 5703 3822 5758 Non

2199 5775 2474 5848 egredieris
2500 5775 2562 5829 de
2587 5789 2812 5847 carcere,
2845 5774 3002 5831 donec
3029 5777 3181 5832 etiam
3215 5777 3410 5830 minuta
3437 5787 3655 5848 peccata
3680 5793 3826 5848 per—
