4072 6324
317 387 456 446 “69

1039 385 1381 446 COLLATIO
1418 387 1562 444 XXI.
1595 417 1664 429 —
1692 388 1785 444 ne
1823 387 2233 446 REMISSIONE
2268 389 2892 462 QUINQUAGESISUE.

3468 382 3607 440 H70

308 511 368 557 ut
393 501 652 572 scriptum
684 506 768 556 est
801 499 980 574 (Prov.
1013 499 1185 571 xxiv),
1217 509 1272 554 et
1302 501 1564 570 resurgit,
1609 514 1900 571 numquam
1924 513 1982 576 Α
2003 501 2227 573 abrupta
2254 503 2569 563 deﬁnitione
2603 505 2936 578 pronuntiat,
2970 500 3191 558 dicens:
3221 499 3284 556 Si
3320 498 3608 553 dixerimus

307 598 486 654 deerit
512 596 806 667 plenitudo.
837 596 942 650 Aut
967 596 1110 651 enim
1142 609 1235 664 per
1261 594 1648 662 ignorantiam,
1679 603 1769 650 aut
1810 608 1905 664 per

305 692 657 755 oblivionem,
678 697 772 744 aut
792 703 888 760 per
908 688 1312 758 cogitationem,
1336 696 1428 742 aut
1451 703 1548 758 per
1566 702 1901 754 sermonem,

302 793 393 838 aut
425 798 521 853 per
552 783 925 852 ohreptionem
947 822 962 849 ,
1005 789 1098 836 aut
1133 796 1228 850 per
1258 782 1658 849 necessitatem,
1689 789 1782 836 aut
1810 794 1904 850 per

304 877 652 948 fragilitatem
681 875 880 940 carnis,
913 875 1141 945 singulis
1166 874 1358 931 diebus
1387 875 1472 931 vel
1499 875 1673 942 inviti,
1705 874 1789 930 vel
1818 889 1904 930 vo-

302 968 484 1024 lentes
529 968 840 1039 frequenter
883 967 1228 1036 incurrimus,
1279 983 1375 1034 pro
1415 969 1608 1038 quibus
1653 977 1707 1023 et
1734 966 1902 1022 David

299 1075 468 1116 orans
500 1061 809 1127 Dominum,
842 1061 1270 1132 puriﬁcationem
1310 1068 1472 1132 atque
1513 1060 1901 1132 indulgentiam

245 1215 255 1224 ,
297 1153 646 1223 deprecatur,
678 1152 901 1210 dicens:
927 1152 1132 1209 Delicta
1150 1153 1262 1225 quis
1286 1154 1578 1225 intelligit?
1599 1155 1661 1208 ab
1689 1154 1902 1210 occultis

297 1247 427 1300 meis
444 1247 637 1300 munda
654 1262 754 1313 me,
775 1255 821 1300 et
841 1245 903 1299 ab
926 1246 1109 1302 alienis
1131 1263 1284 1317 parce
1303 1263 1448 1302 serva
1468 1257 1554 1302 tua
1578 1247 1695 1320 (Ps.
1722 1250 1896 1320 svnt).

296 1340 367 1396 Et
394 1341 688 1408 Apostolus
713 1358 727 1395 :
761 1341 815 1396 Ν
820 1358 885 1395 οη
915 1342 1052 1396 enim
1079 1342 1218 1412 quod
1242 1343 1355 1397 uola
1386 1344 1524 1414 facio
1553 1343 1770 1412 bonum,
1805 1344 1898 1398 sed

295 1433 434 1503 quod
458 1433 544 1487 odi
573 1434 790 1501 malum,
825 1434 920 1487 hac
945 1451 1042 1506 ago
1073 1433 1250 1507 (Rom.
1285 1435 1407 1506 vn).
1439 1435 1514 1491 De
1536 1437 1729 1505 quibus
1754 1437 1896 1493 idem

295 1525 459 1580 etiam
491 1524 703 1595 ejulans
732 1526 1052 1581 exclamavit
1077 1544 1090 1580 :
1121 1525 1321 1597 Infelix
1349 1544 1442 1601 ego
1471 1528 1644 1594 homo,
1677 1531 1789 1601 quis
1817 1547 1897 1585 ma

295 1619 529 1675 liberabit
559 1621 622 1674 de
649 1636 864 1692 corpore
889 1622 1072 1676 martis
1099 1621 1256 1693 hujus
1285 1621 1496 1695 (Ibid.).
1540 1624 1709 1679 Tanta
1750 1626 1894 1682 enim

294 1713 350 1768 in
383 1715 467 1769 his
496 1714 750 1770 facilitate
778 1723 1050 1784 tamquam
1092 1715 1328 1772 naturali
1373 1717 1490 1786 lege
1539 1718 1891 1788 prolabimur,

291 1819 352 1863 ut
406 1808 738 1880 quantalibet
778 1810 1266 1880 circumspectione
1311 1821 1472 1882 atque
1515 1813 1759 1868 custodia
1804 1828 1894 1868 ca-

2006 596 2125 665 quia
2169 609 2435 665 peccatum
2479 617 2584 656 non
2631 599 2910 664 habemus,
2956 597 3059 666 ipsi
3095 611 3188 650 nos
3213 593 3529 660 seducimus,
3563 601 3615 649 et

2006 689 2212 742 verbum
2232 693 2345 762 ejus
2377 707 2481 745 non
2507 703 2582 747 est
2609 693 2662 746 in
2691 692 2836 746 nobis
2873 689 3058 764 (.Iaan.
3104 687 3168 759 ι).
3210 686 3446 742 Proinde
3483 700 3613 757 per-

2007 781 2256 837 fectionis
2287 784 2502 840 culmen
2535 785 2848 855 pertingere
2879 778 3122 852 cupienti
3150 793 3257 834 non
3287 779 3418 833 satis
3443 778 3610 847 prod-

2005 876 2112 932 erit
2147 875 2213 930 ad
2265 877 2422 932 ﬁnem
2457 877 2784 948 paenitentia:
2814 873 3160 948 pervenisse,
3193 871 3246 928 id
3277 882 3360 928 est
3388 871 3456 928 ab
3497 871 3610 927 illi-

2004 968 2125 1025 citis
2151 978 2473 1040 temperare,
2497 971 2600 1026 nisi
2623 971 2786 1026 etiam
2809 969 2864 1024 in
2888 968 2996 1024 illis
3020 965 3310 1022 virtutibus
3330 963 3608 1021 indefesso

2003 1077 2166 1117 cursu
2189 1063 2538 1132 semetipsum
2568 1076 2786 1133 semper
2805 1060 3110 1117 extenderit
3128 1058 3325 1131 quibus
3354 1057 3422 1112 ad
3445 1056 3611 1113 satis-

2004 1155 2254 1212 factionis
2284 1156 2479 1212 indicia
2509 1157 2841 1228 pervenitur.
2876 1155 2987 1212 Nec
3016 1155 3160 1212 enim
3198 1168 3228 1208 a
3270 1151 3610 1209 fetidissimis

2003 1251 2288 1306 criminum
2337 1250 2590 1307 sordibus
2611 1293 2627 1316 ,
2673 1266 2794 1322 quae
2819 1250 3075 1307 abhorret
3101 1247 3380 1315 Dominus,
3415 1261 3609 1318 quem-

2001 1360 2161 1416 quam
2191 1345 2518 1401 abstinuisse
2545 1343 2809 1412 sufﬁciet,
2846 1344 2950 1399 nisi
2998 1343 3163 1399 etiam
3208 1341 3354 1396 illam
3403 1340 3604 1395 bonam

2001 1439 2258 1493 virtutum
2290 1437 2641 1509 fragrantiam
2670 1452 2772 1508 qua
2803 1436 3066 1492 Dominus
3094 1433 3428 1496 delectatur,
3457 1431 3608 1502 puri-

2003 1543 2111 1587 tate
2139 1531 2316 1587 cordis
2346 1540 2400 1586 et
2432 1529 2758 1602 Apostolicaa
2785 1528 3064 1584 charitatis
3092 1525 3447 1597 perfectione,
3477 1537 3609 1592 pos-

1999 1624 2222 1680 sederit.
2268 1623 2557 1694 llucusque
2606 1622 2770 1677 abbas
2817 1620 3057 1676 Pinuﬁus
3104 1618 3173 1675 de
3217 1615 3608 1674 satisfactionis

1999 1721 2200 1778 indicio
2227 1735 2289 1776 ac
2322 1720 2654 1791 pauitentiaa
2679 1719 2786 1775 ﬁne
2813 1717 3090 1774 disseruit.
3134 1716 3236 1784 Qui
3279 1714 3404 1771 licet
3447 1721 3507 1770 ut
3548 1714 3605 1770 iu

1997 1814 2112 1885 ejus
2134 1815 2382 1871 coenobio
2412 1812 2652 1870 residere
2680 1812 2962 1867 mallemus
3003 1810 3236 1866 sollicito
3273 1808 3598 1876 deprecare-

291 1915 546 1967 veantur,
577 1911 602 1939 ⁸
631 1917 739 1958 non
772 1902 942 1973 possit
969 1902 1035 1958 ad
1064 1903 1282 1974 plenum
1312 1905 1410 1960 ista
1440 1904 1630 1970 vitari;
1670 1905 1736 1960 de
1775 1905 1892 1961 istis
1923 1919 1972 1980 Β
2001 1915 2086 1962 tur
2112 1905 2332 1972 affectu,
2363 1915 2541 1962 tamen
2573 1904 2711 1959 fama
2743 1903 3091 1975 Scythioticze
3121 1899 3424 1956 solitudinis
3455 1897 3600 1954 invi-
3631 1976 3636 1982 .

290 1994 557 2065 siquidem
591 2009 728 2050 unus
759 1995 1170 2065 discipulorum,
1199 2011 1360 2068 quem
1400 1996 1656 2068 diligebat
1703 1997 1913 2071 Jesus,_

1995 2007 2154 2066 tatas,
2185 2014 2308 2054 cum
2335 1998 2570 2054 retinere
2599 2011 2706 2052 non
2738 2004 2946 2067 posset,
2975 1994 3179 2050 emisit.

1360 2111 1621 2168 ALARDI
1657 2112 1745 2168 GA
1757 2112 1890 2170 ΖᾹΞΙ
1925 2111 2492 2170 COMMENTARIUS.

290 2206 478 2261 solvas.
513 2203 842 2274 Augustinus
868 2219 1033 2260 serm.
1067 2206 1130 2260 bl
1165 2204 1234 2262 de
1259 2205 1508 2261 Sanctis:
1542 2203 1670 2272 Illo,
1700 2206 1893 2276 inquit,

291 2277 591 2330 transitoria
633 2277 748 2346 igne
771 2318 786 2341 ,
834 2276 896 2330 de
932 2293 1035 2348 qua
1061 2277 1197 2331 dixit
1228 2278 1548 2344 Apostolus:
1581 2276 1702 2344 Ipse
1726 2288 1896 2333 autem

289 2347 612 2420 salvusqerit,
645 2349 718 2400 sic
744 2356 917 2402 tamen
941 2347 1090 2418 quasi
1120 2365 1209 2416 per
1237 2350 1436 2420 ignem,
1470 2365 1571 2402 non
1613 2350 1892 2418 capitalia,

289 2418 607 2498 sedminula
636 2430 844 2498 peccata
872 2430 1182 2498 purgentur.
1219 2418 1282 2474 Et
1307 2420 1448 2475 infra
1476 2437 1486 2472 :
1525 2419 1721 2498 Quibus
1745 2421 1896 2498 (pec-

289 2490 430 2544 catis
461 2490 704 2560 tniuutis)
734 2492 848 2543 licet
875 2490 1038 2544 Occidi
1067 2492 1293 2544 animum
1338 2508 1439 2544 non
1475 2490 1783 2555 credamus,
1818 2492 1895 2546 ita

291 2571 464 2614 tanturn
495 2577 630 2632 eam,
658 2563 814 2615 veluti
840 2561 1144 2626 quibusdam
1165 2563 1386 2631 pustulis
1406 2572 1450 2617 et
1469 2562 1616 2632 quasi
1637 2562 1893 2618 horrenda

288 2633 460 2705 scabie
481 2631 1059 2705 replentes,qde[armem
1081 2636 1300 2702 faciunt,
1324 2641 1380 2688 ut
1397 2631 1510 2686 eam
1535 2635 1604 2686 ad
1625 2635 1892 2705 amplexus

288 2704 432 2785 illius
475 2704 649 2784 sponsi
679 2703 890 2785 celestis
933 2714 1024 2757 aut
1065 2705 1152 2757 via:
1188 2715 1277 2758 aut
1325 2721 1441 2759 cum
1475 2705 1664 2776 grandi
1710 2703 1894 2777 confu-

292 2776 440 2828 sione
469 2776 640 2828 venire
669 2776 986 2843 permittant.

367 2853 393 2881 ι
422 2845 735 2918 DrAugust.
770 2846 864 2898 lib.
898 2847 967 2918 die
990 2844 1193 2918 Natura
1214 2855 1274 2918 et
1293 2845 1476 2903 Gratia
1500 2863 1621 2918 cap.
1647 2847 1715 2904 56
1741 2866 1752 2900 :
1781 2847 1894 2903 Ea:-

291 2926 459 2987 cepta,
487 2916 675 2990 inqyit,
709 2926 888 2990 sancta
914 2916 1137 2990 Yirgine
1169 2917 1343 2972 Maria
1366 2960 1380 2983 ,
1433 2920 1497 2972 de
1541 2916 1641 2990 qua
1683 2929 1892 2989 propter

293 2985 537 3062 honorem
567 2985 801 3062 Domini,
830 2985 1036 3062 nullani
1055 3005 1284 3062 prorsus,
1315 3007 1430 3044 cum
1450 2994 1514 3044 de
1534 2985 1756 3060 peccatis
1780 2985 1894 3062 agi-

293 3067 398 3132 tur,
414 3057 614 3132 habere
640 3060 752 3113 vola
783 3057 1132 3128 quastionem.
1167 3059 1300 3116 Inde
1328 3063 1463 3116 enim
1484 3057 1672 3118 scimus
1694 3103 1707 3125 .
1751 3057 1888 3132 quod

289 3129 338 3182 ei
367 3130 484 3199 plus
512 3127 762 3204 collatum
791 3127 947 3204 fuerit
985 3133 1057 3184 ad
1101 3133 1409 3188 vincendum
1457 3135 1596 3188 omni
1642 3150 1706 3188 ea:
1745 3127 1890 3204 parte

291 3208 557 3270 peccatum
578 3242 591 3266 ,
635 3203 758 3271 quia
803 3203 1074 3272 concipere
1099 3220 1159 3257 ac
1187 3221 1368 3274 parere
1386 3205 1576 3259 meruit
1601 3221 1714 3259 eum
1741 3203 1890 3274 quem

1947 2429 1949 2431 ’
2000 2430 2116 2476 cata
2134 2423 2159 2476 Ρ

1965 2261 1980 2273 ,
2003 2216 2206 2263 constat
2248 2207 2452 2262 nullum
2482 2206 2719 2260 habuisse
2760 2213 3048 2274 peccatum.
3087 2203 3208 2258 Hac
3237 2218 3357 2275 ergo
3394 2200 3610 2275 Virgin_

1963 2302 1972 2309 κ
2004 2290 2237 2349 excepta,
2260 2280 2304 2332 si
2339 2295 2510 2332 omnes
2537 2277 2655 2331 illos
2683 2286 2913 2343 sanctos,
2946 2292 3060 2329 cum
3091 2275 3176 2328 hic
3202 2273 3453 2349 viverent,
3485 2273 3608 2348 con;

2000 2347 2214 2422 gregare
2244 2366 2528 2422 possemus,
2561 2359 2607 2402 et
2637 2349 2950 2415 interragare
2973 2356 3147 2400 utrum
3165 2353 3331 2399 essent
3355 2347 3465 2422 sine
3491 2360 3580 2411 pec

2211 2414 2350 2488 Quid
2400 2421 2559 2491 fuisse
2604 2414 2940 2491 responsuros
2984 2428 3226 2491 putamus
3253 2457 3269 2482 ,
3323 2415 3423 2468 nisi
3467 2414 3607 2484 quod

1998 2491 2228 2547 Joannes
2268 2489 2578 2560 apostolus:
2623 2491 2684 2546 Si
2723 2490 3010 2543 dixerimus
3045 2489 3168 2560 quia
3205 2495 3469 2560 peccatum
3500 2501 3606 2537 non

1999 2564 2268 2626 habemus,
2301 2556 2393 2618 nos
2422 2563 2562 2633 ipsos
2591 2561 2902 2633 seducimus,
2931 2569 2977 2614 et
3005 2556 3190 2633 veritas
3228 2558 3283 2611 in
3322 2556 3467 2609 nobis
3497 2571 3605 2633 non

1999 2645 2072 2689 est
2111 2636 2166 2706 (Ι
2213 2633 2372 2689 loan.
2408 2628 2487 2706 71').
2518 2632 2614 2706 ilta
2668 2631 3036 2706 Augustinus,
3080 2631 3232 2706 cujus
3277 2628 3602 2706 sententiam

1999 2695 2372 2776 comprobavit
2403 2695 2647 2776 Ecclesia
2679 2703 2733 2757 in
2757 2695 3367 2776 'conciliohTriilentino
3413 2695 3602 2776 (‘_Sess.

1998 2777 2052 2840 6.
2083 2769 2140 2830 σί
2161 2778 2278 2846 22),
2309 2793 2515 2831 canone
2543 2775 2596 2829 in
2630 2775 2746 2829 ha-c
2773 2773 2934 2828 verba
2970 2773 3154 2846 edito:
3187 2771 3247 2826 Si
3269 2771 3382 2846 quis
3409 2769 3601 2822 dixerit

1998 2843 2256 2903 hominem
2280 2849 2432 2903 semel
2452 2847 2806 2917 justiﬁcatum
2839 2861 2986 2912 posse
3013 2845 3204 2917 inlata
3232 2843 3336 2895 vita
3356 2855 3463 2917 sua
3481 2855 3601 2917 pec:

1997 2929 2113 2973 cata
2143 2921 2337 2987 omnia,
2367 2908 2524 2973 etidm
2553 2908 2792 2980 venialia,
2823 2908 3003 2987 uitare,
3036 2915 3138 2987 nisi
3165 2929 3228 2987 ea:
3251 2910 3464 2982 speciali
3503 2908 3602 2987 Qei

1998 2991 2290 3060 privilegio,
2321 2979 2752 3060 quemadmodum
2781 2979 2845 3040 de
2870 2979 3289 3060 Beataj’irgine
3325 2989 3455 3060 tenet
3499 2979 3604 3060 Ec-

1997 3051 2152 3117 clesia
2176 3051 2206 3130 ξ
2232 3051 2510 3116 anathema
2548 3061 2634 3114 sit.
2678 3057 2878 3130 verum
2923 3057 3005 3130 de,
3041 3051 3326 3130 bisjilura
3371 3051 3600 3130 dicenda

1997 3122 2382 3189 erunt'collat.
2425 3130 2497 3186 22
2541 3146 2660 3200 cap.
2709 3128 2766 3196 9,
2809 3137 2866 3184 et
2903 3127 3086 3183 collat.
3116 3125 3188 3183 9.5
3220 3140 3340 3196 cap.
3373 3122 3404 3177 6
3433 3132 3490 3176 et
3515 3137 3602 3176 sc-

1996 3205 2307 3274 quentibus.

301 3310 3563 3337 ___________________________________—___.

779 3425 1562 3536 COLL/ITIO
1651 3421 2447 3532 VIGESIMA
2520 3421 3115 3539 PRIMA,

1363 3590 1520 3666 Quae
1553 3595 1649 3652 est
1683 3590 1896 3670 prima
1919 3589 2174 3653 abbatis
2203 3587 2509 3649 Theonis.

1191 3711 1297 3763 DE
1346 3711 1879 3764 REMISSIONE
1928 3709 2706 3772 QUINQUAGESIME.

812 3937 1037 3995 CAPUT
1079 3937 1368 3995 PRIMUM.

368 4036 689 4106 Priusquam
747 4034 909 4091 verba
960 4032 1270 4088 collationis
1321 4031 1482 4102 hujus
1530 4030 1711 4087 habita
1765 4046 1887 4086 cum

295 4143 511 4185 summa
541 4127 656 4182 viro
685 4136 710 4164 ⁸
743 4125 934 4182 abbate
963 4124 1187 4180 Theona
1236 4125 1553 4195 incipiamus
1598 4124 1850 4180 evolvere
1876 4163 1891 4188 ,

297 4221 664 4279 necessarium
699 4234 822 4276 reor
851 4229 907 4275 ut
938 4218 1148 4274 initium
1177 4219 1550 4275 conversionis
1581 4219 1698 4286 eius
1741 4217 1895 4274 brevi

300 4329 554 4371 sermone
583 4312 959 4384 perstringam,
988 4311 1110 4382 quia
1142 4326 1207 4366 ex
1239 4312 1342 4367 hoc
1368 4311 1452 4366 vel
1495 4311 1744 4367 meritum
1790 4308 1892 4365 viri

298 4407 384 4462 vel
404 4405 577 4478 gratia
602 4405 902 4461 evidentius
922 4405 1121 4475 poterit
1142 4413 1326 4473 patere
1349 4402 1559 4458 lectori.
1585 4402 1684 4458 llic
1708 4401 1890 4473 igitur,

296 4500 620 4556 adolescens
644 4497 964 4566 admodum,
1007 4504 1290 4569 parentum
1335 4497 1512 4554 studio
1555 4497 1893 4568 imperioque

1917 3947 1963 4011 ο
1995 3951 2275 3996 connexus
2304 3947 2382 3993 est
2415 3935 2632 3992 vinculo
2657 3932 2944 4006 conjugali.
2977 3930 3110 3988 Nam
3149 3931 3274 3987 dum
3320 3931 3597 4004 pudicitia)

1998 4033 2115 4102 ejus
2145 4032 2396 4103 religiosa
2449 4030 2736 4085 sedulitate
2781 4026 3160 4098 prospiciunt,
3203 4033 3259 4081 et
3305 4024 3592 4096 ancipitem

1994 4126 2204 4197 lapsum
2237 4127 2457 4180 lubrica:
2484 4131 2738 4178 verentur
2769 4122 2974 4185 aetatis,
3009 4119 3418 4190 prmveniendos
3456 4117 3593 4173 ado-

1996 4218 2269 4274 lescentirc
2300 4225 2476 4272 motus
2507 4215 2654 4271 licito
2701 4215 3007 4284 nuptiarum
3053 4211 3296 4268 remedio
3343 4211 3596 4266 credide-

1995 4318 2141 4365 runt.
2186 4307 2320 4365 Cum
2363 4322 2489 4379 ergo
2519 4306 2608 4362 hic
2643 4305 2798 4360 unius
2821 4303 2847 4342 δ
2881 4303 3032 4360 lustri
3065 4312 3276 4371 tempus
3305 4317 3426 4357 cum
3456 4286 3593 4356 con-

1992 4401 2120 4472 juge
2168 4400 2482 4471 peregisset,
2512 4398 2660 4454 venit
2701 4396 2769 4452 ad
2824 4406 2845 4433 ε
2888 4394 3140 4450 abbatem
3185 4393 3471 4458 Joannem,
3500 4393 3592 4462 qui

1997 4505 2124 4550 tunc
2165 4495 2421 4564 temporis
2468 4491 2662 4549 merito
2707 4489 3009 4545 sanctitatis
3037 4489 3242 4545 electus
3270 4483 3298 4524 ἀ
3331 4486 3594 4542 ἁὶποηὶίρ

1366 4613 1623 4672 ALARDI
1671 4613 1908 4670 GAZA‘II
1945 4609 2512 4670 COMMENTARIUS.

375 4721 400 4750 ⁸
435 4713 510 4768 De
558 4711 776 4768 Theona
798 4752 814 4778 ,
861 4711 945 4768 vel
986 4711 1228 4772 Theone.
1259 4709 1453 4766 abbate
1483 4708 1687 4762 dictum
1713 4716 1798 4762 est
1827 4706 1895 4761 ad

300 4784 425 4840 coll.
443 4782 480 4836 2
494 4799 542 4839 c.
565 4785 655 4850 ll,
684 4784 836 4851 cujus
863 4782 1242 4838 exhortatione
1259 4788 1614 4851 compunctus
1632 4778 1895 4851 Serapion

300 4856 571 4911 occultum
596 4849 984 4924 gastrimargiai
1013 4853 1226 4917 vitium,
1254 4867 1362 4922 quo
1395 4850 1693 4924 laborabat,
1725 4849 1897 4904 mani-

300 4925 542 4991 festavit,
567 4923 621 4980 et
650 4927 842 4994 insigni
873 4923 1134 4979 miraculo
1157 4925 1225 4979 ab
1248 4939 1314 4978 eo
1336 4923 1528 4978 morbo
1542 4931 1768 4994 curatus
1789 4931 1891 4978 est.

299 4999 484 5068 Agunt
503 4997 570 5051 de
591 4993 780 5051 eodem
809 4995 1077 5068 Palladius
1101 4996 1316 5068 Lausia.
1344 4995 1438 5059 50,
1463 4993 1553 5068 ubi
1573 5007 1700 5048 eum
1721 4997 1895 5068 virum

298 5063 551 5123 sa'nctum
581 5079 754 5134 vocat,
786 5075 842 5121 et
871 5067 1166 5137 prophetia:
1189 5065 1332 5137 dono
1363 5063 1678 5137 praeditum,
1717 5073 1771 5118 et
1797 5065 1896 5118 tri-

298 5142 447 5209 ginta
477 5154 740 5193 aunorum
769 5135 1043 5193 silentium
1091 5135 1331 5209 tenuisse
1371 5136 1594 5209 scribit;
1643 5135 1892 5209 ﬁrmame-

302 5205 402 5266 iius
435 5211 528 5265 lib.
564 5225 644 5276 vr,
679 5225 800 5278 cap.
835 5209 927 5277 28,
979 5218 1033 5263 ct
1075 5206 1604 5278 ilistorimir'l‘ripart.
1647 5205 1738 5260 lib.
1779 5221 1894 5278 vui,

1999 4717 2162 4760 erant.
2198 4705 2292 4761 Est
2336 4705 2473 4760 enim
2513 4699 2894 4772 quinquennale
2920 4706 3150 4772 tempus.
3193 4693 3477 4772 Ideo_ver_a
3521 4695 3593 4748 sic

2001 4788 2230 4841 vocatur,
2264 4793 2322 4830 ea
2350 4776 2486 4844 quod
2515 4765 2672 4828 censu
2702 4774 2755 4844 in
2780 4770 2981 4844 republ.
3015 4765 3220 4844 peracto
3261 4766 3378 4819 urbs
3422 4765 3591 4844 Roma

2000 4837 2482 4904 lustrabatttr.'Sic
2521 4845 2632 4900 ille.
2679 4843 2850 4898 Varro
2901 4837 3119 4896 liva:
3165 4838 3411 4891 Lustrum
3440 4837 3592 4905 quin-

1999 4919 2255 4990 quennale
2283 4929 2481 4990 tempus
2510 4917 2790 4990 signiﬁcat,
2822 4923 2870 4969 et
2899 4930 2930 4966 a
2956 4911 3174 4973 luenda,
3218 4907 3316 4962 hoc
3349 4910 3595 4990 estholf

1998 4978 2181 5054 uendo,
2205 4978 2502 5054 deducitur,
2523 4978 2658 5058 quod
2682 4978 2862 5057 quinto
2883 4998 3079 5058 quoque
3098 4996 3233 5058 anno
3253 4978 3517 5058 vectigalia
3534 4987 3594 5058 et

2000 5049 2194 5116 tributa
2239 5049 2591 5125 solverentur,
2642 5049 2743 5112 siue
2785 5057 2921 5127 quod
2966 5049 3190 5124 singulis
3229 5049 3591 5127 quinquenniis

1996 5135 2228 5187 civitates
2256 5123 2620 5186 lustrarentur.
2652 5123 2807 5195 Quia'
2831 5129 2990 5198 igitur
3028 5123 3228 5198 census
3276 5126 3388 5198 ipse
3413 5161 3427 5186 ,
3477 5123 3595 5177 sive

1999 5205 2254 5268 lustrum,
2302 5204 2489 5270 quinto
2535 5193 2746 5272 quoque
2786 5193 2928 5253 anno
2957 5197 3254 5252 habebatur
3285 5193 3428 5272 (quo
3459 5200 3594 5266 tern-

302 5264 514 5349 caprl.
546 5264 1110 5335 Ascribuntur'autem
1140 5279 1266 5333 huic
1303 5264 1546 5349 Theonto
1585 5264 1900 5349 trcsqcolla-l
2001 5277 2150 5349 poris
2189 5264 2366 5349 spatio
2410 5264 2561 5349 apud
2597 5264 2875 5349 Romanos
2916 5281 3201 5349 censorum
3248 5264 3594 5349 magistratus

302 5337 479 5407 iin'nes
510 5355 756 5422 proxime
787 5361 1110 5422 sequentes:
1140 5349 1311 5420 prima
1354 5347 1911 5422 htep,de_remissione
1997 5337 2285 5422 durabat"),
2331 5337 2554 5400 invaluit
2583 5340 3002 5422 consuetudobt
3029 5337 3182 5392 lustri
3213 5337 3431 5422 nomine
3471 5348 3594 5417 spa-

305 5406 774 5494 Qninqu'agesimte,
811 5406 1004 5487 id'est,
1055 5406 1390 5494 relaxatione
1429 5406 1619 5488 jejunii
1659 5428 1899 5494 tempore
1997 5415 2141 5494 tium
2182 5406 3124 5494 quinqueennorunuintelligaltﬂ‘.
3154 5406 3593 5494 ςυρςίίεξὶγιιξρξρξ

306 5490 568 5561 paschali,
598 5505 657 5549 ut
683 5508 957 5560 vocamus,
985 5507 1154 5562 usque
1181 5493 1244 5546 ad
1278 5493 1634 5562 Pentecosten
1660 5505 1674 5553 ;
1707 5490 1898 5554 altera,

2001 5491 2145 5560 apud
2174 5475 2393 5548 Graecos
2422 5487 2652 5560 dicitur,
2703 5484 2754 5538 id
2796 5493 2917 5560 est,
2950 5475 3409 5560 quinquennium.
3459 5475 3593 5530 Hinc

304 5549 369 5618 ile
398 5549 665 5620 nocturnis
693 5549 1051 5628 illusionibus;
1070 5549 1253 5628 tertia,
1279 5564 1342 5618 de
1365 5579 1423 5618 ea
1451 5561 1587 5631 quod
1611 5549 1734 5616 dicit
1766 5549 1903 5632 Apa;
1925 5570 1979 5632 ι)
2005 5549 2146 5631 apud
2191 5562 2471 5632 Sidonium
2521 5557 2670 5632 (ALib.
2712 5571 2766 5632 rx
2807 5555 2956 5632 epist.
2985 5549 3075 5618 10)
3102 5549 3326 5632 bilustre
3355 5555 3589 5615 tempus,

301 5639 510 5692 stolus:
546 5637 667 5690 Non
690 5637 826 5691 enim
853 5635 988 5703 quod
1013 5635 1128 5688 volo
1157 5635 1366 5701 bonum,
1400 5635 1494 5686 hoc
1525 5633 1684 5698 facio,
1717 5642 1823 5686 etc.

379 5709 406 5746 ι
437 5710 686 5763 Lustrum
714 5705 922 5779 Isidoro
947 5713 1031 5760 est
1057 5703 1248 5779 (Lib.v
1278 5704 1895 5779 Elyiiiol.)_1rsvrusrepi_r,

305 5781 360 5834 id
383 5790 474 5842 est,
507 5774 931 5848 quinquennium,
960 5774 1095 5842 quod
1123 5778 1298 5848 quinto
1323 5774 1462 5830 anno
1491 5777 1682 5848 dicitur
1712 5774 1900 5848 condi,

310 5846 740 5934 inquitﬂprapter
767 5849 1137 5930 alympiadas-(
1158 5847 1198 5934 ξι
1220 5863 1271 5902 e.
1304 5849 1424 5934 loco
1453 5846 1839 5934 olympiadum)
1869 5861 1901 5898 α

2004 5624 2145 5700 quod
2173 5631 2489 5687 scholiastes
2519 5624 2840 5700 decennium
2867 5624 3274 5700 interpretatur;

2081 5713 2102 5742 ε
2132 5686 2308 5765 Illum,
2335 5711 2398 5756 ut
2421 5715 2564 5764 reor,
2593 5698 2661 5753 de
2686 5713 2790 5766 quo
2813 5709 2979 5765 supra
3005 5686 3185 5746 collat.
3213 5687 3303 5755 l8,
3327 5701 3446 5758 qua:
3471 5686 3591 5756 ejus

2009 5776 2225 5829 nomine
2256 5771 2588 5827 inscribitur.

2078 5827 2108 5881 ἀν
2134 5827 2447 5899 Diaconiam
2478 5841 2577 5896 hoc
2612 5841 2734 5894 loco
2763 5838 2921 5895 docet
2951 5828 3342 5910 Baronius_(In
3383 5827 3590 5910 Marty-

313 5900 582 5978 adbibi;
602 5900 984 5975 vAdhcheuim
1021 5900 1255 5974 coiniules
1282 5959 1296 5986 ,
1336 5900 1651 5987 adhuc'ert'i,
1677 5900 1905 5972 nandum
2009 5915 2110 5973 ral.
2144 5919 2177 5971 8
2209 5912 2446 5985 Augusti)
2479 5913 2650 5982 accipi
2685 5927 2780 5982 pro
2810 5910 2926 5980 ipsa
2969 5900 3297 5972 mcunomia,
3343 5915 3438 5958 seu
3479 5900 3590 5954 dis-
