4092 6322
475 289 611 354 1171

1525 290 1806 368 ΙΟᾼΝΝΙΞ
1841 291 2156 348 CASSIANI
2193 291 2685 354 COLLATIONES.

3609 284 3768 357 ἐιη

474 404 820 477 prmsidebat.
857 404 971 460 Non
999 403 1141 460 enim
1169 400 1235 456 ad
1264 400 1404 455 hunc
1435 401 1658 472 gradum
1689 402 1914 472 quilibet
1954 417 2074 470 pro-
2098 405 2147 466 Α
2176 402 2404 457 Domino
2457 403 2613 458 bona:
2668 402 2949 458 suavitatis
2999 402 3229 458 oti'ertis.
3288 403 3490 458 llarnnt
3550 407 3775 464 scilicet

437 496 442 502 ’
475 503 590 569 pria
613 501 890 556 voluntate
914 508 1005 553 aut
1026 497 1318 551 ambitione
1348 496 1678 566 provehitur,
1709 499 1804 552 sed
1832 497 1877 552 is
1903 512 2064 566 quem

475 601 790 647 cunctorum
839 592 1111 645 seniorum
1161 598 1338 643 cattus
1384 588 1558 643 aetatis
1609 587 1959 658 pratrogativa
2011 595 2068 642 et

430 687 436 692 ’
477 683 598 739 ﬁdei
625 695 784 753 atque
812 683 1068 737 virtutum
1111 682 1419 737 testimonio
1461 682 1908 737 excellentiorem
1950 696 2067 736 om-

431 779 436 784 '
477 771 632 830 uibus
660 774 1138 846 sublimioremque
1163 775 1454 831 censuerit.
1488 774 1572 830 Ad
1598 775 1737 831 hunc
1755 817 1770 843 ,
1810 777 2026 844 inquam
2047 816 2063 842 ,

475 874 691 924 beatum
721 853 981 922 Joannem
1011 882 1132 921 cum
1167 864 1266 936 pia:
1306 866 1611 922 devoﬁonis
1653 866 1831 922 studio
1873 865 2068 937 pracdi-

475 941 594 1014 ctus
627 970 751 1014 tunc
775 958 993 1028 juvenis
1021 959 1351 1029 advenisset,
1379 960 1630 1016 deferens
1670 959 1918 1030 religiosa
1949 975 2067 1014 mu-

479 1070 606 1108 nera
633 1053 774 1110 inter
800 1063 1025 1110 caeteros
1050 1069 1414 1125 possessores,
1441 1056 1532 1125 qui
1558 1054 1805 1110 certatim
1829 1055 2067 1110 decimas

476 1148 556 1202 vel
594 1148 857 1218 primitias
897 1147 1105 1218 frugum
1137 1164 1353 1204 suarum
1399 1157 1697 1203 memorato
1723 1147 1839 1203 seni
1866 1146 1934 1202 de
1955 1145 2068 1202 suis

477 1240 792 1296 substantiis
841 1240 1142 1297 oﬂ'erebant
1171 1282 1186 1307 ,
1239 1239 1552 1310 videretque
1599 1255 1692 1295 eos
1735 1255 1903 1296 senex
1946 1254 2068 1295 cum

477 1336 658 1389 multis
683 1335 748 1388 ad
778 1351 836 1389 se
861 1335 1172 1390 muneribus
1199 1335 1546 1401 conﬁnxisse,
1581 1345 1636 1390 et
1664 1333 1942 1390 devotioni
1972 1349 2068 1389 eo-

478 1442 598 1481 rum
625 1425 1046 1482 vicissitudinem
1080 1437 1301 1496 cuperet
1326 1443 1619 1494 repensare
1641 1472 1655 1495 ,
1686 1426 1851 1499 carpit
1879 1427 1958 1482 eis
1987 1442 2074 1482 se-

478 1520 711 1596 cundum
743 1522 1057 1591 Apostolum
1093 1520 1147 1592 (l
1185 1518 1304 1576 Cor.
1350 1520 1426 1590 ts)
1471 1520 1732 1590 spiritalia
1780 1521 2068 1587 seminare,

479 1628 705 1684 quorum
751 1617 986 1670 metebat
1028 1614 1166 1668 dona
1199 1613 1469 1680 carnalia;
1500 1613 1733 1684 denique
1761 1613 1836 1668 ita
1867 1627 2075 1669 sermo-

482 1720 605 1762 nem
635 1693 1026 1762 adhortationis
1053 1707 1302 1763 instituit.

1110 1818 1338 1877 CAPUT
1376 1819 1442 1875 ll.

485 1911 797 1968 Exhortatio
817 1912 1014 1968 abbatis
1035 1913 1256 1967 Joannis
1285 1913 1354 1968 ad
1380 1911 1644 1968 Theonam
1671 1922 1719 1968 et
1745 1920 1957 1970 cateros
1985 1914 2076 1985 qui

867 2004 871 2008 ·
1025 2001 1136 2038 cum
1175 2000 1236 2038 eo
1262 1995 1526 2040 venerunt.

558 2077 809 2134 Delector
830 2077 1072 2147 quidem,
1103 2093 1137 2133 ο
1165 2078 1261 2132 ﬁlii
1292 2078 1624 2146 cbarissimi,
1648 2080 1739 2150 pia
1767 2087 2075 2135 vestrorum

487 2184 775 2225 munerum
808 2170 1081 2242 largitate,
1112 2180 1168 2226 et
1193 2171 1539 2227 devotionem
1565 2172 1725 2241 hujus
1747 2172 2074 2243 oblationis,

485 2263 646 2334 cujus
684 2263 1024 2334 dispensatio
1073 2263 1208 2320 mibi
1237 2265 1443 2321 credita
1483 2275 1596 2335 est,
1643 2274 1922 2338 gratanter
1953 2282 2074 2321 am-

491 2355 721 2424 plector,
764 2356 889 2425 quia
920 2355 1156 2412 ﬁdeliter
1186 2356 1453 2427 primitias
1492 2369 1704 2414 vestras
1737 2374 1801 2416 ac
1834 2359 2077 2415 decimas

491 2447 846 2519 indigentium
919 2449 1107 2504 usibus
1157 2449 1466 2519 profuturas
1531 2452 1681 2508 velut
1747 2453 2076 2508 sacriﬁcium

2173 495 2455 550 oblatione
2483 496 2876 564 plenitudinem
2911 511 3123 565 quoque
3165 495 3434 549 ft‘Ut'tUttm
3471 498 3777 551 universas-

2170 604 2274 657 que
2305 588 2626 644 substantiae
2680 601 2899 653 vestrae,
2929 605 2995 643 ex
3037 605 3141 659 qua
3190 587 3306 642 brec
3355 588 3586 642 Domino
3630 590 3773 644 deli-

2172 682 2365 748 bastis,
2412 683 2646 738 ubertim
2697 683 3132 740 benedicendam
3193 683 3504 749 credentes,
3564 700 3775 754 vosque

2170 778 2465 832 secundum
2501 778 2740 833 mandati
2783 778 2927 833 illius
2974 777 3138 834 ﬁdem
3189 777 3485 849 multiplici
3518 779 3774 835 ubertate

2171 868 2440 924 bonorum
2487 870 2731 924 omnium
2783 871 2949 924 etiam
2995 871 3047 924 itt
3083 870 3188 926 hoc
3228 871 3429 925 saeculo
3477 871 3772 925 cumulan-

2172 962 2269 1018 dos
2331 981 2342 1016 :
2393 972 2419 1000 ι
2480 962 2694 1017 Honora
2743 962 2909 1018 Deum
2957 963 3021 1018 de
3065 965 3166 1017 tuis
3185 965 3345 1034 justis
3384 963 3678 1029 laboribus,
3720 974 3775 1018 et

2170 1054 2342 1110 deliba
2371 1058 2418 1111 ei
2448 1057 2510 1112 de
2536 1057 2786 1127 fructibus
2808 1058 3028 1130 justitiaz
3059 1069 3180 1124 luce,
3213 1068 3269 1110 ut
3300 1058 3612 1126 impleantur
3644 1061 3774 1111 hor-

2173 1167 2260 1204 rea
2309 1159 2399 1203 tua
2426 1150 2743 1204 abundantia
2770 1151 2962 1216 tritici,
2996 1151 3114 1204 vino
3141 1159 3312 1204 autem
3357 1150 3640 1205 torcularia
3674 1161 3770 1204 tua

2171 1243 2459 1297 redundent
2512 1241 2701 1314 (Prov.
2755 1242 2858 1313 tu).
2905 1243 3076 1310 Qttattt
3130 1243 3478 1298 devotionem
3531 1243 3771 1298 ﬁdeliter

2175 1345 2536 1403 exsequentes
2587 1333 2754 1407 [Lips.
2807 1336 2860 1388 in
2907 1353 3070 1406 marg.
3120 1335 3506 1408 assumentes],
3563 1335 3770 1393 scitote

2173 1439 2271 1478 vos
2299 1425 2433 1494 legis
2464 1427 2704 1494 antiquae
2752 1425 3021 1495 justitiam
3050 1441 3489 1492 consummasse,
3524 1427 3626 1481 sub
3658 1442 3770 1497 qua

2176 1525 2304 1572 tunc
2337 1519 2496 1586 positi
2553 1529 2605 1575 et
2637 1519 3097 1587 transgredientes
3141 1534 3262 1572 eam
3295 1529 3500 1572 reatum
3535 1519 3773 1574 inevita-

2176 1610 2354 1664 biliter
2412 1611 2799 1680 incurrebant,
2853 1621 2908 1666 et
2964 1611 3251 1679 intplentes
3293 1611 3358 1667 ad
3417 1611 3772 1682 perfectionis

2173 1703 2386 1771 apicem
2418 1703 2706 1772 pervenire
2738 1717 2844 1756 non
2879 1711 3143 1770 poterant.

2785 1791 3015 1849 CAPUT
3054 1792 3142 1848 Ill.

2367 1888 2446 1941 De
2474 1887 2792 1942 decimarum
2822 1897 2867 1940 et
2899 1888 3248 1958 primittarum
3276 1886 3557 1946 oblatione.

2253 1982 2483 2037 Decima:
2513 1980 2541 2021 ιι
2581 1981 2844 2050 siquidem
2891 1993 3164 2051 praecepto
3194 1980 3408 2036 Domini
3441 1983 3627 2039 usibus
3657 1982 3769 2041 Le-

2179 2077 2430 2142 vitarum,
2457 2088 2478 2115 σ
2513 2075 2814 2129 oblationes
2850 2091 2980 2130 vero
3011 2090 3076 2130 ac
3107 2075 3359 2145 primitias
3393 2087 3550 2132 erant
3575 2093 3770 2134 sacer-

2179 2171 2397 2225 dotibus
2441 2179 2774 2224 consecratae
2800 2166 2986 2235 (Nunt.
3015 2183 3046 2220 v
3072 2175 3121 2221 et
3147 2166 3322 2239 xvut);
3368 2168 3462 2223 sed
3499 2169 3771 2238 primitia-

2181 2279 2300 2317 rum
2353 2261 2441 2316 ltic
2489 2270 2608 2316 erat
2655 2260 2884 2324 modus,
2927 2268 2984 2312 ut
3028 2259 3471 2330 quinquagesima
3519 2275 3641 2331 pars
3679 2260 3770 2315 vel

2182 2356 2394 2426 frugum
2434 2355 2516 2410 vel
2551 2353 2904 2419 animalium,
2951 2352 3139 2420 templi
3172 2351 3253 2407 vel
3284 2351 3629 2408 sacerdotum
3670 2353 3773 2408 nti-

2185 2448 2409 2505 nisterio
2445 2447 2778 2517 praeberetur
2810 2443 3000 2515 (Num.
3036 2441 3139 2514 tu).
3169 2442 3341 2510 Quem
3372 2443 3592 2500 modum
3625 2448 3772 2517 tepi-

1542 2586 1800 2642 ALARDI
1841 2587 2074 2644 GAZIEI
2113 2584 2680 2643 COMMENTARIUS.

492 2675 810 2746 pensatione
837 2677 1174 2734 monasterii.
1204 2677 1671 2745 Dispensationem
1703 2678 1847 2733 enim
1890 2679 2081 2734 Latina

492 2761 624 2818 voce
647 2747 786 2802 idem
813 2764 1007 2805 munus
1028 2749 1261 2818 appellat
1289 2749 1584 2804 Cassianus
1609 2750 1739 2804 Inst.
1768 2749 1859 2803 lib.
1887 2767 1917 2802 v
1957 2767 2078 2816 cap.

490 2817 579 2890 10.
605 2817 676 2872 At
697 2820 866 2874 multo
888 2822 1220 2890 probabilius
1240 2821 1456 2876 videtur
1481 2824 1678 2889 accipi,
1709 2822 1848 2876 sicut
1870 2833 1924 2874 et
1953 2823 2080 2876 coll.

493 2888 637 2960 18c.
673 2890 704 2943 7
731 2899 784 2944 et
818 2888 1006 2946 rursus
1036 2893 1170 2946 intra
1199 2907 1249 2945 c.
1283 2893 1316 2948 8
1361 2902 1412 2947 et
1464 2891 1521 2957 9,
1570 2888 1666 2960 pro
1713 2893 1942 2946 collecta
1989 2907 2084 2948 seu

492 2959 814 3034 collectione
842 2964 1188 3034 pecuniarum
1213 2973 1264 3018 et
1291 2959 1758 3032 eleemosyuarum
1786 2981 1906 3032 quae
1936 2981 1962 3016 a
1992 2979 2084 3034 po-

494 3031 624 3098 pulo
651 3031 846 3086 diebus
875 3032 1158 3089 dominicis
1189 3031 1605 3089 coorercbantur
1642 3037 1692 3087 in
1731 3031 2006 3095 ecClesia,’
2033 3037 2084 3089 in

2187 2677 2425 2747 agimus,
2449 2677 2515 2731 de
2542 2675 3070 2747 universaeccelestis
3094 2675 3279 2747 gratim
3306 2689 3467 2745 quam
3520 2677 3773 2745 percepi-

2190 2745 2338 2812 mus,
2388 2747 2686 2801 substantia
2743 2746 2827 2800 vel
2881 2747 3123 2816 frugibus
3166 2745 3446 2800 Dominum
3495 2747 3772 2804 honorare

2183 2821 2456 2888 jubemur,
2502 2819 2605 2871 ltoc
2631 2828 2742 2879 est,
2773 2817 2889 2886 ejus
2915 2819 2965 2871 in
2996 2817 3265 2884 omnibus,
3291 2827 3343 2872 et
3369 2832 3475 2872 non
3505 2828 3768 2884 nostram,

2189 2905 2432 2962 quaerere
2465 2890 2698 2943 Iaudem.
2742 2889 2846 2962 Sed
2879 2899 2932 2944 et
2962 2890 3052 2943 ille
3083 2888 3367 2962 Dominum
3400 2889 3469 2944 de
3501 2904 3598 2943 sua
3642 2891 3772 2944 sub-

2191 2959 2386 3016 stantia
2437 2976 2766 3029 suarumque
2811 2961 3020 3029 frugum
3056 2959 3306 3027 primitiis
3343 2959 3617 3025 honorat,
3675 2962 3771 3029 qui

2190 3048 2352 3088 omne
2383 3032 2639 3102 quidquid
2679 3034 2801 3086 boni
2832 3045 3088 3098 operatur
3110 3074 3122 3096 ,
3153 3045 3260 3102 non
3296 3030 3396 3085 hoc
3425 3033 3539 3084 suis
3569 3032 3772 3086 viribus

494 3116 622 3155 usus
672 3102 1056 3176 monachorum
1106 3115 1158 3158 et
1203 3106 1430 3160 aliorum
1480 3120 1774 3176 pauperum
1802 3123 1814 3158 :
1857 3122 2084 3176 quarttm
2113 3101 2159 3166 C
2190 3118 2254 3161 ac
2275 3101 2502 3162 meritis.
2529 3104 2621 3158 sed
2663 3119 2909 3176 superum
2939 3103 3125 3170 gratim
3153 3101 3359 3176 tribuit,
3392 3117 3601 3176 memor
3626 3103 3773 3157 illius

493 3185 622 3226 cura
653 3180 710 3227 et
737 3172 1076 3243 dispensatio
1109 3178 1196 3230 uni
1231 3172 1498 3233 monacho
1527 3193 1555 3231 a
1581 3172 1888 3232 Senioribus
1915 3177 2090 3234 electo

495 3243 956 3311 committebatur,
994 3255 1052 3300 ut
1097 3247 1484 3302 monachorum
1508 3257 1564 3303 et
1605 3249 1956 3302 eremitarum
1999 3251 2090 3316 qui

497 3327 592 3382 per
621 3329 875 3388 ‘er‘emum
921 3317 1149 3384 dispersi
1199 3328 1390 3383 erant,
1439 3320 1778 3384 aliorumque
1814 3319 2087 3388 egentium

495 3392 591 3438 aut
619 3385 954 3442 inﬁrmorum
979 3389 1287 3444 neccSSitati
1314 3392 1640 3454 provideret.
1695 3385 1922 3446 Undevet
1945 3406 2091 3445 ueco-

498 3471 691 3531 noutus
728 3456 1047 3531 dicebatur;
1084 3460 1243 3515 hodie
1287 3461 1775 3531 eleetnosynarium
1810 3477 2086 3518 vocamus.

500 3523 556 3580 ld
583 3527 725 3602 enim
754 3529 886 3602 satis
918 3523 1104 3602 aperte
1133 3531 1469 3602 signiﬁcatur
1495 3523 1676 3587 verbis
1715 3535 2086 3602 sequentibus,

497 3611 619 3673 cum
662 3598 898 3673 dicitur:
941 3598 1022 3654 Ad
1049 3598 1414 3673 Itunebeatum
1440 3601 1698 3658 Joannem
1728 3598 1842 3658 cum
1875 3605 1975 3673 piw
2003 3598 2092 3660 de-

497 3669 910 3746 vationisst‘udio
934 3672 1214 3742 prcedictus
1245 3685 1362 3728 tunc
1375 3676 1582 3746 juvenis
1611 3669 1917 3741 advenisset,
1951 3676 2092 3746 defe-

496 3754 613 3820 rens
639 3739 879 3820 religiosa
906 3739 1120 3820 munera
1142 3746 1273 3820 inter
1300 3739 1509 3800 celeras
1533 3763 1850 3816 possessores
1871 3739 1959 3816 qui
1981 3739 2092 3800 cer-

499 3812 897 3887 tatim‘decimas
926 3815 1002 3887 vel
1031 3817 1292 3887 primitias
1325 3812 1543 3887 frugum
1567 3832 1775 3870 suarum
1814 3812 2090 3871 mémarato

497 3880 607 3933 seni
633 3880 698 3934 de
718 3883 1188 3955 suissubstantiis
1231 3880 1515 3955 ofl'éreb'ant
1542 3931 1557 3953 ,
1607 3897 1716 3944 etc.
1766 3887 2091 3944 Diet'bantur

500 3953 766 4032 autem‘lti
801 3953 935 4032 tales
963 3955 1222 4032 exhibere
1249 3953 1580 4032 aiutdeferre
1615 3958 1917 4012 diacouiant
1943 4000 1957 4021 ,
2001 3969 2092 4015 aut

504 4021 797 4098 praesidere
824 4023 1111 4098 diaconiae,
1141 4030 1282 4097 quod
1310 4029 1450 4084 idem
1477 4042 1616 4095 erat,
1656 4046 1717 4083 ac
1761 4033 2090 4098 pauperibus

502 4095 777 4172 erogando
819 4094 1195 4167 eleemosynas
1241 4102 1576 4168 ministrare,
1604 4094 1722 4160 aut,
1757 4094 1899 4167 quod
1934 4103 2090 4169 vulgo

502 4160 720 4240 dicitur,
768 4160 1325 4240 _mensae_pauperum
1380 4160 1632 4240 praeesse.
1686 4160 1805 4238 Quo
1866 4160 2090 4227 mune‘i'e

505 4232 672 4312 functi
702 4236 931 4312 primum
984 4232 1618 4312 Hierosolymis'septem
1669 4232 1828 4312 primi
1876 4244 2090 4298 diaconi

503 4303 571 4382 ab
592 4303 851 4382 apostolis
878 4323 940 4361 ea
958 4303 1255 4382 occasione
1278 4303 1502 4367 iusﬁtuii
1533 4303 1796 4382 (Actfvr),
1825 4323 1876 4367 et
1905 4312 2090 4369 Romae

504 4374 564 4459 S‘.
595 4374 918 4459 Laurentius
957 4380 1118 4435 levita
1149 4394 1203 4436 et
1231 4393 1434 4454 martyr
1473 4374 2088 4459 sub_S_ixto'_pontiﬁce,

502 4454 588 4527 et,
610 4453 655 4501 si
685 4453 997 4527 recentiora
1015 4467 1228 4527 quaeras
1277 4453 1544 4527 tempora,
1583 4456 1735 4509 Titus
1782 4456 2042 4527 diaconus
2068 4498 2084 4523 ,

504 4521 934 4592 cujAusAmetninit
966 4522 1029 4592 Ι)ἶ
1065 4523 1298 4592 Prosper
1323 4525 1373 4579 itt
1399 4525 1670 4580 Chronico
1703 4542 1844 4577 anno
1874 4521 2088 4582 Domini

502 4585 719 4669 b29_his
746 4591 963 4669 verbis;
1001 4591 1146 4669 Titus
1174 4585 1425 4669 diaconus
1455 4599 1530 4649 vir
1557 4607 1774 4669 sanctus
1797 4594 1968 4669 Bonus:
2003 4615 2091 4669 pe-

712 4665 1018 4740 pauperibus
1048 4665 1353 4740 distribuens
1380 4668 1695 4740 interfectus.
1734 4665 1868 4722 Vide
1892 4659 2090 4724 cetera

504 4728 843 4802 alibiinOtata
871 4733 1033 4802 (Coll.
1067 4738 1130 4789 18
1151 4753 1197 4790 e.
1231 4737 1283 4800 7)
1314 4736 1382 4793 de
1409 4728 1674 4792 diacouia.

574 4808 602 4838 ⁸
634 4801 710 4878 Ita
743 4801 923 4878 etiam
966 4822 1030 4860 ex
1077 4807 1291 4878 Graeco,
1318 4810 1450 4860 citat
1497 4807 1562 4861 D.
1614 4808 1974 4878 Hieronymus
2035 4810 2088 4864 in

506 4869 807 4945 [Ezechielis
853 4891 974 4945 cap.
1019 4893 1142 4931 ην.
1199 4877 1421 4941 Vulgata
1478 4887 1658 4932 autem
1718 4869 1882 4933 lect-io
1929 4889 2013 4934 est
2071 4899 2084 4933 :

504 4939 723 4996 Honora
748 4939 1028 5018 Dominum
1049 4949 1111 5001 de
1132 4957 1222 5002 tua
1242 4939 1555 5012 substantia,
1578 4950 1704 5005 etde
1727 4951 1962 5018 primitiis
1979 4957 2090 5018 fru-

505 5025 625 5092 gum
659 5016 889 5092 omnium
929 5020 1246 5092 tuaruntda
1277 5019 1587 5090 pauperibus
1616 5016 1802 5085 (Prov.
1839 5020 1938 5090 tu).
1980 5016 2090 5076 Ubi

503 5081 646 5163 idem
681 5085 1039 5163 Hieronymus
1069 5108 1082 5142 :
1116 5081 1464 5163 Multi'mu'lta
1494 5081 1854 5161 pauperibus,
1901 5081 1994 5147 sed
2021 5093 2089 5147 de

505 5151 678 5208 aliena
711 5151 1041 5233 substantia,
1085 5176 1149 5216 ac
1185 5160 1443 5233 frugibus
1465 5151 1510 5226 ,’
1535 5151 1671 5233 quas
1712 5166 1760 5217 vi
1791 5151 1873 5217 vel
1902 5163 2092 5218 fraude

507 5237 855 5308 rapuerunt;
889 5231 1150 5308 tribuunt.
1183 5232 1334 5308 Multi
1387 5231 1699 5308 largiuntur
1731 5236 1800 5308 de
1829 5249 1959 5308 suo;
1989 5235 2089 5308 sed

503 5292 792 5379 largiendo
816 5298 1101 5356 Dominum
1146 5318 1250 5356 non
1280 5292 1550 5379 honorant
1570 5347 1584 5370 ,
1613 5307 1735 5372 quia
1761 5292 1961 5379 favoris
1989 5305 2091 5359 huc

506 5377 682 5444 mani,
711 5379 766 5424 et
810 5385 1144 5444 non‘atnore
1191 5377 1412 5441 superni
1462 5377 1810 5444 inspectoris,
1865 5377 2085 5429 faciunt.

503 5434 766 5516 Qtti_ergo
813 5439 1111 5516 proﬁcuum
1154 5434 1661 5516 sibi-eleemosynaa
1690 5434 1919 5500 fructum
1970 5446 2089 5501 fore

505 5505 888 5584 desidefatfet
911 5513 980 5567 de
1003 5516 1116 5569 suis
1140 5516 1391 5584 pr0priis.
1421 5526 1476 5570 et
1507 5505 1559 5570 iti
1585 5516 1892 5572 Conditoris
1919 5517 2088 5571 Itono-
2128 5525 2133 5531 '

507 5592 623 5661 rem
639 5582 936 5661 tribttat,_ut
953 5582 1156 5661 scilicei
1181 5588 1452 5661 homines1
1468 5589 1557 5657 qui
1577 5589 1695 5656 ejus
1715 5589 1915 5656 plasma
1938 5599 2084 5661 sunt,

508 5653 708 5726 quique
733 5653 800 5708 ad
826 5655 944 5722 ejus
970 5655 1254 5726 imaginem
1280 5671 1403 5712 sunt
1429 5653 1577 5722 facti,
1608 5653 1943 5714 recreentur.
1969 5659 2084 5713 Non

510 5720 710 5799 solum
739 5720 1015 5799 autemde
1041 5720 1335 5799 substantia
1369 5720 1643 5798 pecuniae,
1673 5747 1829 5799 quam
1864 5731 2084 5796 pauperi

512 5791 868 5862 porrigimus,
917 5797 1014 5852 sed
1041 5797 1109 5853 de
1135 5810 1340 5853 cunctae
1370 5791 1526 5854 bona:
1553 5791 1883 5869 operationis
1924 5791 2082 5871 quam

2115 4489 2167 4549 D

2193 3177 2343 3230 verbi
2379 3193 2390 3227 :
2424 3175 2560 3240 Quia
2581 3176 2692 3227 sine
2719 3191 2797 3227 me
2827 3175 2957 3228 nihil
3001 3174 3210 3245 potestis
3233 3173 3400 3245 facere
3421 3173 3636 3241 (Matth.
3665 3177 3770 3241 vr).

2262 3245 2289 3283 δ
2317 3247 2537 3300 Numer.
2563 3263 2692 3299 xvm
2735 3247 2801 3299 de
2826 3244 3008 3300 levitis
3030 3244 3226 3298 dicitur
3258 3263 3269 3297 ε
3303 3244 3458 3298 Nihil
3485 3245 3628 3297 aliud
3650 3262 3774 3314 pos-

2188 3318 2443 3377 sidebant,
2479 3321 2794 3370 decimarum
2823 3317 3082 3372 oblatione
3103 3316 3360 3379 contenti,
3385 3332 3510 3385 quas
3547 3319 3600 3368 in
3645 3333 3774 3369 usus

2191 3405 2367 3444 eorum
2398 3398 2443 3442 et
2482 3388 2762 3442 necessaria
2793 3389 3046 3453 separari.
3096 3388 3266 3442 Porro
3313 3397 3453 3438 totus
3502 3387 3588 3440 hic
3619 3387 3773 3440 locus

2191 3473 2254 3515 ex
2280 3461 2673 3514 commentario
2699 3460 2766 3514 D.
2794 3460 3100 3530 Hieronymi
3125 3461 3176 3511 iu
3199 3458 3499 3511 Ezechielis
3519 3474 3641 3526 cap.
3668 3474 3773 3512 ην

2193 3531 2508 3600 desumptus
2547 3531 2787 3595 videtur,
2833 3531 2919 3585 ubi
2949 3541 3180 3600 quatuor
3209 3543 3403 3596 genera
3436 3530 3770 3582 decimarum

2190 3599 2468 3670 distinguit
2515 3619 2529 3656 :
2562 3601 2770 3662 δεκάδα.
2800 3599 2987 3670 inquit,
3017 3602 3114 3655 hoc
3140 3607 3240 3663 est,
3280 3599 3523 3652 decimam
3572 3610 3773 3668 partem

2192 3674 2420 3754 omnium
2451 3675 2681 3754 frugum,
2712 3673 2951 3754 Leuitico:
2978 3673 3130 3754 tribui
3159 3673 3382 3754 populus
3399 3688 3462 3724 ea;
3483 3670 3594 3752 lege
3613 3672 3771 3754 debe-

2192 3745 2298 3798 bat.
2322 3744 2551 3798 Rursum
2571 3761 2636 3797 ea:
2665 3745 2790 3816 ipsis
2815 3743 3025 3798 decimis
3073 3743 3262 3804 levitw,
3290 3744 3383 3795 ltoc
3419 3743 3774 3816 esI,_ittferit.r

2193 3817 2543 3888 ministrorum
2573 3814 2768 3888 gradus
2787 3861 2800 3882 ,
2836 3817 3058 3888 decimas
3081 3816 3238 3888 dabat
3282 3814 3632 3888 sa_t'erdotibus
3659 3854 3674 3876 ,
3722 3822 3773 3864 et

2191 3886 2300 3960 hinc
2316 3895 2391 3960 est
2416 3903 2529 3960 quce
2548 3883 2842 3958 appellatur
2867 3885 3280 3960 δευτεροδεκὰδα-
3310 3883 3474 3960 Erunt
3496 3899 3697 3960 {tumlti}2
3723 3893 3772 3960 ςε

2191 3957 2311 4010 alia:
2357 3953 2590 4020 desinite,
2621 3953 2748 4026 quas
2797 3953 3143 4026 unusquisque
3173 3961 3236 4016 de
3282 3956 3475 4025 populo
3506 3953 3674 4007 Israel
3719 3955 3772 4006 in

2191 4030 2294 4080 suis
2322 4029 2520 4081 horreis
2545 4029 2816 4097 sepurabat
2838 4070 2849 4087 ,
2899 4039 2954 4081 ut
2993 4031 3276 4084 comederct
3303 4044 3388 4079 eas
3424 4043 3541 4078 cum
3575 4029 3671 4078 iret
3703 4027 3773 4078 ad

2191 4099 2466 4165 templum,
2525 4101 2579 4152 in
2616 4103 2738 4153 urbe
2775 4099 3090 4167 Jerusalem,
3121 4110 3167 4154 et
3204 4104 3254 4156 in
3285 4098 3529 4153 vestibulo
3564 4099 3770 4165 templi,

2192 4179 2235 4220 et
2258 4171 2547 4224 sacerdotes
2566 4189 2625 4224 ac
2653 4171 2829 4225 let-itas
2847 4172 3086 4223 invitaret
3113 4172 3180 4224 ad
3201 4171 3445 4228 convivia.
3475 4167 3635 4221 Erant
3674 4183 3772 4218 au-

2191 4248 2290 4311 tem
2311 4250 2359 4294 et
2383 4241 2502 4295 alite
2523 4243 2753 4307 decintw,
2785 4258 2911 4310 quas
2935 4244 3245 4311 pauperibus
3270 4239 3630 4311 recondebat!“
3657 4252 3773 4306 Ψπ

2192 4307 2375 4364 ΰναεεο
2425 4330 2652 4365 sermone
2696 4307 3051 4382 appellantur
3080 4308 3610 4382 πτωχοδεκάδαιηΑῑ
3653 4323 3772 4360 r-cro

2194 4337 2375 4364 UT(L'CU
2425 4337 2652 4365 δωίηυηε
2696 4337 3035 4382 uppt'ttuutur
3080 4337 3191 4368 πτω
3244 4337 3498 4368 Οοεκαῠαιο
3545 4337 3610 4361 ηι
3654 4337 3767 4360 ι’(Ίυ

2194 4384 2451 4448 primitit'a
2474 4383 2547 4453 (id
2571 4384 2965 4455 esl,primitia:)
2993 4399 3104 4455 qua:
3126 4337 3438 4455 defiugibus
3462 4379 3767 4455 oﬂ'erebant,

2193 4469 2294 4506 non
2321 4451 2702 4520 erantspeciali
2732 4451 3311 4523 numero'deﬁnita,'sed
3335 4451 3658 4523 oﬂ‘erentium
3688 4468 3773 4502 ar-

2193 4523 2342 4595 bitrio
2361 4525 2630 4589 derelicta;
2653 4521 3080 4595 traditionemque
3096 4529 3381 4595 accepimus
3400 4521 3768 4595 Hebr-morum,

2190 4611 2292 4647 non
2325 4593 2435 4666 lege
2472 4606 2775 4663 praeceptam
2802 4637 2815 4660 ,
2851 4598 2942 4650 sed
2973 4593 3326 4666 magistrorum
3365 4593 3742 4666 arbitrioinoli

2190 4673 2295 4719 tam
2339 4663 2474 4736 {qui
2501 4667 2802 4736 plurimum,
2848 4663 3296 4736 quadragesimum
3338 4674 3537 4732 partem
3576 4663 3772 4715 dabant

2189 4737 2568 4809 sacerdotibus;
2609 4739 2695 4800 qui
2727 4739 3014 4798 minimum,
3041 4740 3409 4809 sexagesimum
3428 4749 3445 4809 ς
3476 4736 3769 4809 interque-

2190 4807 2532 4880 d"“!l¢"l"'0m
2569 4817 2615 4861 et
2645 4810 3017 4880 sexagesimum
3058 4805 3238 4880 licebat
3269 4806 3443 4872 o/Tert'i
3485 4805 3770 4880 quodcum-

2187 4875 2612 4946 que’roluissent.
2650 4875 2800 4944 Quod
2846 4880 3003 4947 igitur
3041 4881 3096 4932 in
3146 4879 3497 4933 Pentateucho
3558 4875 3771 4926 dubium

2191 4949 2488 5001 derelictum
2530 4961 2622 5013 est,
2658 4952 2740 5003 hic
2766 4951 3054 5018 specialiter
3087 4951 3333 5016 deﬁnitur
3361 4956 3571 5017 propter
3597 4961 3771 5018 (sarcr-

2191 5021 2366 5072 dotum
2402 5022 2702 5085 avaritiam,
2736 5016 2802 5074 ne
2818 5021 3044 5088 amplius
3067 5039 3099 5073 a
3131 5021 3319 5088 populo
3350 5016 3559 5086 exigant
3589 5016 3641 5067 in
3664 5017 3771 5088 pri-

2191 5091 2346 5143 mitiis
2372 5091 2689 5159 deferendis,
2717 5093 2770 5145 id
2815 5085 2915 5152 est,
2942 5102 2995 5144 ut
3019 5085 3386 5162 sexagesimum
3418 5085 3618 5162 partem
3645 5085 3773 5149 oﬂ’e-

2189 5170 2306 5214 rant
2326 5179 2509 5232 eorum
2537 5179 2647 5231 qtae
2673 5165 2950 5232 gignuntur
2983 5179 3009 5214 e
3040 5159 3194 5218 terra.
3233 5162 3354 5214 llaec
3387 5159 3771 5232 Hieronymus.

2263 5243 2283 5270 ο
2317 5231 2468 5286 Sicut
2499 5228 2564 5286 es
2610 5228 2831 5288 decuriis
2859 5233 2997 5287 datis
3025 5249 3054 5285 a
3085 5233 3233 5286 laicis
3257 5229 3636 5286 sacetdotibus
3679 5228 3774 5281 de-

2189 5303 2342 5374 c_int:t~
2366 5305 2720 5358 sumebantur
2747 5319 2867 5372 quae
2894 5305 3122 5374 principi
3148 5303 3486 5374 sacerdotum
3532 5314 3565 5374 a_
3591 5313 3776 5374 sacer-

2189 5372 2405 5427 dotibus
2433 5371 2773 5428 infcrioribus
2795 5371 3085 5440 dalianturj
3115 5375 3182 5428 ita
3217 5372 3379 5427 ﬁebat
3397 5372 3466 5427 de
3489 5371 3772 5442 primitiis,

2147 5494 2164 5510 ,
2188 5453 2243 5498 et
2272 5444 2590 5499 dicebantur
2620 5446 2735 5498 ista:
2769 5445 2995 5500 decima:
3023 5446 3373 5508 decimarum,
3423 5454 3476 5498 et
3515 5443 3772 5508 primitiae

2191 5517 2566 5583 priutitiarum.
2599 5516 2698 5582 Qui
2727 5532 2816 5569 eas
2848 5516 3110 5571 oﬂ‘erebat
3133 5559 3147 5581 ,
3183 5517 3397 5570 dicebat
3427 5531 3442 5570 :
3477 5513 3610 5569 Ecce
3630 5529 3774 5566 nunc

2189 5603 2280 5658 ego
2295 5585 2446 5639 attuli
2468 5586 2558 5640 tibi
2581 5588 2833 5655 primitias
2847 5593 3054 5658 frugum
3075 5598 3242 5649 terra,
3261 5603 3390 5657 quas
3406 5587 3594 5639 dedisti
3616 5585 3770 5649 mihi,

2189 5655 2428 5710 Domine.
2448 5658 2547 5712 Cui
2573 5655 2996 5726 respondebatur
3021 5678 3035 5714 :
3061 5655 3368 5714 Benedictus
3390 5671 3443 5711 tu
3463 5659 3518 5711 in
3539 5660 3769 5718 civitate,

2187 5739 2234 5781 et
2260 5730 2550 5783 benedictus
2572 5731 2694 5782 tuin
2718 5747 2867 5799 agro.
2902 5730 3160 5784 Benedicti
3190 5732 3285 5797 lilii
3315 5731 3446 5782 uteri
3473 5729 3579 5792 tui,
3604 5737 3650 5779 et
3681 5745 3774 5796 ge-

2191 5801 2386 5855 nimina
2413 5811 2560 5857 terra:
2590 5812 2709 5869 tua’,
2738 5813 2785 5856 et
2803 5807 3006 5873 fructus
3019 5806 3378 5874 jutnentorum
3397 5810 3631 5864 tuorum,
3653 5809 3768 5852 etc.
