4092 6322
368 221 510 280 1173

1051 227 1361 328 COLLA'TO
1399 230 1542 286 XXI.
1575 263 1646 274 —
1671 233 1760 288 DE
1799 231 2216 294 REMISSIONE
2254 235 2866 305 QUINQUAGESlllE.

3487 245 3623 302 ιιτι

367 335 548 390 diores
567 333 1404 410 quiqueinﬁdelitcrminuentes,
1431 343 1940 414 religiosioresvero
1967 351 2021 408 Α
2045 358 2096 400 et
2129 363 2222 416 pro
2251 349 2335 402 his
2375 350 2602 424 Domino
2633 351 2718 420 pie
2749 349 3058 420 supplicans
3079 391 3094 418 ,
3137 351 3293 408 etiam
3325 355 3621 424 lugubriter

365 425 530 482 etiam
571 427 940 496 cumulantes,
975 429 1052 484 illi
1089 447 1154 485 ex
1185 434 1542 503 sexagesima,
1589 437 1638 490 hi
1673 447 1852 492 autem
1877 453 1941 494 ex

365 518 782 590 quadragesima
837 519 1104 576 fructuum
1143 538 1364 578 suorum
1411 537 1561 596 parte
1615 528 1942 598 pendebant.

365 619 390 648 ⁸
411 609 551 666 Justi
573 611 738 676 enim.
763 613 956 682 quibus
985 617 1068 669 lex
1089 631 1195 670 non
1219 629 1300 671 est
1323 620 1515 688 posita,
1541 620 1621 676 sic
1648 621 1946 688 probantur

363 719 472 759 non
506 719 628 760 esse
669 706 769 759 sub
795 705 941 776 lege,
989 717 1045 761 ut
1067 708 1303 776 justitias
1335 711 1470 782 legis
1499 727 1604 766 non
1632 713 1809 767 solum
1839 714 1944 767 im-

361 798 534 868 plere,
561 813 753 854 verum
781 803 942 856 etiam
967 815 1226 872 superare
1255 805 1606 876 contendant,
1642 807 1817 878 sitque
1843 807 1942 863 de-

361 891 508 945 votio
534 905 722 947 eorum
745 891 902 960 legali
929 895 1100 962 major
1123 897 1372 965 imperio,
1395 913 1514 968 quae
1543 899 1945 954 observantiam

359 983 644 1040 cumulans
694 997 1088 1056 praceptorum
1116 987 1418 1043 voluntaria
1473 987 1641 1062 [Lips.
1680 990 1736 1046 in
1776 1007 1940 1062 marg.

309 1106 324 1118 -
361 1077 688 1152 voluntarie]
727 1080 889 1136 addat
913 1080 980 1136 ad
1011 1081 1218 1138 debita.

977 1197 1202 1258 CAPUT
1239 1199 1328 1254 IV.

362 1285 516 1352 Quod
547 1285 838 1352 Abraham,
869 1286 1038 1364 Dauid
1070 1298 1116 1344 et
1155 1291 1324 1344 σωτενί
1351 1291 1516 1346 sancti
1546 1291 1789 1346 mandata
1816 1291 1943 1364 legis

864 1361 1058 1428 fuerint
1097 1365 1432 1432 supergressi.

427 1449 504 1504 Its
553 1464 786 1519 namque
829 1459 886 1530 et
933 1451 1204 1506 Abraham
1255 1453 1448 1507 futurae
1489 1451 1622 1524 legis
1671 1463 1940 1522 przecepta

357 1543 587 1614 legimus
617 1557 1022 1614 supergressum
1043 1585 1056 1607 ,
1082 1559 1202 1600 cum
1235 1546 1501 1616 superatis
1539 1556 1768 1616 quatuor
1793 1547 1942 1616 regi-

355 1633 478 1700 bus,
520 1633 588 1690 de
619 1635 806 1704 spoliis
835 1635 1193 1692 Sodomorum
1218 1679 1233 1704 ,
1267 1653 1385 1708 quae
1413 1637 1517 1692 sibi
1561 1639 1706 1692 velut
1741 1639 1941 1693 victori

2046 439 2214 508 ﬂevit,
2240 451 2293 497 et
2319 443 2462 498 ultus
2491 453 2572 498 est
2605 441 2938 498 interfectos.
2991 445 3065 498 lla
3111 445 3279 522 [ﬁliam
3313 463 3526 520 quoque
3567 465 3622 506 et.

2045 535 2332 590 Jeremiam
2361 537 2646 608 probamus
2690 552 2798 592 non
2828 536 2996 594 fuisse
3035 539 3135 592 sub
3166 539 3280 614 lege
3307 580 3324 606 ,
3369 543 3460 611 qui
3499 557 3620 599 cum

2045 625 2191 681 licito
2223 629 2295 681 uti
2324 628 2572 698 coujugio
2602 629 2803 697 absque
2846 627 3264 698 reprehensione
3287 634 3620 704 potuissent,

2050 731 2427 788 °perseverare
2451 733 2629 776 tamen
2655 721 2890 790 virgines
2913 723 3239 776 maluerunt.
3256 723 3344 778 Sic
3369 724 3626 779 Elisaeum

2045 825 2110 865 ac
2135 811 2370 880 reliquos
2395 811 2636 882 ejusdem
2669 812 2926 882 propositi
2957 813 3104 868 viros
3127 812 3358 868 Mosaica
3397 813 3626 884 legimus

2046 915 2331 970 superasse
2363 901 2612 956 mandata
2632 944 2648 970 ,
2692 901 2760 960 de
2805 902 3000 974 quibus
3029 903 3318 973 Apostolus
3347 905 3418 958 ita
3447 903 3580 960 dicit
3608 925 3622 959 :

2045 992 2418 1048 Circumierunt
2465 994 2519 1048 in
2547 994 2748 1048 metatis
2769 1035 2784 1058 ,
2821 995 2874 1048 in
2929 994 3144 1066 pellibus
3173 996 3429 1070 caprinis,
3452 1012 3624 1068 angu-

2046 1085 2162 1140 tiati
2183 1127 2197 1152 ,
2220 1085 2410 1158 afﬂicti,
2441 1095 2664 1157 egentes,
2691 1085 2871 1158 quibus
2892 1087 3080 1157 dignus
3110 1103 3210 1140 non
3243 1095 3350 1142 erat
3379 1087 3625 1156 mundus,

2044 1179 2100 1232 in
2119 1177 2482 1233 solitudinibus
2503 1187 2755 1246 errantes,
2776 1188 2822 1233 et
2841 1179 2892 1232 in
2910 1179 3188 1244 montibus,
3209 1187 3254 1232 et
3274 1181 3328 1232 in
3345 1181 3620 1252 speluncis,

2045 1279 2092 1324 et
2119 1271 2172 1326 in
2200 1271 2426 1326 cat'ernis
2447 1280 2594 1324 terra:
2611 1269 2793 1342 (Hebr.
2821 1270 2920 1342 ιι).
2941 1267 2966 1308 ά
2990 1271 3124 1340 Quid
3148 1271 3215 1326 de
3242 1271 3365 1328 (iliis
3384 1255 3626 1350 Jonadab

2047 1363 2139 1417 lilii
2163 1360 2380 1418 Rechab
2401 1361 2598 1432 dicam,
2627 1377 2762 1432 quos
2787 1363 3349 1436 Jeremitepmphetae,
3379 1347 3628 1436 ollerenti

2043 1470 2112 1511 ex
2143 1465 2417 1526 praecepto
2439 1453 2651 1510 Domini
2667 1454 2874 1524 vinum,
2901 1456 2970 1510 ita
2996 1457 3224 1526 legimus
3246 1457 3622 1528 respondisse:

2043 1545 2162 1602 Non
2213 1546 2447 1602 bibimus
2493 1547 2718 1614 vinum,
2766 1547 2887 1618 quia
2933 1545 3178 1602 Jonadab
3222 1548 3361 1602 ﬁlius
3407 1547 3627 1622 Rechab

2043 1647 2198 1708 pater
2245 1651 2436 1693 noster
2477 1637 2730 1708 praecepit
2775 1639 2964 1704 nobis,
3011 1640 3197 1696 dicens
3230 1657 3244 1696 :
3279 1641 3402 1694 Non
3445 1642 3627 1712 bibetis

355 1741 462 1783 n0n
499 1729 768 1784 immerito
789 1729 1146 1796 debebantur,
1167 1742 1222 1785 et
1249 1729 1466 1800 quidem
1491 1745 1617 1802 rege
1639 1729 1764 1800 ipso
1787 1730 1942 1800 cujus
1971 1731 2022 1792 Β
2045 1731 2218 1784 vinum
2245 1745 2331 1784 ros
2357 1739 2402 1784 et
2428 1727 2526 1798 ﬁlii
2556 1731 2731 1800 vestri,
2765 1745 2925 1802 usque
2947 1731 2998 1783 in
3027 1733 3386 1804 sempiternum
3404 1772 3420 1798 ,
3451 1741 3497 1785 et
3527 1733 3626 1794 do_-

355 1819 524 1889 spolia
559 1820 816 1875 retulerat
861 1821 1175 1892 suppliciter
1216 1821 1478 1876 oll'erente
1503 1864 1518 1890 ,
1551 1821 1686 1876 nihil
1727 1825 1942 1891 penitus

354 1911 648 1982 acquiescit
669 1909 957 1980 attingere,
988 1912 1088 1966 sub
1107 1913 1279 1968 divini
1299 1915 1533 1968 nominis
1561 1913 1942 1970 testificatione

355 2005 696 2074 proclamans
729 2022 742 2056 ε
779 2003 1016 2058 Extende
1043 2021 1252 2058 manum
1283 2021 1446 2059 meam
1473 2005 1540 2060 ad
1579 2003 1748 2060 Deum
1775 2007 1944 2060 excel-

354 2111 488 2162 sum,
537 2097 622 2165 qui
653 2097 774 2166 fecit
809 2098 990 2150 caelum
1026 2107 1075 2151 et
1101 2107 1312 2164 terram,
1343 2099 1388 2152 si
1415 2116 1446 2152 a
1472 2097 1562 2168 ﬁlo
1606 2097 1947 2170 subtegminis

353 2205 519 2260 usque
549 2189 615 2240 ad
658 2189 932 2259 corrigiam
961 2189 1143 2260 caligat
1183 2191 1432 2260 accipiam
1477 2206 1540 2244 ea:
1564 2190 1797 2244 omnibus
1827 2197 1950 2260 qua!

357 2291 446 2332 tua
473 2290 590 2334 sunt
619 2278 828 2353 (Cenes.
871 2281 1006 2352 xiv).
1046 2283 1134 2337 Sic
1167 2281 1330 2338 David
1367 2293 1638 2354 praecepta
1671 2281 1804 2352 legis
1849 2295 1940 2338 co-

2047 1839 2188 1877 mum
2232 1839 2335 1877 non
2365 1821 2710 1892 cediﬁcabitis,
2743 1832 2790 1876 et
2818 1831 3090 1876 sementem
3113 1841 3214 1878 non
3243 1821 3416 1878 s'eretis
3435 1869 3448 1892 ,
3476 1835 3521 1879 et
3547 1827 3626 1878 ci-

2064 1931 2168 1970 teas
2189 1929 2290 1968 non
2322 1913 2643 1983 plantabitis,
2677 1929 2769 1968 nec
2792 1913 3066 1977 habebitis,
3097 1915 3186 1968 sed
3212 1915 3265 1970 in
3283 1917 3625 1990 tabernaculis

2045 2005 2342 2060 habitabitis
2370 2007 2568 2061 cunctis
2595 2003 2772 2060 diebus
2799 2007 2978 2060 vestris
3008 2003 3223 2078 (Jerem.
3253 2005 3440 2076 xxxv).
3472 2005 3629 2062 Unde

2047 2097 2210 2154 etiam
2254 2099 2320 2152 ab
2363 2096 2556 2152 eodem
2607 2097 2868 2168 prOpheta
2909 2107 3188 2152 merentur
3213 2097 3400 2152 audire
3435 2114 3449 2150 :
3502 2095 3628 2151 Ila'c

2047 2191 2174 2244 dicit
2219 2189 2472 2244 Dominus
2509 2191 2848 2256 exercituum,
2875 2187 3013 2244 Deus
3041 2187 3211 2244 Israel
3234 2206 3250 2242 :
3278 2189 3397 2243 Non
3429 2189 3630 2258 deficiet

2047 2283 2126 2336 vir
2168 2283 2232 2336 de
2255 2283 2412 2354 stirpe
2440 2279 2681 2336 Ionadab
2707 2281 2806 2352 ﬁlii
2829 2280 3034 2337 Rechab
3055 2323 3070 2348 ,
3101 2291 3242 2338 stans
3273 2283 3326 2336 in
3354 2291 3628 2354 conspectu

353 2373 664 2442 gnoscimus
691 2389 1118 2444 supergressum,
1153 2377 1246 2448 qui
1267 2376 1296 2416 ιι
1331 2379 1682 2450 praecipiente
1719 2379 1866 2434 Mose
1889 2389 1950 2434 ut
2042 2393 2158 2436 meo
2180 2377 2374 2429 cunctis
2401 2375 2576 2430 diebus
2598 2372 2809 2448 (Ibid.).
2835 2375 2940 2442 Qui
2969 2391 3158 2430 omnes
3190 2374 3389 2430 otl'erre
3415 2391 3628 2446 posses-

357 2465 588 2520 inimicis
619 2465 745 2521 talio
775 2467 1125 2536 redderetur,
1155 2484 1262 2525 non
1295 2471 1472 2526 solum
1499 2469 1602 2526 hoc
1631 2487 1740 2526 non
1793 2472 1938 2538 fecit,

357 2571 544 2611 verum
575 2561 734 2614 etiam
764 2557 1054 2617 dilectione
1081 2561 1398 2633 complexus
1427 2573 1512 2618 est
1535 2573 1944 2634 persequentes,

2043 2469 2258 2523 sionum
2282 2481 2502 2522 suarum
2531 2465 2774 2522 decimas
2796 2483 2902 2522 non
2924 2465 3184 2536 contenti,
3218 2465 3314 2520 sed
3346 2467 3457 2536 ipsa
3491 2481 3630 2536 prae-

2047 2561 2134 2616 dia
2153 2569 2496 2632 reSpuentes,
2515 2563 2838 2634 semetipsos
2849 2561 3030 2634 potius
3053 2563 3163 2618 Deo
3186 2576 3249 2616 ac
3272 2576 3398 2616 suas
3416 2559 3626 2636 anima;

1401 2719 1658 2776 ALARDI
1699 2717 1932 2776 GAZEI
1969 2715 2537 2776 COMMENTARIUS.

363 2907 376 2918 .
495 2831 606 2916 Lex
632 2833 1142 2920 ,‘aitl-A'p‘ostolus,‘
1172 2839 1322 2920 justo
1361 2851 1466 2890 non
1494 2843 1568 2918 e_st
1607 2836 1811 2908 posita,
1852 2833 1942 2916 sed

357 2904 818 3032 ἷέἶῖἓῗέῗιήῗξῗδοὲἶ
836 2903 1944 3048 magis}Eii'iii°ii°§iiﬁti‘il“iiui3;

2053 2849 2143 2900 per
2168 2831 2490 2898 charitatem,
2523 2851 2676 2904 quam
2701 2833 2928 2903 Spiritus
2957 2843 3164 2888 sanctus
3194 2833 3429 2890 cordibus
3451 2851 3631 2888 eorum

2045 2905 2264 2972 infudit,
2295 2907 2588 2976 voluntarie
2611 2905 2666 2958 id
2687 2905 2823 2975 quod
2843 2905 2970 2976 legis
2990 2915 3066 2959 est
3087 2905 3318 2976 implent.
3340 2905 3457 2976 Alio
3480 2907 3632 2958 modo

2055 2985 2216 3044 potest
2247 2975 2488 3044 intelligi,
2511 2977 2566 3030 in
2591 2985 2844 3048 quantum
2866 2975 3082 3030 hominis
3097 2975 3254 3048 opera
3265 2977 3352 3046 qui
3373 2993 3404 3028 a
3429 2975 3634 3048 Spiritu

358 3065 476 3128 cap.
658 3044 946 3128 petendum
986 3063 1110 3104 esse
1137 3044 1210 3128 es:
1229 3044 1944 3128 aliis_siniilibus_ejusdem
1973 3044 2021 3110 C
2049 3049 2444 3128 sancto-agitur,
2463 3044 2626 3128 "regis
2648 3048 2894 3128 dignatur
2914 3063 3021 3102 esse
3043 3044 3196 3128 opera
3217 3044 3446 3116 Spiritus
3469 3044 3634 3100 sancti

359 3117 604 3185 Apostoli
638 3120 939 3186 sententiis,
964 3129 1024 3174 ut
1048 3130 1131 3175 est
1153 3121 1246 3174 illa
1272 3123 1336 3174 ad
1357 3120 1516 3175 Rom.
1541 3136 1594 3175 vt
1622 3137 1636 3174 :
1663 3117 1786 3173 Non
1804 3119 1945 3173 enim

358 3189 478 3243 estis
507 3189 600 3262 sub
627 3189 756 3262 lege,
789 3189 878 3244 sed
903 3189 994 3245 sub
1024 3193 1226 3262 gratia;
1271 3203 1324 3246 et
1355 3207 1474 3259 cap.
1513 3207 1588 3246 vn
1617 3209 1632 3245 :
1659 3190 1816 3244 Nunc
1843 3207 1946 3262 αυτ

359 3269 460 3332 tem
501 3261 665 3332 soluti
701 3279 874 3314 sumus
901 3277 934 3315 a
957 3261 1088 3332 lege,
1119 3264 1172 3316 in
1209 3279 1310 3328 qua
1355 3263 1742 3328 detinebantur;
1785 3273 1845 3332 et
1879 3261 1946 3314 ad

363 3331 484 3402 Gal.
535 3347 562 3382 v
599 3349 611 3383 :
644 3331 704 3384 Si
733 3334 918 3402 spiritu
947 3331 1218 3402 ducimini,
1247 3349 1346 3386 non
1377 3333 1498 3388 estis
1523 3334 1625 3402 sub
1646 3333 1775 3402 lege.
1817 3331 1948 3400 Qui-

363 3401 462 3454 bus
513 3401 792 3456 sententiis
821 3419 926 3456 non
976 3401 1244 3470 significat
1274 3403 1567 3472 Apostolus
1609 3401 1787 3472 jus’los
1839 3419 1944 3456 non

363 3473 534 3526 teneri
587 3473 792 3538 legibus
813 3516 828 3539 ,
861 3475 944 3528 vel
979 3489 1082 3528 non
1113 3489 1334 3544 peccare
1363 3475 1407 3542 si
1455 3475 1626 3542 legem
1669 3487 1774 3526 n0n
1831 3487 1947 3544 ser-

365 3553 524 3608 vent;
553 3544 648 3598 sed
678 3559 782 3598 non
810 3545 1006 3600 habere
1037 3543 1212 3614 legem
1241 3561 1400 3610 supra
1425 3560 1514 3610 se,
1543 3544 1694 3612 quasi
1717 3543 1946 3598 cervici-

363 3615 464 3668 bus
493 3615 602 3668 suis
635 3615 1008 3669 imminentem
1032 3657 1046 3680 ,
1079 3625 1134 3670 et
1171 3615 1384 3685 ﬂagello
1415 3625 1708 3668 terrentem
1738 3629 1800 3667 ac
1843 3615 1946 3666 mi-

367 3696 584 3740 nantem
610 3727 626 3750 ,
662 3697 717 3738 ιιι
747 3686 948 3742 habent
991 3687 1194 3754 injusti,
1236 3689 1322 3756 qui
1351 3687 1543 3740 timore
1573 3685 1947 3756 tantummodo

367 3771 537 3822 paena:
589 3757 796 3826 legibus
834 3755 1263 3828 robtemperant.
1297 3757 1600 3828 Operantur
1626 3763 1768 3810 enim
1815 3755 1948 3828 juSIi

367 3829 566 3880 bonum
598 3843 783 3882 amore
825 3827 1050 3894 iustitia:
1079 3843 1142 3883 ac
1173 3827 1357 3883 libenti
1409 3829 1630 3892 animo,
1675 3827 1948 3896 operaturi

365 3899 576 3968 etiamsi
609 3899 692 3968 lex
723 3915 826 3952 non
855 3911 1020 3966 esset,
1046 3909 1138 3954 attt
1160 3901 1359 3952 nullam
1387 3915 1598 3968 pmnam
1627 3899 1944 3954 minaretur.

371 3967 520 4022 Unde
544 3967 642 4040 ipsi
669 3969 903 4042 sibisunt
927 3971 1042 4042 lex,
1067 3971 1188 4024 dum
1212 3967 1495 4042 ostendunt
1525 3969 1800 4042 apusilegis
1824 3970 1950 4022 scri-

366 4049 510 4110 ptum
561 4039 621 4110 iri
653 4039 895 4094 cordibus
936 4041 1064 4106 suis,
1097 4043 1230 4094 sicut
1281 4039 1569 4110 Apostolus
1610 4041 1674 4094 ad
1725 4041 1878 4110 Rom.
1913 4055 1950 4094 tt

369 4109 497 4164 dicit
527 4129 542 4164 :
576 4109 726 4165 Unde
754 4113 806 4164 in
838 4127 925 4164 eos
955 4129 1058 4166 non
1089 4113 1234 4166 habet
1257 4109 1341 4167 lex
1363 4114 1463 4166 vim
1486 4115 1788 4174 roactivam,
1821 4109 1952 4164 sicut

368 4181 517 4254 habet
543 4182 592 4234 in
617 4183 947 4251 injustas,ait
965 4183 1020 4237 S.
1047 4182 1440 4250 Tliomas(l-2.
1467 4200 1521 4254 q.
1545 4185 1637 4248 96,
1664 4184 1767 4254 ατῦ
1787 4181 1852 4234 ad
1875 4181 1947 4252 l).

367 4253 520 4320 Quod
551 4263 604 4307 et
637 4261 792 4320 poeta
824 4255 1100 4324 eleganter
1129 4255 1398 4324 expressit
1439 4253 1544 4308 illis
1586 4253 1828 4308 versibus
1861 4267 1876 4306 :

553 4362 778 4430 Qderunt
802 4376 1008 4426 peccare
1031 4365 1144 4430 boni
1169 4366 1362 4430 virtutis
1386 4377 1550 4430 amore
1575 4379 1588 4412 :

557 4423 782 4476 Oderunt
799 4423 1006 4490 peccare
1033 4425 1146 4475 mali
1171 4427 1424 4476 formidine
1453 4423 1626 4488 pinnae.

366 4531 632 4600 Quocirca
679 4533 810 4602 ju~ti
847 4534 900 4586 in
929 4533 1049 4602 lege
1075 4533 1255 4602 potius
1300 4547 1420 4588 esse
1465 4531 1742 4602 dicuntur,
1790 4547 1948 4602 quam

365 4604 469 4657 διώ
495 4604 633 4670 lege,
675 4601 890 4658 utidem
918 4601 1208 4670 Apostolus
1228 4603 1296 4657 de
1317 4603 1495 4672 seipso
1521 4603 1594 4655 ait
1619 4603 1660 4672 (Ι
1685 4601 1910 4672 σοι-(ιιι)
1936 4619 1949 4656 :

367 4673 564 4728 Factus
593 4689 704 4726 sum
729 4675 794 4727 iis
816 4676 902 4742 qui
923 4677 1016 4727 sub
1051 4675 1158 4744 lege
1181 4685 1298 4744 sunt
1325 4673 1475 4742 quasi
1503 4673 1594 4744 sub
1645 4675 1754 4742 lege
1793 4683 1954 4726 essem

365 4747 504 4814 (cum
533 4745 642 4812 ipse
665 4759 765 4816 non
789 4759 950 4816 essent
970 4745 1062 4798 sub
1086 4743 1242 4816 lege).
1273 4755 1318 4797 et
1347 4745 1410 4798 iis
1432 4745 1518 4814 qui
1543 4743 1654 4816 sine
1677 4745 1786 4814 lege
1807 4755 1956 4797 erant

367 4813 624 4880 tamquam
655 4815 764 4869 sine
784 4813 906 4886 lege_
913 4831 1072 4868 essem
1093 4813 1232 4883 (cum
1255 4816 1364 4868 sine
1393 4813 1502 4886 lege
1532 4814 1628 4870 Dei
1639 4813 1743 4886 non
1765 4829 1949 4880 essent,

365 4886 459 4958 sed
486 4887 538 4958 in
558 4887 666 4958 lege
681 4883 1237 4958 essem'Christi).Al_loc
1261 4887 1420 4958 igitur
1441 4883 1600 4940 sensu
1629 4887 1691 4958 S.
1719 4885 1956 4942 Thomas

365 4955 460 5028 (In
489 4953 774 5028 animent.
799 4963 846 5010 et
882 4953 1070 5028 71-2,q.
1095 4955 1185 5028 95,
1217 4953 1321 5010 art.
1353 4955 1408 5026 6)
1429 4958 1650 5028 exponit
1673 4957 1818 5026 justo
1849 4973 1953 5010 non

367 5027 493 5082 esse
550 5027 720 5098 legem
781 5027 1005 5095 positum
1034 5068 1048 5092 ,
1107 5027 1157 5080 id
1198 5037 1282 5080 est
1331 5027 1634 5096 impositam
1679 5037 1954 5098 tamquam

367 5113 530 5164 onus,
567 5096 708 5166 quod
740 5111 860 5152 cum
903 5107 1112 5166 premat
1139 5105 1284 5152 metu
1340 5107 1393 5152 et
1423 5109 1630 5152 terrore
1665 5096 1955 5167 supplicii,

367 5169 490 5224 sive
545 5167 720 5238 quoad
775 5167 882 5238 vim
937 5169 1272 5236 coactivam,
1331 5177 1386 5222 ut
1417 5169 1800 5238 mododictum
1849 5179 1950 5224 est.

367 5237 653 5308 Quomodo
683 5253 815 5294 vero
857 5237 1029 5306 justos
1059 5239 1204 5293 dicat
1233 5237 1524 5310 Apostolus
1553 5237 1696 5310 (Gal.
1749 5240 1954 5310 v)7non

367 5323 491 5364 esse
525 5310 626 5364 sub
657 5311 794 5379 lege,
823 5311 963 5364 idem
988 5311 1220 5378 explicat
1243 5309 1295 5364 in
1327 5311 1466 5363 hunc
1497 5309 1710 5364 modum
1749 5327 1760 5362 :
1807 5309 1954 5363 Illud

365 5381 576 5452 nimbum
607 5381 857 5452 Apostoli
879 5391 1044 5450 potest
1069 5381 1288 5452 intelligi
1317 5379 1610 5452 dupliciter.
1644 5379 1781 5452 Uno
1807 5381 1957 5434 modo

370 5449 446 5504 lnt
473 5467 580 5506 esse
598 5451 689 5506 sub
711 5451 818 5522 lege
841 5449 1158 5520 intelligatur
1181 5449 1270 5506 ille
1295 5449 1582 5522 qui'nolens
1599 5451 1958 5520 obligationcm

371 5521 496 5591 legis
518 5521 773 5594 subditur,
797 5523 946 5594 quasi
975 5523 1184 5594 cuidam
1211 5523 1442 5594 ponderi.
1477 5521 1622 5576 Unde
1645 5524 1814 5594 glossa
1855 5523 1955 5576 ibi-

371 5595 486 5664 dem
513 5593 636 5644 dicit
662 5593 922 5662 quod’sub
968 5593 1078 5662 lege
1101 5603 1174 5646 est
1199 5593 1286 5658 qui
1327 5595 1512 5646 timore
1539 5593 1782 5664 supplicii
1820 5595 1959 5660 quod

373 5663 460 5735 (ita:
475 5665 718 5735 minatur,
750 5681 848 5716 non
873 5681 1046 5716 amore
1060 5666 1297 5735 justitite,
1330 5681 1360 5717 a
1383 5665 1516 5718 mala
1541 5663 1688 5732 opere
1715 5665 1955 5718 abstinet.

375 5729 446 5789 Et
476 5731 576 5788 hoc
605 5729 758 5789 modo
793 5729 1086 5804 spirituales
1125 5735 1218 5788 uiri
1247 5751 1348 5788 non
1371 5745 1494 5789 sunt
1520 5729 1614 5790 sub
1645 5737 1754 5808 lege
1774 5780 1788 5806 ,
1835 5737 1959 5806 quia

1979 4428 2036 4490 D

2048 3134 2198 3188 quam
2227 3115 2390 3188 ipsius
2417 3115 2638 3170 hominis
2665 3134 2681 3171 :
2711 3115 2860 3172 Unde
2887 3133 3006 3170 cum
3039 3118 3269 3186 Spiritus
3295 3127 3502 3170 sanctus
3532 3135 3634 3170 non

2049 3187 2114 3242 sit
2140 3187 2392 3261 sublege,
2423 3189 2651 3254 sequitur
2689 3191 2824 3252 quod
2853 3187 3367 3261 hujusmodiqapera,
3399 3189 3448 3240 in
3469 3205 3635 3258 quan-

2048 3269 2158 3330 tum
2185 3269 2302 3330 sunt
2335 3258 2570 3330 Spiritus
2609 3261 2802 3324 sancti,
2829 3258 2932 3312 non
2955 3270 3072 3312 sunt
3100 3259 3194 3312 sub
3221 3262 3349 3330 lege.

2124 3327 2152 3366 δ
2183 3329 2621 3400 ΤίιιὶειῐιὶείΙεεειῐι
2665 3347 2772 3384 non
2807 3331 2998 3384 indixit
3047 3327 3526 3400 MoySt-s'singulis
3581 3341 3637 3384 et

2050 3400 2274 3468 privatis
2301 3399 2638 3466 hominibus,
2675 3410 2730 3454 ut
2755 3401 2956 3454 Scriba:
2987 3409 3038 3454 et
3067 3399 3320 3452 Pharisaei
3351 3415 3632 3468 perperam

2048 3469 2452 3537 intelligebant;
2486 3471 2578 3524 sed
2603 3469 2872 3539 judncnbus
2916 3469 3192 3522 dumtaxat
3219 3481 3270 3522 et
3310 3469 3638 3536 magistrati-

2049 3541 2171 3607 bus,
2201 3549 2260 3594 ut
2289 3539 2426 3594 alias
2441 3540 2643 3594 dictum
2671 3550 2752 3596 est
2779 3539 2994 3610 (Collat.
3025 3541 3058 3594 8
3080 3557 3125 3593 c.
3149 3539 3266 3608 ει),
3295 3541 3548 3592 nimirum
3579 3553 3637 3592 ut.

2051 3611 2427 3681 injudicandis
2455 3621 2504 3664 et
2540 3613 2828 3678 puniendis
2851 3611 3066 3674 injuriis
3097 3613 3344 3678 proximo
3365 3611 3550 3674 illatis,
3581 3621 3636 3666 et

2050 3680 2400 3752 adjutlicinm
2433 3681 2700 3748 deductis,
2753 3683 2891 3738 hanc
2921 3683 3160 3750 regulam
3207 3691 3259 3734 et
3292 3681 3507 3752 modum
3557 3691 3636 3735 te-

2051 3751 2263 3818 nerent,
2299 3763 2354 3824 ct
2383 3755 2576 3808 noxios
2600 3769 2754 3824 pinna
2779 3753 2994 3808 talionis
3019 3752 3287 3820 punirent,
3315 3751 3506 3806 vulnus
3539 3767 3635 3824 pro

2049 3827 2296 3890 vulnere,
2331 3823 2554 3878 livorem
2596 3823 2696 3894 pro
2721 3823 2920 3890 livore,
2965 3831 3193 3880 mortem
3223 3836 3319 3890 pro
3349 3827 3524 3894 morte
3561 3823 3635 3876 ir-

2051 3895 2320 4020 roganddo;
2354 3895 2564 3950 ocolum
2598 3891 2721 3966 ipro
2751 3893 2928 3960 oculo,
2963 3895 3178 3948 dentem
3210 3909 3304 3962 pro
3337 3891 3498 3950 dente
3539 3909 3636 3946 au-

2071 3981 2197 4020 eren
2241 3982 2293 4020 0.

2071 3981 2293 4022 Cl‘CﬂGO.

2130 4049 2152 4077 ε
2184 4035 2375 4102 Ellam,
2411 4037 2686 4100 Elisa-um.
2721 4037 3009 4092 Jeremiam
3031 4078 3043 4098 ,
3090 4035 3331 4104 aliosque
3381 4035 3434 4090 in
3463 4035 3634 4090 veteri

2053 4109 2402 4164 Testamento
2469 4109 2704 4178 virgines
2759 4108 3120 4176 permansisse
3183 4115 3408 4178 testatur
3468 4109 3630 4178 etiam

2053 4179 2120 4250 ι).
2151 4173 2580 4250 llieronymusjn
2612 4173 2771 4250 epis_t.
2793 4179 2858 4232 ad
2889 4177 3232 4250 Eustochium
3264 4173 3582 4250 tEpist.__‘2'2)
3617 4195 3628 4228 :

2061 4249 2243 4322 Virgo,
2275 4247 2464 4322 inquit,
2492 4247 2666 4322 Elius,
2697 4247 2922 4322 Elisceus
2953 4249 3114 4322 virgo.
3142 4247 3361 4322 virgines
3393 4247 3490 4322 ﬁlii
3513 4263 3636 4314 pro-

2054 4319 2344 4390 phetarum.
2381 4321 2447 4376 Et
2471 4321 2710 4376 Jeremia:
2731 4321 2920 4390 dicitur
2945 4335 2963 4372 :
2995 4319 3056 4372 Et
3080 4331 3132 4370 tu
3163 4336 3225 4372 ne
3246 4319 3473 4390 accipias
3503 4335 3636 4390 uxo-

2057 4386 2188 4446 rem.
2229 4393 2294 4448 Et
2323 4391 2417 4446 lib.
2445 4409 2458 4446 ι
2490 4393 2747 4448 adversus
2771 4389 3111 4446 Joviuianum
3145 4405 3264 4454 cap.
3288 4386 3354 4442 15
3381 4388 3630 4442 eumdem

2061 4463 2354 4530 redarguit,
2378 4463 2518 4532 quod
2549 4463 2800 4532 Eliatnet
2832 4459 3082 4514 Elismum
3113 4459 3274 4532 stulte
3307 4461 3634 4532 in_cata|ogo

2055 4527 2285 4604 poneret
2333 4527 2687 4590 maritorum.
2728 4531 2982 4602 Idemque
3021 4529 3304 4584 conﬁrmat
3347 4527 3634 4584 Cassianus

2055 4605 2152 4658 lih.
2185 4621 2236 4660 γι
2269 4605 2438 4658 lustit.
2470 4619 2589 4672 cap.
2613 4604 2668 4658 ι.

2127 4673 2153 4711 δ
2189 4675 2262 4729 De
2294 4675 2377 4728 his
2406 4676 2459 4726 ι).
2481 4667 2842 4744 Hieronymus
2869 4671 3114 4744 epistlad
3135 4669 3416 4744 Paulinum
3435 4667 3632 4740 (Epist.

2059 4745 2174 4816 15),
2205 4746 2296 4816 ubi
2349 4761 2440 4816 eos
2485 4739 2761 4800 ttiopaCliiS
2791 4739 3344 4816 veterisfl’c‘stamenti
3367 4739 3640 4816 annume-

2055 4807 2184 4870 rat'is
2217 4834 2228 4870 :
2265 4815 2337 4870 De
2364 4814 2464 4880 Itis,
2501 4817 2694 4884 inquit,
2741 4825 2857 4870 sunt
2886 4823 2932 4866 et
2963 4812 3040 4866 illi
3067 4811 3162 4880 ﬁlii
3185 4807 3420 4884 Rechab,
3445 4812 3536 4884 qui
3565 4811 3640 4864 vi-

2059 4905 2179 4941 num
2211 4898 2256 4940 et
2294 4889 2510 4940 siceram
2545 4881 2644 4940 non
2676 4885 2929 4946 bibebant,
2957 4885 3042 4948 qui
3069 4881 3404 4936 morabuntur
3443 4881 3497 4934 in
3537 4889 3640 4934 ten-

2060 4961 2226 5020 toriis,
2269 4958 2356 5027 qui
2389 4957 2482 5011 Dei
2512 4976 2600 5026 per
2621 4955 2900 5012 Jeremiam
2939 4971 3055 5027 uoce
3094 4953 3398 5018 laudantur,
3440 4961 3493 5027 _et
3524 4969 3643 5020 pro.

2059 5024 2290 5082 mittitur
2306 5029 2378 5080 eis
2409 5024 2542 5096 quod
2573 5046 2673 5082 non
2703 5027 2906 5096 deﬁciat
2931 5025 2991 5080 de
3017 5027 3173 5096 stirpe
3201 5040 3376 5078 eorum
3403 5024 3478 5076 rir
3499 5033 3641 5076 stans

2060 5116 2234 5152 coram
2270 5093 2490 5152 Domino
2523 5099 2734 5164 (Jerem.
2770 5093 2950 5164 xxxv).
2993 5093 3257 5168 Iloc'reor
3287 5103 3340 5168 e_t
3382 5101 3638 5168 septuage-

2060 5171 2180 5224 simi
2211 5169 2396 5238 psalmi
2426 5161 2634 5226 titulum
2663 5161 2954 5238 signi/icare
2978 5183 2994 5218 :
3019 5165 3280 5238 Filiorum
3298 5161 3642 5238 Jonq‘dabﬂt

2060 5229 2236 5311 e_orum
2264 5243 2348 5311 qui
2376 5241 2528 5311 primi
2569 5242 2620 5311 in
2665 5229 3004 5311 caupo-nitatem
3030 5237 3170 5288 ducti
3211 5245 3348 5311 sunt.
3411 5229 3522 5311 Iste
3546 5245 3641 5311 _est

2060 5258 2236 5295 eorum
2301 5258 2347 5293 ut
2376 5259 2528 5311 prttm
2569 5257 2620 5294 ttt
2665 5257 3004 5310 captivitatem
3030 5257 3170 5288 αιιειι
3211 5257 3348 5288 διιηι.
3411 5257 3518 5286 ιδιϐ
3569 5257 3640 5286 (ἔδί

2059 5257 2298 5366 Ionadab
2321 5313 2462 5378 ﬁlius
2496 5309 2720 5374 Rechab,
2743 5309 2904 5380 quiin
2931 5306 3224 5380 Regnorum
3247 5303 3642 5380 libro_§cribit_ur

2061 5399 2268 5436 currum
2321 5371 2614 5438 ascendisse
2655 5371 2768 5432 cuni
2816 5375 2953 5432 lIieu
2985 5371 3074 5448 (ιγ
3107 5375 3237 5448 lteg.
3269 5375 3341 5448 s).
3375 5371 3442 5428 Et
3481 5371 3643 5448 hujus

2060 5454 2160 5522 ﬁlii
2189 5463 2304 5508 sunt
2325 5494 2340 5514 ,
2388 5453 2478 5524 qui
2532 5453 2586 5505 in
2615 5449 2959 5524 tabernaculis
2992 5441 3203 5524 semper:
3221 5441 3556 5524 habitantes,
3575 5441 3643 5496 ad

2063 5513 2373 5592 extremum,
2400 5513 2628 5594 'propter
2658 5519 2992 5594 irruptionem
3035 5513 3310 5594 Ult’aldaici
3355 5515 3640 5594 exercitus,

2062 5597 2255 5650 intrare
2285 5589 2560 5663 compulsi,
2602 5591 2734 5644 hanc
2762 5589 3285 5663 primicaptit'itatem
3335 5589 3644 5663 sustinuisse

2021 5661 2050 5712 ’ῗ
2063 5669 2328 5730 dicuntur,
2361 5655 2496 5734 quod
2529 5655 2640 5728 post
2662 5655 2956 5716 solitudinis
2984 5657 3293 5724 libertatem,
3327 5655 3470 5720 urbe,
3492 5655 3644 5724 quasi

2063 5755 2264 5794 carcere
2281 5778 2296 5804 ,
2321 5737 2420 5790 sint
2445 5735 2650 5790 reclusi.
