4092 6322
274 329 412 388 1177
971 327 1310 389 οοιιΑτιο
1345 327 1492 390 XXI.
1521 359 1596 374 —
1624 326 1715 387 DE
1753 329 1861 388 RE]

1967 329 2167 389 SIONE
2204 330 2820 403 QUINQUAGESIMAS.

272 447 405 501 sitas
427 485 443 513 ,
476 443 550 500 ibi
579 447 635 501 et
661 441 992 510 difﬁcultas;
1037 445 1133 500 ubi
1163 444 1476 511 difﬁcultas,
1509 445 1581 501 ibi
1607 455 1662 501 et
1688 445 1857 515 negli-
1880 447 1937 509 Α
2580 443 2807 511 CAPUT
2846 455 2935 513 Vl.

271 537 488 610 gentia;
520 537 609 591 ubi
643 536 992 606 negligentia,
1017 538 1091 593 ibi
1117 546 1173 593 et
1199 547 1516 608 peccatum;
1548 537 1636 594 ubi
1664 553 1856 608 pecca-

1966 516 2115 584 Quod
2143 518 2421 610 lgaangelii
2437 526 2602 608 gratia
2634 525 2766 610 fierit
2792 529 3030 598 perfectis
3057 532 3232 610 tribuit
3255 550 3414 606 regna
3445 553 3547 593 co:-

3399 343 3546 408 1178

276 639 389 684 tum
408 669 424 691 ,
456 635 854 696 consequenter
883 637 938 683 et
968 643 1145 698 poma.
1174 628 1554 685 Custodientes
1579 643 1712 686 vero
1743 630 1858 685 hac

275 723 340 776 ad
373 737 494 792 quae
541 722 778 791 praeﬁxae
809 722 940 793 legis
978 723 1265 779 severitate
1309 731 1595 794 coguntur,
1641 736 1856 793 paruam

274 815 458 884 potius
511 828 636 884 qua:
677 814 748 868 ah
784 813 874 870 illa
920 815 1318 883 intentabatur,
1352 815 1648 886 eﬁ'ugiunt,
1699 829 1860 886 quam

274 905 586 963 mercedem
617 913 710 962 aut
736 909 958 978 praemia
987 917 1412 980 consequantur.

2163 591 2351 658 torum,
2383 591 2454 648 ita
2480 591 3057 657 veniabiliter'suitentet
3086 591 3340 671 inﬁrmos:

2034 683 2217 755 Itaque
2264 693 2290 723 ι
2320 687 2459 742 sicut
2486 687 2654 744 fortes
2699 689 2767 745 ad
2796 692 3046 750 sublimia
3079 704 3245 765 atque
3291 700 3547 769 prtecelsa

1964 774 2319 844 Evangelicus
2345 792 2528 834 sermo
2557 782 2817 847 sustollit,
2841 782 2912 838 ita
2939 799 3052 841 non
3075 788 3274 854 patitur
3305 791 3549 848 inﬁrmos

1965 868 2032 923 ad
2056 867 2160 923 ima
2187 868 2434 941 demergi
2459 890 2472 926 :
2505 873 2760 942 perfectis
2789 875 3008 946 quidem
3039 878 3286 936 tribuens
3313 881 3548 938 beatitu-

1967 960 2113 1017 dinis
2139 961 2557 1031 plenitudinem,
2587 965 2800 1022 veniam
2834 983 2962 1025 vero
3001 969 3318 1040 impartiens
3345 973 3552 1045 fragili-

1970 1055 2086 1109 tati.
2128 1053 2156 1093 δ
2197 1053 2308 1110 Lex
2349 1057 2492 1112 enim
2539 1071 2980 1118 consummantes
3025 1073 3296 1136 praecepta
3338 1081 3460 1136 sua,
3495 1067 3547 1124 in

1344 1189 1599 1246 ALARDI
1634 1186 1868 1246 ϐΑΖιΕΙ
1905 1186 2467 1249 COMMENTARIUS.

279 1309 784 1377 cessitateloquitur
808 1307 893 1379 hic
915 1306 1101 1374 abbas,
1121 1320 1242 1362 cum
1270 1306 1376 1362 ait:
1397 1306 1494 1362 Ubi
1514 1315 1856 1379 prazceptum,

279 1386 348 1440 ibi
376 1383 674 1439 necessitas.
727 1377 950 1435 Confert
973 1379 1118 1434 enim
1158 1387 1422 1448 praecepta
1451 1377 1582 1448 legis
1613 1377 1861 1434 Mosaicae

278 1471 402 1512 cum
433 1453 673 1510 consiliis
699 1450 1043 1521 evangelicis,
1071 1460 1344 1521 quas-sunt
1368 1464 1533 1518 opera
1569 1449 1860 1520 perfectio-

277 1527 364 1582 nis
394 1534 470 1590 et,
500 1534 556 1578 ut
586 1531 762 1588 vocat,
794 1520 995 1576 eaicelsa
1033 1522 1280 1575 virtutum
1304 1520 1528 1592 fastigia,
1576 1531 1629 1575 et
1658 1520 1861 1576 idcirco

279 1614 388 1652 non
413 1595 598 1651 debuit
623 1595 701 1649 eis
732 1593 934 1662 imponi
962 1593 1050 1646 illa
1074 1593 1367 1647 necessitas
1396 1593 1678 1663 praecepti;
1707 1609 1773 1663 ne
1794 1608 1860 1646 ex

280 1669 372 1723 tali
409 1668 734 1722 necessitate
777 1673 1096 1734 sequeretur
1133 1662 1451 1734 difficultas,
1476 1678 1609 1734 non
1643 1662 1857 1734 quidem

279 1754 378 1810 per
407 1753 467 1794 se
493 1744 554 1810 et
574 1752 639 1792 ex
670 1733 868 1810 natura
889 1733 1167 1810 praecepti,
1215 1734 1310 1810 sed
1341 1749 1406 1810 ex
1437 1733 1577 1810 vitio
1603 1742 1658 1788 et
1687 1733 1856 1810 imbe-

281 1805 510 1865 cillitate
545 1806 840 1872 hominum,
891 1805 969 1860 uti
997 1805 1189 1860 accidit
1221 1805 1273 1858 in
1314 1805 1688 1860 observatione
1719 1805 1863 1874 lega-

279 1882 433 1936 lium.
466 1878 620 1947 Quod
652 1878 796 1933 enim
829 1877 915 1931 hic
941 1876 1172 1931 dicitur:
1203 1874 1302 1930 Ubi
1329 1877 1622 1942 necessitas,
1651 1877 1720 1930 ibi
1751 1878 1858 1947 dif-

279 1946 527 2022 ﬁcultas:
554 1949 640 2004 ubi
659 1948 960 2022 difﬁcultas,
988 1946 1058 2001 ibi
1085 1955 1130 2022 et
1153 1947 1485 2022 negligentia,
1519 1955 1649 2016 etc.,
1673 1946 1857 2022 verum

279 2018 504 2093 quidem
535 2031 618 2076 est
641 2020 710 2076 de
736 2019 1056 2093 necessitate
1077 2018 1186 2093 illa
1205 2019 1504 2093 coactionis
1532 2033 1692 2093 quam
1717 2019 1861 2093 Apo-

281 2089 456 2148 stolus
497 2102 655 2146 vocat
681 2091 923 2162 spiritum
960 2091 1214 2162 servitutis
1260 2091 1316 2162 in
1345 2089 1522 2162 timore
1551 2089 1726 2162 (Rom.
1757 2089 1856 2162 tv),

281 2179 392 2234 quo
418 2163 670 2219 nimirum
696 2161 870 2217 Judaei
897 2172 1161 2231 prmcepta
1185 2161 1317 2232 legis
1342 2159 1720 2234 observabant,
1750 2159 1857 2216 non

282 2232 463 2290 autem
489 2236 557 2288 de
586 2234 908 2288 necessitate
933 2233 1211 2301 praecepti,
1241 2240 1334 2286 aut
1373 2232 1507 2295 voti,
1553 2247 1647 2301 per
1698 2247 1758 2288 se
1809 2243 1864 2289 et

283 2308 532 2361 absolute
560 2303 846 2375 loquendo.
883 2301 1025 2359 Fieri
1053 2305 1193 2358 enim
1224 2310 1420 2373 potest,
1453 2305 1617 2375 immo
1643 2303 1864 2375 ordina-

284 2379 366 2432 rie
397 2378 474 2445 fit,
507 2387 566 2431 ut
594 2374 733 2444 quod
763 2375 820 2429 ﬁt
860 2390 926 2430 ex
953 2381 1223 2444 praecepto
1252 2385 1348 2445 aut
1370 2383 1517 2440 voto,
1563 2374 1655 2428 ﬁat
1687 2374 1860 2430 liben-

285 2447 391 2503 tius
419 2444 474 2503 et
505 2447 805 2516 promptius
841 2459 1000 2516 quam
1031 2445 1174 2516 quod
1215 2445 1271 2499 ﬁt
1309 2444 1731 2516 sineprascepto
1771 2457 1863 2501 aut

283 2529 430 2575 voto.
462 2513 616 2585 Quod
645 2518 688 2571 si
717 2513 880 2586 aliqui
904 2530 1025 2570 cum
1049 2513 1288 2570 'tristitia
1317 2523 1371 2570 et
1419 2513 1758 2586 difﬁcultate,
1810 2517 1862 2573 id

281 2591 480 2645 accidit
526 2605 590 2645 ex
621 2585 884 2658 pravitate
911 2597 1000 2641 aut
1032 2586 1399 2658 imbecillitate
1425 2585 1722 2658 hominum,
1757 2604 1860 2643 non

281 2676 352 2714 ex
382 2670 570 2716 natura
601 2656 854 2729 praecepti
874 2667 965 2712 aut
995 2657 1126 2712 voti.
1158 2657 1392 2714 Proinde
1421 2656 1551 2712 nihil
1577 2657 1701 2714 hinc
1734 2674 1864 2714 con-

282 2733 428 2787 cludi
459 2740 637 2800 potest
661 2741 848 2784 contra
875 2730 984 2783 voti
1023 2730 1389 2800 praestantiam
1434 2738 1488 2782 et
1522 2729 1858 2798 dignitatem,

282 2803 438 2871 quasi
463 2799 664 2857 melius
692 2800 870 2855 sitaut
897 2801 1067 2870 magis
1105 2799 1438 2855 meritorium
1465 2801 1638 2856 facere
1661 2801 1863 2870 aliquid

282 2874 406 2929 sine
429 2884 552 2928 voto
580 2887 739 2942 quam
755 2886 824 2926 ex
840 2881 994 2926 voto:
1027 2871 1196 2942 immo
1218 2872 1550 2926 contrarium
1572 2875 1861 2928 tenendum

280 2953 388 3008 est,
410 2955 471 3000 ut
497 2940 652 2999 docet
680 2953 735 2997 et
760 2944 996 3012 explicat
1025 2943 1086 2996 υ.
1113 2940 1350 2997 Thomas
1383 2942 1576 3012 triplici
1620 2944 1860 3000 ratione:

284 3014 488 3079 Primo,
504 3015 696 3085 inquit,
711 3014 830 3083 quia
841 3029 1012 3086 vovere
1025 3020 1099 3086 e_s_t
1111 3023 1256 3086 actus
1274 3013 1457 3086 latritc,
1473 3029 1586 3082 qua:
1597 3024 1670 3068 est
1680 3017 1866 3086 preci-

281 3103 386 3153 pua
399 3088 530 3140 inter
549 3082 756 3139 virtutes
776 3085 1016 3138 morales.
1043 3082 1092 3136 Ν
1095 3083 1325 3138 obilioris
1341 3094 1510 3155 autem
1523 3082 1723 3140 virtutis
1737 3103 1863 3155 Opus

281 3157 466 3211 ntelius
488 3165 583 3222 est,
601 3167 646 3210 et
671 3157 832 3226 magis
871 3155 1209 3209 meritoriam.
1238 3153 1481 3227 Secundo
1527 3156 1644 3221 quia
1670 3160 1755 3227 qui
1770 3153 1866 3212 iuo-

280 3238 359 3281 vet
385 3228 583 3298 aliquid
607 3237 652 3280 et
680 3225 826 3296 facit,
855 3227 1018 3298 magis
1041 3227 1224 3298 se‘Deo
1249 3225 1457 3294 subjicit
1485 3242 1639 3291 quam
1667 3225 1755 3295 qui
1781 3247 1867 3282 so-

282 3299 388 3352 lum
422 3295 816 3370 facit.,Subjicit
843 3295 976 3352 enim
999 3312 1053 3350 se
1074 3295 1183 3370 Deo
1203 3312 1308 3349 non
1327 3298 1493 3350 solum
1521 3309 1765 3370 quantum
1795 3302 1864 3354 ad

281 3367 472 3442 actum.
497 3369 586 3442 sed
623 3375 773 3442 etiam
799 3367 1152 3442 quantum_ad
1192 3374 1528 3442 potestatem:
1559 3369 1710 3442 sicuti
1750 3375 1866 3442 plus

282 3441 394 3506 dat,
424 3442 509 3509 qui
539 3441 630 3495 dat
657 3441 889 3494 arborem
913 3454 1033 3510 cum,
1051 3439 1322 3510 fructibus,
1342 3439 1608 3510 quam_qui
1637 3441 1724 3494 dat
1750 3439 1864 3510 'fru-

1963 1305 2106 1384 notia
2124 1308 2397 1384 _;_gr_avis_et
2422 1308 2592 1382 rigida
2617 1311 2671 1364 in
2708 1312 2867 1384 poenis
2896 1320 2954 1368 et
2979 1313 3276 1384 suppliciis,
3303 1315 3459 1371 minis
3492 1327 3548 1373 et

1963 1379 2485 1456 maledictionibusf
2505 1397 2674 1456 parca
2702 1379 2767 1456 et
2798 1383 2947 1456 inops
2989 1379 3316 1454 in'prtemiis,
3363 1397 3547 1453 utpote

1965 1451 2349 1525 temporalibus
2379 1453 2708 1525 etlerrenis
2737 1451 3016 1510 dumtaxat
3069 1451 3235 1525 (Gal.
3284 1451 3356 1524 iv,
3405 1451 3544 1514 Heb.

1962 1519 2429 1598 vn)._l4;comrario
2456 1523 2547 1598 lex
2582 1538 2718 1598 nova
2768 1525 3012 1582 sublimis
3059 1519 3114 1582 in
3165 1519 3446 1598 praeceptis
3493 1539 3549 1586 et

1963 1593 2201 1668 Consiliis
2242 1591 2600 1663 Evangelicis,
2642 1594 2788 1668 larga
2837 1606 2891 1652 et
2919 1591 3177 1654 munifica
3207 1599 3258 1653 in
3309 1591 3546 1668 praemiis

1963 1663 2276 1742 coelestibus
2315 1673 2369 1742 et
2396 1663 2909 1742 teternis;_bénigna
2949 1669 3213 1742 inrptnnis
3243 1663 3548 1742 irrogandis

1961 1743 2014 1786 et
2036 1736 2623 1809 peccatisrelaxandis;
2657 1736 2887 1794 invita’ns
2913 1736 3089 1809 potius
3113 1756 3271 1808 quam
3295 1736 3543 1809 tefrens;

1960 1813 2016 1881 e_t_
2038 1820 2242 1881 pacem,
2268 1805 2653 1881 indulgentiam
2679 1823 2741 1863 ac
2767 1805 2980 1865 veniam
3002 1805 3250 1867 omnibus
3281 1805 3547 1881 pmuiten;

1964 1877 2103 1954 l_ibus
2135 1878 2607 1954 inipertieiisLLex
2634 1889 2794 1954 vetus
2821 1882 3087 1949 perfectos
3104 1894 3159 1940 et
3180 1877 3543 1954 imperfectos,

1954 1947 2132 2002 fortes
2159 1958 2214 2003 et
2254 1949 2559 2025 imbecilles
2585 1966 2738 2021 arqua
2785 1947 2936 2007 lance
2968 1953 3191 2025 librans,
3238 1947 3548 2025 pariterque

1963 2033 2334 2098 remunerans,
2368 2029 2424 2098 et
2453 2022 2762 2098 mulclans;
2792 2025 2988 2098 sicque
3037 2024 3092 2077 in
3137 2022 3421 2098 meditullio
3460 2022 3548 2098 ’(ut

1967 2090 2052 2166 hic
2072 2089 2290 2161 dicitur)
2313 2093 2574 2166 utriusque
2595 2094 2762 2148 meriti
2783 2089 3012 2165 (scilicet
3029 2096 3236 2164 praemii
3254 2105 3307 2150 et
3323 2089 3544 2166 poenae),

1969 2160 2020 2215 id
2048 2171 2130 2216 est
2161 2160 2351 2235 tequali
2374 2160 2684 2220 conditione
2705 2160 2970 2235 utrosque
3000 2160 3271 2222 collocatis
3299 2160 3354 2221 e't
3381 2160 3546 2223 relin;

1966 2246 2155 2302 quens.
2189 2233 2300 2289 Lex
2331 2242 2508 2308 autem
2537 2250 2670 2308 nova
2691 2234 2855 2308 fortes
2873 2233 2938 2290 ad
2961 2237 3152 2292 altiora
3181 2252 3395 2306 semper
3424 2255 3549 2308 pro-

1967 2317 2166 2376 vocans
2193 2317 2244 2359 et
2275 2305 2599 2375 provehens,
2629 2305 2914 2363 imbecillis
2947 2308 3252 2376 indulgens,
3289 2305 3408 2363 illos
3426 2305 3548 2364 'am-

1967 2374 2226 2448 plioribus
2257 2374 2493 2448 praemiis
2524 2392 2900 2442 remunerans,
2931 2377 3012 2433 his
3036 2374 3201 2434 etiam
3243 2379 3402 2448 digna
3433 2383 3547 2434 suis

1967 2447 2173 2500 meritis
2203 2447 2421 2518 praemia
2445 2447 2763 2521 decernens.
2799 2448 2986 2521 Itaque
3005 2448 3112 2504 Lex
3137 2459 3278 2504 vetus
3299 2447 3547 2521 quantum

1965 2532 1996 2569 a
2025 2524 2456 2592 transgressorum
2483 2519 2812 2592 damnatione
2839 2519 3075 2586 serernit,
3112 2519 3319 2576 tantum
3341 2532 3548 2592 separat

1965 2604 1996 2640 a
2009 2588 2176 2658 gloria
2199 2593 2558 2660 perfectorum,
2588 2590 2688 2644 hoc
2703 2601 2807 2656 est,
2831 2601 2938 2646 tam
2961 2592 3170 2647 diversa
3185 2603 3267 2647 est
3288 2592 3374 2648 lex
3395 2588 3548 2648 vetus

1965 2674 1995 2713 a
2029 2674 2164 2713 nova
2188 2661 2241 2714 in
2269 2660 2704 2716 remuneratione
2725 2663 3154 2729 observatorum,
3174 2679 3334 2732 quam
3365 2664 3544 2718 diver-

1966 2745 2024 2784 sa
2045 2741 2146 2805 _est
2171 2732 2224 2786 in
2262 2733 2562 2800 privatione
2590 2741 3049 2802 transgressurum
3081 2752 3093 2788 :
3126 2735 3249 2805 quia
3281 2733 3422 2789 sicut
3453 2736 3547 2789 hu-

1967 2800 2112 2854 milia
2138 2813 2192 2856 et
2218 2818 2378 2870 parva
2410 2812 2532 2857 sunt
2557 2800 2846 2873 praecepta,
2867 2805 2938 2858 ita
2961 2814 3016 2859 et
3046 2800 3290 2874 praimia;
3323 2814 3378 2860 et
3407 2805 3548 2860 sicut

1968 2881 2424 2944 transgressurum
2453 2888 2626 2942 paena:
2659 2875 2980 2944 temporales
3012 2886 3066 2930 et
3095 2885 3354 2940 externae,
3389 2877 3458 2930 ita
3493 2885 3548 2931 et

1965 2942 2372 2998 observaturum
2414 2942 2782 3014 remuneratio
2831 2947 3143 3014 temporalis
3195 2957 3248 3000 et
3301 2956 3545 3013 externa,

1966 3027 2086 3086 cum
2117 3015 2392 3086 e_diverso
2417 3013 2472 3070 in
2502 3015 2620 3086 lege
2651 3031 2788 3071 nova
2819 3026 2874 3071 et
2904 3016 3225 3086 Evangelica
3259 3032 3345 3072 res
3367 3030 3425 3072 se
3455 3017 3548 3070 ha-

1967 3083 2106 3156 beat.
2131 3084 2327 3140 Verum
2355 3088 2470 3141 lucc
2492 3083 2707 3155 plenius
2728 3096 2782 3142 et
2805 3083 3110 3144 accuratius
3131 3087 3448 3156 explicanda
3470 3089 3550 3143 vi-

1968 3155 2161 3228 dentur
2188 3173 2254 3228 ex
2281 3157 2338 3213 S.
2373 3157 2600 3222 Thoma,
2629 3157 2719 3226 qui
2741 3158 2808 3213 de
2837 3161 2935 3214 hac
2963 3155 3239 3228 utriusque
3265 3157 3416 3227 legis,
3437 3158 3549 3214 Mo-
3634 3221 3644 3228 _

1967 3227 2126 3298 saica:
2157 3236 2208 3280 et
2237 3227 2595 3298 Evangelicae,
2623 3228 2923 3283 diﬁ'erentia
2950 3227 3284 3296 pertractans
3310 3247 3321 3282 :
3354 3229 3550 3284 Dicen-

1967 3296 2118 3369 dum,
2145 3299 2336 3367 inquit,
2359 3296 2501 3368 quod
2524 3315 2711 3354 clunes
2729 3299 3045 3355 diﬁ'erenlize
3066 3315 3186 3369 quae
3204 3300 3550 3369 assignantur

1969 3366 2110 3439 inter
2135 3366 2330 3423 novam
2357 3366 2529 3439 legem
2552 3379 2607 3423 et
2634 3379 2874 3425 veterem
2898 3366 3237 3438 accipiuntur
3251 3366 3550 3426 seéuudum

1972 3438 2266 3510 perfectum
2298 3449 2350 3492 et
2379 3438 2773 3509 imperfectum.
2806 3439 3078 3509 Praecepta
3099 3442 3241 3494 enim
3265 3441 3549 3510 cujuslibet

281 3521 397 3565 ctus
431 3507 628 3567 tantum
652 3527 670 3564 :
698 3521 754 3564 ut
781 3513 852 3564 ait
878 3507 1146 3581 Anselmus
1167 3509 1222 3562 in
1243 3509 1372 3562 libro
1404 3508 1466 3581 de
1493 3507 1866 3581 Similitudini-
1895 3507 1942 3572 C
1974 3509 2104 3581 legis
2135 3509 2330 3564 dantur
2356 3510 2423 3565 de
2449 3507 2658 3565 aclibus
2675 3511 2964 3564 virtutum:
2991 3507 3057 3564 ad
3078 3507 3349 3581 operanda
3367 3520 3546 3566 autem

283 3584 376 3635 bus
407 3581 558 3654 (Cap.
601 3583 718 3650 8i).
740 3581 924 3654 Tertio
941 3580 1062 3654 quia
1087 3596 1176 3650 per
1205 3588 1376 3634 uotum
1414 3579 1737 3654 inmobiliter
1781 3601 1868 3638 ao-

281 3649 458 3708 Iuntas
475 3649 711 3722 ﬁrmatur
733 3653 783 3706 in
806 3649 959 3706 bono.
989 3649 1180 3705 Facere
1199 3660 1369 3704 autem
1394 3649 1586 3722 aliquid
1608 3669 1670 3707 ex
1690 3655 1869 3710 volun-

282 3734 385 3778 tate
426 3721 628 3792 ﬁrmata
652 3725 707 3778 in
729 3725 859 3778 bona
885 3723 1100 3794 pertinet
1129 3722 1198 3775 ad
1242 3721 1602 3794 perfectionem
1642 3726 1866 3793 virtutis,

283 3805 339 3868 ut
369 3790 505 3868 pntet
529 3811 620 3866 per
648 3790 1021 3866 Philosophum
1054 3793 1107 3868 in
1133 3792 1360 3847 secundo
1381 3790 1680 3848 Ethicorum
1708 3790 1863 3868 (Cap.

281 3863 378 3933 4)(
396 3863 562 3922 Sicuti
590 3882 797 3935 peccare
829 3863 994 3936 mente
1025 3863 1275 3936 obstinata
1299 3873 1553 3936 aggravatﬁ
1579 3863 1862 3936 peccatum,

279 3945 328 3989 et
355 3936 545 4010 dicitur
573 3946 836 4010 peccatum
875 3937 930 3990 in
955 3935 1212 4010 Spiritum
1239 3944 1488 3988 sanctum.
1537 3935 1612 3990 lla
1643 3938 1699 3993 S.
1729 3935 1868 3994 Tho-

283 4022 401 4061 mas
433 4009 570 4073 (2-9.,
609 4026 660 4076 q.
687 4009 776 4075 88,
807 4017 908 4061 art.
939 4009 1014 4074 6).

357 4089 382 4113 οι
425 4080 538 4134 Hoc
564 4091 723 4149 caput
762 4095 880 4134 cum
919 4076 1350 4149 praecedentibus
1388 4077 1704 4134 continuant
1729 4095 1859 4138 mss.

283 4150 550 4205 nonnulli.
580 4148 772 4205 Excusi
811 4159 1083 4219 separant,
1129 4156 1186 4202 ut
1233 4155 1286 4202 et
1333 4148 1638 4219 Dionysius.
1695 4151 1864 4209 Porro

280 4219 590 4275 doctrinam
612 4221 770 4290 hujus
796 4217 916 4289 cap.
947 4220 1233 4292 conﬁrmat
1253 4219 1310 4274 S.
1335 4217 1650 4292 Fulgentius
1669 4221 1718 4275 in
1741 4237 1862 4292 cap.

282 4307 410 4345 χχιιι
444 4289 700 4359 Matthaii,
745 4293 832 4347 ubi
862 4292 935 4346 ait
969 4308 981 4343 :
1016 4289 1080 4344 In
1124 4289 1303 4362 quibus
1353 4290 1606 4362 mandatis
1639 4289 1867 4362 (scilicet

283 4362 649 4432 Evangelicis)
669 4373 927 4432 tamquam
945 4359 1225 4432 ditissimis
1239 4359 1470 4432 ferculis,
1498 4361 1571 4432 sic
1589 4359 1866 4418 cttlestium

281 4432 589 4506 deliciarum
617 4435 767 4506 copia
786 4431 1077 4504 ’spirituatis
1107 4431 1381 4506 eruberat;
1416 4439 1470 4506 ιιι
1497 4431 1551 4484 in
1586 4432 1735 4506 uerbo
1766 4434 1864 4489 Dei

277 4503 503 4557 abundet
535 4501 949 4575 quod'perfectus
985 4502 1248 4575 comedat,
1267 4501 1490 4575 abundet
1528 4503 1683 4557 etiam
1728 4508 1866 4575 quod

276 4576 523 4647 paruulus
545 4573 820 4647 sagatJbi
847 4585 918 4647 est
943 4575 1074 4629 enim
1097 4573 1249 4647 simul
1273 4583 1318 4628 et
1348 4573 1539 4647 lacteus
1567 4573 1747 4647 potus,
1766 4594 1865 4644 quo

276 4655 456 4699 tenera
477 4644 708 4715 fidelium
738 4645 999 4699 nutriatur
1017 4645 1276 4717 infantia:
1304 4644 1562 4717 etrsolidus
1592 4645 1748 4710 cibus,
1765 4664 1864 4717 quo

274 4713 488 4770 robusta
509 4718 848 4788 perfectorum
859 4713 1103 4788 juventus
1126 4713 1421 4788 spiritualia
1445 4724 1638 4788 sonctte
1661 4713 1866 4773 virtutis

273 4784 1019 4929 azcyipt'iricrementatl’ide
1065 4785 1126 4840 Β.
1170 4784 1392 4856 Dionys.
1427 4786 1684 4858 Areopag.
1712 4789 1862 4858 epist.

273 4877 305 4911 α
423 4876 436 4911 1
465 4875 550 4912 um
583 4901 596 4913 .

271 4861 344 4911 ad
374 4860 596 4913 Titum).

349 4928 375 4966 δ
417 4927 657 4984 Obscura
689 4931 956 4985 sententia
983 4945 997 4982 :
1029 4935 1081 4983 et
1108 4927 1221 5000 fere
1248 4928 1531 5000 obscurior
1546 4929 1712 5000 etiam
1743 4944 1858 5000 ipsa

272 4999 520 5072 Dionysii
547 5001 916 5070 paraphrasis,
946 5014 1068 5072 qua;
1097 4997 1228 5072 mihi
1259 4997 1477 5072 quidem
1507 4997 1858 5072 obtigitsalis
1884 5020 1905 5064 ’τ

269 5067 536 5126 mendose
549 5067 846 5140 impressa,
877 5067 995 5142 (ιιιὼ
1022 5069 1098 5124 sic
1122 5067 1322 5124 habet:
1351 5067 1460 5142 Leto
1478 5069 1615 5122 enim
1634 5067 1859 5142 colloca-

268 5144 344 5194 rit
370 5143 737 5197 consummatis
759 5141 1012 5214 prwcepta
1034 5156 1124 5195 sua
1146 5149 1402 5205 tamquam
1427 5141 1480 5192 in
1505 5141 1727 5214 quodam
1754 5159 1859 5195 me-

267 5213 488 5267 ditullio
512 5215 675 5267 meriti
705 5210 990 5281 utriusque,
1024 5222 1219 5265 tantum
1244 5226 1489 5279 separans
1511 5225 1541 5262 a
1557 5210 1720 5279 gloria
1744 5229 1859 5280 per-

267 5288 551 5350 fcctorum,
582 5294 828 5352 quantum
857 5285 1069 5337 secernit
1100 5301 1130 5335 a
1159 5283 1490 5335 damnatione
1510 5290 1857 5352 transgresso-

266 5371 412 5410 rum.
443 5353 552 5410 Sed
584 5350 684 5409 nec
713 5355 1042 5409 Lavardinus
1068 5368 1283 5407 sensum
1310 5353 1439 5406 mihi
1469 5350 1678 5406 videtur
1708 5368 1856 5408 asse-

265 5433 433 5479 cutus
462 5442 476 5479 :
506 5425 595 5494 qui
621 5425 836 5494 quidem
869 5441 974 5480 non
1001 5424 1216 5479 aliunde
1235 5423 1356 5478 elici
1390 5428 1582 5492 potest,
1609 5437 1763 5492 quam
1788 5441 1854 5479 ex

266 5496 605 5564 praecedenti
646 5511 763 5566 cap.
800 5495 889 5551 ubi
920 5497 1002 5549 ha:
1051 5497 1331 5550 traduntur
1372 5494 1671 5566 utriusque
1701 5494 1854 5565 legis,

264 5567 513 5637 antiqua:
538 5575 594 5621 et
634 5582 807 5637 novae,
850 5566 1144 5637 antitheses
1175 5575 1227 5637 et
1273 5567 1439 5637 veluti
1486 5565 1856 5637 oppositiones

262 5635 521 5706 quaedam
544 5643 660 5692 sive
683 5636 1022 5700 differentiae,
1057 5636 1306 5690 nitnirum
1335 5653 1346 5688 :
1381 5635 1489 5689 Lea:
1519 5645 1656 5688 vetus
1677 5636 1758 5689 lex
1793 5638 1858 5689 ti-

262 5705 433 5762 moris
459 5725 478 5763 :
509 5707 593 5762 lea:
611 5724 742 5762 nova
770 5708 852 5761 lea:
877 5705 1164 5760 charitatis.
1206 5706 1310 5760 Lex
1354 5716 1495 5760 vetus
1541 5706 1752 5760 humilis
1800 5709 1854 5760 in

260 5779 566 5850 praeceptis,
606 5779 818 5850 scilicet
840 5776 1326 5850 caeremonialibus,
1351 5793 1467 5846 quae
1497 5778 1564 5831 ab
1593 5775 1853 5850 Apostolo

260 5847 529 5906 dicuntur
567 5848 812 5910 infamia
841 5855 889 5903 et
917 5863 1076 5912 egena
1112 5847 1357 5902 elementa
1398 5857 1445 5902 et
1473 5849 1713 5902 mandata
1737 5860 1853 5901 car-

1971 3579 2232 3650 virtutum
2277 3595 2442 3649 Opera
2491 3581 2650 3636 aliter
2698 3581 3024 3636 inclinantur
3077 3579 3402 3649 imperfecti,
3459 3587 3550 3650 qui

1973 3649 2206 3704 nondum
2259 3649 2458 3708 habent
2490 3652 2698 3707 virtutis
2746 3651 3016 3719 habitum,
3049 3661 3103 3706 et
3146 3651 3300 3706 aliter
3350 3651 3426 3707 illi
3458 3649 3548 3722 qui

1971 3730 2096 3792 sunt
2123 3737 2219 3789 per
2241 3723 2479 3778 habitum
2507 3724 2720 3778 virtutis
2744 3723 2982 3792 perfecti.
3011 3721 3088 3778 Illi
3107 3732 3283 3777 autem
3298 3723 3387 3791 qui
3413 3721 3548 3777 non-

1970 3791 2096 3864 dum
2129 3792 2328 3848 habent
2374 3795 2615 3851 habitum
2646 3791 2876 3860 virtutis,
2917 3792 3241 3849 inclinantur
3283 3794 3348 3848 ad
3387 3809 3548 3864 agen-

1970 3862 2102 3917 dum
2134 3865 2350 3920 virtutis
2377 3881 2541 3935 Opera
2570 3880 2634 3920 ex
2668 3866 2841 3935 aliqua
2871 3879 3032 3920 causa
3063 3864 3390 3927 extrinseca,
3426 3862 3549 3934 puta

1969 3948 2038 3989 ex
2061 3936 2477 3992 comminatione
2510 3951 2808 4007 pmnarum,
2833 3937 2918 3992 vel
2944 3951 3015 3990 ex
3061 3935 3416 4005 promissione
3455 3935 3550 3990 ali-

1967 4020 2194 4074 quarum
2222 4009 2642 4064 extrinsecarum
2672 4007 3191 4073 remunerationum,
3217 4015 3342 4077 puta
3374 4007 3548 4061 hono-

1967 4079 2066 4148 ris,
2089 4077 2176 4132 vel
2207 4077 2536 4142 divitiarum,
2582 4079 2666 4133 vel
2694 4078 2919 4147 alicujus
2965 4077 3271 4148 hujusmodi
3305 4094 3318 4131 :
3346 4088 3400 4132 et
3428 4077 3550 4132 ideo

1969 4147 2055 4202 lex
2085 4159 2258 4213 vetus,
2290 4167 2408 4218 qua:
2439 4150 2668 4206 dabatur
2702 4147 3053 4216 imperfectis,
3089 4148 3139 4202 id
3169 4157 3275 4216 est,
3310 4150 3547 4203 nondum

1968 4221 2269 4276 consecutis
2297 4224 2522 4290 gratiam
2564 4220 2916 4290 spiritualem,
2962 4218 3242 4290 dicebatur
3273 4220 3356 4273 lex
3388 4221 3548 4274 timo-

1967 4292 2064 4358 ris,
2092 4293 2144 4344 in
2168 4289 2425 4361 quantum
2448 4289 2731 4346 inducebat
2748 4291 2813 4344 ad
2831 4289 3226 4361 observantiam
3247 4299 3548 4360 prtecepto-

1967 4377 2085 4431 rum
2118 4359 2211 4430 per
2237 4363 2710 4417 comminationem
2752 4359 3108 4431 quarumdam
3149 4359 3462 4431 partarum;
3495 4367 3548 4415 et

1968 4430 2166 4487 dicitur
2198 4431 2399 4488 habere
2422 4433 2664 4503 quazdam
2695 4430 3010 4500 temporalia
3039 4431 3325 4500 promissa.
3349 4430 3432 4503 llli
3453 4446 3549 4485 au-

1969 4512 2075 4556 tem
2099 4503 2188 4572 qui
2221 4503 2420 4560 habent
2445 4502 2720 4570 Virtutem,
2756 4502 3080 4557 inclinantur
3098 4504 3164 4556 ad
3186 4502 3398 4556 virtutis
3418 4517 3550 4568 ope-

1968 4588 2027 4627 ra
2058 4573 2261 4642 agenda
2291 4583 2511 4645 propter
2538 4588 2780 4629 amorem
2810 4572 3046 4650 virtutis,
3073 4585 3190 4650 uon_
3206 4583 3426 4643 propter
3451 4572 3547 4626 ali-

1967 4657 2127 4712 quam
2160 4659 2371 4713 ptenam
2397 4644 2491 4698 aut
2523 4644 3012 4700 remunerationem
3053 4644 3416 4700 extrinsecam
3450 4658 3465 4698 :
3492 4651 3548 4698 et

1967 4713 2088 4769 ideo
2116 4713 2202 4769 lex
2221 4730 2355 4769 nova
2367 4761 2379 4780 ,
2408 4715 2564 4784 cujus
2579 4714 2946 4785 principalitas
2959 4714 3208 4770 consistit
3229 4716 3280 4768 in
3307 4716 3421 4784 ipsa
3438 4717 3548 4783 spi-

1967 4785 2146 4839 ritu-ali
2167 4787 2334 4856 gratia
2366 4786 2531 4842 indita
2573 4785 2848 4850 cordibus,
2884 4785 3082 4841 dicitur
3123 4785 3208 4840 lex
3237 4785 3457 4849 amoris,
3490 4793 3546 4839 et

1966 4856 2164 4910 dicitur
2200 4857 2397 4912 habere
2429 4858 2690 4926 promissa
2727 4857 3030 4927 spiritualia
3059 4868 3108 4912 et
3137 4865 3378 4927 teter-na,
3425 4870 3544 4923 qua:

1965 4936 2089 4998 sunt
2111 4928 2318 4996 objecta
2349 4928 2584 4992 virtutis,
2611 4926 2880 4998 praecipue
2900 4926 3197 4982 cbaritatis.
3235 4926 3301 4979 Et
3325 4933 3546 4995 prOpter

1966 4997 2068 5052 hoc
2114 4998 2272 5052 etiam
2323 4998 2408 5054 lex
2449 4997 2843 5055 vetus’dicitur
2879 4998 3132 5052 cohibere
3161 5009 3400 5063 manum,
3437 5010 3542 5050 non

1965 5070 2200 5123 animum
2238 5088 2250 5121 :
2280 5071 2404 5138 quia
2434 5071 2524 5138 qui
2550 5071 2748 5125 timore
2773 5083 2946 5139 poenae
2966 5082 2995 5120 a
3028 5077 3248 5137 peccato
3279 5065 3540 5139 abstinet,

1968 5156 2071 5194 non
2105 5136 2423 5206 simpliciter
2452 5136 2570 5209 ejus
2599 5136 2851 5195 voluntas
2878 5154 2907 5192 a
2942 5136 3414 5209 peccalorccedit,
3433 5138 3542 5209 sic-

1966 5220 2020 5264 ut
2057 5213 2260 5266 recedit
2292 5206 2538 5266 voluntas
2576 5211 2693 5281 ejus
2727 5211 2816 5277 qui
2846 5206 3032 5263 amere
3059 5206 3542 5281 justititeabstinet

1963 5296 1994 5336 a
2026 5291 2276 5351 peccato:
2298 5292 2352 5337 ct
2378 5278 2725 5351 propter'hoc
2751 5281 2834 5336 lex
2853 5293 3014 5342 nova,
3041 5294 3160 5348 qua:
3177 5286 3260 5332 est
3286 5278 3368 5331 lex
3391 5293 3539 5351 anno:

1961 5347 2057 5417 ris,
2083 5352 2282 5408 dicitur
2315 5347 2551 5407 animum
2583 5352 2855 5408 cohibere.
2891 5347 3129 5404 Fuerunt
3164 5357 3342 5401 tamen
3374 5347 3539 5418 aliqui

1962 5422 2016 5477 in
2044 5433 2184 5477 statu
2226 5425 2424 5480 veteris
2451 5423 2782 5478 Testamenti
2825 5420 3084 5474 habentes
3132 5420 3445 5473 charilatem
3487 5430 3540 5474 et

1961 5494 2186 5565 gratiam
2203 5494 2436 5565 Spiritus
2456 5493 2747 5565 sancti,qui
2765 5490 3132 5561 principaliter
3152 5489 3540 5565 exspectabant

1962 5558 2352 5634 promissio'nes
2379 5558 2689 5633 spirituales
2709 5558 3035 5634 et'teternas,
3052 5569 3108 5616 et
3123 5558 3418 5634 secundum
3438 5561 3539 5616 hoc

1979 5635 2306 5692 iertiuebant
2330 5634 2396 5688 ad
2414 5631 2589 5703 legem
2614 5648 2826 5688 novatn.
2847 5631 3111 5703 Similiter
3135 5632 3297 5686 etiam
3322 5631 3374 5703 in
3398 5646 3538 5684 novo

2010 5717 2314 5760 esmmento
2335 5715 2458 5759 sunt
2474 5699 2648 5772 aliqui
2677 5704 2947 5769 carnales,
2969 5702 3205 5758 nondum
3230 5699 3537 5771 pertingen-

1963 5783 2044 5847 tes
2072 5776 2137 5831 ad
2169 5776 2557 5847 perfectionem
2574 5789 2748 5847 novae
2769 5774 3087 5847 leg_is,.quos
3107 5772 3346 5844 oportuit
3371 5773 3532 5847 etiarn

1960 5843 2013 5903 in
2029 5842 2544 5902 novo'Testamento
2571 5844 2750 5901 induci
2797 5842 2864 5901 ad
2895 5842 3112 5900 virtutis
3141 5842 3304 5913 opera
3345 5855 3442 5913 per
3466 5842 3534 5898 ti-
