4092 6322
539 299 683 365 H79

1573 295 1851 356 JOANNIS
1891 290 2204 353 CASSIANI
2240 289 2730 359 COLLATIONIS.

3668 292 3821 363 ιιοο

536 419 821 490 utriusque
844 416 1023 474 meriti
1045 416 1191 479 velut
1210 415 1443 487 quodam
1473 412 1776 469 meditullio
1799 412 2109 479 collocavit,
2139 412 2193 475 Α
2218 408 2494 483 Siquidem
2523 425 2647 467 cum
2677 407 2921 469 decimas
2949 407 3161 481 frugum
3193 422 3415 467 suarum
3440 409 3638 469 solitus
3662 420 3820 468 esset

537 520 798 584 quantum
828 524 860 565 a
906 517 1372 580 transgressorum
1415 506 1763 562 damnatione
1806 519 2114 570 secernens,

539 613 746 661 tantum
766 616 1027 673 separans
1050 617 1080 657 a
1110 599 1282 673 gloria
1305 600 1696 673 perfectorum.
1725 597 1876 669 Quod
1899 597 2118 670 quidem

538 712 698 767 quam
730 690 973 751 intimum
1004 708 1275 765 quamque
1308 693 1622 749 miserabile
1649 693 1738 757 sit,
1772 692 1855 746 vel
1885 705 1950 745 ex
1979 706 2118 761 prte-

537 789 710 843 sentis
739 790 864 843 vita:
885 795 1028 843 statu
1050 796 1106 843 et
1131 786 1538 856 comparatione
1580 784 1892 856 perspicite,
1928 784 1980 839 in
2013 798 2119 855 qua

539 881 900 951 miserrimum
916 878 1149 945 ducitur,
1164 880 1208 934 si
1228 880 1333 934 hoc
1356 888 1562 933 tantum
1586 877 1706 948 quis
1720 876 1936 931 studeat
1959 890 2022 930 ac
2044 875 2120 959 la-

537 971 712 1040 boret,
737 987 808 1028 ne
832 986 957 1027 reus
974 971 1134 1027 modo
1158 970 1299 1026 inter
1318 970 1647 1026 honoriﬁcos
1661 969 1928 1045 homines,
1944 976 1998 1023 et
2013 982 2117 1022 non

533 1063 696 1119 etiam
726 1062 971 1134 locuples
1000 1076 1063 1119 ac
1093 1061 1433 1117 honorabilis
1463 1070 1517 1116 et
1545 1061 1810 1132 gloriosus
1831 1046 2113 1115 habeatur.

1135 1153 1369 1212 CAPUT
1408 1153 1521 1210 Vil.

537 1248 687 1316 Quod
710 1250 765 1306 in
790 1260 960 1306 nostra
988 1249 1144 1325 situm
1165 1250 1230 1305 sit
1261 1257 1527 1317 potestate,
1552 1257 1721 1319 utrum
1760 1248 1853 1319 sub
1881 1245 2119 1325 Evangeg

603 1342 658 1395 lii
686 1343 875 1414 gratia,
912 1359 980 1397 an
1000 1341 1093 1397 sub
1120 1342 1247 1417 legis
1285 1340 1495 1395 velimus
1524 1350 1716 1403 terrore
1752 1328 2044 1396 consistere.

602 1434 965 1501 Quamobrem
998 1435 1048 1488 in
1088 1442 1269 1488 nostra
1315 1431 1477 1488 hodie
1522 1433 1680 1487 situm
1714 1440 1797 1488 est
1829 1442 2115 1502 potestate,

532 1534 713 1580 utrum
735 1527 834 1581 sub
854 1524 1130 1596 Evangelii
1147 1526 1341 1595 gratia,
1368 1539 1434 1597 an
1454 1525 1553 1603 sub
1575 1508 1733 1595 Legis
1755 1524 1985 1607 velimus
2008 1531 2120 1580 ter-

531 1618 1227 1679 rorecunsistere.Cuiiibet
1245 1618 1389 1675 enim
1405 1616 1543 1687 parti
1560 1632 1657 1686 pro
1680 1617 1940 1686 qualitate
1962 1624 2115 1673 actus

530 1713 1069 1782 suiunumquemque
1082 1725 1309 1767 necesse
1336 1707 1736 1778 estaggregari.
1758 1707 1890 1762 Nam
1920 1717 2119 1763 autsu-

2224 513 2250 549 θ
2280 503 2545 561 diacouia:
2582 502 2737 559 annis
2781 503 3011 573 singulis
3052 502 3386 571 dependere,
3447 504 3817 573 primitiarum

2221 596 2483 653 rationem
2516 610 2586 653 ne
2622 595 2846 653 audisse
2872 594 3090 665 quidem
3121 609 3183 652 se
3217 596 3612 664 arbitraretur;
3643 612 3815 668 quam

2222 698 2405 749 tamen
2434 688 2643 747 etiamsi
2667 687 2919 747 similiter
2944 688 3250 760 implesset,
3275 690 3433 766 longe
3452 689 3818 747 nihilominus

2219 783 2515 843 secundum
2541 784 2688 843 senis
2716 784 3050 845 sententiam
3077 798 3136 841 se
3167 784 3235 839 ab
3266 784 3588 853 Evangelica
3621 784 3817 855 perie-

2219 874 2405 931 ctione
2447 875 2652 932 distare
2679 876 2995 948 suppliciter
3024 875 3317 937 fatebatur.
3349 876 3581 935 Domum
3621 878 3817 948 itaque

2218 970 2514 1025 revertitur
2542 979 2790 1032 maestus,
2840 969 3042 1039 illaque
3099 968 3326 1025 aﬂectus
3375 969 3620 1037 tristitia,
3680 984 3813 1039 quae

2218 1059 2591 1129 paenitentiam
2618 1059 2684 1115 ad
2711 1060 2941 1116 salutem
2981 1059 3233 1116 stabilem
3265 1070 3602 1130 operaretur,
3643 1075 3709 1116 ac
3733 1061 3815 1116 de

2216 1164 2313 1209 sua
2341 1149 2449 1220 jam
2485 1150 2761 1217 voluntate
2812 1158 2868 1205 et
2896 1149 3216 1206 deﬁnitione
3257 1166 3369 1206 non
3397 1151 3614 1219 dubius,
3669 1167 3809 1223 erga

2218 1243 2446 1315 salutem
2476 1241 2742 1315 conjugis,
2778 1256 2994 1311 omnem
3028 1242 3226 1298 mentis
3256 1242 3677 1319 sollicitudinem
3708 1259 3814 1300 cu-

2220 1348 2445 1404 ramque
2469 1333 2762 1398 convertit,
2795 1348 3023 1401 eamque
3043 1333 3109 1389 ad
3139 1332 3470 1397 desiderium
3491 1350 3598 1407 quo
3625 1337 3815 1407 fuerat

2218 1426 2336 1495 ipse
2355 1439 2669 1492 succensus,
2697 1423 3272 1493 cmpit'exhortatione
3287 1425 3455 1481 simili
3478 1440 3808 1496 provocare.

2218 1528 2272 1574 et
2299 1529 2356 1572 ut
2396 1514 2509 1591 Deo
2540 1519 2744 1588 pariter
2770 1519 2822 1573 in
2851 1519 3211 1597 sanctimonia
3243 1528 3299 1574 et
3336 1519 3585 1599 castitate
3631 1520 3815 1575 servi-

2220 1620 2363 1679 rent,
2390 1612 2598 1667 diurnis
2628 1611 3013 1687 nocturnisque
3036 1610 3257 1689 ﬂetibus
3280 1610 3596 1685 admonere,
3613 1610 3814 1675 dicens

2218 1707 2633 1760 conversionem
2667 1704 2908 1760 melioris
2933 1703 3058 1763 vitae
3095 1717 3430 1774 nequaquam
3463 1717 3588 1760 esse
3618 1711 3813 1775 prata»

529 1803 933 1874 pergredientes
954 1802 1128 1873 legem
1145 1802 1367 1872 suscipit
1392 1800 1589 1856 Christi
1617 1802 1811 1872 gratia,
1845 1810 1938 1853 aut
1967 1809 2116 1855 certe
2146 1787 2195 1848 Β
2221 1800 2456 1866 landam,
2487 1800 2613 1879 quia
2639 1798 2945 1881 necessitati
2976 1797 3170 1881 subitae
3191 1798 3380 1881 mortis
3397 1812 3534 1852 vana
3552 1811 3677 1870 spes
3698 1796 3811 1852 im-

528 1896 812 1954 inieriores
826 1896 971 1952 velut
993 1895 1267 1952 debitores
1280 1911 1409 1951 suos
1425 1895 1638 1966 sibique
1659 1893 1923 1950 obnoxios
1942 1893 2023 1947 lex
2042 1907 2119 1949 re-

528 1997 719 2044 tentat.
769 1988 915 2044 Reus
935 2003 1166 2059 namque
1197 1987 1449 2057 legalium
1482 1995 1875 2058 prreceptorum
1909 2000 2114 2056 nequa-

528 2097 687 2151 quam
734 2081 1099 2154 evangelicam
1130 2082 1513 2151 perfectionem
1576 2079 1777 2133 valebit
1817 2079 2112 2148 attingere,

528 2172 774 2243 quamvis
799 2171 1163 2229 Christianum
1198 2188 1257 2228 se
1286 2180 1342 2227 et
1391 2171 1604 2226 Domini
1635 2171 1801 2243 gratia
1828 2171 2113 2226 liberatum

528 2264 1053 2335 iuanitcrglorietur.
1069 2264 1184 2319 Non
1199 2264 1377 2319 solum
1408 2261 1549 2318 enim
1580 2262 1667 2318 hic
1697 2261 2003 2317 credendus
2032 2271 2117 2317 est

526 2356 703 2413 adhuc
729 2371 850 2413 esse
870 2358 972 2413 sub
1000 2357 1139 2428 lege,
1173 2357 1262 2427 qui
1286 2371 1347 2411 ea
1366 2371 1486 2426 quae
1516 2356 1603 2411 lex
1634 2355 1910 2425 praecipit,
1932 2354 2116 2411 detre-

525 2457 638 2504 CIat
667 2449 915 2517 implere,
938 2448 1030 2504 sed
1055 2448 1216 2503 etiam
1239 2447 1330 2502 ille
1350 2446 1442 2516 qui
1465 2461 1526 2501 ea
1554 2454 1759 2500 tantum
1782 2462 1899 2523 qua:
1916 2446 2000 2500 lex
2029 2446 2116 2516 ju-

526 2540 617 2599 bet
640 2540 932 2595 observare
962 2548 1250 2596 contentus
1262 2548 1369 2604 est,
1384 2553 1446 2593 ac
1468 2554 1815 2609 nequaquam
1838 2538 2113 2594 vocatiuni

523 2640 579 2687 et
602 2633 791 2703 gratia:
819 2631 1339 2702 Cbristicondignos
1370 2632 1591 2687 exhibet
1621 2629 1852 2695 fructus,
1889 2631 1979 2685 ubi
2004 2646 2110 2687 non

472 2782 475 2787 _
523 2724 1017 2782 diciturzbecimas
1044 2735 1163 2781 tuas
1183 2736 1237 2783 et
1267 2725 1742 2796 primitiasoil'eres
1759 2725 1987 2781 Domino
2002 2726 2111 2781 Deo

525 2828 640 2886 tuo,
654 2819 772 2887 sed,
786 2819 946 2889 Vade,
959 2822 1115 2889 pende
1128 2821 1299 2875 omnia
1310 2836 1425 2893 quia
1441 2820 1615 2887 habes,
1633 2830 1678 2874 et
1691 2820 1757 2874 da
1780 2820 2107 2889 pauperibus,

523 2910 788 2965 ethabebis
806 2912 1101 2967 thesaurum
1125 2911 1181 2966 in
1203 2911 1352 2980 ctelo,
1378 2919 1424 2965 et
1444 2911 1578 2977 veni,
1602 2927 1809 2980 sequere
1832 2910 2104 2981 me(Deut.

524 3016 624 3067 xit,
652 3001 839 3058 Matth.
867 3019 975 3070 xix,
1012 3002 1137 3057 Luc.
1161 3002 1268 3072 ex):
1288 3003 1378 3056 ubi
1401 3003 1470 3056 ob
1492 3002 1840 3072 perfectionis
1864 3002 2109 3071 magnifi-

521 3095 753 3150 centiam
782 3094 1044 3166 discipulo
1075 3096 1388 3167 postulanti,
1408 3111 1475 3151 ne
1498 3095 1872 3150 brevissimum
1890 3096 2105 3164 quidem

2218 1906 2443 1971 maturae
2476 1908 2580 1963 non
2602 1871 2991 1971 praeiudicaret
3018 1876 3223 1971 aetatis,
3247 1890 3445 1969 quippe
3471 1903 3595 1962 quae
3623 1887 3806 1944 infan.

2218 1994 2323 2049 tes,
2348 1970 2571 2055 pueros,
2594 1970 2992 2050 adolescentes,
3017 1982 3159 2053 pari,
3190 1970 3250 2038 ut
3272 1995 3456 2048 senes,
3483 1991 3637 2038 sorte
3665 1996 3809 2053 prato

2219 2078 2440 2149 riperet.

2835 2166 3063 2225 CAPUT
3101 2166 3194 2251 rx.

2220 2266 2659 2335 Quemadmodum
2699 2282 2801 2325 non
2839 2266 3182 2339 acquiesceute
3209 2279 3368 2339 uxore
3392 2280 3490 2339 sua
3515 2263 3586 2318 ad
3613 2280 3808 2321 mona-

2742 2337 2952 2393 sterium
2976 2335 3269 2407 peruolarit.

2284 2451 2313 2492 δ
2350 2451 2595 2531 Cumque
2626 2451 2931 2531 huiusmodi
2963 2450 3422 2529 obsecrationibus
3447 2448 3654 2520 iugiter
3676 2465 3808 2522 per-

2214 2545 2429 2601 sistenti
2471 2522 2668 2613 coniux
2711 2524 3005 2601 durissima
3054 2558 3158 2596 non
3191 2541 3457 2617 praeberet
3493 2556 3801 2608 assensum,

2212 2651 2381 2707 seque
2425 2636 2627 2690 diceret
2670 2634 2864 2690 solatio
2912 2633 3145 2689 maritali
3188 2648 3288 2703 pro
3312 2632 3487 2688 :etatis
3521 2647 3635 2688 sua:
3666 2632 3809 2689 ﬂore

2213 2732 2425 2803 penitus
2454 2730 2722 2785 abstinere
2750 2745 2854 2784 non
2889 2742 3076 2803 posse;
3131 2741 3194 2783 ac
3227 2727 3449 2798 proinde
3476 2728 3520 2783 si
3552 2727 3679 2799 quid
3706 2727 3807 2784 de-

2214 2835 2353 2880 serta
2401 2824 2470 2879 ab
2513 2838 2580 2880 co
2622 2822 2863 2879 criminis
2907 2822 3249 2890 admisisset,
3294 2820 3366 2876 illi
3398 2821 3577 2897 potius
3635 2819 3806 2876 ascri-

2213 2916 2444 2971 bendum
2477 2916 2564 2986 qui
2609 2916 2843 2986 conjugii
2881 2915 3086 2971 fmdera
3116 2914 3422 2983 dirupisset.
3452 2913 3534 2969 Ad
3564 2912 3678 2969 haec
3710 2913 3804 2968 ille

2212 3023 2335 3064 cum
2366 3008 2456 3063 diu
2486 2992 2852 3065 conditionem
2886 3016 3093 3063 natura:
3122 3005 3500 3077 praetendisset
3526 3005 3799 3071 humanm,

2211 3117 2373 3173 quam
2403 3099 2644 3170 fragilem
2674 3109 2728 3156 et
2752 3098 3015 3177 incertam
3047 3098 3407 3170 periculosum
3439 3106 3584 3153 esset
3610 3112 3803 3152 carna-

523 3185 670 3242 hurte
699 3161 937 3258 spatium
974 3161 1089 3258 prov
1118 3189 1287 3257 patris
1325 3161 1644 3244 conceditur
1674 3161 1976 3257 sepultura,
2004 3201 2104 3243 nec
2134 3161 2180 3225 ο
2211 3161 2349 3251 libus
2377 3161 2664 3251 desideriis
2707 3202 2764 3250 et
2802 3161 3063 3265 operibus.
3081 3192 3285 3253 diutius
3312 3191 3611 3261 implicari;
3657 3190 3801 3279 adii:

521 3279 770 3335 humanae
815 3281 1097 3338 charitatis
1148 3280 1387 3336 officium
1445 3280 1612 3335 divini
1667 3281 1870 3334 amoris
1915 3279 2104 3335 virtuti

521 3373 829 3444 prmfertur.

1104 3467 1338 3525 CAPUT
1378 3466 1511 3527 Vill.

522 3560 963 3627 Quemadmodum
989 3561 1228 3618 Theonas
1254 3566 1525 3635 conjugem
1548 3578 1697 3635 suam
1728 3569 1785 3617 ut
1810 3571 1859 3616 et
1886 3563 2005 3635 ipsa
2028 3577 2112 3615 re-

949 3634 1230 3702 nuntiaret,
1264 3632 1564 3688 exliortatus
1585 3634 1675 3689 sit.
1922 3646 1927 3657 '
1960 3632 1965 3651 '

589 3748 794 3816 Quibus
850 3750 1072 3817 auditis,
1126 3751 1319 3807 beatus
1370 3750 1625 3808 Theonas
1681 3750 2106 3822 inexslinguibiii

516 3840 790 3896 desiderio
835 3841 1175 3913 Evangelicre
1224 3843 1571 3913 perfectionis
1597 3858 1885 3913 accensus,
1917 3858 2106 3901 semen

517 3930 667 3984 verbi
699 3929 927 3986 fecundo
951 3932 1118 4011 corde
1145 3943 1491 4002 conceptum,
1522 3936 1673 4006 quasi
1717 3934 2002 4006 profundis
2028 3944 2110 3991 at-

517 4035 625 4091 que
659 4021 910 4091 edomitis
952 4024 1194 4080 condidit
1219 4027 1405 4097 sulcis,
1438 4028 1493 4083 in
1523 4043 1588 4083 eo
1616 4027 1702 4084 vel
1736 4014 1972 4103 maxime
2001 4012 2104 4084 hu-

520 4115 761 4172 miliatus
786 4127 949 4188 atque
972 4132 1351 4189 compunctus,
1378 4124 1519 4194 quod
1544 4139 1665 4180 eum
1695 4138 1866 4180 senex
1897 4141 2004 4180 non
2027 4139 2109 4180 so-

521 4209 631 4264 lum
663 4210 1038 4281 Evangelicam
1070 4213 1460 4284 perfectionem
1502 4231 1609 4271 non
1638 4217 1883 4289 attigisse
1936 4217 2109 4272 dixis-

521 4307 627 4381 set,
646 4300 745 4358 sed
774 4302 937 4381 etiam
983 4305 1067 4361 vix
1098 4304 1234 4383 legis
1273 4306 1442 4377 ipsius
1470 4288 1791 4379 adimplesse
1829 4288 2101 4369 mandata.

2206 3290 2356 3345 ciens
2407 3288 2687 3344 astruebat
2711 3332 2725 3356 ,
2776 3303 2881 3343 non
2922 3286 3087 3371 licere
3133 3286 3378 3354 cuiquam
3414 3285 3534 3354 ejus
3570 3299 3629 3340 se
3667 3283 3803 3339 boni

2210 3394 2477 3439 extorrem
2530 3382 2711 3439 facere
2754 3381 2898 3455 quod
2930 3380 3247 3459 didicisset,
3298 3379 3631 3451 major-isque
3677 3394 3799 3434 esse

2210 3491 2365 3532 noxa:
2389 3474 2672 3546 despicere
2710 3476 2978 3546 cognitam
3006 3473 3300 3531 bonitatem
3321 3513 3337 3540 ,
3364 3487 3524 3542 quam
3556 3473 3802 3542 incogni-

2213 3577 2321 3624 tam
2351 3585 2456 3623 non
2491 3582 2703 3634 amare;
2744 3567 2966 3638 proinde
2996 3581 3056 3623 se
3079 3568 3188 3635 jam
3214 3574 3369 3643 reatu
3399 3565 3566 3621 etiam
3591 3580 3801 3635 praeva—

2212 3660 2487 3718 ricationis
2522 3661 2718 3717 involvi
2747 3706 2761 3731 ,
2795 3661 2838 3715 si
2880 3659 3116 3715 inventis
3144 3667 3251 3739 tam
3284 3658 3555 3729 praeclaris
3585 3668 3800 3727 tamque

2210 3754 2517 3819 caelestibus
2541 3754 2698 3815 donis
2725 3766 2937 3810 terrena
2975 3768 3040 3810 ac
3062 3750 3283 3811 sordida
3316 3750 3665 3825 prmiuhsset.
3717 3748 3800 3803 Ad

2210 3862 2426 3903 omnem
2457 3860 2588 3902 sane
2617 3846 2796 3903 aiebat
2824 3854 3037 3900 aetatem
3074 3858 3400 3915 omnemque
3451 3858 3638 3898 sexum
3672 3855 3800 3909 per-

2212 3938 2460 3995 fectionis
2490 3937 2942 4008 magnificentiam
2983 3939 3255 4008 pertinere
3282 3977 3295 4000 ,
3328 3944 3383 3991 et
3410 3936 3656 3990 universa
3684 3920 3795 3988 Ec-

2209 4032 2389 4089 clesiae
2414 4030 2657 4089 membra
2682 4031 2749 4089 ad
2786 4029 3251 4099 conscendcudam
3287 4029 3595 4087 sublimium
3628 4028 3795 4084 meri-

2214 4133 2387 4179 torum
2433 4123 2811 4199 celsitudinem
2861 4123 3182 4193 provocari,
3221 4122 3438 4179 dicente
3486 4120 3796 4191 Apostolo:

2213 4217 2302 4274 Sic
2330 4217 2517 4295 currite
2542 4226 2596 4271 ut
2626 4217 3066 4288 comprehendaris
3096 4214 3139 4287 (l
3161 4214 3279 4270 Cor.
3311 4215 3387 4283 Ix)
3411 4231 3425 4295 ς
3456 4228 3555 4295 nec
3577 4222 3802 4287 promer

2210 4298 2481 4373 lentarum
2512 4288 2581 4365 'et
2608 4308 2850 4380 segnium
2880 4323 3059 4365 moras
3084 4351 3100 4376 ,
3144 4315 3362 4389 paratos
3403 4290 3563 4389 atque
3592 4306 3802 4362 alacres

1585 4446 1841 4519 suum
1880 4445 2115 4523 GAZAEI
2151 4444 2719 4513 COMMENTARIUS.

522 4590 726 4662 morem
760 4592 1062 4662 poenarum,
1093 4589 1148 4636 et
1177 4597 1272 4662 per
1299 4581 1477 4651 aliqua
1518 4580 1827 4662 temporalia
1854 4581 2094 4662 promis-
2124 4583 2176 4644 D
2201 4581 2380 4662 chius,
2409 4597 2707 4653 omnesque
2726 4583 2972 4662 _rat_iones
3000 4582 3068 4662 ab
3099 4581 3297 4662 eodem
3320 4581 3543 4662 Theona
3580 4599 3684 4662 pro
3708 4583 3802 4639 de-

520 4664 579 4703 sa
614 4666 627 4703 :
661 4649 747 4704 lex
777 4660 952 4705 autem
984 4660 1135 4708 vetus
1170 4649 1271 4709 etsi
1311 4649 1571 4722 praecepta
1621 4649 1898 4709 charitatis
1922 4651 2095 4718 daret,

521 4734 627 4773 non
658 4727 834 4791 tamen
875 4737 968 4785 per
1013 4732 1132 4779 eam
1178 4722 1404 4780 dabatur
1449 4723 1682 4791 Spiritus
1736 4731 1976 4787 sanctus,
2009 4730 2102 4791 per

520 4805 678 4858 quem
707 4790 1030 4848 diffunditur
1057 4794 1291 4850 charitas
1321 4796 1373 4849 in
1396 4790 1649 4851 Clii'diblls
1684 4795 1907 4855 nostris,
1937 4804 1993 4847 ut
2021 4794 2100 4847 di-

522 4860 662 4936 citur
690 4862 846 4917 Rom.
879 4879 955 4918 ιιι.
1006 4863 1129 4919 ΙΙωο
1176 4865 1232 4922 S.
1280 4866 1558 4921 Thomas:
1619 4865 1813 4936 quibus
1858 4866 2104 4936 doctrina

528 4930 683 5055 huljus
710 4947 830 5004 cap.
863 4943 919 4990 et
944 4937 1282 5006 sequentium
1305 4935 1532 4993 mirifice
1560 4930 1879 4999 illustratur,
1905 4945 1957 5013 et
1986 4934 2104 5011 eiu;

528 5020 568 5051 l'l
614 5014 753 5055 alttr.
1320 5012 1323 5017 ’

523 5012 753 5058 t'ldailli‘.
1320 5012 1323 5017 ’

595 5082 619 5109 ι
664 5074 737 5146 De
771 5075 1011 5146 diaconia
1044 5076 1160 5129 vide
1185 5090 1347 5146 supra
1375 5073 1525 5145 (Cap.
1562 5077 1611 5146 i)
1636 5122 1649 5145 ,
1680 5088 1734 5132 et
1763 5078 1986 5134 observa
2020 5078 2101 5132 iu-

521 5158 685 5211 super
714 5144 815 5200 hoc
841 5146 963 5199 loco
987 5144 1304 5200 decimas‘et
1335 5144 1602 5214 primitias
1627 5150 1751 5201 olim
1785 5151 1835 5202 in
1864 5147 2105 5203 Ecclesia

523 5228 547 5263 η
582 5216 775 5281 populo
804 5214 1002 5270 deferri
1030 5256 1046 5281 ,
1075 5224 1131 5272 et
1154 5215 1331 5272 offerri
1363 5216 1548 5271 solitas
1581 5216 1843 5274 diaconia:
1867 5263 1881 5285 ,
1916 5219 1966 5273 id
2001 5227 2104 5284 est,

522 5285 802 5358 communi
845 5301 1044 5358 mensa:
1093 5302 1410 5355 pauperum,
1451 5303 1515 5342 ex
1562 5303 1661 5358 qua
1696 5287 2105 5356 tum-monachi,

523 5361 633 5407 tum
658 5355 745 5428 alii
766 5354 1021 5412 Ecclesiae
1048 5354 1279 5411 ministri
1301 5358 1553 5412 alimenta
1578 5354 1939 5428 percipiebaut
1966 5354 2111 5415 oeco-

525 5438 686 5499 uenio
712 5424 1090 5499 dispensante;
1118 5444 1222 5499 quo
1246 5443 1464 5484 munere
1486 5424 1698 5485 functus
1725 5424 1920 5484 dicitur
1940 5430 2108 5489 abbas

523 5492 775 5581 Theo-nas
803 5492 929 5581 post
956 5492 1440 5581 ﬁliam'abbatem,
1464 5515 1588 5581 cap.
1622 5503 1887 5581 sequenti.
1937 5572 1949 5581 _
1972 5571 1987 5581 _
2056 5506 2061 5513 ‘

594 5563 621 5602 δ
658 5563 850 5621 Totum
887 5563 988 5623 ho'c
1019 5568 1200 5639 caput,
1233 5586 1338 5641 quo
1371 5563 1564 5626 factum
1606 5563 1877 5642 singulare
1904 5571 2110 5628 abbatis

523 5634 760 5711 Theona:
790 5648 1058 5706 narratur,
1087 5634 1224 5711 qui,
1250 5634 1477 5696 'dimissa
1506 5658 1672 5697 uxore
1696 5634 1721 5708 ξ
1749 5643 1907 5697 etiam
1943 5643 2109 5698 invita

520 5714 576 5761 et
608 5707 909 5764 reluctante
938 5752 951 5775 ,
982 5712 1047 5765 ad
1079 5707 1318 5766 ercmtrm
1346 5725 1398 5768 et
1432 5707 1801 5767 monachath
1834 5729 1889 5768 se
1920 5724 2111 5769 contu-

520 5776 600 5844 lit,
619 5777 777 5867 docte
798 5788 851 5855 ot
872 5794 1119 5838 accurate
1141 5783 1472 5865 examinavit
1496 5792 1549 5839 et
1570 5783 1857 5865 eiucidavit
1883 5785 1942 5839 D.
1964 5785 2107 5871 (ξιιγτ

2208 4640 2451 4731 fensionc
2476 4664 2528 4729 et
2554 4640 3052 4731 approbatiouesui
3084 4640 3298 4731 divortii
3330 4640 3521 4731 allatas
3549 4640 3802 4731 coniurat

2207 4724 2317 4789 vit,
2349 4734 2406 4777 ut
2436 4722 2569 4792 pene
2591 4718 2839 4779 otiosum
2875 4726 3117 4779 videatur
3146 4723 3261 4792 ejus
3303 4718 3547 4791 ciinsuraa
3599 4726 3798 4794 aliquid

2206 4795 2594 4864 superaddere.
2639 4796 2805 4849 Unius
2838 4806 3012 4849 tamen
3042 4794 3349 4849 Bellarmini
3382 4795 3705 4853 sententiam
3730 4798 3803 4852 de

2207 4863 2312 4921 hoc
2360 4863 2504 4919 facto
2552 4865 2664 4937 hic_
2688 4867 2952 4937 ascribam
2980 4905 2994 4929 ,
3040 4868 3129 4937 qui
3160 4879 3282 4920 cum
3318 4880 3348 4920 e
3375 4864 3658 4935 Scriptura
3691 4870 3801 4937 pri-

2210 4951 2374 4999 mum,
2406 4943 2518 4989 tum
2549 4952 2612 4989 ex
2640 4928 2909 5006 Patriiius,
2946 4928 3294 4989 lum-demum
3327 4951 3391 4990 ex
3425 4928 3594 4991 sacris
3628 4928 3797 5006 po'uti-

2210 5007 2369 5061 ficum
2392 5013 2447 5063 et
2468 5006 2815 5060 conciliorum
2840 5005 3068 5061 decretis
3095 5007 3370 5075 probasset
3395 5005 3805 5064 matrimOnium

2210 5092 2384 5131 ratum
2415 5087 2469 5147 et
2499 5085 2925 5131 consummatum
2972 5074 3261 5131 notisrilvi
3312 5093 3405 5147 per
3442 5080 3799 5133 monasticam

2212 5144 2603 5216 professionem
2627 5190 2642 5214 ,
2678 5161 2775 5201 nec
2804 5146 2966 5201 licere
2990 5144 3446 5216 coujtigibus‘post
3470 5150 3803 5205 matrimonii

2211 5220 2730 5284 consummationem
2752 5260 2766 5284 ,
2812 5217 2910 5271 nisi
2942 5233 3006 5271 ex
3041 5222 3226 5274 mutuo
3262 5230 3529 5273 consensu
3551 5262 3565 5284 ,
3598 5236 3806 5278 vovere

2210 5282 2594 5362 continentiam
2621 5282 2761 5362 ,‘aut
2792 5290 3168 5362 monarhatum
3196 5306 3212 5355 ;
3259 5289 3322 5343 ad
3358 5288 3459 5362 hoc
3488 5282 3805 5362 exemplum

2211 5359 2448 5415 Thoona:
2478 5359 2581 5423 sibi
2613 5357 2878 5427 objectum
2909 5359 3199 5427 respondet
3228 5376 3345 5415 esse
3377 5359 3507 5415 illud
3534 5357 3701 5416 unum
3737 5379 3811 5419 ex

2210 5430 2278 5485 iis
2311 5429 2464 5485 factis
2504 5438 2813 5500 sanctorum
2849 5444 2967 5500 qua:
2997 5429 3308 5486 admiranda
3348 5443 3501 5500 sunt.
3544 5446 3648 5486 non
3684 5433 3801 5487 imi-

2214 5502 2395 5556 tanda.
2428 5499 2765 5572 Credendum
2802 5494 2946 5554 enim
2977 5509 3060 5572 est
3077 5501 3343 5572 peculiari
3374 5494 3609 5572 Spiritus
3632 5507 3811 5567 sancti

2212 5572 2488 5626 admonitu
2511 5583 2602 5643 aut
2623 5569 2976 5643 inspiratione
2996 5570 3046 5624 id
3066 5571 3259 5627 factum
3284 5569 3427 5639 esse,
3444 5585 3642 5643 praeter
3664 5590 3815 5628 com-

2215 5658 2427 5719 munem
2470 5641 2715 5719 ordinem
2763 5655 2825 5719 ac
2876 5641 3092 5719 legem,
3136 5641 3569 5719 quandoquidem
3602 5645 3696 5699 ille
3728 5656 3814 5700 tot

2213 5715 2409 5787 claruit
2438 5724 2623 5787 postea
2670 5712 2854 5787 signis
2881 5710 2951 5767 et’
2981 5710 3289 5787 virtutibus.
3331 5710 3582 5771 Sic'ille.
3625 5720 3815 5787 Atque

2217 5785 2356 5861 idem
2384 5780 2497 5840 fere
2526 5780 2814 5840 Ciaconius
2840 5782 2893 5839 in
2921 5799 3016 5840 sua
3048 5783 3421 5873 annotatioqe.
