4092 6322
314 340 443 400 1181

1031 341 1367 400 COLLATIO
1406 341 1741 400 XXl.—DE
1783 343 2196 403 REMISSIONE
2231 346 2846 417 QUINQUAGESIMJE.

3438 350 3582 413 1182

311 458 506 513 debere
531 457 848 527 subsistere,
882 473 1006 514 cum
1036 459 1235 513 rectius
1265 457 1335 513 sit
1364 467 1422 512 ut
1446 457 1659 514 desides
1694 474 1724 512 a
1756 475 1888 528 prae-
1914 461 1967 521 Α
1993 475 2114 516 rere
2159 477 2264 516 non
2315 478 2512 532 respuo
2538 504 2552 530 ,
2603 477 2702 520 nec
2731 479 2760 518 a
2791 478 2878 519 me
2927 479 3117 536 separo
3144 466 3286 538 quod
3321 467 3580 524 Dominus

309 550 648 605 currentibus
693 549 985 606 incitentur
1008 593 1022 616 ,
1050 566 1208 620 quam
1247 560 1302 604 ut
1332 561 1682 621 properantes
1708 566 1737 604 a
1761 550 1893 605 resi-

307 642 561 698 dentibus
588 642 913 714 obligentur.
954 642 1186 697 Proinde
1226 654 1484 698 statntnm
1539 644 1640 698 sibi
1681 643 1892 698 dicebat

307 740 696 806 decretumque
727 752 849 793 esse
879 738 1190 792 renuntiare
1222 738 1447 806 saeculo,
1478 752 1539 791 ac
1566 736 1702 790 mori
1738 752 1890 790 mun-

306 829 407 896 do,
449 838 508 884 ut
537 827 722 883 vivere
751 828 924 900 possit
955 827 1096 893 Deo;
1145 834 1200 882 et
1246 829 1290 882 si
1320 827 1459 882 hanc
1505 826 1888 881 beatitudinem

307 931 540 991 nequeat
578 921 825 975 obtinere
851 961 868 987 ,
915 931 969 974 ut
999 935 1121 974 cum
1153 920 1295 975 socia
1331 935 1428 974 sua
1464 920 1516 974 in
1560 921 1888 974 consortium

312 1020 551 1068 transeat
579 1010 816 1080 Christi,
867 1012 1028 1068 malle
1075 1027 1134 1066 se
1176 1012 1261 1066 vel
1301 1027 1422 1066 cum
1463 1013 1619 1066 unius
1663 1012 1890 1066 membri

307 1104 600 1176 dispendio
635 1106 842 1160 salvum
879 1105 1024 1171 ﬁeri,
1051 1115 1106 1161 et
1133 1105 1281 1160 velut
1306 1104 1541 1160 debilem
1584 1104 1804 1159 introire
1835 1106 1888 1159 in

308 1213 534 1268 regnum
585 1199 890 1263 caelorum,
955 1213 1116 1268 quam
1160 1213 1282 1253 cum
1333 1197 1603 1251 soliditate
1650 1197 1890 1267 corporis

303 1289 654 1345 condemnari
703 1287 918 1360 (Matth.
950 1289 1127 1359 xviii).
1175 1288 1476 1359 Adjiciebat
1510 1298 1685 1343 antetn
1726 1289 1886 1343 etiam

303 1385 406 1438 ista
459 1385 691 1439 dicens:
735 1383 789 1439 Si
837 1384 1042 1454 Moyses
1090 1399 1187 1454 pro
1234 1384 1429 1436 duritia
1469 1383 1646 1437 cordis
1690 1383 1887 1438 dimitti

303 1478 563 1548 permisit
594 1492 790 1532 uxores
822 1474 997 1546 (Deut.
1027 1493 1172 1542 sxw,
1205 1475 1391 1529 Matth.
1426 1480 1559 1547 xix),
1594 1491 1757 1546 quare
1787 1475 1886 1530 hoc

297 1587 408 1626 non
461 1573 602 1626 sinat
639 1572 885 1627 Christus
940 1587 1034 1641 pro
1085 1571 1354 1626 desiderio
1406 1571 1695 1634 castitatis,
1747 1585 1885 1636 prte-

297 1663 487 1719 sertitn
518 1679 640 1718 cum
672 1663 816 1718 idem
859 1663 1118 1718 Dominus
1164 1663 1303 1716 inter
1329 1673 1552 1717 caeteras
1576 1661 1885 1716 allectiones

297 1757 378 1828 (id
408 1768 510 1823 est,
538 1767 748 1826 patrum
768 1799 783 1824 ,
819 1765 1048 1810 matrum
1076 1771 1139 1810 ac
1166 1756 1416 1824 ﬁliorum,
1449 1755 1641 1826 quibus
1667 1771 1882 1812 omnem

1996 553 2124 607 mihi
2157 555 2345 624 primae
2375 555 2554 610 statim
2585 556 2909 610 conditionis
2949 556 3067 627 lege
3092 559 3392 627 conjunxit,
3423 559 3578 614 dum-

1993 644 2153 699 modo
2175 647 2247 700 sis
2267 656 2321 700 et
2346 647 2456 716 ipsa
2480 648 2622 717 quod
2649 647 2911 702 Conditor
2930 663 3050 704 esse
3079 660 3128 704 te
3157 651 3346 706 voluit.
3372 651 3426 707 Si
3449 668 3579 707 vero

1997 751 2101 789 non
2133 735 2197 790 ad
2240 738 2562 805 adjutorium
2603 754 2719 794 esse
2748 740 2988 794 volneris
3013 780 3027 807 ,
3074 741 3170 795 sed
3219 742 3271 795 in
3304 742 3580 811 deceptio—

1997 844 2153 894 netn;
2185 837 2238 882 et
2267 829 2650 885 adminiculum
2685 842 2734 886 te
2767 848 2873 886 non
2902 834 3057 898 mihi,
3089 832 3183 888 sed
3210 835 3576 890 adversariam

1995 921 2245 975 malueris
2293 921 2576 990 exhibere,
2621 933 2781 994 atque
2826 925 2894 980 ob
2931 925 3036 980 hoc
3078 927 3390 981 attributum
3421 938 3577 997 putas

1992 1012 2222 1082 conjugii
2255 1001 2755 1082 sacramentumfut
2779 1026 2829 1072 te
2853 1017 2978 1072 huic
3006 1032 3124 1088 quae
3151 1019 3410 1089 ingeritur
3436 1019 3577 1074 frau-

1992 1105 2125 1159 dans
2155 1107 2337 1173 saluti,
2369 1108 2590 1178 insuper
2622 1109 2780 1164 etiam
2806 1127 2890 1166 me
2920 1126 2948 1165 a
2977 1111 3301 1182 discipulatu
3330 1113 3576 1169 retrahas

1990 1196 2316 1266 Salvatoris,
2349 1201 2422 1254 ita
2453 1201 2596 1256 illam
2624 1203 2832 1257 abbatis
2858 1202 3081 1259 Joannis
3106 1247 3121 1272 ,
3165 1205 3333 1260 immo
3371 1203 3575 1262 Christi

1992 1305 2086 1344 ore
2116 1291 2380 1360 prolatam
2422 1294 2742 1347 sententiam
2773 1294 2998 1350 viriliter
3032 1296 3431 1366 apprehendam
3457 1339 3472 1366 ,
3515 1307 3576 1354 ut

1990 1401 2077 1439 me
2124 1400 2150 1436 a
2193 1387 2417 1454 spiritali
2472 1386 2615 1440 bono
2665 1388 2810 1442 nulla
2853 1390 3084 1444 carnalis
3124 1391 3356 1447 avellere
3405 1392 3575 1462 possit

1989 1479 2224 1533 allectio.
2255 1480 2357 1546 Qui
2377 1480 2543 1546 enim,
2567 1481 2760 1550 inquit,
2779 1499 2880 1535 non
2904 1483 3009 1535 odit
3033 1493 3248 1552 patrem,
3271 1496 3316 1538 et
3338 1495 3570 1552 matrem,

1988 1580 2037 1623 et
2066 1571 2200 1639 ﬁlios
2228 1613 2240 1635 ,
2279 1582 2322 1624 et
2360 1573 2573 1640 fratres,
2622 1583 2665 1628 et
2707 1590 2924 1641 sorores,
2967 1585 3014 1628 et
3043 1592 3280 1644 uxorem,
3313 1588 3359 1631 et
3396 1593 3572 1649 agros,

1988 1662 2158 1715 adhuc
2187 1672 2354 1717 autem
2398 1674 2444 1718 et
2489 1665 2709 1720 animam
2737 1682 2882 1719 suam
2907 1711 2922 1735 ,
2956 1683 3059 1721 non
3100 1676 3265 1737 potest
3295 1685 3436 1723 meus
3467 1685 3575 1724 esse

1988 1755 2274 1826 discipulus
2305 1754 2458 1827 (Luc.
2493 1757 2624 1828 xw).
2659 1756 2794 1812 Cum
2817 1773 2943 1828 ergo
2967 1757 3049 1812 his
3079 1769 3239 1830 atque
3266 1759 3573 1829 hujusmodi

293 1853 656 1907 reverentiam
683 1891 699 1916 ,
733 1864 841 1904 non
885 1849 1055 1903 solum
1102 1849 1187 1905 lex
1225 1847 1423 1919 (Exod.
1452 1848 1566 1919 xx),
1600 1847 1693 1902 sed
1722 1849 1882 1902 etiam
1915 1841 1962 1902 Β
1991 1847 2171 1902 verbis
2193 1848 2470 1902 muliebris
2494 1865 2597 1903 non
2620 1850 2930 1904 ﬂecteretur
2952 1850 3200 1918 intentio,
3223 1861 3276 1906 et
3301 1852 3356 1906 in
3382 1852 3572 1908 eadem

293 1942 418 2012 ipse
458 1941 670 2016 (Matth.
700 1941 792 2013 xv)
841 1950 1176 2011 praeceperat
1217 1941 1476 1996 exhibere
1502 1981 1517 2007 ,
1563 1951 1740 1995 tamen
1788 1957 1888 2011 pro

293 2037 521 2090 nomine
572 2050 672 2091 suo
717 2049 783 2090 ac
836 2034 1110 2091 desiderio
1161 2033 1510 2106 perfectionis
1556 2049 1661 2088 non
1715 2034 1886 2089 solum

291 2127 696 2184 contemnenda
727 2125 1065 2196 simpliciter,
1098 2126 1194 2182 sed
1235 2128 1398 2182 etiam
1445 2125 1594 2198 (Luc.
1623 2126 1738 2198 xiv)
1763 2126 1888 2182 odio

291 2221 546 2276 habenda
587 2234 710 2275 esse
758 2220 1133 2290 decernens),
1191 2221 1482 2290 conjungat
1519 2221 1599 2276 eis
1641 2221 1890 2275 similiter

291 2315 463 2371 etiam
485 2329 715 2369 uxorum
746 2329 942 2370 nomen
977 2314 1166 2369 dicens
1197 2333 1208 2367 :
1241 2314 1304 2367 Et
1331 2315 1494 2368 omnis
1519 2315 1605 2386 qui
1636 2316 1892 2386 reliquerit

291 2408 541 2468 domum,
573 2407 652 2460 vel
679 2406 897 2477 fratres,
921 2415 1011 2460 aut
1041 2424 1272 2473 sorores,
1301 2417 1392 2461 aut
1414 2418 1640 2477 putrem,
1665 2419 1754 2461 aut
1780 2425 1891 2462 ma-

291 2508 458 2565 trem,
483 2508 830 2563 aestuarem,
855 2506 945 2551 aut
973 2499 1142 2569 filios,
1174 2509 1266 2552 aut
1295 2516 1446 2570 agros
1474 2511 1679 2571 prapter
1709 2517 1889 2554 nomen

291 2607 486 2656 meum,
522 2591 822 2662 centuplum
851 2593 1092 2661 accipiet,
1127 2600 1176 2645 et
1205 2593 1356 2645 vitam
1385 2603 1625 2657 aeternam
1663 2594 1890 2664 posside-

292 2683 371 2740 bit
412 2683 632 2758 (Matth.
674 2684 813 2754 six).
868 2685 922 2758 In
957 2695 1164 2740 tantum
1211 2701 1338 2755 ergo
1375 2686 1686 2756 perlectioni
1729 2702 1890 2755 quam

291 2755 557 2846 praedicat
602 2776 739 2831 nihil
787 2755 990 2846 patitur
1028 2755 1463 2846 comparari,ut
1503 2777 1647 2831 illam
1677 2793 1891 2848 quoque

299 2869 760 2926 necessitudinem
801 2869 979 2925 solvat
1007 2870 1174 2939 patris
1213 2884 1276 2924 ac
1304 2869 1520 2937 matris,
1554 2885 1673 2940 quae
1701 2885 1891 2924 secun-

291 2965 427 3020 dum
469 2964 788 3033 Apostolum
833 2964 1063 3033 primum
1115 2962 1326 3018 obtinet
1373 2963 1424 3016 in
1476 2963 1891 3032 repromissione

292 3057 612 3113 mandatum
646 3075 659 3111 :
695 3056 913 3112 Honora
949 3057 1143 3111 scilicet
1180 3066 1375 3123 patrem
1401 3065 1449 3110 et
1477 3065 1722 3122 matrem,
1754 3057 1892 3128 quod

291 3159 374 3207 est
414 3151 715 3205 mandatum
744 3151 969 3222 primum
1007 3151 1061 3205 in
1098 3152 1530 3220 repromissione,
1570 3162 1623 3204 ut
1668 3152 1788 3205 bene
1826 3152 1890 3205 sit

1991 1943 2369 1997 obstinationis
2418 1943 2611 1999 duritia
2669 1953 3011 2015 permaneret
3063 1961 3075 1998 :
3116 1944 3172 2000 Si
3214 1959 3312 2015 ego
3341 1987 3355 2011 ,
3404 1946 3576 2015 inquit

1990 2033 2178 2089 beatus
2200 2034 2469 2101 Theonas,
2501 2046 2551 2092 te
2576 2036 2892 2092 abstrahere
2928 2053 2957 2091 a
2987 2047 3163 2092 morte
3196 2052 3301 2091 non
3332 2050 3572 2109 possum,

1992 2141 2092 2181 nec
2133 2135 2188 2181 tu
2232 2143 2317 2182 me
2362 2128 2638 2197 separabis
2683 2144 2712 2182 a
2756 2126 2973 2182 Christo
3005 2145 3016 2181 :
3051 2129 3242 2183 Tutius
3271 2137 3353 2183 est
3397 2138 3572 2182 autem

1993 2219 2263 2274 mihicum
2292 2218 2529 2284 homine,
2555 2235 2712 2290 quam
2741 2236 2862 2274 cum
2895 2220 3004 2274 Deo
3031 2219 3233 2274 habere
3261 2219 3568 2274 divortium.

1991 2317 2280 2384 Asliirante
2327 2316 2506 2384 itaque
2547 2315 2716 2385 gratia
2749 2313 2882 2380 Dei,
2924 2313 3250 2368 deﬁnitionis
3277 2329 3390 2367 suae
3419 2328 3578 2368 exse-

1990 2409 2266 2463 cutionem
2315 2407 2577 2462 instanter
2623 2421 2907 2477 aggressus
2934 2416 3055 2473 est,
3098 2421 3196 2461 nec
3242 2407 3576 2475 intepescere

1992 2515 2090 2570 per
2131 2500 2364 2568 aliquam
2414 2515 2619 2554 moram
2651 2499 2906 2554 desiderii
2954 2500 3034 2554 sui
3079 2514 3269 2570 passus
3307 2508 3393 2554 est
3419 2499 3577 2553 ardo-

1992 2607 2143 2657 rem;
2194 2607 2316 2645 nam
2341 2591 2624 2646 confestim
2655 2589 2802 2646 omni
2831 2589 3101 2645 mundana
3125 2589 3376 2644 facultate
3408 2590 3577 2644 nuda-

1994 2692 2078 2738 tus
2106 2683 2172 2737 ad
2204 2687 2589 2738 monasterium
2638 2682 2959 2753 pervolavit.
3006 2681 3107 2738 Ubi
3155 2684 3207 2736 in
3253 2682 3402 2738 brevi
3431 2690 3577 2737 tanto

1992 2775 2280 2845 splendore
2310 2777 2613 2831 sanctitatis
2640 2786 2694 2832 et
2720 2776 3041 2831 humilitatis
3072 2777 3282 2841 enituit,
3316 2783 3374 2830 ut
3410 2776 3578 2831 beata:

1993 2872 2271 2926 memoria:
2296 2871 2502 2927 Joanne
2524 2871 2590 2927 ad
2620 2871 2904 2926 Dominum
2933 2886 2996 2926 ex
3022 2870 3122 2926 hac
3144 2871 3265 2926 luce
3289 2871 3574 2940 migrante,

1994 2972 2021 3000 ι
2053 2974 2241 3020 sancto
2269 2980 2484 3035 quoque
2513 2965 2660 3030 Elia,
2693 2965 2814 3019 viro
2839 2964 2929 3034 qui
2957 2963 3097 3018 haud
3131 2963 3307 3018 minor
3332 2962 3360 3000 δ
3394 2965 3580 3016 deces-

1992 3071 2119 3111 sore
2149 3070 2249 3111 suo
2279 3057 2377 3110 fuit
2399 3097 2414 3122 ,
2460 3057 2711 3111 similiter
2753 3055 3046 3110 decedente
3066 3096 3082 3122 ,
3115 3055 3303 3109 tertius
3332 3053 3579 3108 Theonas

1994 3150 2374 3204 universorum
2408 3149 2726 3218 praeelectus
2748 3147 2972 3218 judicio,
2997 3151 3050 3203 in
3080 3147 3336 3202 diaconire
3365 3145 3443 3201 eis
3472 3143 3580 3199 dis-

295 3241 416 3310 tibi,
441 3251 489 3295 et
514 3241 586 3296 sis
611 3243 866 3312 lonngus
894 3258 1049 3312 super
1072 3251 1262 3295 terram
1292 3240 1512 3311 (Ep/tes.
1538 3243 1642 3312 vi);
1667 3259 1891 3313 eamque
1916 3219 1963 3282 Ο
1998 3242 2314 3312 pensatione
2339 3242 2688 3298 successerit.

299 3334 504 3404 Jespici
538 3348 636 3403 pro
666 3348 764 3388 suo
793 3349 976 3387 amore
1019 3335 1294 3402 praecipiat
1348 3333 1564 3401 (Matth.
1599 3335 1733 3404 xix).
1771 3336 1896 3390 Evi-

292 3428 494 3482 denter
515 3428 694 3498 itaque
721 3428 860 3482 sicut
885 3441 977 3481 eos
1000 3425 1343 3494 evangelicus
1370 3443 1548 3481 sermo
1571 3430 1894 3484 condemnat

295 3518 418 3590 qui,
451 3533 554 3572 non
581 3518 975 3572 interveniente
1001 3516 1250 3571 adulterii
1279 3517 1525 3583 crimine,
1555 3519 1742 3572 uxoria
1772 3519 1890 3573 vin—

295 3613 420 3668 cula
445 3612 781 3681 dirumpunt,
808 3612 877 3666 ita
905 3614 975 3666 ob
997 3625 1234 3666 amorem
1260 3611 1459 3666 Christi
1484 3621 1538 3666 et
1559 3611 1892 3668 desiderium

298 3705 574 3761 castitatis
620 3704 704 3759 his
752 3705 840 3774 qui
887 3704 1072 3774 jugnm
1119 3705 1338 3759 carnale
1382 3703 1671 3773 rejecerint
1725 3707 1890 3762 etiam

300 3798 556 3866 centupla
607 3797 828 3867 praemia
883 3795 1230 3865 repromittit.
1287 3795 1624 3867 QuaprOpter
1675 3799 1720 3854 si
1775 3799 1891 3855 ﬁeri

299 3899 486 3962 potest
512 3900 569 3945 ut
595 3891 660 3945 ad
689 3889 825 3945 hanc
853 3890 1246 3961 optatissimam
1278 3890 1408 3945 mihi
1440 3899 1644 3960 partem
1675 3903 1892 3962 accepta

301 3980 524 4036 tandem
557 3981 766 4036 ratione
791 3979 1052 4047 nectaris,
1079 3981 1289 4036 scilicet
1315 3989 1373 4036 ut
1400 3981 1628 4038 Domino
1654 3986 1896 4041 servien-

300 4085 389 4131 tes
414 4117 428 4141 ,
476 4090 689 4144 pinnam
719 4076 980 4146 gehennae
1008 4077 1210 4145 pariter
1234 4077 1532 4144 evitemus,
1577 4079 1891 4136 charitatem

300 4171 542 4240 conjugii
576 4187 682 4224 non
712 4169 907 4232 refuto.
939 4171 1104 4225 immo
1133 4172 1297 4226 etiam
1330 4172 1534 4241 majore
1558 4173 1736 4230 adhuc
1763 4177 1898 4232 dile-

301 4262 488 4316 ctione
517 4262 886 4330 complector;
931 4277 1168 4334 agnosco
1204 4265 1350 4320 enim
1382 4274 1436 4320 et
1474 4281 1707 4322 veneror
1740 4269 1895 4338 adju-

302 4353 498 4408 tricem
529 4369 702 4408 meam
724 4395 738 4418 ,
768 4353 982 4410 Domini
1011 4353 1145 4409 mihi
1173 4357 1440 4410 sententia
1469 4356 1778 4426 deputatam
1801 4405 1813 4428 ,
1847 4369 1901 4415 et

303 4443 585 4514 indirupto
627 4445 801 4502 eidem
842 4445 1047 4503 foedere
1081 4446 1364 4502 charitatis
1395 4446 1449 4502 in
1480 4447 1696 4504 Christo
1724 4451 1903 4508 cohte-

2615 3355 2844 3411 CAPUT
2885 3355 2955 3410 Χ.

1994 3445 2225 3516 Exponit
2245 3445 2522 3502 Cassianus
2543 3464 2786 3569 quorsus:
2808 3445 3095 3528 exemplum
3123 3445 3263 3501 istud
3283 3445 3336 3499 in
3361 3444 3580 3499 medium

2629 3536 2722 3569 υΓΟ
2767 3529 2950 3569 ua‘ertt.

2629 3529 2950 3587 produxerit.

2073 3622 2093 3649 α
2135 3610 2304 3667 Nemo
2335 3619 2512 3666 autem
2544 3609 2818 3665 existimet
2854 3625 2954 3665 nos
2999 3609 3114 3664 haec
3145 3607 3208 3662 ad
3243 3605 3583 3676 provocanda

1997 3708 2366 3778 coniugiorum
2390 3705 2618 3760 divortia
2645 3707 2898 3769 texuisse,
2924 3703 3017 3773 qui
3041 3719 3144 3756 non
3170 3702 3342 3756 solum
3373 3700 3584 3768 nuptias

1999 3802 2220 3858 minime
2264 3799 2721 3862 condetnnamus,
2772 3813 2958 3851 verum
3007 3797 3166 3850 etiam
3217 3792 3582 3861 Apostolicam

1997 3905 2286 3966 sequentes
2319 3894 2676 3956 sententiain,
2715 3891 2942 3946 dicimus
2981 3908 2995 3945 :
3036 3888 3358 3943 Honorabile
3393 3901 3586 3939 connu-

1999 3990 2136 4044 biunt
2176 3989 2225 4042 in
2280 3987 2535 4051 omnibus,
2567 3995 2609 4040 et
2641 3995 2783 4038 torus
2812 3984 3171 4037 immaculatus
3211 3979 3395 4052 (Hebr.
3432 3978 3582 4048 xm);

1999 4081 2092 4137 sed
2127 4090 2182 4134 ut
2217 4080 2400 4134 lectori
2453 4077 2662 4132 initium
2709 4074 3081 4130 conversionis
3128 4089 3234 4143 quo
3286 4082 3464 4125 tantus
3495 4069 3586 4124 ille

2002 4175 2082 4229 vir
2105 4173 2216 4228 Deo
2243 4171 2453 4226 dicatus
2474 4179 2576 4234 est,
2605 4167 2834 4222 lideliter
2857 4165 3234 4236 ponderemus.
3258 4168 3297 4217 A
3322 4177 3429 4232 quo
3447 4161 3584 4215 bona

2000 4269 2169 4337 gratia
2205 4267 2304 4320 hoc
2337 4265 2567 4335 primum
2598 4262 2863 4332 deposco,
2898 4268 2987 4328 ut,
3021 4260 3136 4313 sive
3166 4259 3267 4312 hoc
3293 4257 3340 4312 ei
3381 4257 3588 4325 placeat

2003 4363 2115 4416 sive
2139 4360 2448 4428 displiceat,
2481 4371 2567 4411 me
2589 4351 2966 4426 quoquomodo
2993 4367 3022 4407 a
3062 4351 3326 4406 calumnia
3352 4348 3584 4405 alienum

2004 4468 2124 4508 esse
2155 4449 2492 4514 concedens,
2529 4451 2583 4502 in
2621 4461 2719 4502 suo
2749 4445 2850 4500 hoc
2881 4445 3022 4501 facto
3049 4452 3139 4498 aut
3174 4441 3356 4496 laudet
3382 4448 3472 4494 aut
3499 4455 3587 4494 re—

1385 4581 1643 4640 ALARDI
1683 4585 1910 4644 GAZ/El
1948 4584 2514 4644 COMMENTARIUS.

383 4703 412 4731 ⁸
450 4693 595 4748 Duos
623 4691 771 4747 Elias
795 4691 1015 4748 abbates
1040 4691 1154 4748 sive
1179 4691 1538 4749 anachoretas
1562 4709 1896 4751 commenio-
1929 4699 1975 4759 D
2005 4699 2120 4753 Elia
2173 4697 2367 4752 abbate
2435 4696 2674 4751 Joannes
2753 4693 3000 4749 Moschus
3064 4694 3116 4747 in
3180 4693 3341 4748 Prato
3402 4690 3588 4760 Spirit.

305 4773 397 4821 rat
428 4763 700 4820 Palladius
728 4764 802 4835 in_
824 4763 1125 4828 Lausiacis,
1156 4764 1380 4818 alterum
1413 4764 1670 4820 Lausiaca
1700 4767 1762 4821 51
1788 4811 1802 4835 ,
1835 4769 1900 4824 de

306 4851 422 4903 quo
459 4837 572 4905 hare
599 4837 673 4888 ait
707 4852 720 4889 :
762 4833 995 4888 Vidimus
1023 4835 1184 4887 alium
1214 4851 1414 4905 quoque
1439 4854 1607 4890 senem
1639 4837 1690 4890 in
1723 4833 1903 4894 solitu-

307 4909 434 4962 dine
460 4904 696 4969 Antonii,
723 4921 840 4975 qua:
869 4918 940 4959 est
965 4905 1260 4968 metrOpolis
1287 4904 1579 4973 Thebaidis,
1609 4907 1784 4962 Etiam
1812 4930 1906 4965 no-

308 4978 606 5052 mine,qu_i
636 4987 790 5052 natus
814 4982 940 5052 erat
976 4985 1179 5052 centum
1220 4987 1268 5030 et
1305 4977 1476 5052 decem
1507 4997 1689 5034 annos.
1738 4981 1912 5052 Super

307 5066 434 5104 eum
459 5049 700 5119 dicebant
725 5047 981 5113 Spiritum
1011 5046 1146 5100 Elia:
1168 5051 1428 5116 prophetes
1454 5052 1772 5119 requievisse,
1798 5046 1902 5108 etc.

312 5122 395 5176 De
442 5119 632 5174 eodem
681 5118 1018 5172 Sozomenus
1063 5119 1156 5190 lib.
1200 5127 1373 5190 sexto,
1422 5123 1599 5190 capite
1647 5123 1908 5190 vigesimo

311 5202 542 5255 octavo,
571 5201 624 5244 et
657 5190 991 5261 Nicephorus
1023 5189 1113 5242 lib.
1143 5188 1456 5253 undecimo,
1491 5188 1670 5260 capite
1697 5188 1907 5261 trigesi-

313 5278 410 5316 mo
437 5271 660 5329 quarto,
694 5271 749 5316 et
790 5260 1014 5313 Ruﬁnus
1042 5261 1135 5316 lib.
1169 5275 1208 5314 ιι
1232 5275 1349 5329 cap.
1380 5263 1465 5316 12.
1498 5263 1738 5317 Alterum
1769 5260 1906 5318 Lau—

313 5336 466 5388 siaca
496 5333 616 5386 111.
646 5331 715 5387 At
737 5342 927 5386 neuter
957 5332 1146 5386 horum
1174 5330 1296 5384 huic
1327 5333 1444 5386 loco
1466 5335 1731 5403 quadrare
1761 5337 1910 5390 vide-

317 5415 428 5457 tur.
475 5403 606 5457 Nam
650 5403 740 5475 ille
772 5403 919 5471 prior
962 5404 1110 5457 solus
1148 5403 1482 5475 septuaginta
1520 5420 1690 5459 annos
1719 5407 1906 5475 egit'ln

317 5483 509 5547 monte
545 5474 777 5542 quodam
812 5475 1118 5547 inaccesso,
1148 5474 1278 5547 adeo
1316 5483 1372 5547 ut
1409 5474 1578 5545 ipsum
1603 5474 1803 5547 quoque
1831 5481 1910 5531 vi-

316 5546 445 5598 dere
472 5554 599 5598 esset
630 5544 956 5614 formidabile
980 5588 994 5610 ,
1036 5545 1110 5598 ait
1148 5543 1440 5599 Palladius.
1494 5543 1646 5601 Alter
1690 5543 1818 5602 vero
1859 5551 1910 5604 in

322 5617 463 5671 locis
495 5616 790 5670 Palaestinae
824 5615 1066 5668 habitans
1095 5617 1145 5668 in
1176 5615 1460 5684 spelunca,
1493 5634 1596 5670 non
1630 5618 1768 5673 inter
1796 5636 1912 5673 mo-

320 5687 535 5743 nachos
574 5685 858 5757 Egyptios
900 5701 1238 5757 communem
1290 5701 1454 5752 agens
1494 5691 1694 5753 vitam,
1728 5701 1786 5743 ut
1825 5691 1911 5746 hic

319 5760 400 5814 de
440 5774 547 5828 quo
592 5755 901 5812 est'sermo.
955 5757 1028 5809 De
1057 5755 1247 5810 abbate
1295 5757 1405 5810 Elia
1439 5760 1681 5813 meminit
1725 5760 1911 5815 itidem

321 5827 538 5888 Auctor
570 5830 663 5885 lib.
691 5847 721 5884 v
752 5829 818 5884 de
850 5830 982 5883 Vitis
1009 5828 1223 5882 Patrum
1263 5827 1356 5883 lib.
1401 5844 1478 5885 ix.
1530 5830 1607 5886 De
1649 5832 1757 5888 alio
1785 5833 1913 5889 item

2006 4785 2124 4878 me.
2149 4769 2409 4894 Dgcessor
2439 4837 2638 4893 dicitur
2670 4837 2756 4906 qui
2801 4835 3098 4890 successori
3140 4835 3472 4906 decessit‘ac
3517 4833 3595 4906 lo-

2008 4927 2130 4967 cum
2159 4910 2358 4976 cessit,
2393 4921 2450 4962 ut
2477 4903 2759 4964 success—or
2793 4908 2880 4978 qui
2913 4907 3181 4961 decessori
3214 4904 3474 4958 succedit.
3519 4903 3590 4978 Ita

2008 4983 2264 5038 Sidonius
2308 4975 2399 5033 lib.
2434 4997 2466 5034 v
2495 4980 2656 5050 epist.
2691 4975 3155 5050 16,'Ctnlestinu§
3198 4991 3335 5050 papa
3361 4975 3588 5050 epist_.__l

2009 5069 2058 5107 c.
2090 5055 2154 5119 2,
2194 5051 2483 5106 concilium
2511 5045 2848 5120 Carthangt
2874 5066 2992 5103 can.
3030 5048 3080 5117 1,
3114 5047 3471 5120 Cassiodorus
3501 5045 3593 5120 lib.

2011 5139 2084 5178 vn
2111 5116 2269 5193 epist.
2302 5123 2365 5187 2,
2400 5121 2694 5191 Gregorius
2719 5116 2933 5176 'anon.
2977 5116 3074 5174 lib.
3104 5134 3155 5193 t_v
3182 5118 3249 5173 de
3278 5117 3338 5172 S.
3365 5116 3598 5172 Martino

2011 5189 2231 5262 cap.'7,
2264 5189 2553 5248 concilium
2582 5193 2827 5246 Toletan.
2857 5207 2930 5246 ιιι
2957 5205 3077 5258 cap.
3112 5189 3178 5262 l.)
3247 5216 3256 5224 -

2089 5258 2111 5304 ε
2157 5258 2328 5319 verba
2373 5275 2494 5319 sunt
2532 5264 2806 5328 CaSsiani,
2857 5277 2962 5316 non
3008 5261 3215 5315 abbatis
3252 5258 3507 5324 Joannis,
3541 5267 3598 5310 ut

2012 5345 2299 5392 contextus
2344 5335 2538 5400 docet,
2571 5349 2888 5404 quamquam
2921 5335 3077 5387 aliter
3105 5331 3272 5401 prima
3313 5328 3600 5404 fronteuvif

2015 5408 2130 5463 der-i
2176 5399 2831 5482 posset._lﬁxcusa_t_enim
2873 5419 2931 5459 se
2972 5399 3264 5482 Cassianus
3292 5400 3435 5471 quod
3465 5399 3596 5482 illud

2016 5470 2320 5545 exemplum
2362 5478 2570 5533 abbatis
2611 5475 2845 5529 Theonae
2875 5475 3154 5538 retulerit,
3193 5489 3260 5528 ex
3291 5470 3396 5542 quo
3429 5470 3598 5524 videri

2017 5559 2201 5621 posset
2246 5549 2385 5604 velle
2431 5548 2661 5621 suadere
2709 5547 2934 5621 divortia
2979 5545 3390 5621 coniugiorum;
3438 5557 3596 5612 quam

2017 5616 2374 5689 suspicionem
2405 5635 2436 5674 a
2463 5635 2520 5674 se
2547 5616 2782 5684 refutat,
2812 5619 2937 5672 illud
2972 5619 3165 5671 factum
3199 5632 3371 5689 neque
3402 5629 3601 5689 appro-

2020 5685 2154 5745 batis
2179 5693 2293 5761 ipse
2318 5705 2489 5761 neque
2515 5691 2800 5762 damnans,
2835 5689 2929 5745 sed
2955 5690 3180 5744 aliorum
3208 5686 3410 5756 judicio
3438 5685 3600 5738 relin-

2022 5777 2214 5834 quens.
