4092 6322
503 363 647 424 “8'5

1555 357 1840 417 JOANNIS
1874 355 2188 414 CASSIANI
2225 353 2718 413 COLLATIONES.

3636 349 3786 410 1184

505 476 806 550 prehendat
830 482 1128 533 auctorem.
1151 475 1266 546 Ego
1285 480 1464 530 autem
1487 473 1577 544 qui
1605 489 1711 528 non
1735 487 1908 528 meam
1930 487 2094 541 super
2119 475 2169 534 Α
2195 471 2329 526 adeo
2355 471 2716 526 collaudatum
2746 482 2866 525 esse
2895 466 3235 523 manifestum
3267 472 3371 535 est,
3397 473 3457 523 ut
3485 480 3609 523 eum
3637 481 3792 523 sum.

507 571 608 626 hac
637 585 706 625 re
727 568 1048 624 sententiam
1081 567 1350 637 prompsi,
1387 565 1480 621 sed
1511 565 1588 621 rei
1615 573 1782 635 gesta:
1810 565 2090 618 historiam

503 662 740 732 simplici
779 662 1088 717 narratione
1123 659 1438 730 complexus
1465 673 1582 714 sum
1611 697 1627 724 ,
1674 671 1884 726 aequum
1922 665 2006 711 est
2035 663 2092 710 ut

503 757 640 810 sicut
684 753 814 808 mihi
859 753 928 809 de
966 768 1154 810 eorum
1182 753 1270 823 qui
1303 752 1406 806 hoc
1445 750 1643 804 factum
1675 749 1901 818 probant
1930 748 2085 802 laude

505 846 640 900 nihil
665 844 902 912 vindico,
928 845 998 899 ita
1031 858 1219 900 eorum
1246 843 1339 914 qui
1368 842 1420 898 id
1446 841 1753 912 improbant
1775 856 1880 895 non
1909 839 2089 911 pulser

505 934 726 990 invidia.
761 933 965 990 Habeat
988 949 1117 1006 ergo
1140 949 1295 989 suum
1319 937 1387 989 de
1415 932 1529 1002 illo,
1555 942 1616 988 ut
1642 932 1898 999 diximus,
1925 946 2092 987 unus-

501 1031 730 1102 quisque
763 1030 1060 1100 judicium;
1106 1029 1202 1085 sed
1243 1043 1437 1084 moneo
1477 1035 1537 1082 ut
1576 1027 1648 1082 ita
1689 1041 1972 1082 censuram
2003 1026 2087 1082 sui

507 1122 736 1192 castiget
781 1122 1045 1178 examinis
1071 1162 1087 1187 ,
1127 1137 1194 1176 ne
1219 1136 1283 1183 se
1310 1120 1602 1191 aequiorem
1634 1128 1727 1174 aut
1761 1120 2087 1175 sanctiorem

507 1215 694 1271 divino
719 1215 904 1270 credat
927 1229 1048 1270 esse
1073 1213 1296 1283 judicio,
1325 1213 1506 1284 quoin
1535 1227 1659 1268 eum
1687 1211 1849 1267 etiam
1877 1222 2092 1282 aposto-

505 1309 730 1365 licarum
776 1307 970 1363 collata
1019 1317 1144 1362 sunt
1173 1307 1326 1378 signa
1370 1308 1624 1362 virtutum
1649 1349 1662 1373 ,
1696 1314 1751 1360 ut
1778 1313 1982 1360 taceam
2023 1305 2090 1361 de

507 1410 779 1456 tantorum
831 1400 1047 1455 Patrum
1095 1400 1362 1455 sententia
1388 1441 1404 1466 ,
1436 1415 1465 1453 a
1503 1398 1696 1470 quibus
1730 1397 1924 1452 factum
1971 1397 2090 1469 ejus

507 1507 611 1547 non
637 1495 812 1548 solum
839 1492 1061 1548 minime
1085 1493 1492 1562 reprehensum,
1521 1508 1705 1549 verum
1734 1492 1892 1548 etiam
1921 1506 2091 1562 usque

2199 563 2300 618 mis
2326 579 2389 619 ac
2417 561 2819 618 sublimissimis
2847 560 2977 616 viris
3002 561 3262 616 diaconia:
3292 561 3560 616 electione
3591 571 3790 630 pratu-

2197 657 2379 714 lerint.
2409 659 2478 712 Et
2501 668 2628 728 puto
2652 665 2730 712 tot
2749 655 3104 724 spiritualium
3125 656 3382 723 virorum,
3410 655 3520 711 Deo
3541 666 3786 723 auctore,

2197 750 2463 820 prolatum
2505 749 2672 823 [Lips.
2703 750 2757 804 in
2787 766 2954 821 marg.
2982 749 3288 822 probatum]
3323 765 3429 806 non
3461 765 3676 806 errasse
3699 751 3790 820 ju-

2197 841 2392 898 dicium
2417 885 2433 912 ,
2460 844 2602 914 quod
2645 843 2804 900 etiam
2849 852 2993 898 tanta
3037 843 3316 915 signorum
3338 882 3356 912 ,
3395 853 3456 900 ut
3481 858 3644 916 supra
3672 844 3789 914 jam

2197 935 2395 994 dictum
2423 947 2525 1004 est,
2554 938 2836 994 admiratio
2860 937 3231 996 confirmabat.

2803 1049 3032 1108 CAPUT
3071 1051 3163 1106 XI.

2199 1143 2437 1228 Quaestio
2464 1159 2556 1228 cur
2594 1144 2644 1228 in
2684 1141 2918 1214 nggpto
2957 1145 3076 1228 totis
3113 1143 3292 1228 diebus
3333 1142 3790 1216 Quinquagesimte

2290 1232 2390 1269 ηοιι
2412 1224 2692 1286 jejunetur,
2725 1231 2815 1268 nec
2840 1231 3007 1285 genua
3032 1224 3085 1269 in
3115 1224 3348 1269 oratione
3374 1227 3669 1270 curventur.

2267 1307 2372 1363 Sed
2411 1307 2522 1378 jam
2572 1317 2781 1377 tempus
2826 1315 2909 1363 est
2965 1317 3020 1362 ut
3065 1309 3344 1379 promissa:
3401 1308 3789 1378 disputationis

2194 1399 2439 1454 ordinem
2478 1414 2886 1470 prosequamur.
2945 1400 3110 1469 Igitur
3155 1399 3318 1455 abbas
3361 1399 3612 1455 Theonas
3654 1415 3785 1455 cum

2195 1492 2384 1550 diebus
2397 1491 2894 1563 'Quinquagesimze
2909 1506 3004 1548 nos
3020 1495 3070 1548 in
3085 1501 3266 1548 nostra
3279 1491 3469 1546 cellula
3485 1491 3783 1558 visitasset,

1575 1631 1834 1688 ALARDI
1874 1629 2103 1688 GAZEI
2141 1627 2702 1688 COMMENTARIUS.

576 1759 601 1789 ι
647 1749 721 1805 De
749 1747 1195 1818 Quinquagesima
1225 1746 1430 1816 egimus
1461 1745 1552 1802 lib.
1596 1761 1633 1800 tt
1676 1744 1914 1800 Institut.
1955 1761 2074 1814 cap.

506 1823 596 1884 18,
634 1821 723 1874 ubi
754 1837 820 1875 ex
850 1817 1115 1874 sententia
1143 1828 1379 1874 veterum
1424 1818 1691 1886 duplicem
1735 1817 2080 1871 distinximus

503 1892 1029 1961 Quinquagesimam.
1059 1890 1280 1943 alteram
1303 1889 1490 1959 jejunii
1520 1900 1574 1943 et
1601 1889 1928 1961 paenitentia
1956 1897 2081 1943 ante

503 1958 707 2018 Pascha
727 1958 996 2027 [alteram
1023 1961 1220 2015 latitia:
1254 1958 1314 2014 et
1336 1961 1666 2016 remissionis
1704 1969 1825 2028 post
1855 1958 2079 2024 Pascha,

2193 1743 2359 1800 Porro
2389 1745 2529 1815 quod
2557 1746 2685 1800 totis
2714 1744 3182 1815 Quinqmgesimm
3212 1743 3402 1800 diebus
3421 1744 3673 1800 monachi
3697 1745 3781 1801 illi

2189 1831 2287 1871 nec
2316 1831 2487 1885 genua
2518 1819 2568 1871 in
2595 1819 2842 1872 oratione
2875 1817 3088 1885 publica
3128 1825 3436 1877 curvarent,
3469 1830 3571 1870 nec
3603 1831 3781 1886 usque

2185 1888 2252 1941 ad
2282 1889 2468 1940 horam
2499 1904 2714 1952 nonam,
2739 1899 2797 1940 ut
2822 1887 2930 1942 alio
2957 1898 3201 1956 tempore
3228 1887 3495 1950 Solebant,
3519 1887 3780 1955 jejuuarc

2190 1968 2600 2027 praesumerent,
2654 1973 2710 2012 ut
2741 1959 2828 2013 hic
2872 1967 2926 2014 et
2968 1959 3097 2013 alibi
3135 1959 3358 2022 dicitur;
3407 1959 3458 2011 id
3502 1974 3606 2012 non
3641 1959 3782 2028 ipsis

504 2049 696 2112 nempe
725 2034 868 2112 a-die
908 2032 1192 2112 Paschalis
1221 2045 1389 2100 usque
1419 2030 1484 2085 ad
1498 2030 1660 2112 Adiem
1691 2030 2078 2111 Pentecostes;
2113 2053 2161 2112 Β
2189 2030 2478 2112 peculiare
2503 2029 2688 2112 fuisse,
2727 2029 2822 2112 sed
2851 2045 2915 2085 ex
2949 2031 3175 2112 (antiqua
3209 2029 3496 2112 traditione
3522 2043 3778 2112 commit:

506 2105 574 2158 de
599 2119 701 2174 qua
733 2103 817 2156 hic
845 2105 1040 2171 agitur.
1068 2104 1265 2157 Dicitur
1289 2112 1465 2156 autem
1493 2102 2080 2174 Quinquagesima,iseu

503 2172 687 2231 Graeca
715 2188 846 2228 voce
882 2174 1199 2228 Pentecoste
1220 2215 1235 2237 ,
1266 2175 1390 2242 quia
1429 2172 1660 2240 spatium
1695 2173 2082 2242 quinquaginta

501 2246 708 2301 dierum
739 2245 1133 2314 complectitur.
1190 2243 1470 2311 Quomodo
1506 2244 1568 2297 D.
1601 2244 1959 2314 Hieronymus
1985 2243 2080 2298 ad-

502 2330 690 2370 versus
722 2316 1028 2369 Montanum
1059 2326 1112 2369 et
1142 2315 1503 2370 Luciierianos
1533 2315 1778 2370 scribens
1801 2359 1814 2383 ,
1857 2330 1945 2384 per
1973 2329 2085 2367 om-

501 2403 616 2439 nem
660 2385 988 2440 Pentecosten
1037 2385 1173 2440 dixit
1217 2388 1234 2453 (
1258 2385 1424 2456 Epist.
1455 2387 1524 2440 54
1548 2427 1562 2450 ,
1589 2385 1658 2439 ad
1684 2385 2008 2456 (Marcellum
2037 2393 2084 2456 et

500 2468 634 2510 cont.
666 2456 886 2525 Lucifer.
913 2473 958 2510 c.
990 2456 1069 2527 4).
1112 2457 1212 2525 Qui
1255 2455 1430 2512 tamen
1474 2457 1599 2510 alibi
1646 2455 1840 2527 (Epist.
1880 2455 1985 2521 22,
2013 2455 2084 2507 ad

506 2527 880 2594 Eustochium)
928 2529 1278 2583 Pentecosten
1319 2543 1425 2582 non
1466 2543 1562 2593 pro
1604 2537 1713 2582 tota
1744 2527 2084 2596 Quinquage-

502 2601 634 2653 sima
659 2641 673 2664 ,
705 2614 800 2654 seu
827 2599 1001 2664 spatio
1028 2599 1406 2669 quinquaginta
1435 2599 1642 2652 dierum
1667 2641 1680 2663 ,
1721 2598 1814 2652 sed
1844 2611 1940 2669 pro
1971 2607 2081 2650 ter-

506 2671 683 2734 mino,
713 2685 809 2724 scu
851 2669 955 2724 ﬁne
995 2670 1336 2735 eurutndem,
1385 2679 1442 2725 ut
1481 2669 1640 2738 vulgo
1671 2669 1837 2732 solet,
1866 2669 2082 2737 accipit,

503 2742 605 2795 hoc
636 2750 737 2804 est,
770 2757 864 2810 pro
900 2741 1012 2809 ipsa
1043 2742 1384 2796 solemnitate
1413 2740 1519 2795 diei
1553 2741 1928 2806 Pentecostes,
1969 2742 2083 2794 sive

502 2812 768 2866 adventus
798 2812 1032 2880 Spiritus
1057 2812 1226 2866 sancti
1255 2827 1374 2881 quae
1401 2813 1906 2880 Quinquagesimam
1936 2824 2084 2863 com-

500 2885 611 2948 }let
652 2898 715 2936 ac
749 2885 998 2937 terminat
1024 2923 1039 2946 ,
1079 2883 1230 2948 juxta
1264 2883 1395 2937 illud
1439 2885 1559 2938 Act.
1607 2882 1844 2936 secundo
1885 2898 1899 2935 :
1943 2881 2083 2933 Dum

501 2954 872 3021 complerentur
900 2954 1007 3006 dies
1038 2952 1394 3016 Pentecostcs;
1425 2953 1550 3006 dum
1588 2953 1728 3006 inter
1759 2955 1859 3006 alia
1892 2967 2082 3005 mona-

501 3025 724 3079 thurtttn
759 3024 1129 3092 IEgyptiorum
1166 3025 1407 3078 instituta
1438 3027 1510 3076 ita
1552 3022 1740 3077 scribit
1769 3041 1781 3075 :
1812 3022 2083 3094 Jejunium

502 3095 656 3166 totius
681 3095 804 3166 anni
824 3097 1018 3162 tequale
1047 3103 1144 3159 est,
1167 3102 1374 3166 excepta
1396 3094 1807 3166 Quadragesima
1833 3111 1934 3163 qua
1960 3108 2085 3145 cou-

501 3165 699 3218 reditur
740 3163 1024 3219 districtius
1067 3167 1246 3218 vivere.
1287 3163 1334 3218 Ἀ
1381 3163 1585 3219 Pascha
1619 3163 1702 3216 ’ad
1757 3163 2082 3217 Pentecosten

500 3251 654 3289 create
677 3244 943 3288 mutantur
970 3238 1022 3290 in
1053 3235 1273 3302 prandia
1293 3277 1308 3301 ,
1339 3253 1442 3306 qua
1477 3245 1521 3288 et
1550 3235 1818 3290 traditioni
1845 3235 2084 3289 ecclesia-

500 3309 640 3360 sticw
669 3307 920 3374 satisﬁat,
955 3319 998 3361 et
1024 3317 1244 3360 ventrem
1274 3308 1384 3361 cibo
1418 3323 1519 3361 non
1557 3316 1764 3361 onerent
1794 3307 2076 3371 duplicato.

500 3376 588 3430 Sic
633 3377 692 3430 Ο.
722 3376 1075 3449 lLeronymus
1107 3396 1119 3430 :
1152 3379 1196 3431 A
1241 3376 1470 3444 Pascha,
1503 3379 1706 3448 inquit,
1735 3377 1804 3429 ad
1832 3376 2080 3430 Penteco-

499 3462 606 3520 sten
637 3464 790 3503 create
815 3459 1075 3504 mutantur
1102 3450 1152 3502 in
1185 3452 1438 3520 prandia;
1485 3453 1609 3519 quia
1658 3463 1778 3504 cum
1820 3459 1947 3503 ante
1977 3449 2076 3502 Pa-

499 3518 652 3584 scha,
685 3520 784 3574 hoc
815 3530 918 3583 est,
949 3520 1002 3575 in
1026 3518 1470 3590 Quadragesima,
1497 3518 1779 3576 coartarent
1803 3520 2083 3574 dumtaxat

501 3591 704 3662 absque
749 3591 974 3660 prandio
999 3634 1013 3658 ,
1048 3606 1080 3646 e
1115 3592 1332 3646 diverso
1379 3602 1501 3662 post
1545 3591 1751 3646 Pascha
1803 3605 1972 3661 usque
2011 3591 2079 3645 ad

502 3660 855 3732 Pentecostea
907 3663 1239 3731 prandebant
1274 3660 1475 3732 absque
1517 3678 1670 3724 coena
1695 3703 1710 3727 ,
1744 3660 1898 3717 unica
1939 3676 2081 3715 sern-

502 3746 596 3800 per
629 3730 926 3788 reiectione
967 3735 1245 3798 contenti,
1295 3730 1404 3788 nisi
1426 3747 1583 3788 causa
1617 3734 1886 3802 hospitum
1917 3748 2079 3802 coge-

501 3810 684 3856 rentur
738 3806 935 3872 sarpius
985 3819 1226 3859 mensam
1287 3818 1580 3874 apponere.
1648 3803 1856 3872 Duplici
1898 3813 2077 3859 autem

503 3875 713 3928 ratione
760 3874 1024 3943 ejusmodi
1083 3875 1306 3929 mutatio
1358 3875 1497 3944 apud
1560 3889 1654 3931 eos
1703 3875 1863 3930 [lebat
1906 3891 1920 3928 :
1971 3874 2082 3943 pri-

501 3959 678 4008 mum,
733 3953 790 3998 ut
840 3947 1108 4001 traditioni
1163 3945 1596 4011 Ecclesiastieaa,
1639 3946 1708 4002 de
1759 3945 2080 4002 remissione

499 4015 705 4086 scilicet
739 4015 1204 4086 Qttinquagesimm
1229 4061 1244 4085 ,
1273 4018 1675 4080 satisfacerent,
1706 4017 1953 4071 relaxato
1993 4019 2076 4071 ni-

501 4084 693 4158 t_niru_m
739 4084 1027 4158 utcumque
1063 4084 1332 4144 strictiore
1380 4089 1474 4142 illo
1511 4088 1751 4158 jejunio,
1785 4089 1925 4158 quod
1955 4097 2078 4142 ante

501 4153 703 4209 Pascha
745 4155 812 4210 ad
858 4153 1134 4228 vesperam
1175 4173 1344 4227 usque
1368 4203 1382 4228 ,
1436 4153 1528 4213 vel
1568 4153 1715 4215 certe
1756 4153 1942 4213 horam
1982 4174 2080 4213 no-

501 4240 623 4278 nam
653 4266 667 4288 ,
703 4227 1012 4282 servabant.
1063 4229 1313 4284 Secundo
1338 4227 1462 4294 ,ne
1505 4243 1700 4298 corpus
1741 4239 1897 4284 antea
1928 4238 2081 4284 exte-

499 4306 719 4369 nuatum
775 4307 828 4352 et
885 4298 1263 4362 debilitatum,
1323 4299 1593 4369 duplicato
1646 4301 1805 4365 cibo,
1862 4299 1914 4354 id
1971 4309 2076 4365 est,

500 4367 711 4433 gemina
758 4371 1052 4440 reiectione
1081 4413 1096 4436 ,
1142 4370 1361 4425 nimium
1403 4367 1705 4427 onerarent
1748 4379 1803 4426 et
1847 4385 2078 4440 praegra-

498 4448 706 4512 varent.
761 4439 948 4512 Exstat
986 4454 1244 4511 praeterea
1278 4441 1436 4512 hujus
1461 4443 1692 4512 antiqua:
1719 4439 2078 4496 institutiOnis

497 4515 552 4587 et
592 4507 1001 4587 observationis
1041 4507 1363 4587 tnonasticze'
1414 4507 1624 4587 insigne
1684 4514 2075 4587 monimentum

495 4581 552 4631 in
610 4581 838 4634 concilio
895 4582 1193 4638 Turoneusi
1247 4583 1486 4640 secundo
1525 4581 1672 4638 'can.
1737 4583 1803 4638 i3
1858 4585 1908 4638 in
1961 4583 2078 4638 haec

497 4649 658 4703 verba
708 4669 720 4704 :
775 4648 848 4705 De
879 4653 1099 4725 jejuniis
1149 4669 1268 4725 uero
1310 4655 1520 4724 antiqua
1560 4670 1592 4707 a
1621 4654 1881 4708 monachis
1927 4654 2076 4709 insti-

496 4727 606 4772 tuta
634 4723 1019 4796 serventur,iut
1063 4723 1127 4778 de
1171 4723 1379 4780 Pascha
1413 4723 1573 4794 usque
1601 4725 1670 4778 ad
1705 4725 2076 4796 Quinquagesi-

2187 2103 2326 2155 niter
2355 2101 2406 2154 in
2441 2099 2676 2156 Ecclesia
2707 2102 3052 2156 observatum
3092 2099 3324 2170 plurimi
3366 2109 3421 2156 ct
3449 2101 3771 2170 gravissimi

2185 2181 2432 2226 auctores
2470 2181 2759 2226 testantur.
2789 2172 3154 2227 Tertullianus
3185 2171 3278 2226 lib.
3319 2171 3388 2227 de
3427 2173 3638 2226 Corona
3675 2172 3780 2225 Mi-

2185 2242 2294 2316 litis
2322 2241 2483 2316 (Cap.
2505 2244 2568 2314 ὅ)
2599 2259 2614 2296 :
2645 2242 2921 2316 Jejunium
2949 2245 3096 2314 nefas
3126 2242 3381 2316 ducima_s,
3413 2241 3491 2316 vel
3531 2243 3594 2316 de
3620 2244 3777 2316 geni-

2183 2314 2316 2366 culis
2339 2315 2590 2379 adorare;
2617 2313 2790 2368 eadem
2814 2313 3134 2368 immunitate
3156 2331 3186 2366 a
3207 2313 3292 2367 die
3316 2313 3532 2367 Pascha!
3554 2315 3604 2365 in
3636 2314 3780 2366 Ρριιι-

2185 2393 2407 2438 tecosten
2438 2401 2592 2454 usque
2613 2388 2920 2454 gaudemus.
2949 2385 3119 2453 Quem
3146 2385 3323 2439 locum
3356 2385 3673 2439 Tertulliani
3703 2385 3772 2438 D.

2183 2455 2543 2526 Hieronymus
2564 2455 2823 2512 adversus
2843 2456 3211 2512 Luciferianos
3234 2456 3314 2524 (ut
3333 2460 3605 2512 annmavit
3626 2455 3778 2511 Rhe-

2185 2527 2394 2594 nanus)
2443 2528 2658 2581 videtnr
2697 2530 3002 2594 aemulatus,
3039 2527 3122 2581 bis
3149 2528 3362 2596 quidem
3399 2527 3580 2580 verbis
3611 2526 3774 2590 (Cap.

2183 2596 2240 2669 4)
2275 2615 2285 2650 :
2318 2597 2456 2650 Nam
2494 2607 2544 2651 et
2575 2600 2739 2652 multa
2770 2600 2903 2662 alia,
2935 2615 3050 2669 quae
3083 2615 3174 2667 per
3212 2598 3540 2669 traditionem
3579 2598 3631 2650 in
3667 2596 3780 2650 Ec-

2183 2667 2351 2722 clesiis
2375 2669 2721 2742 observantur,
2749 2667 3104 2742 auctori—tatem
3124 2670 3223 2724 sibi
3244 2670 3450 2742 scriptae
3469 2667 3596 2742 legis
3610 2685 3780 2742 usur-

2182 2748 2458 2812 parerunt;
2486 2743 2639 2812 uelut,
2667 2741 2718 2793 in
2743 2740 2948 2794 lavacro
2983 2751 3058 2794 ter
3082 2750 3236 2812 caput
3257 2739 3530 2810 mergitare
3551 2739 3626 2810 (id
3659 2747 3773 2802 est,

2184 2811 2322 2881 t_rina
2348 2810 2546 2865 mersio
2565 2811 2616 2864 in
2642 2811 2952 2881 baptismo):
2984 2813 3066 2865 die
3091 2810 3361 2865 Dominico
3384 2821 3432 2864 et
3456 2827 3548 2880 per
3569 2827 3776 2864 onmem

2183 2877 2521 2934 Pentecosten
2559 2898 2651 2953 nec
2689 2884 2751 2936 de
2792 2877 3043 2953 geniculis
3072 2883 3291 2936 adorare
3334 2882 3420 2952 (id
3457 2877 3581 2947 est,
3612 2881 3776 2936 ﬂexis

2182 2953 2408 3025 genibus
2427 2951 2607 3022 orare)
2628 2961 2676 3006 et
2697 2951 2960 3025 jejunium
2983 2955 3200 3021 solvere,
3220 2951 3480 3015 multaque
3499 2953 3626 3025 alia,
3650 2969 3775 3018 qua:

2181 3023 2373 3094 scripta
2399 3039 2502 3075 non
2530 3035 2669 3086 sunt,
2691 3023 3016 3080 rationabilis
3037 3025 3135 3080 sibi
3158 3025 3436 3078 obseruatio
3467 3023 3772 3077 vindicavit.

2183 3091 2388 3164 Rursus
2413 3094 2555 3162 quod
2584 3095 2649 3148 ad
2677 3094 2944 3163 jejunium
2976 3097 3198 3164 attinet,
3235 3095 3373 3149 idem
3405 3094 3772 3164 Hieronymus

2184 3163 2499 3231 prmfatione
2529 3166 2580 3218 itt
2612 3165 2872 3234 Regulam
2902 3167 2962 3222 S.
2995 3168 3268 3222 Pachumii
3295 3184 3308 3219 :
3340 3164 3452 3230 Bis,
3485 3163 3680 3234 inquit,
3713 3166 3773 3218 in

2183 3234 2522 3299 hubdomada,
2555 3248 2742 3304 quarta
2772 3247 2819 3292 et
2844 3246 2989 3293 sexta
3017 3238 3238 3302 sabbati,
3269 3238 3330 3291 ab
3359 3235 3590 3290 omnibus
3610 3238 3769 3307 jeju-

2183 3313 2356 3371 natur,
2406 3317 2618 3374 excepta
2662 3307 2955 3363 Pentecoste
2988 3308 3086 3434 (id
3130 3315 3246 3375 est,
3291 3316 3352 3362 ut
3398 3307 3770 3364 Tertullianus

2185 3375 2442 3434 loquitur.
2477 3394 2508 3429 a
2534 3378 2621 3431 die
2659 3377 2877 3433 Pascha:
2900 3381 2954 3433 in
3037 3389 3326 3434 entecosten
3354 3394 3532 3434 usque.
3563 3378 3672 3434 vel.
3709 3387 3770 3432 ut

2185 3375 2442 3446 loquitur,
2477 3394 2508 3429 a
2534 3378 2621 3431 die
2659 3377 2877 3433 Pascha
2900 3381 2954 3433 in
2988 3375 3326 3434 Pentecosten
3354 3394 3532 3444 usque,
3563 3378 3672 3440 vel,
3709 3387 3774 3432 ut

2183 3446 2494 3520 Cassianus,
2529 3450 2647 3504 totis
2679 3449 3127 3520 Quinquagesimw
3147 3450 3368 3518 diebus).
3398 3449 3504 3504 Sed
3526 3457 3581 3502 et
3605 3448 3771 3503 dicta:

2186 3519 2490 3592 traditionis
2525 3521 2786 3592 rationem
2820 3522 2995 3578 reddit
3023 3525 3074 3576 in
3104 3521 3368 3592 promtuio
3391 3520 3766 3574 Commentar.

2184 3589 2236 3659 in
2270 3590 2438 3656 Epist.
2479 3591 2545 3645 ad
2580 3591 2844 3659 Ephesios
2886 3611 2898 3645 :
2930 3589 3298 3654 Pentecosten,
3330 3592 3532 3659 inquit,
3565 3601 3770 3658 tempus

2182 3658 2379 3716 ltetititc
2408 3671 2563 3730 atque
2594 3658 2837 3732 victoriae,
2867 3681 2968 3734 quo
3009 3681 3112 3718 non
3153 3658 3413 3734 ﬂectimus?
3445 3679 3631 3734 genua,
3673 3678 3770 3734 nec

2181 3747 2451 3786 curvantur
2479 3735 2532 3788 in
2563 3743 2772 3798 terram,
2795 3732 2887 3788 sed
2905 3752 3021 3788 cum
3049 3732 3276 3789 Domino
3301 3734 3369 3788 ad
3388 3732 3630 3786 caelorum
3654 3733 3767 3786 alta

2181 3805 2520 3875 s_ustollimur.
2541 3805 2595 3860 S.
2617 3805 2949 3874 Epiphanius
2968 3807 3020 3862 in
3039 3803 3489 3875 compend.doct.
3520 3805 3760 3858 Eccles.:

2181 3871 2287 3927 Per
2331 3885 2493 3930 totum
2542 3871 2751 3948 quidem
2791 3893 2986 3931 annum
3015 3871 3275 3948 jejunium
3315 3874 3410 3928 hoc
3459 3883 3690 3928 servatur
3710 3877 3767 3948 in

2179 3955 2361 4019 sancta
2383 3945 2638 4019 catholica
2672 3945 2928 4014 Ecclesia,
2951 3945 3156 4019 quarta,
3190 3948 3432 4019 inquam,
3465 3955 3512 3998 et
3541 3945 3763 4013 prosab-

2179 4014 2297 4070 bato
2342 4016 2426 4087 (id
2455 4027 2566 4080 est,
2611 4018 2745 4090 feria
2775 4014 2974 4088 sexta)'
3009 4035 3168 4090 usque
3207 4014 3275 4072 ad
3315 4017 3502 4071 horam
3547 4031 3761 4090 nonam,

2179 4096 2390 4160 eseepta
2415 4099 2593 4142 sancta
2629 4087 2950 4156 Pentecoste,
2981 4090 3034 4145 id
3064 4087 3174 4154 est,
3221 4105 3312 4160 per
3349 4097 3481 4141 totos
3506 4087 3767 4156 quinqua-

2179 4158 2490 4240 ginta_dies,_
2531 4160 2582 4212 in
2615 4161 2796 4230 quibus
2839 4177 2999 4240 neque
3042 4158 3548 4240 genua-flectuntur,
3597 4174 3766 4240 πείρης

2179 4178 2320 4240 ginta
2357 4178 2486 4222 ares,
2531 4178 2582 4212 tn
2615 4178 2796 4230 quwus
2839 4178 2999 4230 neque
3026 4178 3209 4286 genua
3250 4178 3548 4230 [(CCtumur,
3597 4178 3766 4222 neque

2169 4231 2435 4300 Jejunium
2473 4231 2779 4296 imperatum
2805 4242 2899 4286 est.
2935 4233 2994 4287 S.
3077 4232 3344 4286 mhrosius
3373 4243 3574 4300 sermo.
3611 4227 3676 4282 01
3699 4239 3767 4300 et

2179 4297 2318 4374 apud
2350 4300 2663 4374 Gratianum
2692 4301 2831 4374 dist.
2850 4302 3107 4374 76(Cap.
3139 4301 3310 4369 Scire)
3336 4318 3347 4351 :
3377 4297 3482 4374 Per
3511 4300 3640 4374 hos.‘
3660 4298 3762 4374 ait,

2177 4372 2685 4444 quinquagintadies
2715 4371 2858 4425 nobis
2888 4369 2959 4426 est
2988 4369 3135 4444 jugis
3179 4381 3228 4426 et
3269 4371 3566 4444 continuata
3611 4369 3762 4444 festi-

2177 4441 2329 4513 uitas,
2356 4444 2430 4495 ita
2459 4452 2512 4496 ut
2543 4442 2640 4496 hoc
2677 4444 2818 4496 omni
2845 4441 3074 4510 tempore
3101 4459 3256 4513 neque
3286 4442 3353 4495 ad
3377 4442 3762 4513 observandum

2177 4511 2466 4585 indicamus
2490 4513 2721 4584 jejunio,
2752 4531 2912 4585 neque
2932 4515 2999 4568 ad
3017 4511 3336 4568 exorandum
3362 4511 3525 4585 Deum
3544 4513 3762 4585 genibus

2176 4583 2520 4639 succidamus.
2544 4583 2904 4642 Similiter'D.
2930 4589 3152 4655 August.
3185 4585 3344 4652 epist.
3377 4583 3481 4638 119
3505 4601 3516 4634 :
3537 4583 3760 4655 PrOpter

2179 4656 2296 4719 hoc,
2315 4657 2505 4723 inquit,
2527 4658 2731 4728 jejunio
2754 4652 3071 4728 relaxamus,
3088 4664 3137 4710 et
3160 4665 3349 4710 stantes
3370 4652 3761 4728 oramus,_auod

2178 4737 2252 4780 est
2279 4727 2483 4798 signant
2509 4723 2911 4781 resurrectionis.
2945 4726 3092 4782 Unde
3118 4729 3279 4798 etiam;
3305 4723 3542 4798 omnibus
3579 4723 3760 4798 diebus

497 4805 632 4869 mani
668 4793 764 4869 (id
802 4803 879 4869 est
901 4794 1318 4869 ,“Pentecosten
1340 4796 1384 4863 ),
1431 4793 1654 4864 exceptis
1683 4793 2073 4869 Rogationjbus,
2103 4808 2155 4869 D
2180 4793 2449 4850 dominicis
2477 4798 2545 4851 ad
2586 4800 2759 4869 altare
2789 4799 2843 4851 id
2871 4798 3186 4869 observatur.
3229 4796 3373 4852 Idem
3410 4795 3757 4869 _doce_nt_al_ii

493 4861 632 4913 οηιηὶ
663 4863 744 4936 die
784 4865 1032 4934 fratribus
1074 4861 1348 4933 prandium
1373 4861 1721 4936 praeparetur.
1758 4861 1884 4920 Post
1913 4861 2079 4932 Quin;

491 4933 836 5010 guagesimam
862 4936 1316 5010 totaltebdomada
1347 4933 1522 4992 exacte
1561 4941 1847 5010 jejunetur.
1883 4936 2077 4994 Postea

493 5004 765 5077 usquead
805 5007 1047 5061 calendas
1103 5009 1318 5077 Augusti
1374 5011 1427 5062 in
1483 5004 1770 5075 septimana
1814 5010 2071 5077 jejunent,

487 5073 730 5152 secunda,
762 5084 809 5128 et
833 5087 1045 5152 quarta,
1067 5089 1115 5152 et
1135 5073 1282 5132 sexta
1306 5080 1415 5152 die,
1436 5073 1662 5148 exceptis
1684 5081 1762 5134 his
1783 5073 1877 5149 qui
1899 5073 2076 5151 aliqua

489 5143 789 5221 iit/firmitate
833 5143 1098 5203 constricti
1139 5159 1278 5204 sunt.
1312 5148 1378 5203 In
1402 5143 1662 5221 Augusto.
1699 5143 1823 5220 quia
1848 5143 2075 5220 quotidie

493 5211 666 5289 Missa:
704 5229 1000 5273 sanctorum
1044 5231 1206 5285 sunt,
1253 5211 1532 5289 prandium
1566 5211 1806 5276 habeant.
1852 5211 1918 5275 In
1968 5222 2070 5278 Se-

487 5286 824 5361 ptembritoto
845 5302 893 5343 et
908 5291 1189 5361 Novembri
1205 5286 1279 5346 ter
1299 5292 1356 5345 in
1377 5293 1687 5361 septimana.
1709 5292 1788 5346 De
1809 5293 2072 5348 Decembri

487 5370 653 5436 usque
671 5357 1149 5436 Natglentliomini
1169 5363 1307 5436 omni
1327 5362 1410 5436 die
1421 5357 1683 5436 jejunent.
1709 5362 1776 5416 Et
1797 5366 1920 5436 quia
1938 5365 2070 5419 inter

488 5423 734 5508 Natalem
772 5429 985 5508 Domini
1027 5449 1187 5502 usque
1222 5433 1291 5486 ad
1325 5423 1676 5508 Epiphaniam
1713 5423 1853 5488 ωηιὶὶ
1879 5435 1962 5488 die
1991 5437 2066 5505 {e-

485 5503 907 5574 stivitatessunt,
947 5503 1166 5573 itemque
1211 5503 1548 5573 prandebunt.
1594 5506 1661 5560 Et
1694 5515 1815 5574 post
1851 5503 2017 5573 pauca
2051 5524 2064 5560 :

486 5564 615 5651 Post
640 5564 991 5651 Epiphaniam
1017 5564 1410 5651 cereusquead
1439 5564 1894 5651 Quadragesimain
1919 5585 1994 5628 ter
2015 5577 2068 5631 in

483 5641 770 5717 septimana
799 5646 1057 5717 jejunent.
1104 5641 1239 5700 Haec
1261 5648 1357 5709 ibi,
1393 5661 1458 5702 ex
1481 5641 1678 5717 quibus
1703 5647 1849 5701 varia
1880 5661 2066 5699 mona~

483 5707 708 5764 chorum
751 5707 955 5782 jejunia
989 5730 1084 5784 pro
1125 5707 1438 5772 diversitate
1481 5707 1782 5786 temporum
1821 5717 2063 5772 instituta

483 5790 802 5858 noscuntur,
821 5798 1276 5858 exceptagscmper
1299 5787 1774 5858 Quinquagesima,
1794 5788 1907 5842 sive
1931 5797 2067 5842 tem-

483 5862 614 5919 pore
641 5851 910 5924 Paschali,
942 5851 1003 5912 ut
1026 5851 1234 5912 dictum
1264 5851 1347 5913 esi
1380 5851 1530 5927 (Lib.
1552 5851 1596 5912 ἶι
1623 5856 1798 5914 Instit.
1830 5875 1876 5914 c.
1905 5859 2059 5929 ult.).

2181 4870 2388 4924 Patres.
2433 4869 2694 4922 Maximus
2720 4868 3070 4924 Taurinensis
3095 4869 3379 4936 episcopus
3407 4865 3598 4919 homil.
3630 4865 3669 4936 1
3690 4865 3760 4920 de

2182 4939 2530 5003 Pentecoste,
2561 4939 2797 4994 Isidorus
2835 4939 2926 4995 ιιι).
2960 4955 2977 4992 ι
3007 4940 3075 4993 de
3104 4935 3258 4994 Oilic.
3288 4935 3409 5006 cap.
3435 4937 3536 4998 53,
3567 4947 3619 4990 et
3647 4935 3755 4989 Ra-

2181 5011 2350 5065 banus
2379 5011 2468 5064 lib.
2487 5010 2605 5065 ttde
2632 5011 2802 5064 Instit.
2827 5010 3153 5065 clericorum
3181 5006 3667 5078 capJLDcnique
3690 5021 3755 5060 eo

2180 5089 2391 5148 Spectat
2414 5090 2520 5136 tota
2539 5082 2694 5149 hujus
2707 5081 2912 5136 abbatis
2929 5081 3289 5143 ratiocinatio,
3307 5085 3364 5131 ut
3383 5077 3582 5132 doceat
3593 5091 3753 5149 quam

2181 5151 2252 5205 ob
2279 5167 2495 5206 causam
2529 5148 2771 5206 instituta
2813 5161 2956 5205 esset
2993 5151 3079 5204 illa
3111 5165 3268 5218 quam
3298 5157 3459 5203 vocat
3503 5148 3757 5218 remissio

2179 5222 2669 5292 Quinquagesimae,
2698 5223 2746 5276 id
2771 5232 2874 5286 est,
2900 5217 3167 5292 relaxatio
3193 5219 3383 5290 jejunii
3402 5220 3462 5292 _in
3479 5217 3757 5292 Quinqua-

2173 5289 2402 5360 gesim'a,
2433 5289 2531 5348 seu
2562 5304 2801 5363 tempore
2829 5292 3083 5363 paschali.
3109 5289 3377 5363 Caeterum
3402 5289 3522 5344 hare
3552 5305 3657 5342 non
3684 5291 3754 5363 ita

2173 5363 2485 5432 accipienda
2517 5360 2842 5433 sunt,’quasi
2872 5363 3022 5418 nefas
3045 5362 3115 5418 sit
3145 5361 3246 5416 hoc
3276 5372 3520 5433 tempore
3547 5375 3613 5415 ex
3642 5360 3758 5428 prio

2174 5446 2294 5489 vata
2325 5435 2611 5491 devotione
2633 5432 2899 5504 jejunare,
2926 5434 3085 5489 modo
3113 5434 3247 5488 citra
3279 5432 3751 5504 superstitionem,

2173 5515 2227 5560 et
2255 5503 2656 5575 contemptum,
2687 5503 2742 5559 et
2769 5506 3080 5560 scandalum
3121 5505 3170 5558 id
3203 5504 3311 5558 liat.
3345 5504 3458 5575 lluc
3484 5503 3626 5575 enim
3658 5517 3756 5575 ex-

2174 5591 2360 5644 presse
2405 5571 2611 5630 monuit
2640 5575 2703 5646 ll.
2741 5575 3096 5646 Hieronymus
3135 5575 3186 5629 in
3222 5574 3447 5646 epistola
3479 5574 3556 5646 ad
3592 5571 3751 5646 huci-

2173 5642 2321 5700 nium
2347 5647 2605 5701 Raeticum
2630 5643 2822 5714 (Epist.
2846 5642 2962 5715 28),
2989 5649 3184 5715 citatus
3211 5642 3393 5698 itidem
3416 5659 3446 5696 a
3467 5642 3753 5708 Gratiano,

2175 5715 2258 5771 his
2287 5719 2465 5771 verbis
2491 5717 2655 5782 (Dist.
2680 5715 2768 5770 76.
2792 5714 3070 5784 cap.'ult.)
3096 5732 3108 5768 :
3137 5715 3344 5769 Utinam
3365 5715 3504 5767 omni
3527 5725 3756 5782 tempore

2163 5787 2408 5859 j_ejunare
2433 5788 2718 5859 possimus:
2739 5787 2872 5859 quod
2890 5787 2943 5859 in
2963 5787 3170 5840 Actibus
3185 5788 3552 5859 (Apogolontm
3568 5783 3754 5836 diebus

2175 5853 2498 5913 Pentecostes
2526 5867 2571 5913 et
2601 5857 2685 5912 die
2714 5853 2968 5912 dominico
2991 5857 3282 5930 apostolum
3310 5853 3536 5909 Paulum
3559 5864 3608 5910 et
3629 5867 3754 5908 cum
