  <div class='ocr_page' id='page_1' title='image "/cluster/home/n/w/nwhite01/storage/ocr_20150623/49/hvd.32044015471543/604.png"; bbox 0 0 4092 6322; ppageno 0'>
   <div class='ocr_carea' id='block_1_1' title="bbox 355 176 494 235">
    <p class='ocr_par' dir='ltr' id='par_1_1' title="bbox 355 176 494 235">
     <span class='ocr_line' id='line_1_1' title="bbox 355 176 494 235; baseline 0 -1"><span class='ocrx_word' id='word_1_1' title='bbox 355 176 494 235; x_wconf 73' lang='grc'><strong>1185</strong></span> 
     </span>
    </p>
   </div>
   <div class='ocr_carea' id='block_1_2' title="bbox 1059 168 2879 245">
    <p class='ocr_par' dir='ltr' id='par_1_2' title="bbox 1059 168 2879 245">
     <span class='ocr_line' id='line_1_2' title="bbox 1059 168 2879 245; baseline 0.001 -14"><span class='ocrx_word' id='word_1_2' title='bbox 1059 172 1399 231; x_wconf 81' lang='lat' dir='ltr'><strong>COLLATIO</strong></span> <span class='ocrx_word' id='word_1_3' title='bbox 1440 170 1583 230; x_wconf 78' lang='lat' dir='ltr'><strong>XXI.</strong></span> <span class='ocrx_word' id='word_1_4' title='bbox 1608 172 1780 230; x_wconf 75' lang='grc' dir='ltr'><strong>-ΒΕ</strong></span> <span class='ocrx_word' id='word_1_5' title='bbox 1819 168 2227 231; x_wconf 77' lang='lat' dir='ltr'><strong>BEMISSIONE</strong></span> <span class='ocrx_word' id='word_1_6' title='bbox 2266 171 2879 245; x_wconf 56' lang='lat' dir='ltr'><strong>QUINQUAGESIME.</strong></span> 
     </span>
    </p>
   </div>
   <div class='ocr_carea' id='block_1_3' title="bbox 3480 178 3620 242">
    <p class='ocr_par' dir='ltr' id='par_1_3' title="bbox 3480 178 3620 242">
     <span class='ocr_line' id='line_1_3' title="bbox 3480 178 3620 242; baseline 0.036 -5"><span class='ocrx_word' id='word_1_7' title='bbox 3480 178 3620 242; x_wconf 78' lang='lat' dir='ltr'><strong>H86</strong></span> 
     </span>
    </p>
   </div>
   <div class='ocr_carea' id='block_1_4' title="bbox 347 286 3620 365">
    <p class='ocr_par' dir='ltr' id='par_1_4' title="bbox 347 286 3620 365">
     <span class='ocr_line' id='line_1_4' title="bbox 347 286 3620 365; baseline 0.002 -16"><span class='ocrx_word' id='word_1_8' title='bbox 347 290 662 361; x_wconf 87' lang='lat' dir='ltr'><strong>vespertina</strong></span> <span class='ocrx_word' id='word_1_9' title='bbox 705 286 1009 346; x_wconf 77' lang='lat' dir='ltr'><strong>orationum</strong></span> <span class='ocrx_word' id='word_1_10' title='bbox 1054 288 1397 345; x_wconf 90' lang='lat' dir='ltr'><strong>solemnitate</strong></span> <span class='ocrx_word' id='word_1_11' title='bbox 1447 297 1713 345; x_wconf 89' lang='lat' dir='ltr'><strong>transacta</strong></span> <span class='ocrx_word' id='word_1_12' title='bbox 1740 330 1754 354; x_wconf 90' lang='lat'><strong>,</strong></span> <span class='ocrx_word' id='word_1_13' title='bbox 1789 288 1935 344; x_wconf 89' lang='lat' dir='ltr'><strong>humi</strong></span> <span class='ocrx_word' id='word_1_14' title='bbox 1964 296 2019 355; x_wconf 73' lang='grc' dir='ltr'>Α</span> <span class='ocrx_word' id='word_1_15' title='bbox 2042 288 2193 345; x_wconf 77' lang='lat' dir='ltr'><strong>ritas.</strong></span> <span class='ocrx_word' id='word_1_16' title='bbox 2231 290 2419 346; x_wconf 84' lang='lat' dir='ltr'><strong>Divina</strong></span> <span class='ocrx_word' id='word_1_17' title='bbox 2446 290 2708 363; x_wconf 77' lang='lat' dir='ltr'><strong>sapientia</strong></span> <span class='ocrx_word' id='word_1_18' title='bbox 2737 308 2835 363; x_wconf 90' lang='lat' dir='ltr'><strong>per</strong></span> <span class='ocrx_word' id='word_1_19' title='bbox 2861 291 3233 350; x_wconf 73' lang='lat' dir='ltr'><strong>Ecclesiasten</strong></span> <span class='ocrx_word' id='word_1_20' title='bbox 3263 298 3408 351; x_wconf 89' lang='lat' dir='ltr'><strong>onmi</strong></span> <span class='ocrx_word' id='word_1_21' title='bbox 3440 300 3539 365; x_wconf 88' lang='lat' dir='ltr'><strong>rei,</strong></span> <span class='ocrx_word' id='word_1_22' title='bbox 3566 301 3620 356; x_wconf 90' lang='lat' dir='ltr'><strong>id</strong></span> 
     </span>
    </p>
   </div>
   <div class='ocr_carea' id='block_1_5' title="bbox 348 383 1937 458">
    <p class='ocr_par' dir='ltr' id='par_1_5' title="bbox 348 383 1937 458">
     <span class='ocr_line' id='line_1_5' title="bbox 348 383 1937 458; baseline -0.003 -17"><span class='ocrx_word' id='word_1_23' title='bbox 348 384 624 458; x_wconf 74' lang='lat' dir='ltr'><strong>paululum</strong></span> <span class='ocrx_word' id='word_1_24' title='bbox 652 383 991 441; x_wconf 89' lang='lat' dir='ltr'><strong>considentes</strong></span> <span class='ocrx_word' id='word_1_25' title='bbox 1012 424 1026 448; x_wconf 90' lang='lat'><strong>,</strong></span> <span class='ocrx_word' id='word_1_26' title='bbox 1077 383 1342 452; x_wconf 75' lang='lat' dir='ltr'><strong>cmpimus</strong></span> <span class='ocrx_word' id='word_1_27' title='bbox 1369 383 1678 455; x_wconf 90' lang='lat' dir='ltr'><strong>diligentius</strong></span> <span class='ocrx_word' id='word_1_28' title='bbox 1707 398 1937 454; x_wconf 88' lang='lat' dir='ltr'><strong>percun-</strong></span> 
     </span>
    </p>
   </div>
   <div class='ocr_carea' id='block_1_6' title="bbox 354 475 1935 547">
    <p class='ocr_par' dir='ltr' id='par_1_6' title="bbox 354 475 1935 547">
     <span class='ocr_line' id='line_1_6' title="bbox 354 475 1935 547; baseline -0.003 -12"><span class='ocrx_word' id='word_1_29' title='bbox 354 481 489 535; x_wconf 89' lang='lat' dir='ltr'><strong>ctari</strong></span> <span class='ocrx_word' id='word_1_30' title='bbox 518 492 616 533; x_wconf 91' lang='lat' dir='ltr'><strong>cur</strong></span> <span class='ocrx_word' id='word_1_31' title='bbox 656 475 799 547; x_wconf 91' lang='lat' dir='ltr'><strong>apud</strong></span> <span class='ocrx_word' id='word_1_32' title='bbox 825 490 920 532; x_wconf 92' lang='lat' dir='ltr'><strong>eos</strong></span> <span class='ocrx_word' id='word_1_33' title='bbox 958 484 1103 530; x_wconf 88' lang='lat' dir='ltr'><strong>tanta</strong></span> <span class='ocrx_word' id='word_1_34' title='bbox 1152 475 1491 533; x_wconf 84' lang='lat' dir='ltr'><strong>observantia</strong></span> <span class='ocrx_word' id='word_1_35' title='bbox 1537 488 1836 543; x_wconf 83' lang='lat' dir='ltr'><strong>caveretur,</strong></span> <span class='ocrx_word' id='word_1_36' title='bbox 1868 491 1935 531; x_wconf 93' lang='lat' dir='ltr'><strong>ne</strong></span> 
     </span>
    </p>
   </div>
   <div class='ocr_carea' id='block_1_7' title="bbox 350 568 1934 642">
    <p class='ocr_par' dir='ltr' id='par_1_7' title="bbox 350 568 1934 642">
     <span class='ocr_line' id='line_1_7' title="bbox 350 568 1934 642; baseline 0 -16"><span class='ocrx_word' id='word_1_37' title='bbox 350 574 467 642; x_wconf 87' lang='lat' dir='ltr'><strong>quis</strong></span> <span class='ocrx_word' id='word_1_38' title='bbox 493 571 708 641; x_wconf 87' lang='lat' dir='ltr'><strong>penitus</strong></span> <span class='ocrx_word' id='word_1_39' title='bbox 736 570 860 625; x_wconf 88' lang='lat' dir='ltr'><strong>totis</strong></span> <span class='ocrx_word' id='word_1_40' title='bbox 896 568 1365 641; x_wconf 60' lang='lat' dir='ltr'><strong>Quinquagesima‘.</strong></span> <span class='ocrx_word' id='word_1_41' title='bbox 1405 570 1597 626; x_wconf 90' lang='lat' dir='ltr'><strong>diebus</strong></span> <span class='ocrx_word' id='word_1_42' title='bbox 1637 570 1720 625; x_wconf 87' lang='lat' dir='ltr'><strong>vel</strong></span> <span class='ocrx_word' id='word_1_43' title='bbox 1760 584 1934 641; x_wconf 89' lang='lat' dir='ltr'><strong>genua</strong></span> 
     </span>
    </p>
   </div>
   <div class='ocr_carea' id='block_1_8' title="bbox 347 660 1933 732">
    <p class='ocr_par' dir='ltr' id='par_1_8' title="bbox 347 660 1933 732">
     <span class='ocr_line' id='line_1_8' title="bbox 347 660 1933 732; baseline 0 -15"><span class='ocrx_word' id='word_1_44' title='bbox 347 664 401 717; x_wconf 91' lang='lat' dir='ltr'><strong>in</strong></span> <span class='ocrx_word' id='word_1_45' title='bbox 434 663 677 717; x_wconf 90' lang='lat' dir='ltr'><strong>oratione</strong></span> <span class='ocrx_word' id='word_1_46' title='bbox 697 669 969 727; x_wconf 82' lang='lat' dir='ltr'><strong>curvaret,</strong></span> <span class='ocrx_word' id='word_1_47' title='bbox 1001 660 1085 716; x_wconf 87' lang='lat' dir='ltr'><strong>vel</strong></span> <span class='ocrx_word' id='word_1_48' title='bbox 1117 675 1284 732; x_wconf 89' lang='lat' dir='ltr'><strong>usque</strong></span> <span class='ocrx_word' id='word_1_49' title='bbox 1311 660 1378 716; x_wconf 88' lang='lat' dir='ltr'><strong>ad</strong></span> <span class='ocrx_word' id='word_1_50' title='bbox 1409 660 1594 716; x_wconf 88' lang='lat' dir='ltr'><strong>horam</strong></span> <span class='ocrx_word' id='word_1_51' title='bbox 1628 676 1822 716; x_wconf 91' lang='lat' dir='ltr'><strong>nonam</strong></span> <span class='ocrx_word' id='word_1_52' title='bbox 1850 660 1933 731; x_wconf 86' lang='lat' dir='ltr'><strong>je-</strong></span> 
     </span>
    </p>
   </div>
   <div class='ocr_carea' id='block_1_9' title="bbox 343 754 1933 826">
    <p class='ocr_par' dir='ltr' id='par_1_9' title="bbox 343 754 1933 826">
     <span class='ocr_line' id='line_1_9' title="bbox 343 754 1933 826; baseline -0.001 -17"><span class='ocrx_word' id='word_1_53' title='bbox 343 755 537 825; x_wconf 87' lang='lat' dir='ltr'><strong>junare</strong></span> <span class='ocrx_word' id='word_1_54' title='bbox 582 764 966 825; x_wconf 64' lang='lat' dir='ltr'><strong>praesumeret;</strong></span> <span class='ocrx_word' id='word_1_55' title='bbox 1010 769 1182 825; x_wconf 90' lang='lat' dir='ltr'><strong>eoque</strong></span> <span class='ocrx_word' id='word_1_56' title='bbox 1223 754 1276 810; x_wconf 90' lang='lat' dir='ltr'><strong>id</strong></span> <span class='ocrx_word' id='word_1_57' title='bbox 1310 755 1619 826; x_wconf 90' lang='lat' dir='ltr'><strong>diligentius</strong></span> <span class='ocrx_word' id='word_1_58' title='bbox 1656 754 1933 810; x_wconf 89' lang='lat' dir='ltr'><strong>scrutaba-</strong></span> 
     </span>
    </p>
   </div>
   <div class='ocr_carea' id='block_1_10' title="bbox 346 847 1930 921">
    <p class='ocr_par' dir='ltr' id='par_1_10' title="bbox 346 847 1930 921">
     <span class='ocr_line' id='line_1_10' title="bbox 346 847 1930 921; baseline -0.002 -16"><span class='ocrx_word' id='word_1_59' title='bbox 346 866 485 917; x_wconf 88' lang='lat' dir='ltr'><strong>mur,</strong></span> <span class='ocrx_word' id='word_1_60' title='bbox 515 850 657 921; x_wconf 91' lang='lat' dir='ltr'><strong>quod</strong></span> <span class='ocrx_word' id='word_1_61' title='bbox 688 865 1024 921; x_wconf 84' lang='lat' dir='ltr'><strong>nequaquam</strong></span> <span class='ocrx_word' id='word_1_62' title='bbox 1053 850 1152 905; x_wconf 86' lang='lat' dir='ltr'><strong>hoc</strong></span> <span class='ocrx_word' id='word_1_63' title='bbox 1183 858 1327 904; x_wconf 89' lang='lat' dir='ltr'><strong>tanta</strong></span> <span class='ocrx_word' id='word_1_64' title='bbox 1358 849 1607 905; x_wconf 85' lang='lat' dir='ltr'><strong>cautione</strong></span> <span class='ocrx_word' id='word_1_65' title='bbox 1636 848 1842 904; x_wconf 88' lang='lat' dir='ltr'><strong>servari</strong></span> <span class='ocrx_word' id='word_1_66' title='bbox 1877 847 1930 902; x_wconf 92' lang='lat' dir='ltr'><strong>in</strong></span> 
     </span>
    </p>
   </div>
   <div class='ocr_carea' id='block_1_11' title="bbox 344 940 1243 1014">
    <p class='ocr_par' dir='ltr' id='par_1_11' title="bbox 344 940 1243 1014">
     <span class='ocr_line' id='line_1_11' title="bbox 344 940 1243 1014; baseline -0.007 -15"><span class='ocrx_word' id='word_1_67' title='bbox 344 942 514 1014; x_wconf 80' lang='lat' dir='ltr'><strong>Syriae</strong></span> <span class='ocrx_word' id='word_1_68' title='bbox 540 941 887 997; x_wconf 86' lang='lat' dir='ltr'><strong>monasteriis</strong></span> <span class='ocrx_word' id='word_1_69' title='bbox 918 940 1243 996; x_wconf 85' lang='lat' dir='ltr'><strong>videramus.</strong></span> 
     </span>
    </p>
   </div>
   <div class='ocr_carea' id='block_1_12' title="bbox 946 1050 1326 1108">
    <p class='ocr_par' dir='ltr' id='par_1_12' title="bbox 946 1050 1326 1108">
     <span class='ocr_line' id='line_1_12' title="bbox 946 1050 1326 1108; baseline -0.008 0"><span class='ocrx_word' id='word_1_70' title='bbox 946 1050 1175 1108; x_wconf 81' lang='lat' dir='ltr'><strong>CAPUT</strong></span> <span class='ocrx_word' id='word_1_71' title='bbox 1209 1051 1326 1107; x_wconf 81' lang='lat' dir='ltr'><strong>Xll.</strong></span> 
     </span>
    </p>
   </div>
   <div class='ocr_carea' id='block_1_13' title="bbox 342 1140 1933 1268">
    <p class='ocr_par' dir='ltr' id='par_1_13' title="bbox 342 1140 1933 1268">
     <span class='ocr_line' id='line_1_13' title="bbox 342 1140 1933 1268; baseline -0.005 -65"><span class='ocrx_word' id='word_1_72' title='bbox 342 1146 629 1218; x_wconf 74' lang='lat' dir='ltr'><strong>Responsio</strong></span> <span class='ocrx_word' id='word_1_73' title='bbox 666 1147 730 1200; x_wconf 90' lang='lat' dir='ltr'><strong>de</strong></span> <span class='ocrx_word' id='word_1_74' title='bbox 774 1152 966 1199; x_wconf 90' lang='lat' dir='ltr'><strong>natura</strong></span> <span class='ocrx_word' id='word_1_75' title='bbox 1012 1162 1187 1268; x_wconf 51' lang='lat' dir='ltr'><strong>eqirum</strong></span> <span class='ocrx_word' id='word_1_76' title='bbox 1213 1159 1327 1212; x_wconf 67' lang='lat' dir='ltr'><strong>qua</strong></span> <span class='ocrx_word' id='word_1_77' title='bbox 1369 1143 1521 1211; x_wconf 89' lang='lat' dir='ltr'><strong>bona,</strong></span> <span class='ocrx_word' id='word_1_78' title='bbox 1552 1145 1631 1199; x_wconf 84' lang='lat' dir='ltr'><strong>vel</strong></span> <span class='ocrx_word' id='word_1_79' title='bbox 1660 1140 1823 1210; x_wconf 87' lang='lat' dir='ltr'><strong>mala,</strong></span> <span class='ocrx_word' id='word_1_80' title='bbox 1856 1142 1933 1196; x_wconf 82' lang='lat' dir='ltr'><strong>vel</strong></span> 
     </span>
     <span class='ocr_line' id='line_1_14' title="bbox 965 1224 1300 1268; baseline 0 0"><span class='ocrx_word' id='word_1_81' title='bbox 965 1232 1045 1268; x_wconf 87' lang='lat' dir='ltr'><strong>me</strong></span> <span class='ocrx_word' id='word_1_82' title='bbox 1087 1232 1135 1268; x_wconf 87' lang='lat' dir='ltr'><strong>ta</strong></span> <span class='ocrx_word' id='word_1_83' title='bbox 1161 1224 1300 1268; x_wconf 87' lang='lat' dir='ltr'><strong>sunt.</strong></span> 
     </span>
    </p>
   </div>
   <div class='ocr_carea' id='block_1_14' title="bbox 965 1224 1300 1269">
    <p class='ocr_par' dir='ltr' id='par_1_14' title="bbox 965 1224 1300 1269">
     <span class='ocr_line' id='line_1_15' title="bbox 965 1224 1300 1269; baseline 0 -1"><span class='ocrx_word' id='word_1_84' title='bbox 965 1224 1135 1269; x_wconf 84' lang='lat' dir='ltr'><strong>media</strong></span> <span class='ocrx_word' id='word_1_85' title='bbox 1161 1224 1300 1269; x_wconf 87' lang='lat' dir='ltr'><strong>sunt.</strong></span> 
     </span>
    </p>
   </div>
   <div class='ocr_carea' id='block_1_15' title="bbox 414 1305 1933 1366">
    <p class='ocr_par' dir='ltr' id='par_1_15' title="bbox 414 1305 1933 1366">
     <span class='ocr_line' id='line_1_16' title="bbox 414 1305 1933 1366; baseline -0.003 -1"><span class='ocrx_word' id='word_1_86' title='bbox 414 1311 496 1366; x_wconf 84' lang='lat' dir='ltr'><strong>Ad</strong></span> <span class='ocrx_word' id='word_1_87' title='bbox 546 1311 662 1366; x_wconf 75' lang='lat' dir='ltr'><strong>lucc</strong></span> <span class='ocrx_word' id='word_1_88' title='bbox 705 1310 875 1365; x_wconf 91' lang='lat' dir='ltr'><strong>abbas</strong></span> <span class='ocrx_word' id='word_1_89' title='bbox 924 1308 1174 1363; x_wconf 89' lang='lat' dir='ltr'><strong>Theonas</strong></span> <span class='ocrx_word' id='word_1_90' title='bbox 1220 1307 1311 1362; x_wconf 89' lang='lat' dir='ltr'><strong>tali</strong></span> <span class='ocrx_word' id='word_1_91' title='bbox 1357 1322 1488 1361; x_wconf 85' lang='lat' dir='ltr'><strong>usus</strong></span> <span class='ocrx_word' id='word_1_92' title='bbox 1536 1314 1621 1361; x_wconf 89' lang='lat' dir='ltr'><strong>est</strong></span> <span class='ocrx_word' id='word_1_93' title='bbox 1664 1305 1933 1361; x_wconf 88' lang='lat' dir='ltr'><strong>sermonis</strong></span> 
     </span>
    </p>
   </div>
   <div class='ocr_carea' id='block_1_16' title="bbox 340 1396 1929 1470">
    <p class='ocr_par' dir='ltr' id='par_1_16' title="bbox 340 1396 1929 1470">
     <span class='ocr_line' id='line_1_17' title="bbox 340 1396 1929 1470; baseline -0.004 -14"><span class='ocrx_word' id='word_1_94' title='bbox 340 1403 614 1457; x_wconf 79' lang='lat' dir='ltr'><strong>exordio:</strong></span> <span class='ocrx_word' id='word_1_95' title='bbox 651 1400 883 1470; x_wconf 90' lang='lat' dir='ltr'><strong>Oportet</strong></span> <span class='ocrx_word' id='word_1_96' title='bbox 926 1399 1145 1470; x_wconf 89' lang='lat' dir='ltr'><strong>quidem</strong></span> <span class='ocrx_word' id='word_1_97' title='bbox 1187 1414 1286 1454; x_wconf 91' lang='lat' dir='ltr'><strong>nos</strong></span> <span class='ocrx_word' id='word_1_98' title='bbox 1329 1398 1638 1453; x_wconf 86' lang='lat' dir='ltr'><strong>auctoritati</strong></span> <span class='ocrx_word' id='word_1_99' title='bbox 1684 1396 1929 1468; x_wconf 78' lang='lat' dir='ltr'><strong>Patrum,</strong></span> 
     </span>
    </p>
   </div>
   <div class='ocr_carea' id='block_1_17' title="bbox 338 1491 1931 1564">
    <p class='ocr_par' dir='ltr' id='par_1_17' title="bbox 338 1491 1931 1564">
     <span class='ocr_line' id='line_1_18' title="bbox 338 1491 1931 1564; baseline -0.003 -15"><span class='ocrx_word' id='word_1_100' title='bbox 338 1493 828 1564; x_wconf 84' lang='lat' dir='ltr'><strong>consuetudinique</strong></span> <span class='ocrx_word' id='word_1_101' title='bbox 861 1493 1127 1561; x_wconf 82' lang='lat' dir='ltr'><strong>majorum</strong></span> <span class='ocrx_word' id='word_1_102' title='bbox 1162 1506 1333 1563; x_wconf 90' lang='lat' dir='ltr'><strong>usque</strong></span> <span class='ocrx_word' id='word_1_103' title='bbox 1354 1491 1419 1545; x_wconf 91' lang='lat' dir='ltr'><strong>ad</strong></span> <span class='ocrx_word' id='word_1_104' title='bbox 1446 1498 1689 1546; x_wconf 92' lang='lat' dir='ltr'><strong>nostrum</strong></span> <span class='ocrx_word' id='word_1_105' title='bbox 1716 1499 1931 1559; x_wconf 86' lang='lat' dir='ltr'><strong>tempus</strong></span> 
     </span>
    </p>
   </div>
   <div class='ocr_carea' id='block_1_18' title="bbox 338 1582 1929 1658">
    <p class='ocr_par' dir='ltr' id='par_1_18' title="bbox 338 1582 1929 1658">
     <span class='ocr_line' id='line_1_19' title="bbox 338 1582 1929 1658; baseline -0.004 -17"><span class='ocrx_word' id='word_1_106' title='bbox 338 1602 438 1658; x_wconf 87' lang='lat' dir='ltr'><strong>per</strong></span> <span class='ocrx_word' id='word_1_107' title='bbox 479 1596 678 1641; x_wconf 86' lang='lat' dir='ltr'><strong>tantam</strong></span> <span class='ocrx_word' id='word_1_108' title='bbox 721 1599 985 1639; x_wconf 89' lang='lat' dir='ltr'><strong>annorum</strong></span> <span class='ocrx_word' id='word_1_109' title='bbox 1029 1585 1225 1639; x_wconf 91' lang='lat' dir='ltr'><strong>seriem</strong></span> <span class='ocrx_word' id='word_1_110' title='bbox 1273 1582 1576 1652; x_wconf 72' lang='lat' dir='ltr'><strong>protelata,</strong></span> <span class='ocrx_word' id='word_1_111' title='bbox 1624 1582 1789 1637; x_wconf 84' lang='lat' dir='ltr'><strong>etiam</strong></span> <span class='ocrx_word' id='word_1_112' title='bbox 1823 1596 1929 1635; x_wconf 92' lang='lat' dir='ltr'><strong>non</strong></span> 
     </span>
    </p>
   </div>
   <div class='ocr_carea' id='block_1_19' title="bbox 2039 382 3622 460">
    <p class='ocr_par' dir='ltr' id='par_1_19' title="bbox 2039 382 3622 460">
     <span class='ocr_line' id='line_1_20' title="bbox 2039 382 3622 460; baseline 0.004 -21"><span class='ocrx_word' id='word_1_113' title='bbox 2039 390 2143 449; x_wconf 90' lang='lat' dir='ltr'><strong>cst,</strong></span> <span class='ocrx_word' id='word_1_114' title='bbox 2179 382 2446 439; x_wconf 78' lang='lat' dir='ltr'><strong>universis</strong></span> <span class='ocrx_word' id='word_1_115' title='bbox 2483 399 2577 440; x_wconf 90' lang='lat' dir='ltr'><strong>seu</strong></span> <span class='ocrx_word' id='word_1_116' title='bbox 2622 384 2922 455; x_wconf 88' lang='lat' dir='ltr'><strong>prosperis,</strong></span> <span class='ocrx_word' id='word_1_117' title='bbox 2954 399 3050 442; x_wconf 87' lang='lat' dir='ltr'><strong>seu</strong></span> <span class='ocrx_word' id='word_1_118' title='bbox 3098 401 3218 456; x_wconf 83' lang='lat' dir='ltr'><strong>quae</strong></span> <span class='ocrx_word' id='word_1_119' title='bbox 3248 385 3475 443; x_wconf 85' lang='lat' dir='ltr'><strong>adversa</strong></span> <span class='ocrx_word' id='word_1_120' title='bbox 3520 406 3622 460; x_wconf 93' lang='lat' dir='ltr'><strong>pu-</strong></span> 
     </span>
    </p>
   </div>
   <div class='ocr_carea' id='block_1_20' title="bbox 2037 475 3619 549">
    <p class='ocr_par' dir='ltr' id='par_1_20' title="bbox 2037 475 3619 549">
     <span class='ocr_line' id='line_1_21' title="bbox 2037 475 3619 549; baseline 0.006 -22"><span class='ocrx_word' id='word_1_121' title='bbox 2037 480 2221 529; x_wconf 79' lang='lat' dir='ltr'><strong>tantur</strong></span> <span class='ocrx_word' id='word_1_122' title='bbox 2250 486 2302 530; x_wconf 92' lang='lat' dir='ltr'><strong>et</strong></span> <span class='ocrx_word' id='word_1_123' title='bbox 2331 475 2528 543; x_wconf 85' lang='lat' dir='ltr'><strong>tristia,</strong></span> <span class='ocrx_word' id='word_1_124' title='bbox 2574 485 2785 546; x_wconf 90' lang='lat' dir='ltr'><strong>tempus</strong></span> <span class='ocrx_word' id='word_1_125' title='bbox 2816 482 2949 541; x_wconf 68' lang='lat' dir='ltr'><strong>[esse</strong></span> <span class='ocrx_word' id='word_1_126' title='bbox 2979 478 3258 547; x_wconf 89' lang='lat' dir='ltr'><strong>pr0prium</strong></span> <span class='ocrx_word' id='word_1_127' title='bbox 3296 478 3619 549; x_wconf 76' lang='lat' dir='ltr'><strong>designavit,</strong></span> 
     </span>
    </p>
   </div>
   <div class='ocr_carea' id='block_1_21' title="bbox 2035 566 3623 640">
    <p class='ocr_par' dir='ltr' id='par_1_21' title="bbox 2035 566 3623 640">
     <span class='ocr_line' id='line_1_22' title="bbox 2035 566 3623 640; baseline 0.004 -20"><span class='ocrx_word' id='word_1_128' title='bbox 2035 566 2224 621; x_wconf 88' lang='lat' dir='ltr'><strong>dicens</strong></span> <span class='ocrx_word' id='word_1_129' title='bbox 2249 584 2261 621; x_wconf 90' lang='lat'><strong>:</strong></span> <span class='ocrx_word' id='word_1_130' title='bbox 2291 575 2317 603; x_wconf 73' lang='grc' dir='ltr'><strong>ει</strong></span> <span class='ocrx_word' id='word_1_131' title='bbox 2348 566 2594 621; x_wconf 79' lang='lat' dir='ltr'><strong>Omnibus</strong></span> <span class='ocrx_word' id='word_1_132' title='bbox 2617 576 2815 640; x_wconf 65' lang='lat' dir='ltr'><strong>tMpus</strong></span> <span class='ocrx_word' id='word_1_133' title='bbox 2842 578 2936 635; x_wconf 88' lang='lat' dir='ltr'><strong>est,</strong></span> <span class='ocrx_word' id='word_1_134' title='bbox 2965 578 3013 623; x_wconf 93' lang='lat' dir='ltr'><strong>et</strong></span> <span class='ocrx_word' id='word_1_135' title='bbox 3041 578 3237 635; x_wconf 86' lang='lat' dir='ltr'><strong>tempus</strong></span> <span class='ocrx_word' id='word_1_136' title='bbox 3270 571 3407 624; x_wconf 88' lang='lat' dir='ltr'><strong>omni</strong></span> <span class='ocrx_word' id='word_1_137' title='bbox 3438 572 3510 624; x_wconf 83' lang='lat' dir='ltr'><strong>rei</strong></span> <span class='ocrx_word' id='word_1_138' title='bbox 3530 577 3623 626; x_wconf 88' lang='lat' dir='ltr'><strong>sub</strong></span> 
     </span>
    </p>
   </div>
   <div class='ocr_carea' id='block_1_22' title="bbox 2035 656 3623 733">
    <p class='ocr_par' dir='ltr' id='par_1_22' title="bbox 2035 656 3623 733">
     <span class='ocr_line' id='line_1_23' title="bbox 2035 656 3623 733; baseline 0.005 -22"><span class='ocrx_word' id='word_1_139' title='bbox 2035 658 2182 712; x_wconf 80' lang='lat' dir='ltr'><strong>ctelo.</strong></span> <span class='ocrx_word' id='word_1_140' title='bbox 2219 656 2439 728; x_wconf 84' lang='lat' dir='ltr'><strong>Tempus</strong></span> <span class='ocrx_word' id='word_1_141' title='bbox 2489 660 2723 728; x_wconf 87' lang='lat' dir='ltr'><strong>pariendi</strong></span> <span class='ocrx_word' id='word_1_142' title='bbox 2760 670 2807 715; x_wconf 86' lang='lat' dir='ltr'><strong>et</strong></span> <span class='ocrx_word' id='word_1_143' title='bbox 2857 672 3055 732; x_wconf 89' lang='lat' dir='ltr'><strong>tempus</strong></span> <span class='ocrx_word' id='word_1_144' title='bbox 3098 663 3371 729; x_wconf 88' lang='lat' dir='ltr'><strong>moriendi,</strong></span> <span class='ocrx_word' id='word_1_145' title='bbox 3424 672 3623 733; x_wconf 79' lang='lat' dir='ltr'><strong>tempus</strong></span> 
     </span>
    </p>
   </div>
   <div class='ocr_carea' id='block_1_23' title="bbox 2035 748 3620 826">
    <p class='ocr_par' dir='ltr' id='par_1_23' title="bbox 2035 748 3620 826">
     <span class='ocr_line' id='line_1_24' title="bbox 2035 748 3620 826; baseline 0.005 -23"><span class='ocrx_word' id='word_1_146' title='bbox 2035 748 2307 820; x_wconf 88' lang='lat' dir='ltr'><strong>plantandi</strong></span> <span class='ocrx_word' id='word_1_147' title='bbox 2354 761 2404 804; x_wconf 89' lang='lat' dir='ltr'><strong>et</strong></span> <span class='ocrx_word' id='word_1_148' title='bbox 2454 760 2653 822; x_wconf 68' lang='lat' dir='ltr'><strong>tMpus</strong></span> <span class='ocrx_word' id='word_1_149' title='bbox 2707 752 2958 807; x_wconf 79' lang='lat' dir='ltr'><strong>evellendi</strong></span> <span class='ocrx_word' id='word_1_150' title='bbox 3005 755 3143 825; x_wconf 90' lang='lat' dir='ltr'><strong>quod</strong></span> <span class='ocrx_word' id='word_1_151' title='bbox 3194 756 3484 826; x_wconf 86' lang='lat' dir='ltr'><strong>plantatum</strong></span> <span class='ocrx_word' id='word_1_152' title='bbox 3521 767 3620 823; x_wconf 90' lang='lat' dir='ltr'><strong>est,</strong></span> 
     </span>
    </p>
   </div>
   <div class='ocr_carea' id='block_1_24' title="bbox 2036 844 3624 921">
    <p class='ocr_par' dir='ltr' id='par_1_24' title="bbox 2036 844 3624 921">
     <span class='ocr_line' id='line_1_25' title="bbox 2036 844 3624 921; baseline 0.006 -26"><span class='ocrx_word' id='word_1_153' title='bbox 2036 852 2230 914; x_wconf 83' lang='lat' dir='ltr'><strong>tempus</strong></span> <span class='ocrx_word' id='word_1_154' title='bbox 2254 844 2521 899; x_wconf 88' lang='lat' dir='ltr'><strong>occidendi</strong></span> <span class='ocrx_word' id='word_1_155' title='bbox 2543 854 2590 899; x_wconf 91' lang='lat' dir='ltr'><strong>et</strong></span> <span class='ocrx_word' id='word_1_156' title='bbox 2609 854 2808 918; x_wconf 90' lang='lat' dir='ltr'><strong>tempus</strong></span> <span class='ocrx_word' id='word_1_157' title='bbox 2826 848 3073 915; x_wconf 88' lang='lat' dir='ltr'><strong>sanandi,</strong></span> <span class='ocrx_word' id='word_1_158' title='bbox 3099 859 3295 921; x_wconf 84' lang='lat' dir='ltr'><strong>tempus</strong></span> <span class='ocrx_word' id='word_1_159' title='bbox 3315 850 3624 905; x_wconf 84' lang='lat' dir='ltr'><strong>destruendi</strong></span> 
     </span>
    </p>
   </div>
   <div class='ocr_carea' id='block_1_25' title="bbox 2036 935 3623 1013">
    <p class='ocr_par' dir='ltr' id='par_1_25' title="bbox 2036 935 3623 1013">
     <span class='ocr_line' id='line_1_26' title="bbox 2036 935 3623 1013; baseline 0.005 -25"><span class='ocrx_word' id='word_1_160' title='bbox 2036 944 2085 989; x_wconf 91' lang='lat' dir='ltr'><strong>et</strong></span> <span class='ocrx_word' id='word_1_161' title='bbox 2114 944 2311 1007; x_wconf 89' lang='lat' dir='ltr'><strong>tempus</strong></span> <span class='ocrx_word' id='word_1_162' title='bbox 2351 935 2665 1005; x_wconf 61' lang='lat' dir='ltr'><strong>aedificandi,</strong></span> <span class='ocrx_word' id='word_1_163' title='bbox 2698 947 2899 1007; x_wconf 87' lang='lat' dir='ltr'><strong>tempus</strong></span> <span class='ocrx_word' id='word_1_164' title='bbox 2922 938 3169 1010; x_wconf 89' lang='lat' dir='ltr'><strong>plorandi</strong></span> <span class='ocrx_word' id='word_1_165' title='bbox 3215 949 3262 995; x_wconf 91' lang='lat' dir='ltr'><strong>et</strong></span> <span class='ocrx_word' id='word_1_166' title='bbox 3304 951 3505 1013; x_wconf 88' lang='lat' dir='ltr'><strong>tempus</strong></span> <span class='ocrx_word' id='word_1_167' title='bbox 3549 943 3623 997; x_wconf 89' lang='lat' dir='ltr'><strong>ri-</strong></span> 
     </span>
    </p>
   </div>
   <div class='ocr_carea' id='block_1_26' title="bbox 2033 1027 3621 1105">
    <p class='ocr_par' dir='ltr' id='par_1_26' title="bbox 2033 1027 3621 1105">
     <span class='ocr_line' id='line_1_27' title="bbox 2033 1027 3621 1105; baseline 0.006 -25"><span class='ocrx_word' id='word_1_168' title='bbox 2033 1028 2211 1093; x_wconf 87' lang='lat' dir='ltr'><strong>dendi,</strong></span> <span class='ocrx_word' id='word_1_169' title='bbox 2254 1038 2449 1096; x_wconf 79' lang='lat' dir='ltr'><strong>tempus</strong></span> <span class='ocrx_word' id='word_1_170' title='bbox 2495 1027 2771 1099; x_wconf 86' lang='lat' dir='ltr'><strong>plangendi</strong></span> <span class='ocrx_word' id='word_1_171' title='bbox 2810 1038 2857 1083; x_wconf 87' lang='lat' dir='ltr'><strong>et</strong></span> <span class='ocrx_word' id='word_1_172' title='bbox 2904 1040 3103 1100; x_wconf 87' lang='lat' dir='ltr'><strong>tempus</strong></span> <span class='ocrx_word' id='word_1_173' title='bbox 3144 1032 3388 1099; x_wconf 88' lang='lat' dir='ltr'><strong>saltandi,</strong></span> <span class='ocrx_word' id='word_1_174' title='bbox 3422 1044 3621 1105; x_wconf 81' lang='lat' dir='ltr'><strong>tempus</strong></span> 
     </span>
    </p>
   </div>
   <div class='ocr_carea' id='block_1_27' title="bbox 2032 1119 3622 1199">
    <p class='ocr_par' dir='ltr' id='par_1_27' title="bbox 2032 1119 3622 1199">
     <span class='ocr_line' id='line_1_28' title="bbox 2032 1119 3622 1199; baseline 0.006 -26"><span class='ocrx_word' id='word_1_175' title='bbox 2032 1119 2267 1173; x_wconf 82' lang='lat' dir='ltr'><strong>mittendi</strong></span> <span class='ocrx_word' id='word_1_176' title='bbox 2302 1119 2499 1189; x_wconf 86' lang='lat' dir='ltr'><strong>lapides</strong></span> <span class='ocrx_word' id='word_1_177' title='bbox 2539 1129 2585 1173; x_wconf 90' lang='lat' dir='ltr'><strong>et</strong></span> <span class='ocrx_word' id='word_1_178' title='bbox 2617 1129 2814 1190; x_wconf 89' lang='lat' dir='ltr'><strong>tempus</strong></span> <span class='ocrx_word' id='word_1_179' title='bbox 2849 1121 3128 1195; x_wconf 84' lang='lat' dir='ltr'><strong>colligendi</strong></span> <span class='ocrx_word' id='word_1_180' title='bbox 3161 1124 3383 1197; x_wconf 86' lang='lat' dir='ltr'><strong>lapides,</strong></span> <span class='ocrx_word' id='word_1_181' title='bbox 3425 1137 3622 1199; x_wconf 83' lang='lat' dir='ltr'><strong>tempus</strong></span> 
     </span>
    </p>
   </div>
   <div class='ocr_carea' id='block_1_28' title="bbox 2033 1210 3619 1288">
    <p class='ocr_par' dir='ltr' id='par_1_28' title="bbox 2033 1210 3619 1288">
     <span class='ocr_line' id='line_1_29' title="bbox 2033 1210 3619 1288; baseline 0.006 -23"><span class='ocrx_word' id='word_1_182' title='bbox 2033 1210 2378 1283; x_wconf 89' lang='lat' dir='ltr'><strong>amplectendi</strong></span> <span class='ocrx_word' id='word_1_183' title='bbox 2409 1220 2456 1265; x_wconf 88' lang='lat' dir='ltr'><strong>et</strong></span> <span class='ocrx_word' id='word_1_184' title='bbox 2484 1220 2684 1280; x_wconf 86' lang='lat' dir='ltr'><strong>tempus</strong></span> <span class='ocrx_word' id='word_1_185' title='bbox 2711 1214 2861 1285; x_wconf 90' lang='lat' dir='ltr'><strong>longe</strong></span> <span class='ocrx_word' id='word_1_186' title='bbox 2893 1216 3007 1284; x_wconf 82' lang='lat' dir='ltr'><strong>ﬁeri</strong></span> <span class='ocrx_word' id='word_1_187' title='bbox 3032 1216 3096 1269; x_wconf 89' lang='lat' dir='ltr'><strong>ab</strong></span> <span class='ocrx_word' id='word_1_188' title='bbox 3119 1219 3458 1288; x_wconf 71' lang='lat' dir='ltr'><strong>amplexibus,</strong></span> <span class='ocrx_word' id='word_1_189' title='bbox 3491 1229 3619 1273; x_wconf 88' lang='lat' dir='ltr'><strong>tem-</strong></span> 
     </span>
    </p>
   </div>
   <div class='ocr_carea' id='block_1_29' title="bbox 2033 1306 3621 1381">
    <p class='ocr_par' dir='ltr' id='par_1_29' title="bbox 2033 1306 3621 1381">
     <span class='ocr_line' id='line_1_30' title="bbox 2033 1306 3621 1381; baseline 0.006 -22"><span class='ocrx_word' id='word_1_190' title='bbox 2033 1323 2129 1379; x_wconf 89' lang='lat' dir='ltr'><strong>pus</strong></span> <span class='ocrx_word' id='word_1_191' title='bbox 2158 1306 2456 1377; x_wconf 88' lang='lat' dir='ltr'><strong>acquirendi</strong></span> <span class='ocrx_word' id='word_1_192' title='bbox 2485 1316 2529 1361; x_wconf 90' lang='lat' dir='ltr'><strong>et</strong></span> <span class='ocrx_word' id='word_1_193' title='bbox 2557 1316 2754 1377; x_wconf 89' lang='lat' dir='ltr'><strong>tempus</strong></span> <span class='ocrx_word' id='word_1_194' title='bbox 2775 1310 3042 1379; x_wconf 86' lang='lat' dir='ltr'><strong>perdendi,</strong></span> <span class='ocrx_word' id='word_1_195' title='bbox 3072 1319 3271 1381; x_wconf 88' lang='lat' dir='ltr'><strong>tempus</strong></span> <span class='ocrx_word' id='word_1_196' title='bbox 3296 1314 3621 1368; x_wconf 84' lang='lat' dir='ltr'><strong>custodiendi</strong></span> 
     </span>
    </p>
   </div>
   <div class='ocr_carea' id='block_1_30' title="bbox 2032 1399 3623 1475">
    <p class='ocr_par' dir='ltr' id='par_1_30' title="bbox 2032 1399 3623 1475">
     <span class='ocr_line' id='line_1_31' title="bbox 2032 1399 3623 1475; baseline 0.004 -24"><span class='ocrx_word' id='word_1_197' title='bbox 2032 1408 2080 1452; x_wconf 91' lang='lat' dir='ltr'><strong>et</strong></span> <span class='ocrx_word' id='word_1_198' title='bbox 2102 1408 2301 1467; x_wconf 89' lang='lat' dir='ltr'><strong>tempus</strong></span> <span class='ocrx_word' id='word_1_199' title='bbox 2317 1399 2634 1469; x_wconf 73' lang='lat' dir='ltr'><strong>expellendi,</strong></span> <span class='ocrx_word' id='word_1_200' title='bbox 2660 1408 2857 1470; x_wconf 89' lang='lat' dir='ltr'><strong>tempus</strong></span> <span class='ocrx_word' id='word_1_201' title='bbox 2876 1402 3205 1473; x_wconf 89' lang='lat' dir='ltr'><strong>dirumpendi</strong></span> <span class='ocrx_word' id='word_1_202' title='bbox 3225 1415 3270 1459; x_wconf 90' lang='lat' dir='ltr'><strong>et</strong></span> <span class='ocrx_word' id='word_1_203' title='bbox 3298 1415 3493 1475; x_wconf 85' lang='lat' dir='ltr'><strong>tempus</strong></span> <span class='ocrx_word' id='word_1_204' title='bbox 3512 1422 3623 1458; x_wconf 81' lang='lat' dir='ltr'><strong>sar-</strong></span> 
     </span>
    </p>
   </div>
   <div class='ocr_carea' id='block_1_31' title="bbox 2032 1492 3620 1568">
    <p class='ocr_par' dir='ltr' id='par_1_31' title="bbox 2032 1492 3620 1568">
     <span class='ocr_line' id='line_1_32' title="bbox 2032 1492 3620 1568; baseline 0.004 -23"><span class='ocrx_word' id='word_1_205' title='bbox 2032 1492 2223 1558; x_wconf 82' lang='lat' dir='ltr'><strong>ciendi,</strong></span> <span class='ocrx_word' id='word_1_206' title='bbox 2271 1502 2472 1561; x_wconf 89' lang='lat' dir='ltr'><strong>tempus</strong></span> <span class='ocrx_word' id='word_1_207' title='bbox 2525 1494 2727 1546; x_wconf 87' lang='lat' dir='ltr'><strong>tacendi</strong></span> <span class='ocrx_word' id='word_1_208' title='bbox 2771 1501 2819 1549; x_wconf 89' lang='lat' dir='ltr'><strong>et</strong></span> <span class='ocrx_word' id='word_1_209' title='bbox 2863 1503 3061 1564; x_wconf 88' lang='lat' dir='ltr'><strong>tempus</strong></span> <span class='ocrx_word' id='word_1_210' title='bbox 3107 1497 3367 1567; x_wconf 83' lang='lat' dir='ltr'><strong>loquendi,</strong></span> <span class='ocrx_word' id='word_1_211' title='bbox 3422 1508 3620 1568; x_wconf 89' lang='lat' dir='ltr'><strong>tempus</strong></span> 
     </span>
    </p>
   </div>
   <div class='ocr_carea' id='block_1_32' title="bbox 2033 1584 3620 1660">
    <p class='ocr_par' dir='ltr' id='par_1_32' title="bbox 2033 1584 3620 1660">
     <span class='ocr_line' id='line_1_33' title="bbox 2033 1584 3620 1660; baseline 0.006 -24"><span class='ocrx_word' id='word_1_212' title='bbox 2033 1584 2244 1638; x_wconf 89' lang='lat' dir='ltr'><strong>amandi</strong></span> <span class='ocrx_word' id='word_1_213' title='bbox 2272 1592 2320 1638; x_wconf 89' lang='lat' dir='ltr'><strong>et</strong></span> <span class='ocrx_word' id='word_1_214' title='bbox 2345 1592 2547 1655; x_wconf 87' lang='lat' dir='ltr'><strong>tempus</strong></span> <span class='ocrx_word' id='word_1_215' title='bbox 2572 1585 2802 1653; x_wconf 89' lang='lat' dir='ltr'><strong>odiendi,</strong></span> <span class='ocrx_word' id='word_1_216' title='bbox 2835 1596 3031 1658; x_wconf 88' lang='lat' dir='ltr'><strong>tempus</strong></span> <span class='ocrx_word' id='word_1_217' title='bbox 3053 1589 3171 1644; x_wconf 84' lang='lat' dir='ltr'><strong>belli</strong></span> <span class='ocrx_word' id='word_1_218' title='bbox 3190 1601 3237 1643; x_wconf 89' lang='lat' dir='ltr'><strong>et</strong></span> <span class='ocrx_word' id='word_1_219' title='bbox 3260 1601 3454 1658; x_wconf 85' lang='lat' dir='ltr'><strong>tempus</strong></span> <span class='ocrx_word' id='word_1_220' title='bbox 3478 1593 3620 1660; x_wconf 88' lang='lat' dir='ltr'><strong>pacis</strong></span> 
     </span>
    </p>
   </div>
   <div class='ocr_carea' id='block_1_33' title="bbox 336 1674 3619 1760">
    <p class='ocr_par' dir='ltr' id='par_1_33' title="bbox 336 1674 3619 1760">
     <span class='ocr_line' id='line_1_34' title="bbox 336 1674 3619 1760; baseline 0.001 -26"><span class='ocrx_word' id='word_1_221' title='bbox 336 1691 595 1751; x_wconf 89' lang='lat' dir='ltr'><strong>percepta</strong></span> <span class='ocrx_word' id='word_1_222' title='bbox 628 1680 835 1735; x_wconf 89' lang='lat' dir='ltr'><strong>ratione</strong></span> <span class='ocrx_word' id='word_1_223' title='bbox 864 1678 1096 1743; x_wconf 85' lang='lat' dir='ltr'><strong>cedere;</strong></span> <span class='ocrx_word' id='word_1_224' title='bbox 1125 1692 1373 1748; x_wconf 89' lang='lat' dir='ltr'><strong>eamque,</strong></span> <span class='ocrx_word' id='word_1_225' title='bbox 1404 1686 1461 1731; x_wconf 96' lang='lat' dir='ltr'><strong>ut</strong></span> <span class='ocrx_word' id='word_1_226' title='bbox 1486 1676 1783 1746; x_wconf 90' lang='lat' dir='ltr'><strong>antiquitus</strong></span> <span class='ocrx_word' id='word_1_227' title='bbox 1818 1684 1927 1729; x_wconf 63' lang='lat' dir='ltr'><strong>trao</strong></span> <span class='ocrx_word' id='word_1_228' title='bbox 1956 1700 2004 1760; x_wconf 80' lang='grc' dir='ltr'><strong>Β</strong></span> <span class='ocrx_word' id='word_1_229' title='bbox 2035 1674 2246 1748; x_wconf 88' lang='lat' dir='ltr'><strong>(Eccle.</strong></span> <span class='ocrx_word' id='word_1_230' title='bbox 2271 1676 2381 1747; x_wconf 87' lang='grc' dir='ltr'><strong>ιιι).</strong></span> <span class='ocrx_word' id='word_1_231' title='bbox 2416 1677 2483 1731; x_wconf 79' lang='lat' dir='ltr'><strong>Et</strong></span> <span class='ocrx_word' id='word_1_232' title='bbox 2514 1676 2675 1745; x_wconf 80' lang='lat' dir='ltr'><strong>infra,</strong></span> <span class='ocrx_word' id='word_1_233' title='bbox 2712 1677 2850 1745; x_wconf 82' lang='lat' dir='ltr'><strong>Quia</strong></span> <span class='ocrx_word' id='word_1_234' title='bbox 2884 1688 3083 1749; x_wconf 87' lang='lat' dir='ltr'><strong>tempus</strong></span> <span class='ocrx_word' id='word_1_235' title='bbox 3125 1690 3218 1749; x_wconf 86' lang='lat' dir='ltr'><strong>est,</strong></span> <span class='ocrx_word' id='word_1_236' title='bbox 3255 1682 3447 1751; x_wconf 89' lang='lat' dir='ltr'><strong>inquit,</strong></span> <span class='ocrx_word' id='word_1_237' title='bbox 3478 1683 3619 1737; x_wconf 87' lang='lat' dir='ltr'><strong>onmi</strong></span> 
     </span>
    </p>
   </div>
   <div class='ocr_carea' id='block_1_34' title="bbox 332 1766 1922 1842">
    <p class='ocr_par' dir='ltr' id='par_1_34' title="bbox 332 1766 1922 1842">
     <span class='ocr_line' id='line_1_35' title="bbox 332 1766 1922 1842; baseline -0.004 -15"><span class='ocrx_word' id='word_1_238' title='bbox 332 1774 449 1827; x_wconf 90' lang='lat' dir='ltr'><strong>dita</strong></span> <span class='ocrx_word' id='word_1_239' title='bbox 494 1781 608 1836; x_wconf 88' lang='lat' dir='ltr'><strong>est,</strong></span> <span class='ocrx_word' id='word_1_240' title='bbox 645 1771 759 1842; x_wconf 90' lang='lat' dir='ltr'><strong>jugi</strong></span> <span class='ocrx_word' id='word_1_241' title='bbox 788 1771 1132 1827; x_wconf 87' lang='lat' dir='ltr'><strong>observantia</strong></span> <span class='ocrx_word' id='word_1_242' title='bbox 1176 1785 1238 1825; x_wconf 88' lang='lat' dir='ltr'><strong>ac</strong></span> <span class='ocrx_word' id='word_1_243' title='bbox 1270 1768 1582 1825; x_wconf 90' lang='lat' dir='ltr'><strong>reverentia</strong></span> <span class='ocrx_word' id='word_1_244' title='bbox 1627 1766 1922 1823; x_wconf 89' lang='lat' dir='ltr'><strong>custodire.</strong></span> 
     </span>
    </p>
   </div>
   <div class='ocr_carea' id='block_1_35' title="bbox 330 1862 1926 1935">
    <p class='ocr_par' dir='ltr' id='par_1_35' title="bbox 330 1862 1926 1935">
     <span class='ocr_line' id='line_1_36' title="bbox 330 1862 1926 1935; baseline -0.004 -14"><span class='ocrx_word' id='word_1_245' title='bbox 330 1864 539 1921; x_wconf 89' lang='lat' dir='ltr'><strong>Verum</strong></span> <span class='ocrx_word' id='word_1_246' title='bbox 575 1865 737 1920; x_wconf 85' lang='lat' dir='ltr'><strong>etiam</strong></span> <span class='ocrx_word' id='word_1_247' title='bbox 766 1866 1020 1935; x_wconf 91' lang='lat' dir='ltr'><strong>quoniam</strong></span> <span class='ocrx_word' id='word_1_248' title='bbox 1056 1878 1247 1919; x_wconf 88' lang='lat' dir='ltr'><strong>causas</strong></span> <span class='ocrx_word' id='word_1_249' title='bbox 1277 1862 1437 1933; x_wconf 85' lang='lat' dir='ltr'><strong>hujus</strong></span> <span class='ocrx_word' id='word_1_250' title='bbox 1464 1863 1542 1918; x_wconf 89' lang='lat' dir='ltr'><strong>rei</strong></span> <span class='ocrx_word' id='word_1_251' title='bbox 1572 1870 1627 1918; x_wconf 92' lang='lat' dir='ltr'><strong>et</strong></span> <span class='ocrx_word' id='word_1_252' title='bbox 1656 1862 1926 1917; x_wconf 87' lang='lat' dir='ltr'><strong>rationem</strong></span> 
     </span>
    </p>
   </div>
   <div class='ocr_carea' id='block_1_36' title="bbox 333 1955 1925 2030">
    <p class='ocr_par' dir='ltr' id='par_1_36' title="bbox 333 1955 1925 2030">
     <span class='ocr_line' id='line_1_37' title="bbox 333 1955 1925 2030; baseline -0.002 -16"><span class='ocrx_word' id='word_1_253' title='bbox 333 1960 501 2015; x_wconf 85' lang='lat' dir='ltr'><strong>vultis</strong></span> <span class='ocrx_word' id='word_1_254' title='bbox 536 1973 851 2030; x_wconf 79' lang='lat' dir='ltr'><strong>agnoscere,</strong></span> <span class='ocrx_word' id='word_1_255' title='bbox 902 1959 1135 2028; x_wconf 88' lang='lat' dir='ltr'><strong>accipite</strong></span> <span class='ocrx_word' id='word_1_256' title='bbox 1173 1957 1409 2011; x_wconf 87' lang='lat' dir='ltr'><strong>breviter</strong></span> <span class='ocrx_word' id='word_1_257' title='bbox 1437 1971 1497 2011; x_wconf 88' lang='lat' dir='ltr'><strong>ea</strong></span> <span class='ocrx_word' id='word_1_258' title='bbox 1531 1971 1653 2027; x_wconf 64' lang='lat' dir='ltr'><strong>quae</strong></span> <span class='ocrx_word' id='word_1_259' title='bbox 1682 1971 1710 2009; x_wconf 89' lang='lat' dir='ltr'><strong>a</strong></span> <span class='ocrx_word' id='word_1_260' title='bbox 1741 1955 1925 2011; x_wconf 87' lang='lat' dir='ltr'><strong>senio-</strong></span> 
     </span>
    </p>
   </div>
   <div class='ocr_carea' id='block_1_37' title="bbox 328 2050 1924 2123">
    <p class='ocr_par' dir='ltr' id='par_1_37' title="bbox 328 2050 1924 2123">
     <span class='ocr_line' id='line_1_38' title="bbox 328 2050 1924 2123; baseline -0.004 -13"><span class='ocrx_word' id='word_1_261' title='bbox 328 2054 488 2110; x_wconf 83' lang='lat' dir='ltr'><strong>ribus</strong></span> <span class='ocrx_word' id='word_1_262' title='bbox 518 2054 722 2108; x_wconf 89' lang='lat' dir='ltr'><strong>nostris</strong></span> <span class='ocrx_word' id='word_1_263' title='bbox 766 2052 958 2107; x_wconf 90' lang='lat' dir='ltr'><strong>tradita</strong></span> <span class='ocrx_word' id='word_1_264' title='bbox 997 2067 1162 2123; x_wconf 90' lang='lat' dir='ltr'><strong>super</strong></span> <span class='ocrx_word' id='word_1_265' title='bbox 1197 2051 1296 2105; x_wconf 87' lang='lat' dir='ltr'><strong>hac</strong></span> <span class='ocrx_word' id='word_1_266' title='bbox 1324 2050 1662 2106; x_wconf 89' lang='lat' dir='ltr'><strong>institutione</strong></span> <span class='ocrx_word' id='word_1_267' title='bbox 1701 2064 1924 2119; x_wconf 90' lang='lat' dir='ltr'><strong>compe-</strong></span> 
     </span>
    </p>
   </div>
   <div class='ocr_carea' id='block_1_38' title="bbox 327 2142 1925 2214">
    <p class='ocr_par' dir='ltr' id='par_1_38' title="bbox 327 2142 1925 2214">
     <span class='ocr_line' id='line_1_39' title="bbox 327 2142 1925 2214; baseline -0.003 -12"><span class='ocrx_word' id='word_1_268' title='bbox 327 2148 526 2203; x_wconf 83' lang='lat' dir='ltr'><strong>rimus.</strong></span> <span class='ocrx_word' id='word_1_269' title='bbox 582 2146 970 2202; x_wconf 79' lang='lat' dir='ltr'><strong>Verumtamen</strong></span> <span class='ocrx_word' id='word_1_270' title='bbox 1030 2155 1319 2214; x_wconf 79' lang='lat' dir='ltr'><strong>antequam</strong></span> <span class='ocrx_word' id='word_1_271' title='bbox 1375 2142 1671 2213; x_wconf 73' lang='lat' dir='ltr'><strong>Scriptura:</strong></span> <span class='ocrx_word' id='word_1_272' title='bbox 1726 2142 1925 2197; x_wconf 80' lang='lat' dir='ltr'><strong>divina:</strong></span> 
     </span>
    </p>
   </div>
   <div class='ocr_carea' id='block_1_39' title="bbox 331 2236 1924 2309">
    <p class='ocr_par' dir='ltr' id='par_1_39' title="bbox 331 2236 1924 2309">
     <span class='ocr_line' id='line_1_40' title="bbox 331 2236 1924 2309; baseline -0.002 -15"><span class='ocrx_word' id='word_1_273' title='bbox 331 2240 634 2295; x_wconf 88' lang='lat' dir='ltr'><strong>auctoritas</strong></span> <span class='ocrx_word' id='word_1_274' title='bbox 665 2238 993 2309; x_wconf 82' lang='lat' dir='ltr'><strong>proferatur,</strong></span> <span class='ocrx_word' id='word_1_275' title='bbox 1025 2237 1071 2292; x_wconf 91' lang='lat' dir='ltr'><strong>si</strong></span> <span class='ocrx_word' id='word_1_276' title='bbox 1107 2238 1302 2305; x_wconf 84' lang='lat' dir='ltr'><strong>placet,</strong></span> <span class='ocrx_word' id='word_1_277' title='bbox 1334 2238 1401 2292; x_wconf 92' lang='lat' dir='ltr'><strong>de</strong></span> <span class='ocrx_word' id='word_1_278' title='bbox 1432 2246 1622 2291; x_wconf 88' lang='lat' dir='ltr'><strong>natura</strong></span> <span class='ocrx_word' id='word_1_279' title='bbox 1650 2236 1818 2306; x_wconf 90' lang='lat' dir='ltr'><strong>ipsius</strong></span> <span class='ocrx_word' id='word_1_280' title='bbox 1841 2236 1924 2306; x_wconf 90' lang='lat' dir='ltr'><strong>je-</strong></span> 
     </span>
    </p>
   </div>
   <div class='ocr_carea' id='block_1_40' title="bbox 327 2328 1921 2404">
    <p class='ocr_par' dir='ltr' id='par_1_40' title="bbox 327 2328 1921 2404">
     <span class='ocr_line' id='line_1_41' title="bbox 327 2328 1921 2404; baseline -0.002 -18"><span class='ocrx_word' id='word_1_281' title='bbox 327 2332 475 2404; x_wconf 88' lang='lat' dir='ltr'><strong>junii</strong></span> <span class='ocrx_word' id='word_1_282' title='bbox 514 2344 567 2387; x_wconf 93' lang='lat' dir='ltr'><strong>et</strong></span> <span class='ocrx_word' id='word_1_283' title='bbox 606 2332 864 2402; x_wconf 90' lang='lat' dir='ltr'><strong>qualitate</strong></span> <span class='ocrx_word' id='word_1_284' title='bbox 895 2344 1061 2401; x_wconf 89' lang='lat' dir='ltr'><strong>pauca</strong></span> <span class='ocrx_word' id='word_1_285' title='bbox 1092 2330 1354 2398; x_wconf 91' lang='lat' dir='ltr'><strong>dicamus,</strong></span> <span class='ocrx_word' id='word_1_286' title='bbox 1397 2338 1456 2384; x_wconf 93' lang='lat' dir='ltr'><strong>ut</strong></span> <span class='ocrx_word' id='word_1_287' title='bbox 1500 2328 1921 2399; x_wconf 87' lang='lat' dir='ltr'><strong>disputationem</strong></span> 
     </span>
    </p>
   </div>
   <div class='ocr_carea' id='block_1_41' title="bbox 330 2423 1920 2497">
    <p class='ocr_par' dir='ltr' id='par_1_41' title="bbox 330 2423 1920 2497">
     <span class='ocr_line' id='line_1_42' title="bbox 330 2423 1920 2497; baseline -0.002 -15"><span class='ocrx_word' id='word_1_288' title='bbox 330 2435 580 2483; x_wconf 76' lang='lat' dir='ltr'><strong>nostram</strong></span> <span class='ocrx_word' id='word_1_289' title='bbox 619 2427 956 2497; x_wconf 90' lang='lat' dir='ltr'><strong>subsequens</strong></span> <span class='ocrx_word' id='word_1_290' title='bbox 983 2424 1384 2495; x_wconf 88' lang='lat' dir='ltr'><strong>Scripturarum</strong></span> <span class='ocrx_word' id='word_1_291' title='bbox 1412 2423 1703 2479; x_wconf 83' lang='lat' dir='ltr'><strong>conﬁrmet</strong></span> <span class='ocrx_word' id='word_1_292' title='bbox 1730 2434 1920 2479; x_wconf 87' lang='lat' dir='ltr'><strong>aucto-</strong></span> 
     </span>
    </p>
   </div>
   <div class='ocr_carea' id='block_1_42' title="bbox 2030 1767 3620 1842">
    <p class='ocr_par' dir='ltr' id='par_1_42' title="bbox 2030 1767 3620 1842">
     <span class='ocr_line' id='line_1_43' title="bbox 2030 1767 3620 1842; baseline 0.004 -20"><span class='ocrx_word' id='word_1_293' title='bbox 2030 1770 2106 1822; x_wconf 87' lang='lat' dir='ltr'><strong>rei</strong></span> <span class='ocrx_word' id='word_1_294' title='bbox 2131 1777 2176 1822; x_wconf 90' lang='lat' dir='ltr'><strong>et</strong></span> <span class='ocrx_word' id='word_1_295' title='bbox 2207 1770 2346 1822; x_wconf 89' lang='lat' dir='ltr'><strong>omni</strong></span> <span class='ocrx_word' id='word_1_296' title='bbox 2372 1772 2507 1839; x_wconf 82' lang='lat' dir='ltr'><strong>[acto</strong></span> <span class='ocrx_word' id='word_1_297' title='bbox 2539 1767 2757 1840; x_wconf 88' lang='lat' dir='ltr'><strong>(Ibid.).</strong></span> <span class='ocrx_word' id='word_1_298' title='bbox 2791 1769 2935 1825; x_wconf 86' lang='lat' dir='ltr'><strong>Nihil</strong></span> <span class='ocrx_word' id='word_1_299' title='bbox 2968 1772 3130 1842; x_wconf 79' lang='lat' dir='ltr'><strong>igitur</strong></span> <span class='ocrx_word' id='word_1_300' title='bbox 3156 1788 3225 1828; x_wconf 81' lang='lat' dir='ltr'><strong>ex</strong></span> <span class='ocrx_word' id='word_1_301' title='bbox 3261 1774 3344 1828; x_wconf 89' lang='lat' dir='ltr'><strong>his</strong></span> <span class='ocrx_word' id='word_1_302' title='bbox 3375 1790 3494 1829; x_wconf 86' lang='lat' dir='ltr'><strong>esse</strong></span> <span class='ocrx_word' id='word_1_303' title='bbox 3525 1775 3620 1829; x_wconf 58' lang='lat' dir='ltr'><strong>ho-</strong></span> 
     </span>
    </p>
   </div>
   <div class='ocr_carea' id='block_1_43' title="bbox 2032 1863 3616 1932">
    <p class='ocr_par' dir='ltr' id='par_1_43' title="bbox 2032 1863 3616 1932">
     <span class='ocr_line' id='line_1_44' title="bbox 2032 1863 3616 1932; baseline 0.004 -17"><span class='ocrx_word' id='word_1_304' title='bbox 2032 1876 2160 1916; x_wconf 91' lang='lat' dir='ltr'><strong>num</strong></span> <span class='ocrx_word' id='word_1_305' title='bbox 2208 1870 2527 1932; x_wconf 91' lang='lat' dir='ltr'><strong>perpetuum</strong></span> <span class='ocrx_word' id='word_1_306' title='bbox 2576 1863 2850 1931; x_wconf 78' lang='lat' dir='ltr'><strong>deﬁnivit,</strong></span> <span class='ocrx_word' id='word_1_307' title='bbox 2898 1866 2999 1919; x_wconf 88' lang='lat' dir='ltr'><strong>nisi</strong></span> <span class='ocrx_word' id='word_1_308' title='bbox 3048 1880 3171 1922; x_wconf 91' lang='lat' dir='ltr'><strong>cum</strong></span> <span class='ocrx_word' id='word_1_309' title='bbox 3219 1867 3381 1922; x_wconf 84' lang='lat' dir='ltr'><strong>luerit</strong></span> <span class='ocrx_word' id='word_1_310' title='bbox 3425 1867 3616 1923; x_wconf 92' lang='lat' dir='ltr'><strong>horum</strong></span> 
     </span>
    </p>
   </div>
   <div class='ocr_carea' id='block_1_44' title="bbox 2028 1955 3619 2028">
    <p class='ocr_par' dir='ltr' id='par_1_44' title="bbox 2028 1955 3619 2028">
     <span class='ocr_line' id='line_1_45' title="bbox 2028 1955 3619 2028; baseline 0.003 -17"><span class='ocrx_word' id='word_1_311' title='bbox 2028 1955 2159 2026; x_wconf 91' lang='lat' dir='ltr'><strong>quid</strong></span> <span class='ocrx_word' id='word_1_312' title='bbox 2190 1966 2494 2025; x_wconf 90' lang='lat' dir='ltr'><strong>opportune</strong></span> <span class='ocrx_word' id='word_1_313' title='bbox 2515 1967 2568 2012; x_wconf 90' lang='lat' dir='ltr'><strong>et</strong></span> <span class='ocrx_word' id='word_1_314' title='bbox 2591 1966 2963 2028; x_wconf 77' lang='lat' dir='ltr'><strong>competenter</strong></span> <span class='ocrx_word' id='word_1_315' title='bbox 2989 1960 3295 2028; x_wconf 81' lang='lat' dir='ltr'><strong>expletum;</strong></span> <span class='ocrx_word' id='word_1_316' title='bbox 3329 1959 3400 2013; x_wconf 88' lang='lat' dir='ltr'><strong>ita</strong></span> <span class='ocrx_word' id='word_1_317' title='bbox 3427 1970 3486 2015; x_wconf 92' lang='lat' dir='ltr'><strong>ut</strong></span> <span class='ocrx_word' id='word_1_318' title='bbox 3506 1960 3619 2015; x_wconf 63' lang='lat' dir='ltr'><strong>hac</strong></span> 
     </span>
    </p>
   </div>
   <div class='ocr_carea' id='block_1_45' title="bbox 2030 2050 3617 2122">
    <p class='ocr_par' dir='ltr' id='par_1_45' title="bbox 2030 2050 3617 2122">
     <span class='ocr_line' id='line_1_46' title="bbox 2030 2050 3617 2122; baseline 0.003 -17"><span class='ocrx_word' id='word_1_319' title='bbox 2030 2050 2220 2105; x_wconf 89' lang='lat' dir='ltr'><strong>eadem</strong></span> <span class='ocrx_word' id='word_1_320' title='bbox 2260 2065 2381 2119; x_wconf 73' lang='lat' dir='ltr'><strong>quae</strong></span> <span class='ocrx_word' id='word_1_321' title='bbox 2413 2066 2555 2105; x_wconf 92' lang='lat' dir='ltr'><strong>nunc</strong></span> <span class='ocrx_word' id='word_1_322' title='bbox 2594 2061 2899 2121; x_wconf 91' lang='lat' dir='ltr'><strong>opportune</strong></span> <span class='ocrx_word' id='word_1_323' title='bbox 2936 2061 3090 2122; x_wconf 88' lang='lat' dir='ltr'><strong>gesta</strong></span> <span class='ocrx_word' id='word_1_324' title='bbox 3130 2054 3270 2108; x_wconf 91' lang='lat' dir='ltr'><strong>bene</strong></span> <span class='ocrx_word' id='word_1_325' title='bbox 3308 2053 3536 2121; x_wconf 89' lang='lat' dir='ltr'><strong>cedunt,</strong></span> <span class='ocrx_word' id='word_1_326' title='bbox 3570 2055 3617 2109; x_wconf 91' lang='lat' dir='ltr'><strong>si</strong></span> 
     </span>
    </p>
   </div>
   <div class='ocr_carea' id='block_1_46' title="bbox 2030 2144 3619 2215">
    <p class='ocr_par' dir='ltr' id='par_1_46' title="bbox 2030 2144 3619 2215">
     <span class='ocr_line' id='line_1_47' title="bbox 2030 2144 3619 2215; baseline 0.001 -16"><span class='ocrx_word' id='word_1_327' title='bbox 2030 2144 2339 2214; x_wconf 90' lang='lat' dir='ltr'><strong>importuno</strong></span> <span class='ocrx_word' id='word_1_328' title='bbox 2371 2144 2453 2199; x_wconf 92' lang='lat' dir='ltr'><strong>vel</strong></span> <span class='ocrx_word' id='word_1_329' title='bbox 2484 2145 2781 2215; x_wconf 90' lang='lat' dir='ltr'><strong>incongruo</strong></span> <span class='ocrx_word' id='word_1_330' title='bbox 2812 2154 3054 2215; x_wconf 91' lang='lat' dir='ltr'><strong>tempore</strong></span> <span class='ocrx_word' id='word_1_331' title='bbox 3084 2155 3505 2214; x_wconf 68' lang='lat' dir='ltr'><strong>praesumantur,</strong></span> <span class='ocrx_word' id='word_1_332' title='bbox 3537 2146 3619 2201; x_wconf 91' lang='lat' dir='ltr'><strong>in-</strong></span> 
     </span>
    </p>
   </div>
   <div class='ocr_carea' id='block_1_47' title="bbox 2031 2238 3620 2310">
    <p class='ocr_par' dir='ltr' id='par_1_47' title="bbox 2031 2238 3620 2310">
     <span class='ocr_line' id='line_1_48' title="bbox 2031 2238 3620 2310; baseline 0.001 -16"><span class='ocrx_word' id='word_1_333' title='bbox 2031 2240 2180 2295; x_wconf 87' lang='lat' dir='ltr'><strong>utilia</strong></span> <span class='ocrx_word' id='word_1_334' title='bbox 2211 2240 2554 2295; x_wconf 90' lang='lat' dir='ltr'><strong>inveniantur</strong></span> <span class='ocrx_word' id='word_1_335' title='bbox 2586 2248 2642 2295; x_wconf 92' lang='lat' dir='ltr'><strong>et</strong></span> <span class='ocrx_word' id='word_1_336' title='bbox 2680 2240 2870 2305; x_wconf 80' lang='lat' dir='ltr'><strong>noxia;</strong></span> <span class='ocrx_word' id='word_1_337' title='bbox 2904 2238 2930 2279; x_wconf 73' lang='lat' dir='ltr'><strong>b</strong></span> <span class='ocrx_word' id='word_1_338' title='bbox 2967 2239 3170 2310; x_wconf 86' lang='lat' dir='ltr'><strong>absque</strong></span> <span class='ocrx_word' id='word_1_339' title='bbox 3215 2240 3298 2295; x_wconf 87' lang='lat' dir='ltr'><strong>his</strong></span> <span class='ocrx_word' id='word_1_340' title='bbox 3341 2239 3620 2296; x_wconf 83' lang='lat' dir='ltr'><strong>dumtaxat</strong></span> 
     </span>
    </p>
   </div>
   <div class='ocr_carea' id='block_1_48' title="bbox 2030 2332 3615 2404">
    <p class='ocr_par' dir='ltr' id='par_1_48' title="bbox 2030 2332 3615 2404">
     <span class='ocr_line' id='line_1_49' title="bbox 2030 2332 3615 2404; baseline 0 -17"><span class='ocrx_word' id='word_1_341' title='bbox 2030 2349 2149 2403; x_wconf 73' lang='lat' dir='ltr'><strong>qua:</strong></span> <span class='ocrx_word' id='word_1_342' title='bbox 2186 2348 2286 2404; x_wconf 93' lang='lat' dir='ltr'><strong>per</strong></span> <span class='ocrx_word' id='word_1_343' title='bbox 2333 2348 2393 2389; x_wconf 89' lang='lat' dir='ltr'><strong>se</strong></span> <span class='ocrx_word' id='word_1_344' title='bbox 2433 2333 2804 2404; x_wconf 88' lang='lat' dir='ltr'><strong>principaliter</strong></span> <span class='ocrx_word' id='word_1_345' title='bbox 2832 2333 2917 2388; x_wconf 90' lang='lat' dir='ltr'><strong>vel</strong></span> <span class='ocrx_word' id='word_1_346' title='bbox 2958 2332 3121 2401; x_wconf 91' lang='lat' dir='ltr'><strong>bona,</strong></span> <span class='ocrx_word' id='word_1_347' title='bbox 3156 2332 3239 2388; x_wconf 91' lang='lat' dir='ltr'><strong>vel</strong></span> <span class='ocrx_word' id='word_1_348' title='bbox 3284 2333 3422 2387; x_wconf 91' lang='lat' dir='ltr'><strong>mala</strong></span> <span class='ocrx_word' id='word_1_349' title='bbox 3468 2343 3615 2400; x_wconf 84' lang='lat' dir='ltr'><strong>sunt,</strong></span> 
     </span>
    </p>
   </div>
   <div class='ocr_carea' id='block_1_49' title="bbox 2033 2424 3611 2497">
    <p class='ocr_par' dir='ltr' id='par_1_49' title="bbox 2033 2424 3611 2497">
     <span class='ocr_line' id='line_1_50' title="bbox 2033 2424 3611 2497; baseline 0 -16"><span class='ocrx_word' id='word_1_350' title='bbox 2033 2437 2054 2467; x_wconf 74' lang='grc' dir='ltr'>ε</span> <span class='ocrx_word' id='word_1_351' title='bbox 2089 2441 2190 2482; x_wconf 89' lang='lat' dir='ltr'><strong>nec</strong></span> <span class='ocrx_word' id='word_1_352' title='bbox 2218 2427 2507 2497; x_wconf 89' lang='lat' dir='ltr'><strong>aliquando</strong></span> <span class='ocrx_word' id='word_1_353' title='bbox 2539 2433 2767 2497; x_wconf 88' lang='lat' dir='ltr'><strong>possunt</strong></span> <span class='ocrx_word' id='word_1_354' title='bbox 2808 2425 2862 2480; x_wconf 92' lang='lat' dir='ltr'><strong>in</strong></span> <span class='ocrx_word' id='word_1_355' title='bbox 2892 2426 3224 2481; x_wconf 89' lang='lat' dir='ltr'><strong>contrarium</strong></span> <span class='ocrx_word' id='word_1_356' title='bbox 3257 2424 3522 2493; x_wconf 90' lang='lat' dir='ltr'><strong>derivari,</strong></span> <span class='ocrx_word' id='word_1_357' title='bbox 3552 2436 3611 2481; x_wconf 94' lang='lat' dir='ltr'><strong>ut</strong></span> 
     </span>
    </p>
   </div>
   <div class='ocr_carea' id='block_1_50' title="bbox 1406 2538 2546 2600">
    <p class='ocr_par' dir='ltr' id='par_1_50' title="bbox 1406 2538 2546 2600">
     <span class='ocr_line' id='line_1_51' title="bbox 1406 2538 2546 2600; baseline 0.003 -4"><span class='ocrx_word' id='word_1_358' title='bbox 1406 2538 1665 2596; x_wconf 83' lang='lat' dir='ltr'><strong>ALARDI</strong></span> <span class='ocrx_word' id='word_1_359' title='bbox 1703 2539 1937 2597; x_wconf 66' lang='lat' dir='ltr'><strong>GAZIEI</strong></span> <span class='ocrx_word' id='word_1_360' title='bbox 1974 2541 2546 2600; x_wconf 81' lang='lat' dir='ltr'><strong>COMMENTARIUS.</strong></span> 
     </span>
    </p>
   </div>
   <div class='ocr_carea' id='block_1_51' title="bbox 330 2629 1927 2706">
    <p class='ocr_par' dir='ltr' id='par_1_51' title="bbox 330 2629 1927 2706">
     <span class='ocr_line' id='line_1_52' title="bbox 330 2629 1927 2706; baseline -0.004 -14"><span class='ocrx_word' id='word_1_361' title='bbox 330 2652 395 2692; x_wconf 87' lang='lat' dir='ltr'><strong>eo</strong></span> <span class='ocrx_word' id='word_1_362' title='bbox 421 2637 677 2689; x_wconf 88' lang='lat' dir='ltr'><strong>credentes</strong></span> <span class='ocrx_word' id='word_1_363' title='bbox 704 2635 884 2706; x_wconf 77' lang='lat' dir='ltr'><strong>fecisse</strong></span> <span class='ocrx_word' id='word_1_364' title='bbox 912 2634 1124 2705; x_wconf 88' lang='lat' dir='ltr'><strong>legimus</strong></span> <span class='ocrx_word' id='word_1_365' title='bbox 1158 2633 1306 2706; x_wconf 76' lang='lat' dir='ltr'><strong>(Act.</strong></span> <span class='ocrx_word' id='word_1_366' title='bbox 1338 2630 1478 2706; x_wconf 60' lang='lat' dir='ltr'><strong>sm).</strong></span> <span class='ocrx_word' id='word_1_367' title='bbox 1513 2630 1582 2706; x_wconf 75' lang='lat' dir='ltr'><strong>Et</strong></span> <span class='ocrx_word' id='word_1_368' title='bbox 1611 2629 1747 2684; x_wconf 80' lang='lat' dir='ltr'><strong>inira</strong></span> <span class='ocrx_word' id='word_1_369' title='bbox 1775 2647 1789 2685; x_wconf 89' lang='lat'><strong>:</strong></span> <span class='ocrx_word' id='word_1_370' title='bbox 1814 2631 1927 2686; x_wconf 89' lang='lat' dir='ltr'><strong>Nec</strong></span> 
     </span>
    </p>
   </div>
   <div class='ocr_carea' id='block_1_52' title="bbox 332 2702 1926 2776">
    <p class='ocr_par' dir='ltr' id='par_1_52' title="bbox 332 2702 1926 2776">
     <span class='ocr_line' id='line_1_53' title="bbox 332 2702 1926 2776; baseline -0.003 -16"><span class='ocrx_word' id='word_1_371' title='bbox 332 2709 435 2760; x_wconf 81' lang='lat' dir='ltr'><strong>hoc</strong></span> <span class='ocrx_word' id='word_1_372' title='bbox 456 2706 595 2773; x_wconf 88' lang='lat' dir='ltr'><strong>dico,</strong></span> <span class='ocrx_word' id='word_1_373' title='bbox 624 2702 760 2776; x_wconf 85' lang='lat' dir='ltr'><strong>quod</strong></span> <span class='ocrx_word' id='word_1_374' title='bbox 790 2702 1064 2760; x_wconf 75' lang='lat' dir='ltr'><strong>dominicis</strong></span> <span class='ocrx_word' id='word_1_375' title='bbox 1092 2702 1272 2758; x_wconf 84' lang='lat' dir='ltr'><strong>diebus</strong></span> <span class='ocrx_word' id='word_1_376' title='bbox 1290 2702 1638 2776; x_wconf 75' lang='lat' dir='ltr'><strong>jejunandum</strong></span> <span class='ocrx_word' id='word_1_377' title='bbox 1661 2712 1853 2776; x_wconf 81' lang='lat' dir='ltr'><strong>putem,</strong></span> <span class='ocrx_word' id='word_1_378' title='bbox 1878 2712 1926 2756; x_wconf 90' lang='lat' dir='ltr'><strong>et</strong></span> 
     </span>
    </p>
   </div>
   <div class='ocr_carea' id='block_1_53' title="bbox 330 2774 1929 2849">
    <p class='ocr_par' dir='ltr' id='par_1_53' title="bbox 330 2774 1929 2849">
     <span class='ocr_line' id='line_1_54' title="bbox 330 2774 1929 2849; baseline -0.003 -18"><span class='ocrx_word' id='word_1_379' title='bbox 330 2786 602 2831; x_wconf 73' lang='lat' dir='ltr'><strong>contextus</strong></span> <span class='ocrx_word' id='word_1_380' title='bbox 619 2774 988 2849; x_wconf 77' lang='lat' dir='ltr'><strong>quinquaginta</strong></span> <span class='ocrx_word' id='word_1_381' title='bbox 1013 2777 1192 2830; x_wconf 89' lang='lat' dir='ltr'><strong>diebus</strong></span> <span class='ocrx_word' id='word_1_382' title='bbox 1225 2774 1384 2844; x_wconf 76' lang='lat' dir='ltr'><strong>ferias</strong></span> <span class='ocrx_word' id='word_1_383' title='bbox 1405 2775 1659 2849; x_wconf 76' lang='lat' dir='ltr'><strong>auferam;</strong></span> <span class='ocrx_word' id='word_1_384' title='bbox 1687 2774 1777 2827; x_wconf 88' lang='lat' dir='ltr'><strong>sed</strong></span> <span class='ocrx_word' id='word_1_385' title='bbox 1798 2790 1929 2827; x_wconf 90' lang='lat' dir='ltr'><strong>una-</strong></span> 
     </span>
    </p>
   </div>
   <div class='ocr_carea' id='block_1_54' title="bbox 328 2844 1927 2921">
    <p class='ocr_par' dir='ltr' id='par_1_54' title="bbox 328 2844 1927 2921">
     <span class='ocr_line' id='line_1_55' title="bbox 328 2844 1927 2921; baseline -0.003 -20"><span class='ocrx_word' id='word_1_386' title='bbox 328 2864 552 2921; x_wconf 72' lang='lat' dir='ltr'><strong>quarque</strong></span> <span class='ocrx_word' id='word_1_387' title='bbox 583 2844 864 2921; x_wconf 67' lang='lat' dir='ltr'><strong>provincia</strong></span> <span class='ocrx_word' id='word_1_388' title='bbox 878 2848 931 2900; x_wconf 90' lang='lat' dir='ltr'><strong>in</strong></span> <span class='ocrx_word' id='word_1_389' title='bbox 958 2864 1051 2921; x_wconf 81' lang='lat' dir='ltr'><strong>suo</strong></span> <span class='ocrx_word' id='word_1_390' title='bbox 1090 2863 1248 2921; x_wconf 78' lang='lat' dir='ltr'><strong>sensu</strong></span> <span class='ocrx_word' id='word_1_391' title='bbox 1286 2844 1534 2921; x_wconf 86' lang='lat' dir='ltr'><strong>abunde_t.</strong></span> <span class='ocrx_word' id='word_1_392' title='bbox 1564 2853 1631 2921; x_wconf 57' lang='grc' dir='ltr'><em>ἐς</em></span> <span class='ocrx_word' id='word_1_393' title='bbox 1653 2855 1927 2921; x_wconf 24' lang='lat' dir='ltr'><strong>‘prtecepta</strong></span> 
     </span>
    </p>
   </div>
   <div class='ocr_carea' id='block_1_55' title="bbox 330 2914 1926 2992">
    <p class='ocr_par' dir='ltr' id='par_1_55' title="bbox 330 2914 1926 2992">
     <span class='ocr_line' id='line_1_56' title="bbox 330 2914 1926 2992; baseline -0.002 -19"><span class='ocrx_word' id='word_1_394' title='bbox 330 2914 597 2992; x_wconf 73' lang='lat' dir='ltr'><strong>majorum</strong></span> <span class='ocrx_word' id='word_1_395' title='bbox 634 2918 767 2992; x_wconf 83' lang='lat' dir='ltr'><strong>leges</strong></span> <span class='ocrx_word' id='word_1_396' title='bbox 792 2917 1110 2992; x_wconf 71' lang='lat' dir='ltr'><strong>apostolicus</strong></span> <span class='ocrx_word' id='word_1_397' title='bbox 1135 2918 1434 2992; x_wconf 54' lang='lat' dir='ltr'><strong>arbitLetur.</strong></span> <span class='ocrx_word' id='word_1_398' title='bbox 1468 2914 1537 2968; x_wconf 86' lang='lat' dir='ltr'><strong>Et</strong></span> <span class='ocrx_word' id='word_1_399' title='bbox 1563 2914 1926 2992; x_wconf 58' lang='lat' dir='ltr'><strong>lsidprusjbi-</strong></span> 
     </span>
    </p>
   </div>
   <div class='ocr_carea' id='block_1_56' title="bbox 330 2983 1929 3059">
    <p class='ocr_par' dir='ltr' id='par_1_56' title="bbox 330 2983 1929 3059">
     <span class='ocr_line' id='line_1_57' title="bbox 330 2983 1929 3059; baseline -0.004 -13"><span class='ocrx_word' id='word_1_400' title='bbox 330 2983 460 3046; x_wconf 65' lang='lat' dir='ltr'><strong>dein</strong></span> <span class='ocrx_word' id='word_1_401' title='bbox 508 2983 704 3045; x_wconf 76' lang='lat' dir='ltr'><strong>citatus</strong></span> <span class='ocrx_word' id='word_1_402' title='bbox 744 2983 893 3059; x_wconf 85' lang='lat' dir='ltr'><strong>(Lib.</strong></span> <span class='ocrx_word' id='word_1_403' title='bbox 929 3007 946 3044; x_wconf 83' lang='grc' dir='ltr'><strong>ι</strong></span> <span class='ocrx_word' id='word_1_404' title='bbox 973 2989 1037 3043; x_wconf 90' lang='lat' dir='ltr'><strong>de</strong></span> <span class='ocrx_word' id='word_1_405' title='bbox 1070 2987 1214 3059; x_wconf 65' lang='lat' dir='ltr'><strong>Ome.</strong></span> <span class='ocrx_word' id='word_1_406' title='bbox 1243 2985 1417 3059; x_wconf 9' lang='lat' dir='ltr'><strong>gEccl.</strong></span> <span class='ocrx_word' id='word_1_407' title='bbox 1473 3001 1589 3054; x_wconf 87' lang='lat' dir='ltr'><strong>cap.</strong></span> <span class='ocrx_word' id='word_1_408' title='bbox 1622 2983 1725 3059; x_wconf 51' lang='lat'><strong>43)</strong></span> <span class='ocrx_word' id='word_1_409' title='bbox 1756 3003 1768 3038; x_wconf 93' lang='lat'>:</span> <span class='ocrx_word' id='word_1_410' title='bbox 1800 2984 1929 3059; x_wconf 83' lang='lat' dir='ltr'><strong>Post</strong></span> 
     </span>
    </p>
   </div>
   <div class='ocr_carea' id='block_1_57' title="bbox 2030 2632 3614 2707">
    <p class='ocr_par' dir='ltr' id='par_1_57' title="bbox 2030 2632 3614 2707">
     <span class='ocr_line' id='line_1_58' title="bbox 2030 2632 3614 2707; baseline 0.004 -22"><span class='ocrx_word' id='word_1_411' title='bbox 2030 2633 2308 2707; x_wconf 79' lang='lat' dir='ltr'><strong>imperari.</strong></span> <span class='ocrx_word' id='word_1_412' title='bbox 2339 2632 2519 2689; x_wconf 91' lang='lat' dir='ltr'><strong>Sicubi</strong></span> <span class='ocrx_word' id='word_1_413' title='bbox 2546 2643 2724 2688; x_wconf 86' lang='lat' dir='ltr'><strong>tamen</strong></span> <span class='ocrx_word' id='word_1_414' title='bbox 2738 2633 2853 2707; x_wconf 85' lang='lat' dir='ltr'><strong>hoc</strong></span> <span class='ocrx_word' id='word_1_415' title='bbox 2880 2632 3335 2707; x_wconf 83' lang='lat' dir='ltr'><strong>ipsumjejunium</strong></span> <span class='ocrx_word' id='word_1_416' title='bbox 3360 2639 3614 2707; x_wconf 69' lang='lat' dir='ltr'><strong>prmcepti</strong></span> 
     </span>
    </p>
   </div>
   <div class='ocr_carea' id='block_1_58' title="bbox 2029 2704 3616 2774">
    <p class='ocr_par' dir='ltr' id='par_1_58' title="bbox 2029 2704 3616 2774">
     <span class='ocr_line' id='line_1_59' title="bbox 2029 2704 3616 2774; baseline 0.003 -16"><span class='ocrx_word' id='word_1_417' title='bbox 2029 2704 2149 2774; x_wconf 87' lang='lat' dir='ltr'><strong>lege</strong></span> <span class='ocrx_word' id='word_1_418' title='bbox 2175 2713 2440 2769; x_wconf 91' lang='lat' dir='ltr'><strong>servatur,</strong></span> <span class='ocrx_word' id='word_1_419' title='bbox 2474 2721 2581 2759; x_wconf 77' lang='lat' dir='ltr'><strong>non</strong></span> <span class='ocrx_word' id='word_1_420' title='bbox 2615 2714 2696 2760; x_wconf 92' lang='lat' dir='ltr'><strong>est</strong></span> <span class='ocrx_word' id='word_1_421' title='bbox 2736 2704 3174 2773; x_wconf 86' lang='lat' dir='ltr'><strong>improbandum.</strong></span> <span class='ocrx_word' id='word_1_422' title='bbox 3216 2705 3494 2760; x_wconf 83' lang='lat' dir='ltr'><strong>Servanda</strong></span> <span class='ocrx_word' id='word_1_423' title='bbox 3534 2704 3616 2762; x_wconf 74' lang='lat' dir='ltr'><strong>est</strong></span> 
     </span>
    </p>
   </div>
   <div class='ocr_carea' id='block_1_59' title="bbox 2032 2775 3614 2843">
    <p class='ocr_par' dir='ltr' id='par_1_59' title="bbox 2032 2775 3614 2843">
     <span class='ocr_line' id='line_1_60' title="bbox 2032 2775 3614 2843; baseline 0.004 -15"><span class='ocrx_word' id='word_1_424' title='bbox 2032 2775 2379 2843; x_wconf 56' lang='lat' dir='ltr'><strong>inLejusmodi</strong></span> <span class='ocrx_word' id='word_1_425' title='bbox 2419 2777 2578 2830; x_wconf 85' lang='lat' dir='ltr'><strong>rebus</strong></span> <span class='ocrx_word' id='word_1_426' title='bbox 2620 2776 2880 2830; x_wconf 71' lang='lat' dir='ltr'><strong>Ecclesiae</strong></span> <span class='ocrx_word' id='word_1_427' title='bbox 2914 2776 3274 2841; x_wconf 90' lang='lat' dir='ltr'><strong>cousnetudo,</strong></span> <span class='ocrx_word' id='word_1_428' title='bbox 3318 2785 3377 2831; x_wconf 91' lang='lat' dir='ltr'><strong>ut</strong></span> <span class='ocrx_word' id='word_1_429' title='bbox 3422 2777 3614 2834; x_wconf 82' lang='lat' dir='ltr'><strong>llieto-</strong></span> 
     </span>
    </p>
   </div>
   <div class='ocr_carea' id='block_1_60' title="bbox 2032 2846 3616 2917">
    <p class='ocr_par' dir='ltr' id='par_1_60' title="bbox 2032 2846 3616 2917">
     <span class='ocr_line' id='line_1_61' title="bbox 2032 2846 3616 2917; baseline 0.003 -18"><span class='ocrx_word' id='word_1_430' title='bbox 2032 2861 2228 2917; x_wconf 84' lang='lat' dir='ltr'><strong>nymus</strong></span> <span class='ocrx_word' id='word_1_431' title='bbox 2273 2848 2325 2900; x_wconf 90' lang='lat' dir='ltr'><strong>in</strong></span> <span class='ocrx_word' id='word_1_432' title='bbox 2367 2848 2593 2914; x_wconf 90' lang='lat' dir='ltr'><strong>epistola</strong></span> <span class='ocrx_word' id='word_1_433' title='bbox 2642 2847 2709 2901; x_wconf 89' lang='lat' dir='ltr'><strong>ad</strong></span> <span class='ocrx_word' id='word_1_434' title='bbox 2750 2846 3057 2912; x_wconf 89' lang='lat' dir='ltr'><strong>Lucinium,</strong></span> <span class='ocrx_word' id='word_1_435' title='bbox 3097 2855 3153 2901; x_wconf 82' lang='lat' dir='ltr'><strong>et</strong></span> <span class='ocrx_word' id='word_1_436' title='bbox 3188 2847 3519 2915; x_wconf 80' lang='lat' dir='ltr'><strong>Augustinus</strong></span> <span class='ocrx_word' id='word_1_437' title='bbox 3566 2852 3616 2904; x_wconf 91' lang='lat' dir='ltr'><strong>in</strong></span> 
     </span>
    </p>
   </div>
   <div class='ocr_carea' id='block_1_61' title="bbox 2034 2917 3615 2984">
    <p class='ocr_par' dir='ltr' id='par_1_61' title="bbox 2034 2917 3615 2984">
     <span class='ocr_line' id='line_1_62' title="bbox 2034 2917 3615 2984; baseline 0.003 -14"><span class='ocrx_word' id='word_1_438' title='bbox 2034 2917 2267 2984; x_wconf 79' lang='lat' dir='ltr'><strong>epistola</strong></span> <span class='ocrx_word' id='word_1_439' title='bbox 2318 2918 2381 2971; x_wconf 88' lang='lat' dir='ltr'><strong>ad</strong></span> <span class='ocrx_word' id='word_1_440' title='bbox 2424 2918 2749 2972; x_wconf 86' lang='lat' dir='ltr'><strong>Casulanutn</strong></span> <span class='ocrx_word' id='word_1_441' title='bbox 2778 2958 2793 2983; x_wconf 95' lang='lat'><strong>,</strong></span> <span class='ocrx_word' id='word_1_442' title='bbox 2828 2928 3069 2971; x_wconf 91' lang='lat' dir='ltr'><strong>monent.</strong></span> <span class='ocrx_word' id='word_1_443' title='bbox 3104 2917 3179 2971; x_wconf 90' lang='lat' dir='ltr'><strong>lla</strong></span> <span class='ocrx_word' id='word_1_444' title='bbox 3236 2918 3615 2975; x_wconf 88' lang='lat' dir='ltr'><strong>Bellarminus.</strong></span> 
     </span>
    </p>
   </div>
   <div class='ocr_carea' id='block_1_62' title="bbox 2032 2986 3617 3059">
    <p class='ocr_par' dir='ltr' id='par_1_62' title="bbox 2032 2986 3617 3059">
     <span class='ocr_line' id='line_1_63' title="bbox 2032 2986 3617 3059; baseline 0.004 -19"><span class='ocrx_word' id='word_1_445' title='bbox 2032 2986 2277 3059; x_wconf 77' lang='lat' dir='ltr'><strong>Meminit</strong></span> <span class='ocrx_word' id='word_1_446' title='bbox 2305 2988 2547 3056; x_wconf 87' lang='lat' dir='ltr'><strong>ejusdem</strong></span> <span class='ocrx_word' id='word_1_447' title='bbox 2582 2986 2935 3042; x_wconf 89' lang='lat' dir='ltr'><strong>institutionis</strong></span> <span class='ocrx_word' id='word_1_448' title='bbox 2978 2996 3033 3042; x_wconf 91' lang='lat' dir='ltr'><strong>et</strong></span> <span class='ocrx_word' id='word_1_449' title='bbox 3062 2988 3296 3059; x_wconf 89' lang='lat' dir='ltr'><strong>triduani</strong></span> <span class='ocrx_word' id='word_1_450' title='bbox 3341 2990 3533 3059; x_wconf 81' lang='lat' dir='ltr'><strong>jejunii</strong></span> <span class='ocrx_word' id='word_1_451' title='bbox 3564 2993 3617 3047; x_wconf 91' lang='lat' dir='ltr'><strong>in</strong></span> 
     </span>
    </p>
   </div>
   <div class='ocr_carea' id='block_1_63' title="bbox 336 3054 3615 3132">
    <p class='ocr_par' dir='ltr' id='par_1_63' title="bbox 336 3054 3615 3132">
     <span class='ocr_line' id='line_1_64' title="bbox 336 3054 3615 3132; baseline 0 -16"><span class='ocrx_word' id='word_1_452' title='bbox 336 3062 579 3126; x_wconf 79' lang='lat' dir='ltr'><strong>Pascha,</strong></span> <span class='ocrx_word' id='word_1_453' title='bbox 639 3054 836 3132; x_wconf 81' lang='lat' dir='ltr'><strong>inquit,</strong></span> <span class='ocrx_word' id='word_1_454' title='bbox 890 3077 1047 3129; x_wconf 87' lang='lat' dir='ltr'><strong>usque</strong></span> <span class='ocrx_word' id='word_1_455' title='bbox 1111 3054 1179 3112; x_wconf 69' lang='lat' dir='ltr'><strong>ad</strong></span> <span class='ocrx_word' id='word_1_456' title='bbox 1235 3057 1607 3132; x_wconf 83' lang='lat' dir='ltr'><strong>Pentecosten,</strong></span> <span class='ocrx_word' id='word_1_457' title='bbox 1663 3054 1783 3132; x_wconf 70' lang='lat' dir='ltr'><strong>licet</strong></span> <span class='ocrx_word' id='word_1_458' title='bbox 1839 3057 2002 3132; x_wconf 84' lang='lat' dir='ltr'><strong>ob-C</strong></span> <span class='ocrx_word' id='word_1_459' title='bbox 2036 3054 2427 3132; x_wconf 72' lang='lat' dir='ltr'><strong>[legationibus</strong></span> <span class='ocrx_word' id='word_1_460' title='bbox 2450 3054 3615 3132; x_wconf 67' lang='lat' dir='ltr'><strong>D.Augus_tinusserm.i73dcTefnp0re,in</strong></span> 
     </span>
    </p>
   </div>
   <div class='ocr_carea' id='block_1_64' title="bbox 332 3128 1927 3200">
    <p class='ocr_par' dir='ltr' id='par_1_64' title="bbox 332 3128 1927 3200">
     <span class='ocr_line' id='line_1_65' title="bbox 332 3128 1927 3200; baseline -0.004 -12"><span class='ocrx_word' id='word_1_461' title='bbox 332 3135 557 3188; x_wconf 87' lang='lat' dir='ltr'><strong>servatio</strong></span> <span class='ocrx_word' id='word_1_462' title='bbox 584 3128 931 3186; x_wconf 80' lang='lat' dir='ltr'><strong>Ecclesiarum</strong></span> <span class='ocrx_word' id='word_1_463' title='bbox 949 3128 1270 3184; x_wconf 75' lang='lat' dir='ltr'><strong>abstinentia:</strong></span> <span class='ocrx_word' id='word_1_464' title='bbox 1296 3130 1518 3200; x_wconf 87' lang='lat' dir='ltr'><strong>rigorem</strong></span> <span class='ocrx_word' id='word_1_465' title='bbox 1545 3128 1776 3196; x_wconf 84' lang='lat' dir='ltr'><strong>prandiis</strong></span> <span class='ocrx_word' id='word_1_466' title='bbox 1798 3130 1927 3182; x_wconf 87' lang='lat' dir='ltr'><strong>rela-</strong></span> 
     </span>
    </p>
   </div>
   <div class='ocr_carea' id='block_1_65' title="bbox 331 3199 1926 3271">
    <p class='ocr_par' dir='ltr' id='par_1_65' title="bbox 331 3199 1926 3271">
     <span class='ocr_line' id='line_1_66' title="bbox 331 3199 1926 3271; baseline -0.004 -12"><span class='ocrx_word' id='word_1_467' title='bbox 331 3206 752 3271; x_wconf 50' lang='lat' dir='ltr'><strong>xaverithtamen</strong></span> <span class='ocrx_word' id='word_1_468' title='bbox 781 3205 825 3257; x_wconf 90' lang='lat' dir='ltr'><strong>si</strong></span> <span class='ocrx_word' id='word_1_469' title='bbox 851 3203 936 3270; x_wconf 86' lang='lat' dir='ltr'><strong>qui</strong></span> <span class='ocrx_word' id='word_1_470' title='bbox 968 3199 1441 3255; x_wconf 26' lang='lat' dir='ltr'><strong>monachorum’vel</strong></span> <span class='ocrx_word' id='word_1_471' title='bbox 1462 3199 1765 3271; x_wconf 85' lang='lat' dir='ltr'><strong>clericorum</strong></span> <span class='ocrx_word' id='word_1_472' title='bbox 1789 3201 1926 3271; x_wconf 74' lang='lat' dir='ltr'><strong>jeju-</strong></span> 
     </span>
    </p>
   </div>
   <div class='ocr_carea' id='block_1_66' title="bbox 333 3269 1927 3342">
    <p class='ocr_par' dir='ltr' id='par_1_66' title="bbox 333 3269 1927 3342">
     <span class='ocr_line' id='line_1_67' title="bbox 333 3269 1927 3342; baseline -0.004 -13"><span class='ocrx_word' id='word_1_473' title='bbox 333 3292 465 3329; x_wconf 82' lang='lat' dir='ltr'><strong>nare</strong></span> <span class='ocrx_word' id='word_1_474' title='bbox 491 3269 732 3342; x_wconf 54' lang='lat' dir='ltr'><strong>cu’unt,</strong></span> <span class='ocrx_word' id='word_1_475' title='bbox 764 3269 869 3328; x_wconf 86' lang='lat' dir='ltr'><strong>non</strong></span> <span class='ocrx_word' id='word_1_476' title='bbox 898 3282 1011 3327; x_wconf 90' lang='lat' dir='ltr'><strong>sunt</strong></span> <span class='ocrx_word' id='word_1_477' title='bbox 1052 3272 1355 3342; x_wconf 80' lang='lat' dir='ltr'><strong>prohibendi</strong></span> <span class='ocrx_word' id='word_1_478' title='bbox 1380 3285 1399 3324; x_wconf 88' lang='lat'><strong><em>:</em></strong></span> <span class='ocrx_word' id='word_1_479' title='bbox 1424 3270 1546 3338; x_wconf 86' lang='lat' dir='ltr'><strong>quia</strong></span> <span class='ocrx_word' id='word_1_480' title='bbox 1571 3269 1849 3342; x_wconf 49' lang='lat' dir='ltr'><strong>Antonius,</strong></span> <span class='ocrx_word' id='word_1_481' title='bbox 1879 3279 1927 3325; x_wconf 90' lang='lat' dir='ltr'><strong>et</strong></span> 
     </span>
    </p>
   </div>
   <div class='ocr_carea' id='block_1_67' title="bbox 333 3338 1926 3410">
    <p class='ocr_par' dir='ltr' id='par_1_67' title="bbox 333 3338 1926 3410">
     <span class='ocr_line' id='line_1_68' title="bbox 333 3338 1926 3410; baseline -0.004 -9"><span class='ocrx_word' id='word_1_482' title='bbox 333 3338 569 3410; x_wconf 62' lang='lat' dir='ltr'><strong>Paulus,</strong></span> <span class='ocrx_word' id='word_1_483' title='bbox 608 3355 655 3400; x_wconf 84' lang='lat' dir='ltr'><strong>et</strong></span> <span class='ocrx_word' id='word_1_484' title='bbox 695 3338 861 3400; x_wconf 71' lang='lat' dir='ltr'><strong>eateri</strong></span> <span class='ocrx_word' id='word_1_485' title='bbox 906 3338 1083 3397; x_wconf 83' lang='lat' dir='ltr'><strong>Patres</strong></span> <span class='ocrx_word' id='word_1_486' title='bbox 1120 3344 1337 3409; x_wconf 81' lang='lat' dir='ltr'><strong>antiqui,</strong></span> <span class='ocrx_word' id='word_1_487' title='bbox 1378 3343 1532 3395; x_wconf 89' lang='lat' dir='ltr'><strong>etiam</strong></span> <span class='ocrx_word' id='word_1_488' title='bbox 1565 3338 1646 3393; x_wconf 82' lang='lat' dir='ltr'><strong>Itis</strong></span> <span class='ocrx_word' id='word_1_489' title='bbox 1673 3341 1847 3393; x_wconf 87' lang='lat' dir='ltr'><strong>diebus</strong></span> <span class='ocrx_word' id='word_1_490' title='bbox 1873 3342 1926 3395; x_wconf 89' lang='lat' dir='ltr'><strong>in</strong></span> 
     </span>
    </p>
   </div>
   <div class='ocr_carea' id='block_1_68' title="bbox 334 3410 1924 3488">
    <p class='ocr_par' dir='ltr' id='par_1_68' title="bbox 334 3410 1924 3488">
     <span class='ocr_line' id='line_1_69' title="bbox 334 3410 1924 3488; baseline -0.005 -16"><span class='ocrx_word' id='word_1_491' title='bbox 334 3434 510 3472; x_wconf 84' lang='lat' dir='ltr'><strong>eretuo</strong></span> <span class='ocrx_word' id='word_1_492' title='bbox 528 3419 767 3488; x_wconf 87' lang='lat' dir='ltr'><strong>leguntur</strong></span> <span class='ocrx_word' id='word_1_493' title='bbox 788 3415 1113 3481; x_wconf 87' lang='lat' dir='ltr'><strong>abstinuisse,</strong></span> <span class='ocrx_word' id='word_1_494' title='bbox 1134 3414 1523 3488; x_wconf 58' lang='lat' dir='ltr'><strong>n_eque_solvisse</strong></span> <span class='ocrx_word' id='word_1_495' title='bbox 1541 3410 1924 3488; x_wconf 76' lang='lat' dir='ltr'><strong>abstinentiam,</strong></span> 
     </span>
    </p>
   </div>
   <div class='ocr_carea' id='block_1_69' title="bbox 336 3481 1925 3543">
    <p class='ocr_par' dir='ltr' id='par_1_69' title="bbox 336 3481 1925 3543">
     <span class='ocr_line' id='line_1_70' title="bbox 336 3481 1925 3543; baseline -0.004 0"><span class='ocrx_word' id='word_1_496' title='bbox 336 3491 442 3543; x_wconf 86' lang='lat' dir='ltr'><strong>nisi</strong></span> <span class='ocrx_word' id='word_1_497' title='bbox 476 3481 679 3543; x_wconf 59' lang='lat' dir='ltr'><strong>tant&#39;um</strong></span> <span class='ocrx_word' id='word_1_498' title='bbox 714 3488 797 3541; x_wconf 85' lang='lat' dir='ltr'><strong>die</strong></span> <span class='ocrx_word' id='word_1_499' title='bbox 821 3488 1100 3540; x_wconf 89' lang='lat' dir='ltr'><strong>dominico.</strong></span> <span class='ocrx_word' id='word_1_500' title='bbox 1134 3481 1260 3539; x_wconf 66' lang='lat' dir='ltr'><strong>Hcce</strong></span> <span class='ocrx_word' id='word_1_501' title='bbox 1300 3485 1409 3539; x_wconf 92' lang='lat' dir='ltr'><strong>ille.</strong></span> <span class='ocrx_word' id='word_1_502' title='bbox 1441 3481 1637 3537; x_wconf 80' lang='lat' dir='ltr'><strong>Verum</strong></span> <span class='ocrx_word' id='word_1_503' title='bbox 1666 3481 1925 3537; x_wconf 87' lang='lat' dir='ltr'><strong>adversus</strong></span> 
     </span>
    </p>
   </div>
   <div class='ocr_carea' id='block_1_70' title="bbox 336 3554 1925 3630">
    <p class='ocr_par' dir='ltr' id='par_1_70' title="bbox 336 3554 1925 3630">
     <span class='ocr_line' id='line_1_71' title="bbox 336 3554 1925 3630; baseline -0.003 -16"><span class='ocrx_word' id='word_1_504' title='bbox 336 3561 625 3630; x_wconf 69' lang='lat' dir='ltr'><strong>prmmissa</strong></span> <span class='ocrx_word' id='word_1_505' title='bbox 647 3559 863 3629; x_wconf 83' lang='lat' dir='ltr'><strong>objiciet</strong></span> <span class='ocrx_word' id='word_1_506' title='bbox 886 3558 1115 3630; x_wconf 75' lang='lat' dir='ltr'><strong>fortasse</strong></span> <span class='ocrx_word' id='word_1_507' title='bbox 1142 3556 1408 3630; x_wconf 67' lang='lat' dir='ltr'><strong>quispiam</strong></span> <span class='ocrx_word' id='word_1_508' title='bbox 1436 3572 1447 3606; x_wconf 94' lang='lat'>:</span> <span class='ocrx_word' id='word_1_509' title='bbox 1479 3554 1629 3630; x_wconf 71' lang='lat' dir='ltr'><strong>Siex</strong></span> <span class='ocrx_word' id='word_1_510' title='bbox 1655 3555 1925 3630; x_wconf 76' lang='lat' dir='ltr'><strong>sententia</strong></span> 
     </span>
    </p>
   </div>
   <div class='ocr_carea' id='block_1_71' title="bbox 336 3624 1924 3699">
    <p class='ocr_par' dir='ltr' id='par_1_71' title="bbox 336 3624 1924 3699">
     <span class='ocr_line' id='line_1_72' title="bbox 336 3624 1924 3699; baseline -0.004 -13"><span class='ocrx_word' id='word_1_511' title='bbox 476 3631 690 3685; x_wconf 85' lang='lat' dir='ltr'><strong>Patrum</strong></span> <span class='ocrx_word' id='word_1_512' title='bbox 716 3624 966 3699; x_wconf 77' lang='lat' dir='ltr'><strong>tempore</strong></span> <span class='ocrx_word' id='word_1_513' title='bbox 995 3624 1501 3699; x_wconf 68' lang='lat' dir='ltr'><strong>Quinquagesimm,</strong></span> <span class='ocrx_word' id='word_1_514' title='bbox 1522 3624 1591 3699; x_wconf 23' lang='lat' dir='ltr'><strong>Aid</strong></span> <span class='ocrx_word' id='word_1_515' title='bbox 1612 3633 1742 3699; x_wconf 71' lang='lat' dir='ltr'><strong>est,</strong></span> <span class='ocrx_word' id='word_1_516' title='bbox 1781 3639 1809 3677; x_wconf 89' lang='lat' dir='ltr'><strong>a</strong></span> <span class='ocrx_word' id='word_1_517' title='bbox 1837 3624 1924 3679; x_wconf 90' lang='lat' dir='ltr'><strong>die</strong></span> 
     </span>
    </p>
   </div>
   <div class='ocr_carea' id='block_1_72' title="bbox 341 3696 1924 3769">
    <p class='ocr_par' dir='ltr' id='par_1_72' title="bbox 341 3696 1924 3769">
     <span class='ocr_line' id='line_1_73' title="bbox 341 3696 1924 3769; baseline -0.004 -13"><span class='ocrx_word' id='word_1_518' title='bbox 341 3702 621 3757; x_wconf 78' lang='lat' dir='ltr'><strong>Paschatis</strong></span> <span class='ocrx_word' id='word_1_519' title='bbox 669 3696 932 3769; x_wconf 83' lang='lat' dir='ltr'><strong>usquead</strong></span> <span class='ocrx_word' id='word_1_520' title='bbox 967 3699 1107 3753; x_wconf 90' lang='lat' dir='ltr'><strong>diem</strong></span> <span class='ocrx_word' id='word_1_521' title='bbox 1139 3698 1491 3753; x_wconf 91' lang='lat' dir='ltr'><strong>Pentecostes</strong></span> <span class='ocrx_word' id='word_1_522' title='bbox 1521 3696 1806 3769; x_wconf 81' lang='lat' dir='ltr'><strong>inclusive,</strong></span> <span class='ocrx_word' id='word_1_523' title='bbox 1841 3711 1924 3750; x_wconf 87' lang='lat' dir='ltr'><strong>re-</strong></span> 
     </span>
    </p>
   </div>
   <div class='ocr_carea' id='block_1_73' title="bbox 340 3766 1927 3838">
    <p class='ocr_par' dir='ltr' id='par_1_73' title="bbox 340 3766 1927 3838">
     <span class='ocr_line' id='line_1_74' title="bbox 340 3766 1927 3838; baseline -0.004 -11"><span class='ocrx_word' id='word_1_524' title='bbox 340 3772 572 3827; x_wconf 87' lang='lat' dir='ltr'><strong>mittitur</strong></span> <span class='ocrx_word' id='word_1_525' title='bbox 596 3766 1452 3838; x_wconf 84' lang='lat' dir='ltr'><strong>etintermittiturjejunium.cur</strong></span> <span class='ocrx_word' id='word_1_526' title='bbox 1489 3782 1622 3837; x_wconf 89' lang='lat' dir='ltr'><strong>ergo</strong></span> <span class='ocrx_word' id='word_1_527' title='bbox 1649 3766 1927 3835; x_wconf 88' lang='lat' dir='ltr'><strong>jejunatur</strong></span> 
     </span>
    </p>
   </div>
   <div class='ocr_carea' id='block_1_74' title="bbox 338 3839 1923 3913">
    <p class='ocr_par' dir='ltr' id='par_1_74' title="bbox 338 3839 1923 3913">
     <span class='ocr_line' id='line_1_75' title="bbox 338 3839 1923 3913; baseline -0.003 -17"><span class='ocrx_word' id='word_1_528' title='bbox 338 3844 394 3897; x_wconf 92' lang='lat' dir='ltr'><strong>in</strong></span> <span class='ocrx_word' id='word_1_529' title='bbox 421 3845 601 3913; x_wconf 81' lang='lat' dir='ltr'><strong>vigilia</strong></span> <span class='ocrx_word' id='word_1_530' title='bbox 630 3844 1000 3907; x_wconf 81' lang='lat' dir='ltr'><strong>Peutecostes,</strong></span> <span class='ocrx_word' id='word_1_531' title='bbox 1034 3851 1088 3895; x_wconf 92' lang='lat' dir='ltr'><strong>et</strong></span> <span class='ocrx_word' id='word_1_532' title='bbox 1114 3841 1383 3913; x_wconf 15' lang='lat' dir='ltr'><strong>inkdiehus</strong></span> <span class='ocrx_word' id='word_1_533' title='bbox 1403 3839 1774 3913; x_wconf 66' lang='lat' dir='ltr'><strong>Rogationurn</strong></span> <span class='ocrx_word' id='word_1_534' title='bbox 1798 3849 1923 3913; x_wconf 83' lang='lat' dir='ltr'><strong>ante</strong></span> 
     </span>
    </p>
   </div>
   <div class='ocr_carea' id='block_1_75' title="bbox 338 3910 1920 3982">
    <p class='ocr_par' dir='ltr' id='par_1_75' title="bbox 338 3910 1920 3982">
     <span class='ocr_line' id='line_1_76' title="bbox 338 3910 1920 3982; baseline -0.004 -13"><span class='ocrx_word' id='word_1_535' title='bbox 338 3910 735 3970; x_wconf 74' lang='lat' dir='ltr'><strong>Ascehsionem</strong></span> <span class='ocrx_word' id='word_1_536' title='bbox 765 3914 1135 3968; x_wconf 84' lang='lat' dir='ltr'><strong>Dominicam?</strong></span> <span class='ocrx_word' id='word_1_537' title='bbox 1166 3911 1488 3982; x_wconf 83' lang='lat' dir='ltr'><strong>Respondeo</strong></span> <span class='ocrx_word' id='word_1_538' title='bbox 1520 3929 1533 3963; x_wconf 91' lang='lat'><strong><em>:</em></strong></span> <span class='ocrx_word' id='word_1_539' title='bbox 1564 3910 1837 3982; x_wconf 83' lang='lat' dir='ltr'><strong>Jejunium</strong></span> <span class='ocrx_word' id='word_1_540' title='bbox 1863 3910 1920 3982; x_wconf 89' lang='lat' dir='ltr'><strong>in</strong></span> 
     </span>
    </p>
   </div>
   <div class='ocr_carea' id='block_1_76' title="bbox 336 3980 1923 4056">
    <p class='ocr_par' dir='ltr' id='par_1_76' title="bbox 336 3980 1923 4056">
     <span class='ocr_line' id='line_1_77' title="bbox 336 3980 1923 4056; baseline -0.004 -17"><span class='ocrx_word' id='word_1_541' title='bbox 336 3987 523 4056; x_wconf 86' lang='lat' dir='ltr'><strong>vigilia</strong></span> <span class='ocrx_word' id='word_1_542' title='bbox 567 3986 914 4041; x_wconf 87' lang='lat' dir='ltr'><strong>Pentecostes</strong></span> <span class='ocrx_word' id='word_1_543' title='bbox 955 3998 1059 4038; x_wconf 91' lang='lat' dir='ltr'><strong>non</strong></span> <span class='ocrx_word' id='word_1_544' title='bbox 1089 3996 1227 4056; x_wconf 84' lang='lat' dir='ltr'><strong>esse</strong></span> <span class='ocrx_word' id='word_1_545' title='bbox 1266 3980 1353 4056; x_wconf 58' lang='lat' dir='ltr'><strong>es</strong></span> <span class='ocrx_word' id='word_1_546' title='bbox 1380 3982 1631 4051; x_wconf 63' lang='lat' dir='ltr'><strong>primaeva</strong></span> <span class='ocrx_word' id='word_1_547' title='bbox 1666 3980 1923 4056; x_wconf 55' lang='lat' dir='ltr'><strong>Ecclesia:</strong></span> 
     </span>
    </p>
   </div>
   <div class='ocr_carea' id='block_1_77' title="bbox 336 4052 1921 4125">
    <p class='ocr_par' dir='ltr' id='par_1_77' title="bbox 336 4052 1921 4125">
     <span class='ocr_line' id='line_1_78' title="bbox 336 4052 1921 4125; baseline -0.004 -13"><span class='ocrx_word' id='word_1_548' title='bbox 336 4052 709 4118; x_wconf 75' lang='lat' dir='ltr'><strong>institutione,</strong></span> <span class='ocrx_word' id='word_1_549' title='bbox 760 4056 843 4110; x_wconf 85' lang='lat' dir='ltr'><strong>vel</strong></span> <span class='ocrx_word' id='word_1_550' title='bbox 892 4055 1189 4125; x_wconf 84' lang='lat' dir='ltr'><strong>apostolica</strong></span> <span class='ocrx_word' id='word_1_551' title='bbox 1241 4054 1673 4125; x_wconf 12' lang='lat' dir='ltr'><strong>traditione,i_ut</strong></span> <span class='ocrx_word' id='word_1_552' title='bbox 1719 4052 1921 4125; x_wconf 81' lang='lat' dir='ltr'><strong>jejuuia</strong></span> 
     </span>
    </p>
   </div>
   <div class='ocr_carea' id='block_1_78' title="bbox 333 4123 1918 4197">
    <p class='ocr_par' dir='ltr' id='par_1_78' title="bbox 333 4123 1918 4197">
     <span class='ocr_line' id='line_1_79' title="bbox 333 4123 1918 4197; baseline -0.003 -17"><span class='ocrx_word' id='word_1_553' title='bbox 333 4139 571 4197; x_wconf 81' lang='lat' dir='ltr'><strong>quatunr</strong></span> <span class='ocrx_word' id='word_1_554' title='bbox 600 4123 942 4195; x_wconf 56' lang='lat' dir='ltr'><strong>temporum,</strong></span> <span class='ocrx_word' id='word_1_555' title='bbox 957 4126 1051 4180; x_wconf 87' lang='lat' dir='ltr'><strong>sed</strong></span> <span class='ocrx_word' id='word_1_556' title='bbox 1086 4140 1151 4181; x_wconf 82' lang='lat' dir='ltr'><strong>ex</strong></span> <span class='ocrx_word' id='word_1_557' title='bbox 1180 4125 1264 4197; x_wconf 84' lang='lat' dir='ltr'><strong>pia</strong></span> <span class='ocrx_word' id='word_1_558' title='bbox 1295 4123 1708 4188; x_wconf 91' lang='lat' dir='ltr'><strong>consuetudine,</strong></span> <span class='ocrx_word' id='word_1_559' title='bbox 1732 4133 1795 4197; x_wconf 85' lang='lat' dir='ltr'><strong>et</strong></span> <span class='ocrx_word' id='word_1_560' title='bbox 1823 4123 1918 4197; x_wconf 90' lang='lat' dir='ltr'><strong>de_-</strong></span> 
     </span>
    </p>
   </div>
   <div class='ocr_carea' id='block_1_79' title="bbox 334 4193 1921 4265">
    <p class='ocr_par' dir='ltr' id='par_1_79' title="bbox 334 4193 1921 4265">
     <span class='ocr_line' id='line_1_80' title="bbox 334 4193 1921 4265; baseline -0.003 -13"><span class='ocrx_word' id='word_1_561' title='bbox 334 4193 557 4253; x_wconf 75' lang='lat' dir='ltr'><strong>v0tione</strong></span> <span class='ocrx_word' id='word_1_562' title='bbox 589 4193 851 4259; x_wconf 80' lang='lat' dir='ltr'><strong>fidelium,</strong></span> <span class='ocrx_word' id='word_1_563' title='bbox 874 4212 937 4251; x_wconf 90' lang='lat' dir='ltr'><strong>ac</strong></span> <span class='ocrx_word' id='word_1_564' title='bbox 964 4193 1272 4252; x_wconf 86' lang='lat' dir='ltr'><strong>reverentia</strong></span> <span class='ocrx_word' id='word_1_565' title='bbox 1293 4210 1419 4265; x_wconf 86' lang='lat' dir='ltr'><strong>erga</strong></span> <span class='ocrx_word' id='word_1_566' title='bbox 1448 4203 1649 4249; x_wconf 86' lang='lat' dir='ltr'><strong>tantam</strong></span> <span class='ocrx_word' id='word_1_567' title='bbox 1666 4193 1921 4247; x_wconf 86' lang='lat' dir='ltr'><strong>solemni-</strong></span> 
     </span>
    </p>
   </div>
   <div class='ocr_carea' id='block_1_80' title="bbox 335 4265 1921 4336">
    <p class='ocr_par' dir='ltr' id='par_1_80' title="bbox 335 4265 1921 4336">
     <span class='ocr_line' id='line_1_81' title="bbox 335 4265 1921 4336; baseline -0.003 -13"><span class='ocrx_word' id='word_1_568' title='bbox 335 4278 502 4325; x_wconf 89' lang='lat' dir='ltr'><strong>tatem</strong></span> <span class='ocrx_word' id='word_1_569' title='bbox 535 4271 804 4323; x_wconf 76' lang='lat' dir='ltr'><strong>adventus</strong></span> <span class='ocrx_word' id='word_1_570' title='bbox 835 4268 1067 4336; x_wconf 87' lang='lat' dir='ltr'><strong>Spiritus</strong></span> <span class='ocrx_word' id='word_1_571' title='bbox 1092 4268 1266 4322; x_wconf 88' lang='lat' dir='ltr'><strong>sancti</strong></span> <span class='ocrx_word' id='word_1_572' title='bbox 1295 4265 1683 4335; x_wconf 88' lang='lat' dir='ltr'><strong>posterioribus</strong></span> <span class='ocrx_word' id='word_1_573' title='bbox 1708 4266 1921 4319; x_wconf 69' lang='lat' dir='ltr'><strong>saeculis</strong></span> 
     </span>
    </p>
   </div>
   <div class='ocr_carea' id='block_1_81' title="bbox 334 4336 1923 4412">
    <p class='ocr_par' dir='ltr' id='par_1_81' title="bbox 334 4336 1923 4412">
     <span class='ocr_line' id='line_1_82' title="bbox 334 4336 1923 4412; baseline -0.004 -17"><span class='ocrx_word' id='word_1_574' title='bbox 334 4341 706 4395; x_wconf 90' lang='lat' dir='ltr'><strong>introductum</strong></span> <span class='ocrx_word' id='word_1_575' title='bbox 751 4340 770 4412; x_wconf 91' lang='lat'><strong>(</strong></span> <span class='ocrx_word' id='word_1_576' title='bbox 789 4354 912 4394; x_wconf 84' lang='lat' dir='ltr'><strong>nam</strong></span> <span class='ocrx_word' id='word_1_577' title='bbox 947 4339 1134 4412; x_wconf 86' lang='lat' dir='ltr'><strong>Patres</strong></span> <span class='ocrx_word' id='word_1_578' title='bbox 1159 4347 1475 4412; x_wconf 75' lang='lat' dir='ltr'><strong>constanter</strong></span> <span class='ocrx_word' id='word_1_579' title='bbox 1502 4336 1773 4412; x_wconf 65' lang='lat' dir='ltr'><strong>aliirmant</strong></span> <span class='ocrx_word' id='word_1_580' title='bbox 1805 4336 1923 4389; x_wconf 92' lang='lat' dir='ltr'><strong>nul-</strong></span> 
     </span>
    </p>
   </div>
   <div class='ocr_carea' id='block_1_82' title="bbox 334 4408 2002 4501">
    <p class='ocr_par' dir='ltr' id='par_1_82' title="bbox 334 4408 2002 4501">
     <span class='ocr_line' id='line_1_83' title="bbox 334 4408 2002 4501; baseline -0.002 -36"><span class='ocrx_word' id='word_1_581' title='bbox 334 4415 445 4495; x_wconf 76' lang='lat' dir='ltr'><strong>lum</strong></span> <span class='ocrx_word' id='word_1_582' title='bbox 497 4426 619 4501; x_wconf 75' lang='lat' dir='ltr'><strong>esse</strong></span> <span class='ocrx_word' id='word_1_583' title='bbox 668 4408 948 4501; x_wconf 51' lang='lat' dir='ltr'><strong>‘jej&#39;unium</strong></span> <span class='ocrx_word' id='word_1_584' title='bbox 1006 4411 1145 4501; x_wconf 68' lang='lat' dir='ltr'><strong>inter</strong></span> <span class='ocrx_word' id='word_1_585' title='bbox 1194 4408 1396 4501; x_wconf 67' lang='lat' dir='ltr'><strong>Pascha</strong></span> <span class='ocrx_word' id='word_1_586' title='bbox 1451 4408 1918 4501; x_wconf 42' lang='lat' dir='ltr'><strong>et.Pe;t.tecosten</strong></span> <span class='ocrx_word' id='word_1_587' title='bbox 1946 4440 2002 4501; x_wconf 67' lang='grc' dir='ltr'><strong><em>Β</em></strong></span> 
     </span>
    </p>
   </div>
   <div class='ocr_carea' id='block_1_83' title="bbox 334 4476 1916 4551">
    <p class='ocr_par' dir='ltr' id='par_1_83' title="bbox 334 4476 1916 4551">
     <span class='ocr_line' id='line_1_84' title="bbox 334 4476 1916 4551; baseline -0.004 -13"><span class='ocrx_word' id='word_1_588' title='bbox 334 4476 709 4551; x_wconf 70' lang='lat' dir='ltr'><strong>imperatum),</strong></span> <span class='ocrx_word' id='word_1_589' title='bbox 732 4476 829 4536; x_wconf 80' lang='lat' dir='ltr'><strong>nec</strong></span> <span class='ocrx_word' id='word_1_590' title='bbox 852 4492 959 4536; x_wconf 92' lang='lat' dir='ltr'><strong>tam</strong></span> <span class='ocrx_word' id='word_1_591' title='bbox 988 4480 1053 4534; x_wconf 87' lang='lat' dir='ltr'><strong>ad</strong></span> <span class='ocrx_word' id='word_1_592' title='bbox 1089 4481 1458 4551; x_wconf 68' lang='lat' dir='ltr'><strong>paenitentiam</strong></span> <span class='ocrx_word' id='word_1_593' title='bbox 1490 4488 1542 4533; x_wconf 90' lang='lat' dir='ltr'><strong>et</strong></span> <span class='ocrx_word' id='word_1_594' title='bbox 1570 4476 1916 4551; x_wconf 81' lang='lat' dir='ltr'><strong>afﬂictionem</strong></span> 
     </span>
    </p>
   </div>
   <div class='ocr_carea' id='block_1_84' title="bbox 335 4548 1915 4621">
    <p class='ocr_par' dir='ltr' id='par_1_84' title="bbox 335 4548 1915 4621">
     <span class='ocr_line' id='line_1_85' title="bbox 335 4548 1915 4621; baseline -0.004 -13"><span class='ocrx_word' id='word_1_595' title='bbox 335 4548 590 4621; x_wconf 79' lang='lat' dir='ltr'><strong>corporis</strong></span> <span class='ocrx_word' id='word_1_596' title='bbox 625 4548 785 4621; x_wconf 89' lang='lat' dir='ltr'><strong>quam</strong></span> <span class='ocrx_word' id='word_1_597' title='bbox 824 4552 887 4606; x_wconf 89' lang='lat' dir='ltr'><strong>ad</strong></span> <span class='ocrx_word' id='word_1_598' title='bbox 920 4550 1264 4606; x_wconf 81' lang='lat' dir='ltr'><strong>devotinnem</strong></span> <span class='ocrx_word' id='word_1_599' title='bbox 1296 4560 1349 4605; x_wconf 92' lang='lat' dir='ltr'><strong>et</strong></span> <span class='ocrx_word' id='word_1_600' title='bbox 1376 4548 1618 4621; x_wconf 86' lang='lat' dir='ltr'><strong>spiritale</strong></span> <span class='ocrx_word' id='word_1_601' title='bbox 1662 4550 1915 4621; x_wconf 83' lang='lat' dir='ltr'><strong>gaudium</strong></span> 
     </span>
    </p>
   </div>
   <div class='ocr_carea' id='block_1_85' title="bbox 336 4618 1916 4689">
    <p class='ocr_par' dir='ltr' id='par_1_85' title="bbox 336 4618 1916 4689">
     <span class='ocr_line' id='line_1_86' title="bbox 336 4618 1916 4689; baseline -0.004 -10"><span class='ocrx_word' id='word_1_602' title='bbox 336 4618 715 4689; x_wconf 80' lang='lat' dir='ltr'><strong>excitandum,</strong></span> <span class='ocrx_word' id='word_1_603' title='bbox 740 4626 792 4677; x_wconf 89' lang='lat' dir='ltr'><strong>in</strong></span> <span class='ocrx_word' id='word_1_604' title='bbox 813 4624 1051 4677; x_wconf 83' lang='lat' dir='ltr'><strong>Ecclesia</strong></span> <span class='ocrx_word' id='word_1_605' title='bbox 1073 4623 1372 4678; x_wconf 74' lang='lat' dir='ltr'><strong>observari.</strong></span> <span class='ocrx_word' id='word_1_606' title='bbox 1404 4620 1554 4677; x_wconf 86' lang='lat' dir='ltr'><strong>Unde</strong></span> <span class='ocrx_word' id='word_1_607' title='bbox 1578 4628 1632 4675; x_wconf 93' lang='lat' dir='ltr'><strong>et</strong></span> <span class='ocrx_word' id='word_1_608' title='bbox 1652 4618 1916 4688; x_wconf 87' lang='lat' dir='ltr'><strong>jejunium</strong></span> 
     </span>
    </p>
   </div>
   <div class='ocr_carea' id='block_1_86' title="bbox 336 4690 1914 4763">
    <p class='ocr_par' dir='ltr' id='par_1_86' title="bbox 336 4690 1914 4763">
     <span class='ocr_line' id='line_1_87' title="bbox 336 4690 1914 4763; baseline -0.005 -12"><span class='ocrx_word' id='word_1_609' title='bbox 336 4695 722 4751; x_wconf 88' lang='lat' dir='ltr'><strong>exsultatiouis</strong></span> <span class='ocrx_word' id='word_1_610' title='bbox 752 4704 806 4749; x_wconf 92' lang='lat' dir='ltr'><strong>et</strong></span> <span class='ocrx_word' id='word_1_611' title='bbox 834 4694 1033 4748; x_wconf 73' lang='lat' dir='ltr'><strong>lzetitize</strong></span> <span class='ocrx_word' id='word_1_612' title='bbox 1063 4694 1363 4763; x_wconf 86' lang='lat' dir='ltr'><strong>appellatur</strong></span> <span class='ocrx_word' id='word_1_613' title='bbox 1388 4691 1474 4762; x_wconf 93' lang='lat' dir='ltr'><strong>(S.</strong></span> <span class='ocrx_word' id='word_1_614' title='bbox 1505 4690 1692 4763; x_wconf 78' lang='lat' dir='ltr'><strong>Thom.</strong></span> <span class='ocrx_word' id='word_1_615' title='bbox 1714 4691 1830 4763; x_wconf 58' lang='lat'><strong>2-2,</strong></span> <span class='ocrx_word' id='word_1_616' title='bbox 1863 4708 1914 4761; x_wconf 87' lang='lat' dir='ltr'><strong>q.</strong></span> 
     </span>
    </p>
   </div>
   <div class='ocr_carea' id='block_1_87' title="bbox 338 4762 1920 4837">
    <p class='ocr_par' dir='ltr' id='par_1_87' title="bbox 338 4762 1920 4837">
     <span class='ocr_line' id='line_1_88' title="bbox 338 4762 1920 4837; baseline -0.001 -18"><span class='ocrx_word' id='word_1_617' title='bbox 338 4766 462 4829; x_wconf 76' lang='lat' dir='ltr'><strong>M7,</strong></span> <span class='ocrx_word' id='word_1_618' title='bbox 489 4784 540 4819; x_wconf 89' lang='lat' dir='ltr'><strong>a.</strong></span> <span class='ocrx_word' id='word_1_619' title='bbox 568 4767 629 4829; x_wconf 86' lang='lat'><strong>5;</strong></span> <span class='ocrx_word' id='word_1_620' title='bbox 661 4764 866 4818; x_wconf 89' lang='lat' dir='ltr'><strong>Duran.</strong></span> <span class='ocrx_word' id='word_1_621' title='bbox 889 4766 940 4818; x_wconf 91' lang='lat' dir='ltr'><strong>in</strong></span> <span class='ocrx_word' id='word_1_622' title='bbox 964 4762 1143 4837; x_wconf 75' lang='lat' dir='ltr'><strong>Ratio.</strong></span> <span class='ocrx_word' id='word_1_623' title='bbox 1165 4766 1254 4818; x_wconf 88' lang='lat' dir='ltr'><strong>lib.</strong></span> <span class='ocrx_word' id='word_1_624' title='bbox 1277 4781 1329 4817; x_wconf 82' lang='lat' dir='ltr'><strong>vt</strong></span> <span class='ocrx_word' id='word_1_625' title='bbox 1348 4806 1361 4828; x_wconf 91' lang='lat'><strong>,</strong></span> <span class='ocrx_word' id='word_1_626' title='bbox 1382 4782 1493 4837; x_wconf 90' lang='lat' dir='ltr'><strong>cap.</strong></span> <span class='ocrx_word' id='word_1_627' title='bbox 1522 4762 1669 4837; x_wconf 68' lang='grc'><strong>106).</strong></span> <span class='ocrx_word' id='word_1_628' title='bbox 1696 4762 1920 4837; x_wconf 77' lang='lat' dir='ltr'><strong>Constat</strong></span> 
     </span>
    </p>
   </div>
   <div class='ocr_carea' id='block_1_88' title="bbox 337 4832 1914 4904">
    <p class='ocr_par' dir='ltr' id='par_1_88' title="bbox 337 4832 1914 4904">
     <span class='ocr_line' id='line_1_89' title="bbox 337 4832 1914 4904; baseline -0.003 -14"><span class='ocrx_word' id='word_1_629' title='bbox 337 4846 522 4891; x_wconf 86' lang='lat' dir='ltr'><strong>tamen</strong></span> <span class='ocrx_word' id='word_1_630' title='bbox 562 4838 699 4890; x_wconf 88' lang='lat' dir='ltr'><strong>hanc</strong></span> <span class='ocrx_word' id='word_1_631' title='bbox 728 4836 1176 4891; x_wconf 88' lang='lat' dir='ltr'><strong>consuetudinem</strong></span> <span class='ocrx_word' id='word_1_632' title='bbox 1205 4851 1325 4890; x_wconf 69' lang='lat' dir='ltr'><strong>esse</strong></span> <span class='ocrx_word' id='word_1_633' title='bbox 1356 4832 1753 4904; x_wconf 80' lang='lat' dir='ltr'><strong>perantiquam.</strong></span> <span class='ocrx_word' id='word_1_634' title='bbox 1784 4832 1914 4887; x_wconf 89' lang='lat' dir='ltr'><strong>Nam</strong></span> 
     </span>
    </p>
   </div>
   <div class='ocr_carea' id='block_1_89' title="bbox 335 4904 1917 4977">
    <p class='ocr_par' dir='ltr' id='par_1_89' title="bbox 335 4904 1917 4977">
     <span class='ocr_line' id='line_1_90' title="bbox 335 4904 1917 4977; baseline -0.002 -15"><span class='ocrx_word' id='word_1_635' title='bbox 335 4907 459 4976; x_wconf 89' lang='lat' dir='ltr'><strong>ejus</strong></span> <span class='ocrx_word' id='word_1_636' title='bbox 483 4906 675 4977; x_wconf 90' lang='lat' dir='ltr'><strong>jejunii</strong></span> <span class='ocrx_word' id='word_1_637' title='bbox 705 4907 949 4962; x_wconf 90' lang='lat' dir='ltr'><strong>meminit</strong></span> <span class='ocrx_word' id='word_1_638' title='bbox 982 4907 1129 4961; x_wconf 84' lang='lat' dir='ltr'><strong>Ordo</strong></span> <span class='ocrx_word' id='word_1_639' title='bbox 1159 4907 1454 4977; x_wconf 81' lang='lat' dir='ltr'><strong>Romanus,</strong></span> <span class='ocrx_word' id='word_1_640' title='bbox 1480 4905 1571 4977; x_wconf 85' lang='lat' dir='ltr'><strong>qui</strong></span> <span class='ocrx_word' id='word_1_641' title='bbox 1599 4904 1665 4977; x_wconf 76' lang='lat' dir='ltr'><strong>ab</strong></span> <span class='ocrx_word' id='word_1_642' title='bbox 1690 4904 1917 4977; x_wconf 76' lang='lat' dir='ltr'><strong>Alcuino</strong></span> 
     </span>
    </p>
   </div>
   <div class='ocr_carea' id='block_1_90' title="bbox 336 4974 1923 5047">
    <p class='ocr_par' dir='ltr' id='par_1_90' title="bbox 336 4974 1923 5047">
     <span class='ocr_line' id='line_1_91' title="bbox 336 4974 1923 5047; baseline -0.003 -14"><span class='ocrx_word' id='word_1_643' title='bbox 336 4974 389 5033; x_wconf 85' lang='lat' dir='ltr'><strong>et</strong></span> <span class='ocrx_word' id='word_1_644' title='bbox 435 4974 713 5034; x_wconf 79' lang='lat' dir='ltr'><strong>Amalario</strong></span> <span class='ocrx_word' id='word_1_645' title='bbox 760 4979 957 5047; x_wconf 77' lang='lat' dir='ltr'><strong>passim</strong></span> <span class='ocrx_word' id='word_1_646' title='bbox 1000 4979 1193 5032; x_wconf 90' lang='lat' dir='ltr'><strong>citatur</strong></span> <span class='ocrx_word' id='word_1_647' title='bbox 1234 4976 1318 5029; x_wconf 88' lang='lat' dir='ltr'><strong>his</strong></span> <span class='ocrx_word' id='word_1_648' title='bbox 1358 4976 1539 5031; x_wconf 77' lang='lat' dir='ltr'><strong>verbis</strong></span> <span class='ocrx_word' id='word_1_649' title='bbox 1572 4994 1583 5027; x_wconf 89' lang='lat'>:</span> <span class='ocrx_word' id='word_1_650' title='bbox 1620 4974 1842 5047; x_wconf 71' lang='lat' dir='ltr'><strong>Sabbato</strong></span> <span class='ocrx_word' id='word_1_651' title='bbox 1868 4977 1923 5047; x_wconf 81' lang='lat' dir='ltr'><strong>in</strong></span> 
     </span>
    </p>
   </div>
   <div class='ocr_carea' id='block_1_91' title="bbox 335 5045 1921 5119">
    <p class='ocr_par' dir='ltr' id='par_1_91' title="bbox 335 5045 1921 5119">
     <span class='ocr_line' id='line_1_92' title="bbox 335 5045 1921 5119; baseline -0.001 -18"><span class='ocrx_word' id='word_1_652' title='bbox 335 5050 525 5119; x_wconf 81' lang='lat' dir='ltr'><strong>uigiliis</strong></span> <span class='ocrx_word' id='word_1_653' title='bbox 580 5045 900 5103; x_wconf 75' lang='lat' dir='ltr'><strong>Pentecostes</strong></span> <span class='ocrx_word' id='word_1_654' title='bbox 963 5065 1134 5103; x_wconf 89' lang='lat' dir='ltr'><strong>omnes</strong></span> <span class='ocrx_word' id='word_1_655' title='bbox 1183 5048 1461 5119; x_wconf 71' lang='lat' dir='ltr'><strong>jejunium</strong></span> <span class='ocrx_word' id='word_1_656' title='bbox 1497 5047 1712 5119; x_wconf 75' lang='lat' dir='ltr'><strong>faciunt.</strong></span> <span class='ocrx_word' id='word_1_657' title='bbox 1768 5045 1921 5100; x_wconf 87' lang='lat' dir='ltr'><strong>Unde</strong></span> 
     </span>
    </p>
   </div>
   <div class='ocr_carea' id='block_1_92' title="bbox 336 5116 1918 5190">
    <p class='ocr_par' dir='ltr' id='par_1_92' title="bbox 336 5116 1918 5190">
     <span class='ocr_line' id='line_1_93' title="bbox 336 5116 1918 5190; baseline -0.003 -16"><span class='ocrx_word' id='word_1_658' title='bbox 336 5116 610 5190; x_wconf 77' lang='lat' dir='ltr'><strong>colligitur</strong></span> <span class='ocrx_word' id='word_1_659' title='bbox 636 5120 774 5190; x_wconf 87' lang='lat' dir='ltr'><strong>hanc</strong></span> <span class='ocrx_word' id='word_1_660' title='bbox 803 5135 924 5175; x_wconf 89' lang='lat' dir='ltr'><strong>esse</strong></span> <span class='ocrx_word' id='word_1_661' title='bbox 951 5116 1396 5175; x_wconf 85' lang='lat' dir='ltr'><strong>consuetudinem</strong></span> <span class='ocrx_word' id='word_1_662' title='bbox 1427 5116 1681 5171; x_wconf 66' lang='lat' dir='ltr'><strong>Ecclesia:</strong></span> <span class='ocrx_word' id='word_1_663' title='bbox 1705 5119 1918 5190; x_wconf 84' lang='lat' dir='ltr'><strong>univer-</strong></span> 
     </span>
    </p>
   </div>
   <div class='ocr_carea' id='block_1_93' title="bbox 335 5188 1917 5262">
    <p class='ocr_par' dir='ltr' id='par_1_93' title="bbox 335 5188 1917 5262">
     <span class='ocr_line' id='line_1_94' title="bbox 335 5188 1917 5262; baseline -0.003 -16"><span class='ocrx_word' id='word_1_664' title='bbox 335 5188 489 5257; x_wconf 64' lang='lat' dir='ltr'><strong>Salis;</strong></span> <span class='ocrx_word' id='word_1_665' title='bbox 534 5207 655 5262; x_wconf 71' lang='lat' dir='ltr'><strong>qua:</strong></span> <span class='ocrx_word' id='word_1_666' title='bbox 702 5189 865 5247; x_wconf 77' lang='lat' dir='ltr'><strong>habet</strong></span> <span class='ocrx_word' id='word_1_667' title='bbox 909 5191 1037 5262; x_wconf 11' lang='lat' dir='ltr'><strong>vim,</strong></span> <span class='ocrx_word' id='word_1_668' title='bbox 1065 5191 1201 5262; x_wconf 79' lang='lat' dir='ltr'><strong>legis</strong></span> <span class='ocrx_word' id='word_1_669' title='bbox 1240 5199 1302 5262; x_wconf 84' lang='lat' dir='ltr'><strong>et</strong></span> <span class='ocrx_word' id='word_1_670' title='bbox 1342 5190 1593 5262; x_wconf 66' lang='lat' dir='ltr'><strong>praecepti</strong></span> <span class='ocrx_word' id='word_1_671' title='bbox 1630 5204 1641 5239; x_wconf 91' lang='lat'><strong>:</strong></span> <span class='ocrx_word' id='word_1_672' title='bbox 1674 5188 1917 5256; x_wconf 90' lang='lat' dir='ltr'><strong>quamvis</strong></span> 
     </span>
    </p>
   </div>
   <div class='ocr_carea' id='block_1_94' title="bbox 337 5260 1918 5332">
    <p class='ocr_par' dir='ltr' id='par_1_94' title="bbox 337 5260 1918 5332">
     <span class='ocr_line' id='line_1_95' title="bbox 337 5260 1918 5332; baseline -0.001 -17"><span class='ocrx_word' id='word_1_673' title='bbox 337 5260 772 5332; x_wconf 30' lang='lat' dir='ltr'><strong>alioqui‘nullum</strong></span> <span class='ocrx_word' id='word_1_674' title='bbox 806 5272 978 5317; x_wconf 82' lang='lat' dir='ltr'><strong>exstet</strong></span> <span class='ocrx_word' id='word_1_675' title='bbox 1010 5260 1077 5317; x_wconf 92' lang='lat' dir='ltr'><strong>de</strong></span> <span class='ocrx_word' id='word_1_676' title='bbox 1107 5260 1207 5316; x_wconf 84' lang='lat' dir='ltr'><strong>hoc</strong></span> <span class='ocrx_word' id='word_1_677' title='bbox 1231 5260 1435 5329; x_wconf 81' lang='lat' dir='ltr'><strong>jejunio</strong></span> <span class='ocrx_word' id='word_1_678' title='bbox 1462 5269 1788 5328; x_wconf 62' lang='lat' dir='ltr'><strong>praeceptum</strong></span> <span class='ocrx_word' id='word_1_679' title='bbox 1821 5274 1918 5313; x_wconf 84' lang='lat' dir='ltr'><strong>ex-</strong></span> 
     </span>
    </p>
   </div>
   <div class='ocr_carea' id='block_1_95' title="bbox 337 5332 1912 5401">
    <p class='ocr_par' dir='ltr' id='par_1_95' title="bbox 337 5332 1912 5401">
     <span class='ocr_line' id='line_1_96' title="bbox 337 5332 1912 5401; baseline -0.003 -13"><span class='ocrx_word' id='word_1_680' title='bbox 337 5348 613 5401; x_wconf 84' lang='lat' dir='ltr'><strong>pressum,</strong></span> <span class='ocrx_word' id='word_1_681' title='bbox 647 5341 704 5387; x_wconf 92' lang='lat' dir='ltr'><strong>ut</strong></span> <span class='ocrx_word' id='word_1_682' title='bbox 730 5333 891 5387; x_wconf 88' lang='lat' dir='ltr'><strong>docet</strong></span> <span class='ocrx_word' id='word_1_683' title='bbox 932 5336 1097 5387; x_wconf 89' lang='lat' dir='ltr'><strong>etiam</strong></span> <span class='ocrx_word' id='word_1_684' title='bbox 1144 5334 1201 5387; x_wconf 89' lang='lat' dir='ltr'><strong>D.</strong></span> <span class='ocrx_word' id='word_1_685' title='bbox 1233 5332 1493 5396; x_wconf 84' lang='lat' dir='ltr'><strong>Thomas,</strong></span> <span class='ocrx_word' id='word_1_686' title='bbox 1540 5338 1596 5386; x_wconf 91' lang='lat' dir='ltr'><strong>et</strong></span> <span class='ocrx_word' id='word_1_687' title='bbox 1632 5338 1755 5400; x_wconf 78' lang='lat' dir='ltr'><strong>post.</strong></span> <span class='ocrx_word' id='word_1_688' title='bbox 1789 5344 1912 5401; x_wconf 82' lang='lat' dir='ltr'><strong>eum</strong></span> 
     </span>
    </p>
   </div>
   <div class='ocr_carea' id='block_1_96' title="bbox 337 5400 1916 5472">
    <p class='ocr_par' dir='ltr' id='par_1_96' title="bbox 337 5400 1916 5472">
     <span class='ocr_line' id='line_1_97' title="bbox 337 5400 1916 5472; baseline -0.003 -13"><span class='ocrx_word' id='word_1_689' title='bbox 337 5400 646 5472; x_wconf 80' lang='lat' dir='ltr'><strong>Cajetanus.</strong></span> <span class='ocrx_word' id='word_1_690' title='bbox 680 5404 832 5470; x_wconf 83' lang='lat' dir='ltr'><strong>Quod</strong></span> <span class='ocrx_word' id='word_1_691' title='bbox 863 5414 1043 5459; x_wconf 89' lang='lat' dir='ltr'><strong>autem</strong></span> <span class='ocrx_word' id='word_1_692' title='bbox 1082 5404 1149 5457; x_wconf 89' lang='lat' dir='ltr'><strong>ad</strong></span> <span class='ocrx_word' id='word_1_693' title='bbox 1180 5403 1484 5458; x_wconf 89' lang='lat' dir='ltr'><strong>triduanum</strong></span> <span class='ocrx_word' id='word_1_694' title='bbox 1508 5401 1774 5471; x_wconf 88' lang='lat' dir='ltr'><strong>jejunium</strong></span> <span class='ocrx_word' id='word_1_695' title='bbox 1807 5400 1916 5455; x_wconf 75' lang='lat' dir='ltr'><strong>lio-</strong></span> 
     </span>
    </p>
   </div>
   <div class='ocr_carea' id='block_1_97' title="bbox 338 5475 1913 5543">
    <p class='ocr_par' dir='ltr' id='par_1_97' title="bbox 338 5475 1913 5543">
     <span class='ocr_line' id='line_1_98' title="bbox 338 5475 1913 5543; baseline -0.002 -16"><span class='ocrx_word' id='word_1_696' title='bbox 338 5478 610 5543; x_wconf 82' lang='lat' dir='ltr'><strong>gatinnum</strong></span> <span class='ocrx_word' id='word_1_697' title='bbox 644 5480 874 5542; x_wconf 86' lang='lat' dir='ltr'><strong>attinet,</strong></span> <span class='ocrx_word' id='word_1_698' title='bbox 910 5475 1215 5530; x_wconf 82' lang='lat' dir='ltr'><strong>communis</strong></span> <span class='ocrx_word' id='word_1_699' title='bbox 1243 5483 1325 5529; x_wconf 88' lang='lat' dir='ltr'><strong>est</strong></span> <span class='ocrx_word' id='word_1_700' title='bbox 1365 5475 1632 5529; x_wconf 88' lang='lat' dir='ltr'><strong>sententia</strong></span> <span class='ocrx_word' id='word_1_701' title='bbox 1666 5487 1770 5526; x_wconf 88' lang='lat' dir='ltr'><strong>non</strong></span> <span class='ocrx_word' id='word_1_702' title='bbox 1804 5480 1913 5524; x_wconf 90' lang='lat' dir='ltr'><strong>tam</strong></span> 
     </span>
    </p>
   </div>
   <div class='ocr_carea' id='block_1_98' title="bbox 340 5544 1917 5616">
    <p class='ocr_par' dir='ltr' id='par_1_98' title="bbox 340 5544 1917 5616">
     <span class='ocr_line' id='line_1_99' title="bbox 340 5544 1917 5616; baseline -0.001 -19"><span class='ocrx_word' id='word_1_703' title='bbox 340 5548 592 5616; x_wconf 69' lang='lat' dir='ltr'><strong>praecepti</strong></span> <span class='ocrx_word' id='word_1_704' title='bbox 628 5562 787 5616; x_wconf 82' lang='lat' dir='ltr'><strong>(luam</strong></span> <span class='ocrx_word' id='word_1_705' title='bbox 818 5546 1030 5600; x_wconf 86' lang='lat' dir='ltr'><strong>consilii</strong></span> <span class='ocrx_word' id='word_1_706' title='bbox 1076 5546 1243 5601; x_wconf 76' lang='lat' dir='ltr'><strong>fuisse</strong></span> <span class='ocrx_word' id='word_1_707' title='bbox 1285 5545 1548 5615; x_wconf 87' lang='lat' dir='ltr'><strong>ejusmodi</strong></span> <span class='ocrx_word' id='word_1_708' title='bbox 1581 5544 1917 5616; x_wconf 72' lang='lat' dir='ltr'><strong>observatio-</strong></span> 
     </span>
    </p>
   </div>
   <div class='ocr_carea' id='block_1_99' title="bbox 341 5614 1916 5683">
    <p class='ocr_par' dir='ltr' id='par_1_99' title="bbox 341 5614 1916 5683">
     <span class='ocr_line' id='line_1_100' title="bbox 341 5614 1916 5683; baseline -0.001 -13"><span class='ocrx_word' id='word_1_709' title='bbox 341 5614 494 5683; x_wconf 84' lang='lat' dir='ltr'><strong>nem,</strong></span> <span class='ocrx_word' id='word_1_710' title='bbox 521 5614 742 5672; x_wconf 41' lang='lat' dir='ltr'><strong>cum—ex</strong></span> <span class='ocrx_word' id='word_1_711' title='bbox 785 5616 941 5669; x_wconf 81' lang='lat' dir='ltr'><strong>dictis</strong></span> <span class='ocrx_word' id='word_1_712' title='bbox 980 5626 1193 5670; x_wconf 87' lang='lat' dir='ltr'><strong>constet</strong></span> <span class='ocrx_word' id='word_1_713' title='bbox 1234 5614 1370 5672; x_wconf 87' lang='lat' dir='ltr'><strong>inter</strong></span> <span class='ocrx_word' id='word_1_714' title='bbox 1396 5617 1599 5672; x_wconf 87' lang='lat' dir='ltr'><strong>Pascha</strong></span> <span class='ocrx_word' id='word_1_715' title='bbox 1640 5626 1695 5670; x_wconf 91' lang='lat' dir='ltr'><strong>et</strong></span> <span class='ocrx_word' id='word_1_716' title='bbox 1722 5614 1916 5668; x_wconf 88' lang='lat' dir='ltr'><strong>Pente-</strong></span> 
     </span>
    </p>
   </div>
   <div class='ocr_carea' id='block_1_100' title="bbox 341 5686 1914 5761">
    <p class='ocr_par' dir='ltr' id='par_1_100' title="bbox 341 5686 1914 5761">
     <span class='ocr_line' id='line_1_101' title="bbox 341 5686 1914 5761; baseline 0 -16"><span class='ocrx_word' id='word_1_717' title='bbox 341 5698 524 5751; x_wconf 86' lang='lat' dir='ltr'><strong>costen</strong></span> <span class='ocrx_word' id='word_1_718' title='bbox 572 5704 638 5749; x_wconf 81' lang='lat' dir='ltr'><strong>ex</strong></span> <span class='ocrx_word' id='word_1_719' title='bbox 695 5688 1065 5757; x_wconf 89' lang='lat' dir='ltr'><strong>antiquissima</strong></span> <span class='ocrx_word' id='word_1_720' title='bbox 1122 5689 1462 5747; x_wconf 89' lang='lat' dir='ltr'><strong>institutione</strong></span> <span class='ocrx_word' id='word_1_721' title='bbox 1514 5689 1662 5744; x_wconf 88' lang='lat' dir='ltr'><strong>nulla</strong></span> <span class='ocrx_word' id='word_1_722' title='bbox 1708 5686 1914 5761; x_wconf 83' lang='lat' dir='ltr'><strong>jejunia</strong></span> 
     </span>
    </p>
   </div>
   <div class='ocr_carea' id='block_1_101' title="bbox 2032 3129 3609 3198">
    <p class='ocr_par' dir='ltr' id='par_1_101' title="bbox 2032 3129 3609 3198">
     <span class='ocr_line' id='line_1_102' title="bbox 2032 3129 3609 3198; baseline 0.004 -15"><span class='ocrx_word' id='word_1_723' title='bbox 2032 3130 2211 3198; x_wconf 87' lang='lat' dir='ltr'><strong>vigilia</strong></span> <span class='ocrx_word' id='word_1_724' title='bbox 2239 3131 2677 3193; x_wconf 78' lang='lat' dir='ltr'><strong>Ascensionis,et</strong></span> <span class='ocrx_word' id='word_1_725' title='bbox 2699 3129 2954 3185; x_wconf 83' lang='lat' dir='ltr'><strong>Sidonius</strong></span> <span class='ocrx_word' id='word_1_726' title='bbox 2984 3129 3074 3184; x_wconf 90' lang='lat' dir='ltr'><strong>lib.</strong></span> <span class='ocrx_word' id='word_1_727' title='bbox 3108 3147 3137 3182; x_wconf 92' lang='lat' dir='ltr'><strong>v</strong></span> <span class='ocrx_word' id='word_1_728' title='bbox 3167 3132 3328 3195; x_wconf 89' lang='lat' dir='ltr'><strong>epist.</strong></span> <span class='ocrx_word' id='word_1_729' title='bbox 3356 3132 3487 3186; x_wconf 76' lang='lat' dir='ltr'><strong>Met</strong></span> <span class='ocrx_word' id='word_1_730' title='bbox 3514 3133 3609 3189; x_wconf 85' lang='lat' dir='ltr'><strong>lib.</strong></span> 
     </span>
    </p>
   </div>
   <div class='ocr_carea' id='block_1_102' title="bbox 2033 3200 3614 3269">
    <p class='ocr_par' dir='ltr' id='par_1_102' title="bbox 2033 3200 3614 3269">
     <span class='ocr_line' id='line_1_103' title="bbox 2033 3200 3614 3269; baseline 0.003 -16"><span class='ocrx_word' id='word_1_731' title='bbox 2033 3215 2105 3254; x_wconf 89' lang='lat' dir='ltr'><strong>vn</strong></span> <span class='ocrx_word' id='word_1_732' title='bbox 2137 3204 2295 3269; x_wconf 88' lang='lat' dir='ltr'><strong>epist.</strong></span> <span class='ocrx_word' id='word_1_733' title='bbox 2329 3204 2377 3255; x_wconf 80' lang='grc'><strong>1.</strong></span> <span class='ocrx_word' id='word_1_734' title='bbox 2410 3202 2627 3257; x_wconf 82' lang='lat' dir='ltr'><strong>Necnon</strong></span> <span class='ocrx_word' id='word_1_735' title='bbox 2652 3215 2824 3254; x_wconf 87' lang='lat' dir='ltr'><strong>canon</strong></span> <span class='ocrx_word' id='word_1_736' title='bbox 2851 3200 2920 3254; x_wconf 78' lang='lat'><strong>‘29</strong></span> <span class='ocrx_word' id='word_1_737' title='bbox 2947 3201 3162 3255; x_wconf 91' lang='lat' dir='ltr'><strong>concilii</strong></span> <span class='ocrx_word' id='word_1_738' title='bbox 3187 3202 3614 3268; x_wconf 80' lang='lat' dir='ltr'><strong>Aurelianensis,</strong></span> 
     </span>
    </p>
   </div>
   <div class='ocr_carea' id='block_1_103' title="bbox 2028 3270 3614 3340">
    <p class='ocr_par' dir='ltr' id='par_1_103' title="bbox 2028 3270 3614 3340">
     <span class='ocr_line' id='line_1_104' title="bbox 2028 3270 3614 3340; baseline 0.004 -16"><span class='ocrx_word' id='word_1_739' title='bbox 2028 3286 2057 3323; x_wconf 90' lang='lat' dir='ltr'><strong>a</strong></span> <span class='ocrx_word' id='word_1_740' title='bbox 2077 3270 2333 3325; x_wconf 87' lang='lat' dir='ltr'><strong>Gratiano</strong></span> <span class='ocrx_word' id='word_1_741' title='bbox 2359 3274 2560 3327; x_wconf 88' lang='lat' dir='ltr'><strong>relatus</strong></span> <span class='ocrx_word' id='word_1_742' title='bbox 2590 3285 2708 3340; x_wconf 90' lang='lat' dir='ltr'><strong>cap.</strong></span> <span class='ocrx_word' id='word_1_743' title='bbox 2740 3271 3073 3337; x_wconf 84' lang='lat' dir='ltr'><strong>Rogationes,</strong></span> <span class='ocrx_word' id='word_1_744' title='bbox 3104 3273 3172 3325; x_wconf 87' lang='lat' dir='ltr'><strong>de</strong></span> <span class='ocrx_word' id='word_1_745' title='bbox 3200 3272 3461 3339; x_wconf 88' lang='lat' dir='ltr'><strong>Consec.,</strong></span> <span class='ocrx_word' id='word_1_746' title='bbox 3484 3275 3614 3330; x_wconf 91' lang='lat' dir='ltr'><strong>dist.</strong></span> 
     </span>
    </p>
   </div>
   <div class='ocr_carea' id='block_1_104' title="bbox 2030 3340 3611 3413">
    <p class='ocr_par' dir='ltr' id='par_1_104' title="bbox 2030 3340 3611 3413">
     <span class='ocr_line' id='line_1_105' title="bbox 2030 3340 3611 3413; baseline 0.003 -19"><span class='ocrx_word' id='word_1_747' title='bbox 2030 3341 2086 3405; x_wconf 77' lang='lat'><strong>3,</strong></span> <span class='ocrx_word' id='word_1_748' title='bbox 2118 3353 2168 3396; x_wconf 90' lang='lat' dir='ltr'><strong>et</strong></span> <span class='ocrx_word' id='word_1_749' title='bbox 2200 3344 2287 3413; x_wconf 77' lang='lat' dir='ltr'><strong>qui</strong></span> <span class='ocrx_word' id='word_1_750' title='bbox 2318 3342 2387 3396; x_wconf 92' lang='lat' dir='ltr'><strong>de</strong></span> <span class='ocrx_word' id='word_1_751' title='bbox 2415 3340 2609 3413; x_wconf 71' lang='lat' dir='ltr'><strong>ciliciis</strong></span> <span class='ocrx_word' id='word_1_752' title='bbox 2637 3351 2692 3395; x_wconf 90' lang='lat' dir='ltr'><strong>et</strong></span> <span class='ocrx_word' id='word_1_753' title='bbox 2720 3342 2910 3413; x_wconf 73' lang='lat' dir='ltr'><strong>ritibus</strong></span> <span class='ocrx_word' id='word_1_754' title='bbox 2953 3342 3334 3396; x_wconf 81' lang='lat' dir='ltr'><strong>ecclesiasticis</strong></span> <span class='ocrx_word' id='word_1_755' title='bbox 3373 3345 3611 3413; x_wconf 59' lang='lat' dir='ltr'><strong>seripeeo</strong></span> 
     </span>
    </p>
   </div>
   <div class='ocr_carea' id='block_1_105' title="bbox 2030 3410 3613 3481">
    <p class='ocr_par' dir='ltr' id='par_1_105' title="bbox 2030 3410 3613 3481">
     <span class='ocr_line' id='line_1_106' title="bbox 2030 3410 3613 3481; baseline 0.003 -17"><span class='ocrx_word' id='word_1_756' title='bbox 2030 3420 2158 3465; x_wconf 87' lang='lat' dir='ltr'><strong>runt</strong></span> <span class='ocrx_word' id='word_1_757' title='bbox 2191 3411 2439 3481; x_wconf 84' lang='lat' dir='ltr'><strong>(Gregor.</strong></span> <span class='ocrx_word' id='word_1_758' title='bbox 2469 3410 2675 3464; x_wconf 79' lang='lat' dir='ltr'><strong>Valent.</strong></span> <span class='ocrx_word' id='word_1_759' title='bbox 2704 3412 2758 3464; x_wconf 86' lang='lat' dir='ltr'><strong>in</strong></span> <span class='ocrx_word' id='word_1_760' title='bbox 2786 3410 2914 3481; x_wconf 15' lang='lat'><strong>2-27.</strong></span> <span class='ocrx_word' id='word_1_761' title='bbox 2944 3421 2991 3463; x_wconf 86' lang='lat' dir='ltr'><strong>et</strong></span> <span class='ocrx_word' id='word_1_762' title='bbox 3021 3413 3156 3480; x_wconf 87' lang='lat' dir='ltr'><strong>disp.</strong></span> <span class='ocrx_word' id='word_1_763' title='bbox 3189 3429 3234 3481; x_wconf 75' lang='grc' dir='ltr'><strong>ᾳ.</strong></span> <span class='ocrx_word' id='word_1_764' title='bbox 3269 3414 3332 3478; x_wconf 74' lang='grc'><strong>2;</strong></span> <span class='ocrx_word' id='word_1_765' title='bbox 3366 3410 3613 3469; x_wconf 82' lang='lat' dir='ltr'><strong>Bellarm.</strong></span> 
     </span>
    </p>
   </div>
   <div class='ocr_carea' id='block_1_106' title="bbox 2026 3480 3616 3546">
    <p class='ocr_par' dir='ltr' id='par_1_106' title="bbox 2026 3480 3616 3546">
     <span class='ocr_line' id='line_1_107' title="bbox 2026 3480 3616 3546; baseline 0.003 -12"><span class='ocrx_word' id='word_1_766' title='bbox 2026 3482 2119 3536; x_wconf 88' lang='lat' dir='ltr'><strong>lib.</strong></span> <span class='ocrx_word' id='word_1_767' title='bbox 2154 3480 2207 3537; x_wconf 9' lang='lat' dir='ltr'><strong>tl,</strong></span> <span class='ocrx_word' id='word_1_768' title='bbox 2238 3483 2302 3536; x_wconf 88' lang='lat' dir='ltr'><strong>de</strong></span> <span class='ocrx_word' id='word_1_769' title='bbox 2331 3481 2485 3536; x_wconf 87' lang='lat' dir='ltr'><strong>Bonis</strong></span> <span class='ocrx_word' id='word_1_770' title='bbox 2527 3481 2738 3545; x_wconf 83' lang='lat' dir='ltr'><strong>Operib.</strong></span> <span class='ocrx_word' id='word_1_771' title='bbox 2784 3498 2829 3536; x_wconf 86' lang='lat' dir='ltr'><strong>c.</strong></span> <span class='ocrx_word' id='word_1_772' title='bbox 2876 3480 2972 3546; x_wconf 79' lang='lat'><strong>2|;</strong></span> <span class='ocrx_word' id='word_1_773' title='bbox 3027 3480 3221 3542; x_wconf 87' lang='lat' dir='ltr'><strong>Baron.</strong></span> <span class='ocrx_word' id='word_1_774' title='bbox 3268 3488 3321 3537; x_wconf 85' lang='lat' dir='ltr'><strong>in</strong></span> <span class='ocrx_word' id='word_1_775' title='bbox 3372 3483 3499 3537; x_wconf 83' lang='lat' dir='ltr'><strong>Not.</strong></span> <span class='ocrx_word' id='word_1_776' title='bbox 3548 3489 3616 3539; x_wconf 87' lang='lat' dir='ltr'><strong>ad</strong></span> 
     </span>
    </p>
   </div>
   <div class='ocr_carea' id='block_1_107' title="bbox 2029 3552 3614 3624">
    <p class='ocr_par' dir='ltr' id='par_1_107' title="bbox 2029 3552 3614 3624">
     <span class='ocr_line' id='line_1_108' title="bbox 2029 3552 3614 3624; baseline 0.005 -20"><span class='ocrx_word' id='word_1_777' title='bbox 2029 3552 2305 3624; x_wconf 82' lang='lat' dir='ltr'><strong>Martyrol.</strong></span> <span class='ocrx_word' id='word_1_778' title='bbox 2337 3553 2408 3608; x_wconf 79' lang='lat'><strong>‘25</strong></span> <span class='ocrx_word' id='word_1_779' title='bbox 2445 3553 2675 3624; x_wconf 53' lang='lat' dir='ltr'><strong>Aprilis;</strong></span> <span class='ocrx_word' id='word_1_780' title='bbox 2708 3552 2914 3605; x_wconf 83' lang='lat' dir='ltr'><strong>Alcuin.</strong></span> <span class='ocrx_word' id='word_1_781' title='bbox 2948 3554 2984 3605; x_wconf 94' lang='lat' dir='ltr'><strong>l.</strong></span> <span class='ocrx_word' id='word_1_782' title='bbox 3022 3568 3091 3618; x_wconf 83' lang='lat' dir='ltr'><strong>tt;</strong></span> <span class='ocrx_word' id='word_1_783' title='bbox 3132 3555 3362 3608; x_wconf 82' lang='lat' dir='ltr'><strong>Amalur.</strong></span> <span class='ocrx_word' id='word_1_784' title='bbox 3394 3556 3433 3609; x_wconf 91' lang='lat' dir='ltr'><strong>l.</strong></span> <span class='ocrx_word' id='word_1_785' title='bbox 3465 3572 3530 3623; x_wconf 87' lang='grc' dir='ltr'><strong>ιι,</strong></span> <span class='ocrx_word' id='word_1_786' title='bbox 3565 3574 3614 3613; x_wconf 87' lang='lat' dir='ltr'><strong>c.</strong></span> 
     </span>
    </p>
   </div>
   <div class='ocr_carea' id='block_1_108' title="bbox 2028 3622 3258 3692">
    <p class='ocr_par' dir='ltr' id='par_1_108' title="bbox 2028 3622 3258 3692">
     <span class='ocr_line' id='line_1_109' title="bbox 2028 3622 3258 3692; baseline -0.001 -13"><span class='ocrx_word' id='word_1_787' title='bbox 2028 3626 2117 3689; x_wconf 79' lang='lat'><strong>37;</strong></span> <span class='ocrx_word' id='word_1_788' title='bbox 2146 3622 2345 3678; x_wconf 81' lang='lat' dir='ltr'><strong>Raban.</strong></span> <span class='ocrx_word' id='word_1_789' title='bbox 2371 3624 2460 3678; x_wconf 90' lang='lat' dir='ltr'><strong>lib.</strong></span> <span class='ocrx_word' id='word_1_790' title='bbox 2490 3622 2527 3677; x_wconf 81' lang='grc' dir='ltr'><strong>ιι</strong></span> <span class='ocrx_word' id='word_1_791' title='bbox 2559 3624 2621 3677; x_wconf 88' lang='lat' dir='ltr'><strong>de</strong></span> <span class='ocrx_word' id='word_1_792' title='bbox 2650 3622 2825 3678; x_wconf 87' lang='lat' dir='ltr'><strong>lnstit.</strong></span> <span class='ocrx_word' id='word_1_793' title='bbox 2854 3624 3026 3677; x_wconf 88' lang='lat' dir='ltr'><strong>cleric.</strong></span> <span class='ocrx_word' id='word_1_794' title='bbox 3059 3640 3106 3677; x_wconf 80' lang='grc' dir='ltr'><strong>ε.</strong></span> <span class='ocrx_word' id='word_1_795' title='bbox 3132 3624 3258 3692; x_wconf 73' lang='grc'><strong>40).</strong></span> 
     </span>
    </p>
   </div>
   <div class='ocr_carea' id='block_1_109' title="bbox 2099 3695 3616 3767">
    <p class='ocr_par' dir='ltr' id='par_1_109' title="bbox 2099 3695 3616 3767">
     <span class='ocr_line' id='line_1_110' title="bbox 2099 3695 3616 3767; baseline 0.005 -20"><span class='ocrx_word' id='word_1_796' title='bbox 2099 3705 2124 3733; x_wconf 80' lang='grc' dir='ltr'><strong>ι</strong></span> <span class='ocrx_word' id='word_1_797' title='bbox 2166 3695 2241 3750; x_wconf 90' lang='lat' dir='ltr'><strong>lta</strong></span> <span class='ocrx_word' id='word_1_798' title='bbox 2289 3711 2357 3749; x_wconf 79' lang='lat' dir='ltr'><strong>ex</strong></span> <span class='ocrx_word' id='word_1_799' title='bbox 2393 3695 2630 3767; x_wconf 66' lang='lat' dir='ltr'><strong>ﬂebraeo</strong></span> <span class='ocrx_word' id='word_1_800' title='bbox 2670 3695 2835 3767; x_wconf 86' lang='lat' dir='ltr'><strong>vertit</strong></span> <span class='ocrx_word' id='word_1_801' title='bbox 2876 3695 3258 3764; x_wconf 78' lang='lat' dir='ltr'><strong>Hieronymus.</strong></span> <span class='ocrx_word' id='word_1_802' title='bbox 3296 3698 3362 3750; x_wconf 81' lang='lat' dir='ltr'><strong>At</strong></span> <span class='ocrx_word' id='word_1_803' title='bbox 3389 3696 3616 3767; x_wconf 79' lang='lat' dir='ltr'><strong>Vulgata</strong></span> 
     </span>
    </p>
   </div>
   <div class='ocr_carea' id='block_1_110' title="bbox 2028 3765 3617 3833">
    <p class='ocr_par' dir='ltr' id='par_1_110' title="bbox 2028 3765 3617 3833">
     <span class='ocr_line' id='line_1_111' title="bbox 2028 3765 3617 3833; baseline 0.003 -15"><span class='ocrx_word' id='word_1_804' title='bbox 2028 3768 2205 3821; x_wconf 89' lang='lat' dir='ltr'><strong>versio</strong></span> <span class='ocrx_word' id='word_1_805' title='bbox 2233 3778 2317 3822; x_wconf 89' lang='lat' dir='ltr'><strong>est</strong></span> <span class='ocrx_word' id='word_1_806' title='bbox 2343 3785 2355 3819; x_wconf 87' lang='lat'>:</span> <span class='ocrx_word' id='word_1_807' title='bbox 2377 3765 2565 3821; x_wconf 87' lang='lat' dir='ltr'><strong>Omnia</strong></span> <span class='ocrx_word' id='word_1_808' title='bbox 2593 3775 2792 3830; x_wconf 89' lang='lat' dir='ltr'><strong>tempus</strong></span> <span class='ocrx_word' id='word_1_809' title='bbox 2815 3765 3022 3831; x_wconf 84' lang='lat' dir='ltr'><strong>habent,</strong></span> <span class='ocrx_word' id='word_1_810' title='bbox 3045 3776 3090 3820; x_wconf 92' lang='lat' dir='ltr'><strong>et</strong></span> <span class='ocrx_word' id='word_1_811' title='bbox 3113 3767 3218 3819; x_wconf 83' lang='lat' dir='ltr'><strong>suis</strong></span> <span class='ocrx_word' id='word_1_812' title='bbox 3238 3768 3423 3833; x_wconf 86' lang='lat' dir='ltr'><strong>spatiis</strong></span> <span class='ocrx_word' id='word_1_813' title='bbox 3446 3765 3617 3822; x_wconf 68' lang='lat' dir='ltr'><strong>trans-</strong></span> 
     </span>
    </p>
   </div>
   <div class='ocr_carea' id='block_1_111' title="bbox 2025 3836 3616 3909">
    <p class='ocr_par' dir='ltr' id='par_1_111' title="bbox 2025 3836 3616 3909">
     <span class='ocr_line' id='line_1_112' title="bbox 2025 3836 3616 3909; baseline 0.002 -18"><span class='ocrx_word' id='word_1_814' title='bbox 2025 3847 2148 3891; x_wconf 88' lang='lat' dir='ltr'><strong>eunt</strong></span> <span class='ocrx_word' id='word_1_815' title='bbox 2204 3840 2439 3892; x_wconf 85' lang='lat' dir='ltr'><strong>universa</strong></span> <span class='ocrx_word' id='word_1_816' title='bbox 2477 3837 2571 3909; x_wconf 72' lang='lat' dir='ltr'><strong>sub</strong></span> <span class='ocrx_word' id='word_1_817' title='bbox 2611 3836 2737 3892; x_wconf 72' lang='lat' dir='ltr'><strong>caelo</strong></span> <span class='ocrx_word' id='word_1_818' title='bbox 2766 3852 2796 3909; x_wconf 50' lang='grc' dir='ltr'><strong>εΔ</strong></span> <span class='ocrx_word' id='word_1_819' title='bbox 2815 3848 3013 3907; x_wconf 89' lang='lat' dir='ltr'><strong>tempus</strong></span> <span class='ocrx_word' id='word_1_820' title='bbox 3040 3839 3309 3905; x_wconf 84' lang='lat' dir='ltr'><strong>nascendi,</strong></span> <span class='ocrx_word' id='word_1_821' title='bbox 3344 3846 3390 3893; x_wconf 89' lang='lat' dir='ltr'><strong>et</strong></span> <span class='ocrx_word' id='word_1_822' title='bbox 3417 3848 3616 3909; x_wconf 88' lang='lat' dir='ltr'><strong>tempus</strong></span> 
     </span>
    </p>
   </div>
   <div class='ocr_carea' id='block_1_112' title="bbox 1978 3906 2828 3979">
    <p class='ocr_par' dir='ltr' id='par_1_112' title="bbox 1978 3906 2828 3979">
     <span class='ocr_line' id='line_1_113' title="bbox 1978 3906 2828 3979; baseline 0 -18"><span class='ocrx_word' id='word_1_823' title='bbox 1978 3956 1996 3979; x_wconf 78' lang='grc'><em>,</em></span> <span class='ocrx_word' id='word_1_824' title='bbox 2027 3908 2307 3979; x_wconf 85' lang='lat' dir='ltr'><strong>moriendi,</strong></span> <span class='ocrx_word' id='word_1_825' title='bbox 2330 3924 2439 3964; x_wconf 86' lang='lat' dir='ltr'><strong>etc.</strong></span> <span class='ocrx_word' id='word_1_826' title='bbox 2465 3908 2698 3977; x_wconf 85' lang='lat' dir='ltr'><strong>(Eccles.</strong></span> <span class='ocrx_word' id='word_1_827' title='bbox 2729 3906 2828 3976; x_wconf 87' lang='grc' dir='ltr'><strong>ιιι).</strong></span> 
     </span>
    </p>
   </div>
   <div class='ocr_carea' id='block_1_113' title="bbox 2099 3978 3618 4049">
    <p class='ocr_par' dir='ltr' id='par_1_113' title="bbox 2099 3978 3618 4049">
     <span class='ocr_line' id='line_1_114' title="bbox 2099 3978 3618 4049; baseline 0.003 -16"><span class='ocrx_word' id='word_1_828' title='bbox 2099 3978 2124 4016; x_wconf 69' lang='grc' dir='ltr'>δ</span> <span class='ocrx_word' id='word_1_829' title='bbox 2164 3979 2365 4035; x_wconf 82' lang='lat' dir='ltr'><strong>Rerum</strong></span> <span class='ocrx_word' id='word_1_830' title='bbox 2388 3989 2443 4033; x_wconf 90' lang='lat' dir='ltr'><strong>et</strong></span> <span class='ocrx_word' id='word_1_831' title='bbox 2463 3982 2734 4034; x_wconf 91' lang='lat' dir='ltr'><strong>actionum</strong></span> <span class='ocrx_word' id='word_1_832' title='bbox 2760 3978 3115 4033; x_wconf 86' lang='lat' dir='ltr'><strong>humanarum</strong></span> <span class='ocrx_word' id='word_1_833' title='bbox 3146 3978 3244 4033; x_wconf 88' lang='lat' dir='ltr'><strong>tria</strong></span> <span class='ocrx_word' id='word_1_834' title='bbox 3269 3994 3465 4049; x_wconf 86' lang='lat' dir='ltr'><strong>genera</strong></span> <span class='ocrx_word' id='word_1_835' title='bbox 3499 3981 3618 4037; x_wconf 84' lang='lat' dir='ltr'><strong>dis-</strong></span> 
     </span>
    </p>
   </div>
   <div class='ocr_carea' id='block_1_114' title="bbox 2026 4050 3613 4121">
    <p class='ocr_par' dir='ltr' id='par_1_114' title="bbox 2026 4050 3613 4121">
     <span class='ocr_line' id='line_1_115' title="bbox 2026 4050 3613 4121; baseline 0 -18"><span class='ocrx_word' id='word_1_836' title='bbox 2026 4050 2219 4121; x_wconf 84' lang='lat' dir='ltr'><strong>tinguit</strong></span> <span class='ocrx_word' id='word_1_837' title='bbox 2245 4068 2258 4104; x_wconf 91' lang='lat'>:</span> <span class='ocrx_word' id='word_1_838' title='bbox 2284 4051 2534 4121; x_wconf 83' lang='lat' dir='ltr'><strong>qua-dam</strong></span> <span class='ocrx_word' id='word_1_839' title='bbox 2561 4051 2633 4105; x_wconf 90' lang='lat' dir='ltr'><strong>ita</strong></span> <span class='ocrx_word' id='word_1_840' title='bbox 2660 4066 2753 4119; x_wconf 86' lang='lat' dir='ltr'><strong>per</strong></span> <span class='ocrx_word' id='word_1_841' title='bbox 2783 4066 2841 4105; x_wconf 89' lang='lat' dir='ltr'><strong>se</strong></span> <span class='ocrx_word' id='word_1_842' title='bbox 2872 4060 2927 4104; x_wconf 92' lang='lat' dir='ltr'><strong>et</strong></span> <span class='ocrx_word' id='word_1_843' title='bbox 2963 4051 3262 4105; x_wconf 87' lang='lat' dir='ltr'><strong>intrinsecc</strong></span> <span class='ocrx_word' id='word_1_844' title='bbox 3293 4062 3415 4106; x_wconf 89' lang='lat' dir='ltr'><strong>sunt</strong></span> <span class='ocrx_word' id='word_1_845' title='bbox 3450 4052 3613 4120; x_wconf 80' lang='lat' dir='ltr'><strong>bona,</strong></span> 
     </span>
    </p>
   </div>
   <div class='ocr_carea' id='block_1_115' title="bbox 2024 4121 3613 4191">
    <p class='ocr_par' dir='ltr' id='par_1_115' title="bbox 2024 4121 3613 4191">
     <span class='ocr_line' id='line_1_116' title="bbox 2024 4121 3613 4191; baseline 0.003 -16"><span class='ocrx_word' id='word_1_846' title='bbox 2024 4132 2082 4176; x_wconf 88' lang='lat' dir='ltr'><strong>ut</strong></span> <span class='ocrx_word' id='word_1_847' title='bbox 2107 4139 2395 4191; x_wconf 87' lang='lat' dir='ltr'><strong>numquam</strong></span> <span class='ocrx_word' id='word_1_848' title='bbox 2424 4124 2633 4191; x_wconf 89' lang='lat' dir='ltr'><strong>possint</strong></span> <span class='ocrx_word' id='word_1_849' title='bbox 2661 4122 2775 4175; x_wconf 81' lang='lat' dir='ltr'><strong>ﬁeri</strong></span> <span class='ocrx_word' id='word_1_850' title='bbox 2803 4121 2971 4187; x_wconf 89' lang='lat' dir='ltr'><strong>mala,</strong></span> <span class='ocrx_word' id='word_1_851' title='bbox 2994 4132 3050 4174; x_wconf 91' lang='lat' dir='ltr'><strong>nt</strong></span> <span class='ocrx_word' id='word_1_852' title='bbox 3071 4122 3317 4176; x_wconf 86' lang='lat' dir='ltr'><strong>virtutes.</strong></span> <span class='ocrx_word' id='word_1_853' title='bbox 3348 4123 3613 4179; x_wconf 82' lang='lat' dir='ltr'><strong>Virtutem</strong></span> 
     </span>
    </p>
   </div>
   <div class='ocr_carea' id='block_1_116' title="bbox 2025 4194 3610 4263">
    <p class='ocr_par' dir='ltr' id='par_1_116' title="bbox 2025 4194 3610 4263">
     <span class='ocr_line' id='line_1_117' title="bbox 2025 4194 3610 4263; baseline -0.001 -15"><span class='ocrx_word' id='word_1_854' title='bbox 2025 4195 2167 4248; x_wconf 82' lang='lat' dir='ltr'><strong>enim</strong></span> <span class='ocrx_word' id='word_1_855' title='bbox 2192 4194 2379 4248; x_wconf 72' lang='lat' dir='ltr'><strong>deﬁnit</strong></span> <span class='ocrx_word' id='word_1_856' title='bbox 2400 4194 2864 4263; x_wconf 84' lang='lat' dir='ltr'><strong>Augustinusesse</strong></span> <span class='ocrx_word' id='word_1_857' title='bbox 2885 4194 3070 4246; x_wconf 90' lang='lat' dir='ltr'><strong>bonam</strong></span> <span class='ocrx_word' id='word_1_858' title='bbox 3092 4195 3387 4262; x_wconf 86' lang='lat' dir='ltr'><strong>qualitatem</strong></span> <span class='ocrx_word' id='word_1_859' title='bbox 3410 4196 3610 4256; x_wconf 80' lang='lat' dir='ltr'><strong>mentis,</strong></span> 
     </span>
    </p>
   </div>
   <div class='ocr_carea' id='block_1_117' title="bbox 2023 4262 3613 4333">
    <p class='ocr_par' dir='ltr' id='par_1_117' title="bbox 2023 4262 3613 4333">
     <span class='ocr_line' id='line_1_118' title="bbox 2023 4262 3613 4333; baseline 0.003 -16"><span class='ocrx_word' id='word_1_860' title='bbox 2023 4282 2125 4333; x_wconf 84' lang='lat' dir='ltr'><strong>qua</strong></span> <span class='ocrx_word' id='word_1_861' title='bbox 2156 4282 2301 4319; x_wconf 91' lang='lat' dir='ltr'><strong>nemo</strong></span> <span class='ocrx_word' id='word_1_862' title='bbox 2330 4266 2468 4318; x_wconf 87' lang='lat' dir='ltr'><strong>male</strong></span> <span class='ocrx_word' id='word_1_863' title='bbox 2494 4262 2661 4317; x_wconf 74' lang='lat' dir='ltr'><strong>utitur</strong></span> <span class='ocrx_word' id='word_1_864' title='bbox 2690 4262 2838 4333; x_wconf 89' lang='lat' dir='ltr'><strong>(Lib.</strong></span> <span class='ocrx_word' id='word_1_865' title='bbox 2863 4279 2941 4331; x_wconf 85' lang='grc' dir='ltr'><strong>ιιι,</strong></span> <span class='ocrx_word' id='word_1_866' title='bbox 2969 4265 3031 4317; x_wconf 90' lang='lat' dir='ltr'><strong>de</strong></span> <span class='ocrx_word' id='word_1_867' title='bbox 3058 4262 3243 4318; x_wconf 85' lang='lat' dir='ltr'><strong>Libero</strong></span> <span class='ocrx_word' id='word_1_868' title='bbox 3266 4265 3429 4318; x_wconf 73' lang='lat' dir='ltr'><strong>Arbit.</strong></span> <span class='ocrx_word' id='word_1_869' title='bbox 3463 4283 3511 4318; x_wconf 91' lang='lat' dir='ltr'><strong>c.</strong></span> <span class='ocrx_word' id='word_1_870' title='bbox 3546 4266 3613 4321; x_wconf 80' lang='grc'><strong>18</strong></span> 
     </span>
    </p>
   </div>
   <div class='ocr_carea' id='block_1_118' title="bbox 2022 4336 3610 4405">
    <p class='ocr_par' dir='ltr' id='par_1_118' title="bbox 2022 4336 3610 4405">
     <span class='ocr_line' id='line_1_119' title="bbox 2022 4336 3610 4405; baseline 0.001 -16"><span class='ocrx_word' id='word_1_871' title='bbox 2022 4347 2070 4389; x_wconf 86' lang='lat' dir='ltr'><strong>et</strong></span> <span class='ocrx_word' id='word_1_872' title='bbox 2104 4338 2225 4403; x_wconf 76' lang='grc'><strong>19).</strong></span> <span class='ocrx_word' id='word_1_873' title='bbox 2261 4336 2383 4390; x_wconf 76' lang='lat' dir='ltr'><strong>llmc</strong></span> <span class='ocrx_word' id='word_1_874' title='bbox 2413 4346 2591 4389; x_wconf 88' lang='lat' dir='ltr'><strong>autem</strong></span> <span class='ocrx_word' id='word_1_875' title='bbox 2619 4343 2775 4388; x_wconf 86' lang='lat' dir='ltr'><strong>vocat</strong></span> <span class='ocrx_word' id='word_1_876' title='bbox 2803 4345 2992 4389; x_wconf 89' lang='lat' dir='ltr'><strong>auctor</strong></span> <span class='ocrx_word' id='word_1_877' title='bbox 3031 4336 3406 4405; x_wconf 82' lang='lat' dir='ltr'><strong>principaliter</strong></span> <span class='ocrx_word' id='word_1_878' title='bbox 3446 4337 3610 4404; x_wconf 86' lang='lat' dir='ltr'><strong>bona,</strong></span> 
     </span>
    </p>
   </div>
   <div class='ocr_carea' id='block_1_119' title="bbox 2027 4406 3613 4475">
    <p class='ocr_par' dir='ltr' id='par_1_119' title="bbox 2027 4406 3613 4475">
     <span class='ocr_line' id='line_1_120' title="bbox 2027 4406 3613 4475; baseline 0.003 -18"><span class='ocrx_word' id='word_1_879' title='bbox 2027 4409 2110 4460; x_wconf 89' lang='lat' dir='ltr'><strong>vel</strong></span> <span class='ocrx_word' id='word_1_880' title='bbox 2144 4408 2457 4475; x_wconf 74' lang='lat' dir='ltr'><strong>principalia</strong></span> <span class='ocrx_word' id='word_1_881' title='bbox 2488 4406 2650 4459; x_wconf 90' lang='lat' dir='ltr'><strong>bona.</strong></span> <span class='ocrx_word' id='word_1_882' title='bbox 2683 4406 2795 4458; x_wconf 79' lang='lat' dir='ltr'><strong>Alia</strong></span> <span class='ocrx_word' id='word_1_883' title='bbox 2848 4406 3159 4460; x_wconf 84' lang='lat' dir='ltr'><strong>cc0nlrario</strong></span> <span class='ocrx_word' id='word_1_884' title='bbox 3208 4421 3302 4473; x_wconf 86' lang='lat' dir='ltr'><strong>per</strong></span> <span class='ocrx_word' id='word_1_885' title='bbox 3343 4420 3401 4459; x_wconf 88' lang='lat' dir='ltr'><strong>se</strong></span> <span class='ocrx_word' id='word_1_886' title='bbox 3438 4420 3491 4462; x_wconf 91' lang='lat' dir='ltr'><strong>et</strong></span> <span class='ocrx_word' id='word_1_887' title='bbox 3532 4408 3613 4461; x_wconf 92' lang='lat' dir='ltr'><strong>in-</strong></span> 
     </span>
    </p>
   </div>
   <div class='ocr_carea' id='block_1_120' title="bbox 2030 4475 3613 4546">
    <p class='ocr_par' dir='ltr' id='par_1_120' title="bbox 2030 4475 3613 4546">
     <span class='ocr_line' id='line_1_121' title="bbox 2030 4475 3613 4546; baseline -0.003 -16"><span class='ocrx_word' id='word_1_888' title='bbox 2030 4478 2264 4532; x_wconf 90' lang='lat' dir='ltr'><strong>trinsece</strong></span> <span class='ocrx_word' id='word_1_889' title='bbox 2303 4478 2466 4540; x_wconf 86' lang='lat' dir='ltr'><strong>mala,</strong></span> <span class='ocrx_word' id='word_1_890' title='bbox 2515 4486 2572 4530; x_wconf 93' lang='lat' dir='ltr'><strong>ut</strong></span> <span class='ocrx_word' id='word_1_891' title='bbox 2621 4491 2913 4546; x_wconf 89' lang='lat' dir='ltr'><strong>numquam</strong></span> <span class='ocrx_word' id='word_1_892' title='bbox 2962 4478 3168 4544; x_wconf 85' lang='lat' dir='ltr'><strong>possint</strong></span> <span class='ocrx_word' id='word_1_893' title='bbox 3218 4475 3330 4530; x_wconf 89' lang='lat' dir='ltr'><strong>tieri</strong></span> <span class='ocrx_word' id='word_1_894' title='bbox 3363 4478 3519 4546; x_wconf 63' lang='lat' dir='ltr'><strong>bona,</strong></span> <span class='ocrx_word' id='word_1_895' title='bbox 3558 4490 3613 4533; x_wconf 80' lang='grc' dir='ltr'><strong>ιιι</strong></span> 
     </span>
    </p>
   </div>
   <div class='ocr_carea' id='block_1_121' title="bbox 2031 4547 3612 4610">
    <p class='ocr_par' dir='ltr' id='par_1_121' title="bbox 2031 4547 3612 4610">
     <span class='ocr_line' id='line_1_122' title="bbox 2031 4547 3612 4610; baseline 0.002 -9"><span class='ocrx_word' id='word_1_896' title='bbox 2031 4549 2393 4608; x_wconf 86' lang='lat' dir='ltr'><strong>mendacium,</strong></span> <span class='ocrx_word' id='word_1_897' title='bbox 2420 4547 2767 4610; x_wconf 83' lang='lat' dir='ltr'><strong>adulterium,</strong></span> <span class='ocrx_word' id='word_1_898' title='bbox 2801 4557 2908 4601; x_wconf 90' lang='lat' dir='ltr'><strong>etc.</strong></span> <span class='ocrx_word' id='word_1_899' title='bbox 2943 4547 3005 4601; x_wconf 85' lang='lat' dir='ltr'><strong>Et</strong></span> <span class='ocrx_word' id='word_1_900' title='bbox 3035 4550 3148 4603; x_wconf 67' lang='lat' dir='ltr'><strong>haec</strong></span> <span class='ocrx_word' id='word_1_901' title='bbox 3176 4548 3427 4603; x_wconf 86' lang='lat' dir='ltr'><strong>similiter</strong></span> <span class='ocrx_word' id='word_1_902' title='bbox 3462 4560 3612 4605; x_wconf 83' lang='lat' dir='ltr'><strong>vocat</strong></span> 
     </span>
    </p>
   </div>
   <div class='ocr_carea' id='block_1_122' title="bbox 2031 4618 3610 4687">
    <p class='ocr_par' dir='ltr' id='par_1_122' title="bbox 2031 4618 3610 4687">
     <span class='ocr_line' id='line_1_123' title="bbox 2031 4618 3610 4687; baseline 0.001 -15"><span class='ocrx_word' id='word_1_903' title='bbox 2031 4620 2399 4687; x_wconf 64' lang='lat' dir='ltr'><strong>principaliter</strong></span> <span class='ocrx_word' id='word_1_904' title='bbox 2446 4619 2605 4683; x_wconf 82' lang='lat' dir='ltr'><strong>mala,</strong></span> <span class='ocrx_word' id='word_1_905' title='bbox 2652 4619 2739 4672; x_wconf 83' lang='lat' dir='ltr'><strong>vel</strong></span> <span class='ocrx_word' id='word_1_906' title='bbox 2787 4618 3101 4685; x_wconf 70' lang='lat' dir='ltr'><strong>principalia</strong></span> <span class='ocrx_word' id='word_1_907' title='bbox 3144 4620 3313 4683; x_wconf 88' lang='lat' dir='ltr'><strong>mala;</strong></span> <span class='ocrx_word' id='word_1_908' title='bbox 3356 4622 3610 4687; x_wconf 82' lang='lat' dir='ltr'><strong>quoniam</strong></span> 
     </span>
    </p>
   </div>
   <div class='ocr_carea' id='block_1_123' title="bbox 2030 4688 3606 4757">
    <p class='ocr_par' dir='ltr' id='par_1_123' title="bbox 2030 4688 3606 4757">
     <span class='ocr_line' id='line_1_124' title="bbox 2030 4688 3606 4757; baseline 0.001 -14"><span class='ocrx_word' id='word_1_909' title='bbox 2030 4705 2135 4744; x_wconf 92' lang='lat' dir='ltr'><strong>non</strong></span> <span class='ocrx_word' id='word_1_910' title='bbox 2171 4693 2292 4745; x_wconf 89' lang='lat' dir='ltr'><strong>ideo</strong></span> <span class='ocrx_word' id='word_1_911' title='bbox 2321 4689 2480 4755; x_wconf 89' lang='lat' dir='ltr'><strong>mala,</strong></span> <span class='ocrx_word' id='word_1_912' title='bbox 2527 4692 2649 4757; x_wconf 80' lang='lat' dir='ltr'><strong>quia</strong></span> <span class='ocrx_word' id='word_1_913' title='bbox 2680 4688 2981 4756; x_wconf 85' lang='lat' dir='ltr'><strong>prohibita;</strong></span> <span class='ocrx_word' id='word_1_914' title='bbox 3024 4690 3116 4743; x_wconf 91' lang='lat' dir='ltr'><strong>sed</strong></span> <span class='ocrx_word' id='word_1_915' title='bbox 3153 4689 3274 4743; x_wconf 89' lang='lat' dir='ltr'><strong>ideo</strong></span> <span class='ocrx_word' id='word_1_916' title='bbox 3318 4691 3606 4757; x_wconf 80' lang='lat' dir='ltr'><strong>prohibita,</strong></span> 
     </span>
    </p>
   </div>
   <div class='ocr_carea' id='block_1_124' title="bbox 2028 4759 3610 4830">
    <p class='ocr_par' dir='ltr' id='par_1_124' title="bbox 2028 4759 3610 4830">
     <span class='ocr_line' id='line_1_125' title="bbox 2028 4759 3610 4830; baseline 0.003 -18"><span class='ocrx_word' id='word_1_917' title='bbox 2028 4763 2149 4830; x_wconf 88' lang='lat' dir='ltr'><strong>quia</strong></span> <span class='ocrx_word' id='word_1_918' title='bbox 2194 4761 2349 4815; x_wconf 88' lang='lat' dir='ltr'><strong>mala.</strong></span> <span class='ocrx_word' id='word_1_919' title='bbox 2400 4760 2543 4815; x_wconf 90' lang='lat' dir='ltr'><strong>Inter</strong></span> <span class='ocrx_word' id='word_1_920' title='bbox 2590 4759 2704 4811; x_wconf 78' lang='lat' dir='ltr'><strong>hzrc</strong></span> <span class='ocrx_word' id='word_1_921' title='bbox 2748 4769 2927 4830; x_wconf 88' lang='lat' dir='ltr'><strong>autem</strong></span> <span class='ocrx_word' id='word_1_922' title='bbox 2977 4768 3237 4822; x_wconf 83' lang='lat' dir='ltr'><strong>extrema,</strong></span> <span class='ocrx_word' id='word_1_923' title='bbox 3268 4769 3395 4813; x_wconf 89' lang='lat' dir='ltr'><strong>sunt</strong></span> <span class='ocrx_word' id='word_1_924' title='bbox 3437 4764 3610 4816; x_wconf 84' lang='lat' dir='ltr'><strong>media</strong></span> 
     </span>
    </p>
   </div>
   <div class='ocr_carea' id='block_1_125' title="bbox 2028 4829 3610 4901">
    <p class='ocr_par' dir='ltr' id='par_1_125' title="bbox 2028 4829 3610 4901">
     <span class='ocr_line' id='line_1_126' title="bbox 2028 4829 3610 4901; baseline 0.002 -15"><span class='ocrx_word' id='word_1_925' title='bbox 2028 4829 2293 4901; x_wconf 68' lang='lat' dir='ltr'><strong>quzedam,</strong></span> <span class='ocrx_word' id='word_1_926' title='bbox 2329 4838 2383 4885; x_wconf 92' lang='lat' dir='ltr'><strong>ct</strong></span> <span class='ocrx_word' id='word_1_927' title='bbox 2414 4831 2577 4884; x_wconf 77' lang='lat' dir='ltr'><strong>Veluti</strong></span> <span class='ocrx_word' id='word_1_928' title='bbox 2605 4829 2919 4901; x_wconf 80' lang='lat' dir='ltr'><strong>adiaphura.</strong></span> <span class='ocrx_word' id='word_1_929' title='bbox 2952 4831 3001 4884; x_wconf 92' lang='lat' dir='ltr'><strong>in</strong></span> <span class='ocrx_word' id='word_1_930' title='bbox 3025 4846 3131 4900; x_wconf 69' lang='lat' dir='ltr'><strong>qua</strong></span> <span class='ocrx_word' id='word_1_931' title='bbox 3157 4845 3355 4899; x_wconf 85' lang='lat' dir='ltr'><strong>genere</strong></span> <span class='ocrx_word' id='word_1_932' title='bbox 3381 4835 3610 4889; x_wconf 74' lang='lat' dir='ltr'><strong>collocat</strong></span> 
     </span>
    </p>
   </div>
   <div class='ocr_carea' id='block_1_126' title="bbox 2025 4900 3609 4971">
    <p class='ocr_par' dir='ltr' id='par_1_126' title="bbox 2025 4900 3609 4971">
     <span class='ocr_line' id='line_1_127' title="bbox 2025 4900 3609 4971; baseline 0.001 -16"><span class='ocrx_word' id='word_1_933' title='bbox 2025 4900 2427 4968; x_wconf 82' lang='lat' dir='ltr'><strong>abstinentiam,</strong></span> <span class='ocrx_word' id='word_1_934' title='bbox 2460 4901 2744 4969; x_wconf 88' lang='lat' dir='ltr'><strong>jejunium,</strong></span> <span class='ocrx_word' id='word_1_935' title='bbox 2778 4912 2833 4956; x_wconf 91' lang='lat' dir='ltr'><strong>et</strong></span> <span class='ocrx_word' id='word_1_936' title='bbox 2877 4900 3146 4956; x_wconf 82' lang='lat' dir='ltr'><strong>delectum</strong></span> <span class='ocrx_word' id='word_1_937' title='bbox 3190 4901 3458 4970; x_wconf 81' lang='lat' dir='ltr'><strong>ciborum,</strong></span> <span class='ocrx_word' id='word_1_938' title='bbox 3491 4921 3609 4971; x_wconf 74' lang='lat' dir='ltr'><strong>qlltt:</strong></span> 
     </span>
    </p>
   </div>
   <div class='ocr_carea' id='block_1_127' title="bbox 2025 4971 3609 5043">
    <p class='ocr_par' dir='ltr' id='par_1_127' title="bbox 2025 4971 3609 5043">
     <span class='ocr_line' id='line_1_128' title="bbox 2025 4971 3609 5043; baseline 0.002 -16"><span class='ocrx_word' id='word_1_939' title='bbox 2025 4974 2068 5027; x_wconf 91' lang='lat' dir='ltr'><strong>si</strong></span> <span class='ocrx_word' id='word_1_940' title='bbox 2117 4988 2357 5043; x_wconf 82' lang='lat' dir='ltr'><strong>congruo</strong></span> <span class='ocrx_word' id='word_1_941' title='bbox 2399 4983 2640 5040; x_wconf 88' lang='lat' dir='ltr'><strong>tempore</strong></span> <span class='ocrx_word' id='word_1_942' title='bbox 2673 4975 2799 5027; x_wconf 86' lang='lat' dir='ltr'><strong>llant</strong></span> <span class='ocrx_word' id='word_1_943' title='bbox 2839 4981 2896 5026; x_wconf 89' lang='lat' dir='ltr'><strong>et</strong></span> <span class='ocrx_word' id='word_1_944' title='bbox 2935 4972 3001 5027; x_wconf 85' lang='lat' dir='ltr'><strong>ad</strong></span> <span class='ocrx_word' id='word_1_945' title='bbox 3035 4971 3232 5027; x_wconf 91' lang='lat' dir='ltr'><strong>b0num</strong></span> <span class='ocrx_word' id='word_1_946' title='bbox 3281 4972 3440 5027; x_wconf 85' lang='lat' dir='ltr'><strong>linem</strong></span> <span class='ocrx_word' id='word_1_947' title='bbox 3470 4976 3609 5030; x_wconf 71' lang='lat' dir='ltr'><strong>rci‘c~</strong></span> 
     </span>
    </p>
   </div>
   <div class='ocr_carea' id='block_1_128' title="bbox 2025 5044 3601 5113">
    <p class='ocr_par' dir='ltr' id='par_1_128' title="bbox 2025 5044 3601 5113">
     <span class='ocr_line' id='line_1_129' title="bbox 2025 5044 3601 5113; baseline 0.001 -17"><span class='ocrx_word' id='word_1_948' title='bbox 2025 5053 2233 5109; x_wconf 89' lang='lat' dir='ltr'><strong>rantur,</strong></span> <span class='ocrx_word' id='word_1_949' title='bbox 2264 5052 2386 5111; x_wconf 87' lang='lat' dir='ltr'><strong>puta</strong></span> <span class='ocrx_word' id='word_1_950' title='bbox 2418 5044 2483 5097; x_wconf 90' lang='lat' dir='ltr'><strong>ad</strong></span> <span class='ocrx_word' id='word_1_951' title='bbox 2510 5045 2602 5099; x_wconf 85' lang='lat' dir='ltr'><strong>Dei</strong></span> <span class='ocrx_word' id='word_1_952' title='bbox 2625 5045 2856 5113; x_wconf 89' lang='lat' dir='ltr'><strong>gloriam</strong></span> <span class='ocrx_word' id='word_1_953' title='bbox 2882 5053 2934 5098; x_wconf 91' lang='lat' dir='ltr'><strong>et</strong></span> <span class='ocrx_word' id='word_1_954' title='bbox 2954 5045 3130 5099; x_wconf 87' lang='lat' dir='ltr'><strong>carnis</strong></span> <span class='ocrx_word' id='word_1_955' title='bbox 3162 5046 3601 5110; x_wconf 79' lang='lat' dir='ltr'><strong>maceratinnctn,</strong></span> 
     </span>
    </p>
   </div>
   <div class='ocr_carea' id='block_1_129' title="bbox 2024 5114 3607 5183">
    <p class='ocr_par' dir='ltr' id='par_1_129' title="bbox 2024 5114 3607 5183">
     <span class='ocr_line' id='line_1_130' title="bbox 2024 5114 3607 5183; baseline 0.001 -15"><span class='ocrx_word' id='word_1_956' title='bbox 2024 5115 2196 5178; x_wconf 86' lang='lat' dir='ltr'><strong>bona;</strong></span> <span class='ocrx_word' id='word_1_957' title='bbox 2224 5115 2267 5169; x_wconf 90' lang='lat' dir='ltr'><strong>si</strong></span> <span class='ocrx_word' id='word_1_958' title='bbox 2291 5116 2355 5169; x_wconf 82' lang='lat' dir='ltr'><strong>ad</strong></span> <span class='ocrx_word' id='word_1_959' title='bbox 2386 5116 2584 5169; x_wconf 86' lang='lat' dir='ltr'><strong>malum</strong></span> <span class='ocrx_word' id='word_1_960' title='bbox 2610 5114 2791 5179; x_wconf 78' lang='lat' dir='ltr'><strong>linem,</strong></span> <span class='ocrx_word' id='word_1_961' title='bbox 2826 5126 2951 5183; x_wconf 88' lang='lat' dir='ltr'><strong>pttta</strong></span> <span class='ocrx_word' id='word_1_962' title='bbox 2977 5114 3042 5169; x_wconf 86' lang='lat' dir='ltr'><strong>ad</strong></span> <span class='ocrx_word' id='word_1_963' title='bbox 3075 5116 3493 5170; x_wconf 76' lang='lat' dir='ltr'><strong>ostentationem</strong></span> <span class='ocrx_word' id='word_1_964' title='bbox 3517 5128 3607 5170; x_wconf 75' lang='lat' dir='ltr'><strong>aut.</strong></span> 
     </span>
    </p>
   </div>
   <div class='ocr_carea' id='block_1_130' title="bbox 2023 5186 3605 5257">
    <p class='ocr_par' dir='ltr' id='par_1_130' title="bbox 2023 5186 3605 5257">
     <span class='ocr_line' id='line_1_131' title="bbox 2023 5186 3605 5257; baseline 0.003 -19"><span class='ocrx_word' id='word_1_965' title='bbox 2023 5186 2487 5255; x_wconf 86' lang='lat' dir='ltr'><strong>superstitionem,</strong></span> <span class='ocrx_word' id='word_1_966' title='bbox 2517 5189 2598 5241; x_wconf 83' lang='lat' dir='ltr'><strong>vel</strong></span> <span class='ocrx_word' id='word_1_967' title='bbox 2632 5187 2815 5242; x_wconf 89' lang='lat' dir='ltr'><strong>alieno</strong></span> <span class='ocrx_word' id='word_1_968' title='bbox 2843 5195 3108 5257; x_wconf 84' lang='lat' dir='ltr'><strong>tempore,</strong></span> <span class='ocrx_word' id='word_1_969' title='bbox 3139 5186 3223 5240; x_wconf 84' lang='lat' dir='ltr'><strong>vel</strong></span> <span class='ocrx_word' id='word_1_970' title='bbox 3254 5187 3605 5243; x_wconf 80' lang='lat' dir='ltr'><strong>immoderate</strong></span> 
     </span>
    </p>
   </div>
   <div class='ocr_carea' id='block_1_131' title="bbox 2022 5256 3605 5325">
    <p class='ocr_par' dir='ltr' id='par_1_131' title="bbox 2022 5256 3605 5325">
     <span class='ocr_line' id='line_1_132' title="bbox 2022 5256 3605 5325; baseline 0.003 -15"><span class='ocrx_word' id='word_1_971' title='bbox 2022 5268 2393 5325; x_wconf 56' lang='lat' dir='ltr'><strong>assumantur,</strong></span> <span class='ocrx_word' id='word_1_972' title='bbox 2452 5259 2611 5312; x_wconf 87' lang='lat' dir='ltr'><strong>mala.</strong></span> <span class='ocrx_word' id='word_1_973' title='bbox 2680 5257 2856 5313; x_wconf 87' lang='lat' dir='ltr'><strong>Habes</strong></span> <span class='ocrx_word' id='word_1_974' title='bbox 2912 5256 3154 5313; x_wconf 84' lang='lat' dir='ltr'><strong>eamdem</strong></span> <span class='ocrx_word' id='word_1_975' title='bbox 3206 5256 3605 5315; x_wconf 81' lang='lat' dir='ltr'><strong>distinctionem</strong></span> 
     </span>
    </p>
   </div>
   <div class='ocr_carea' id='block_1_132' title="bbox 2021 5328 2658 5399">
    <p class='ocr_par' dir='ltr' id='par_1_132' title="bbox 2021 5328 2658 5399">
     <span class='ocr_line' id='line_1_133' title="bbox 2021 5328 2658 5399; baseline -0.003 -17"><span class='ocrx_word' id='word_1_976' title='bbox 2021 5328 2309 5384; x_wconf 88' lang='lat' dir='ltr'><strong>collatione</strong></span> <span class='ocrx_word' id='word_1_977' title='bbox 2348 5333 2401 5393; x_wconf 85' lang='lat'><strong>6,</strong></span> <span class='ocrx_word' id='word_1_978' title='bbox 2443 5346 2563 5399; x_wconf 91' lang='lat' dir='ltr'><strong>cap.</strong></span> <span class='ocrx_word' id='word_1_979' title='bbox 2607 5333 2658 5385; x_wconf 81' lang='grc'><strong>5.</strong></span> 
     </span>
    </p>
   </div>
   <div class='ocr_carea' id='block_1_133' title="bbox 2095 5399 3601 5472">
    <p class='ocr_par' dir='ltr' id='par_1_133' title="bbox 2095 5399 3601 5472">
     <span class='ocr_line' id='line_1_134' title="bbox 2095 5399 3601 5472; baseline 0.002 -19"><span class='ocrx_word' id='word_1_980' title='bbox 2095 5411 2116 5436; x_wconf 71' lang='grc' dir='ltr'>ε</span> <span class='ocrx_word' id='word_1_981' title='bbox 2162 5399 2294 5472; x_wconf 81' lang='lat' dir='ltr'><strong>Quia</strong></span> <span class='ocrx_word' id='word_1_982' title='bbox 2330 5401 2514 5454; x_wconf 88' lang='lat' dir='ltr'><strong>virtute</strong></span> <span class='ocrx_word' id='word_1_983' title='bbox 2543 5417 2694 5454; x_wconf 88' lang='lat' dir='ltr'><strong>nemo</strong></span> <span class='ocrx_word' id='word_1_984' title='bbox 2724 5400 2857 5455; x_wconf 86' lang='lat' dir='ltr'><strong>male</strong></span> <span class='ocrx_word' id='word_1_985' title='bbox 2888 5400 2963 5452; x_wconf 83' lang='lat' dir='ltr'><strong>uti</strong></span> <span class='ocrx_word' id='word_1_986' title='bbox 3001 5409 3214 5472; x_wconf 39' lang='lat' dir='ltr'><strong>potest,</strong></span> <span class='ocrx_word' id='word_1_987' title='bbox 3234 5410 3292 5455; x_wconf 81' lang='lat' dir='ltr'><strong>ut</strong></span> <span class='ocrx_word' id='word_1_988' title='bbox 3324 5402 3395 5472; x_wconf 76' lang='lat' dir='ltr'><strong>ait</strong></span> <span class='ocrx_word' id='word_1_989' title='bbox 3425 5403 3601 5472; x_wconf 80' lang='lat' dir='ltr'><strong>Augu-</strong></span> 
     </span>
    </p>
   </div>
   <div class='ocr_carea' id='block_1_134' title="bbox 2020 5470 3602 5542">
    <p class='ocr_par' dir='ltr' id='par_1_134' title="bbox 2020 5470 3602 5542">
     <span class='ocr_line' id='line_1_135' title="bbox 2020 5470 3602 5542; baseline 0.003 -18"><span class='ocrx_word' id='word_1_990' title='bbox 2020 5470 2214 5542; x_wconf 81' lang='lat' dir='ltr'><strong>stinus.</strong></span> <span class='ocrx_word' id='word_1_991' title='bbox 2246 5471 2309 5525; x_wconf 85' lang='lat' dir='ltr'><strong>At</strong></span> <span class='ocrx_word' id='word_1_992' title='bbox 2334 5482 2519 5527; x_wconf 90' lang='lat' dir='ltr'><strong>contra</strong></span> <span class='ocrx_word' id='word_1_993' title='bbox 2546 5471 2734 5539; x_wconf 89' lang='lat' dir='ltr'><strong>objicit</strong></span> <span class='ocrx_word' id='word_1_994' title='bbox 2838 5470 3111 5542; x_wconf 77' lang='lat' dir='ltr'><strong>&#39;l‘homas(</strong></span> <span class='ocrx_word' id='word_1_995' title='bbox 3134 5470 3244 5538; x_wconf 76' lang='lat' dir='ltr'><strong>l-2,</strong></span> <span class='ocrx_word' id='word_1_996' title='bbox 3269 5489 3320 5542; x_wconf 84' lang='lat' dir='ltr'><strong>q.</strong></span> <span class='ocrx_word' id='word_1_997' title='bbox 3346 5471 3431 5534; x_wconf 80' lang='lat'><strong>55.,</strong></span> <span class='ocrx_word' id='word_1_998' title='bbox 3459 5470 3602 5541; x_wconf 56' lang='grc' dir='ltr'><strong>τείως</strong></span> 
     </span>
    </p>
   </div>
   <div class='ocr_carea' id='block_1_135' title="bbox 2023 5540 3602 5614">
    <p class='ocr_par' dir='ltr' id='par_1_135' title="bbox 2023 5540 3602 5614">
     <span class='ocr_line' id='line_1_136' title="bbox 2023 5540 3602 5614; baseline 0.003 -19"><span class='ocrx_word' id='word_1_999' title='bbox 2023 5540 2341 5611; x_wconf 78' lang='lat' dir='ltr'><strong>Quicumque</strong></span> <span class='ocrx_word' id='word_1_1000' title='bbox 2384 5544 2609 5614; x_wconf 85' lang='lat' dir='ltr'><strong>superbit</strong></span> <span class='ocrx_word' id='word_1_1001' title='bbox 2652 5544 2715 5596; x_wconf 77' lang='lat' dir='ltr'><strong>de</strong></span> <span class='ocrx_word' id='word_1_1002' title='bbox 2758 5543 2954 5614; x_wconf 75' lang='lat' dir='ltr'><strong>aliqua,</strong></span> <span class='ocrx_word' id='word_1_1003' title='bbox 3002 5540 3137 5598; x_wconf 89' lang='lat' dir='ltr'><strong>male</strong></span> <span class='ocrx_word' id='word_1_1004' title='bbox 3181 5540 3343 5598; x_wconf 81' lang='lat' dir='ltr'><strong>utitur</strong></span> <span class='ocrx_word' id='word_1_1005' title='bbox 3389 5560 3485 5597; x_wconf 75' lang='lat' dir='ltr'><strong>eo:</strong></span> <span class='ocrx_word' id='word_1_1006' title='bbox 3515 5545 3602 5599; x_wconf 84' lang='lat' dir='ltr'><strong>sed</strong></span> 
     </span>
    </p>
   </div>
   <div class='ocr_carea' id='block_1_136' title="bbox 2019 5613 3600 5685">
    <p class='ocr_par' dir='ltr' id='par_1_136' title="bbox 2019 5613 3600 5685">
     <span class='ocr_line' id='line_1_137' title="bbox 2019 5613 3600 5685; baseline 0.004 -22"><span class='ocrx_word' id='word_1_1007' title='bbox 2019 5615 2167 5667; x_wconf 87' lang='lat' dir='ltr'><strong>multi</strong></span> <span class='ocrx_word' id='word_1_1008' title='bbox 2195 5614 2495 5685; x_wconf 72' lang='lat' dir='ltr'><strong>superbiant</strong></span> <span class='ocrx_word' id='word_1_1009' title='bbox 2527 5613 2591 5667; x_wconf 85' lang='lat' dir='ltr'><strong>dc</strong></span> <span class='ocrx_word' id='word_1_1010' title='bbox 2619 5616 2841 5679; x_wconf 74' lang='lat' dir='ltr'><strong>virtute;</strong></span> <span class='ocrx_word' id='word_1_1011' title='bbox 2871 5614 2997 5668; x_wconf 87' lang='lat' dir='ltr'><strong>dicit</strong></span> <span class='ocrx_word' id='word_1_1012' title='bbox 3038 5617 3176 5669; x_wconf 88' lang='lat' dir='ltr'><strong>enint</strong></span> <span class='ocrx_word' id='word_1_1013' title='bbox 3205 5617 3517 5685; x_wconf 71' lang='lat' dir='ltr'><strong>Augustinus</strong></span> <span class='ocrx_word' id='word_1_1014' title='bbox 3550 5618 3600 5670; x_wconf 86' lang='lat' dir='ltr'><strong>in</strong></span> 
     </span>
    </p>
   </div>
   <div class='ocr_carea' id='block_1_137' title="bbox 2019 5684 3598 5759">
    <p class='ocr_par' dir='ltr' id='par_1_137' title="bbox 2019 5684 3598 5759">
     <span class='ocr_line' id='line_1_138' title="bbox 2019 5684 3598 5759; baseline 0 -15"><span class='ocrx_word' id='word_1_1015' title='bbox 2019 5686 2219 5756; x_wconf 82' lang='lat' dir='ltr'><strong>Regula</strong></span> <span class='ocrx_word' id='word_1_1016' title='bbox 2259 5684 2425 5759; x_wconf 90' lang='lat' dir='ltr'><strong>(Cap.</strong></span> <span class='ocrx_word' id='word_1_1017' title='bbox 2449 5686 2483 5741; x_wconf 76' lang='grc' dir='ltr'>ὅ</span> <span class='ocrx_word' id='word_1_1018' title='bbox 2503 5686 2545 5758; x_wconf 87' lang='grc'><strong>),</strong></span> <span class='ocrx_word' id='word_1_1019' title='bbox 2573 5686 2711 5759; x_wconf 89' lang='lat' dir='ltr'><strong>quod</strong></span> <span class='ocrx_word' id='word_1_1020' title='bbox 2738 5688 2973 5759; x_wconf 82' lang='lat' dir='ltr'><strong>superbia</strong></span> <span class='ocrx_word' id='word_1_1021' title='bbox 3001 5688 3154 5742; x_wconf 88' lang='lat' dir='ltr'><strong>etiam</strong></span> <span class='ocrx_word' id='word_1_1022' title='bbox 3185 5684 3327 5743; x_wconf 76' lang='lat' dir='ltr'><strong>bonis</strong></span> <span class='ocrx_word' id='word_1_1023' title='bbox 3365 5705 3486 5753; x_wconf 72' lang='grc' dir='ltr'><strong>ομιτ</strong></span> <span class='ocrx_word' id='word_1_1024' title='bbox 3508 5689 3598 5744; x_wconf 89' lang='lat' dir='ltr'><strong>bus</strong></span> 
     </span>
    </p>
   </div>
  </div>
