4092 6322
318 210 459 297 uss
1028 237 1366 299 CULLATIO
1402 236 1546 298 χχι.
1575 270 1647 286 --
1674 216 1764 299 ne
1805 240 2217 301 anmssrons
2257 230 2879 316 QUINQUAGESIMAE.
3444 230 3597 312 mni

315 355 561 414 stissimo
587 353 923 425 declaratur,
953 355 1079 429 quia
1101 356 1242 414 sicut
1264 356 1525 428 justiticat
1552 357 1901 425 custoditum,
1929 342 1985 420 Α
2008 358 2191 414 cedem
2221 360 2535 430 pronuntiat
2575 359 2787 433 (Matth.
2820 348 2929 436 vr);
2958 354 3047 420 vel
3069 368 3296 436 quorum
3337 372 3436 437 per
3463 382 3593 439 pro-

312 446 387 503 ita
430 462 538 504 non
580 450 910 504 condemnat
952 448 1220 520 irruptum
1247 491 1265 519 ,
1312 449 1418 505 nisi
1466 450 1607 506 forte
1650 451 1903 522 praecepti
2007 450 2222 523 pbetam
2274 451 2530 507 Dominus
2571 451 2831 524 jejunium
2880 454 3215 528 detestatur,
3262 472 3328 514 ex
3358 474 3587 530 quorum

314 539 678 612 transgressio
716 540 890 612 magis
917 555 1081 611 quam
1110 555 1356 598 escarum
1390 542 1680 613 prmeeptio
1717 543 1903 612 punia—
2005 557 2237 613 persona
2266 559 2388 601 cum
2418 545 2520 601 sibi
2542 545 2805 617 objiciens
2835 556 2960 604 ante
2986 548 3230 615 dixisset,
3258 550 3430 619 Quare
3446 552 3592 624 jeju-

310 639 420 687 tur.
466 631 755 702 Principali
803 641 982 688 autem
1023 632 1169 689 bono
1207 632 1282 688 ita
1313 633 1519 689 nullum
1558 643 1776 705 oportet
1812 649 1904 690 va-
2004 638 2276 705 navimus,
2311 647 2359 693 et
2396 655 2497 693 non
2525 632 2806 709 aspexisti;
2848 638 3231 697 humiliavimus
3271 645 3471 699 animas
3497 661 3593 700 no-

310 740 475 781 cuum
505 739 628 781 esse
660 733 892 796 tempus,
921 731 981 780 ut
1004 728 1125 782 sine
1166 740 1232 781 eo
1257 725 1505 797 cuiquam
1542 741 1665 783 esse
1699 742 1806 783 non
1836 727 1895 782 li-
2003 738 2139 785 stras
2160 770 2174 794 ,
2214 738 2259 785 et
2286 731 2527 786 nescisti?
2551 730 2835 787 confestim
2876 732 3170 803 subiiciens
3201 734 3435 805 prodidit
3460 752 3592 793 cau-

310 825 434 873 ceat
459 858 475 885 ,
526 818 651 887 quia
698 831 925 874 necesse
959 825 1042 873 est
1087 819 1386 874 cessatione
1433 819 1551 888 ejus
1596 818 1653 873 in
1701 821 1900 875 malum
2002 834 2093 875 sas
2121 835 2218 875 cur
2252 836 2357 876 non
2392 833 2728 877 mererentur
2758 823 2930 878 audiri
2965 842 2978 877 :
3013 822 3166 892 Ecce,
3192 826 3391 897 inquit,
3425 826 3479 883 in
3504 829 3591 886 die

308 925 566 966 corruere
596 910 977 982 negligentem.
1011 911 1123 967 Nec
1153 926 1367 967 rursum
1399 920 1425 949 ι
1448 912 1730 984 principali
1760 914 1903 969 malo
1993 912 2189 984 jejunii
2217 914 2373 967 vestri
2397 913 2652 967 invenitur
2679 915 2913 970 voluntas
2938 914 3138 985 vestra,
3165 926 3214 973 et
3242 936 3416 975 omnes
3442 920 3587 977 debi-

309 1004 480 1058 ullum
506 1003 822 1060 conceditur
864 1012 1097 1074 tempus,
1141 1005 1271 1076 quia
1318 1004 1462 1075 quod
1508 1006 1726 1061 noxium
1765 1020 1903 1061 sem-
2003 1012 2136 1089 tores
2165 1014 2358 1059 vestros
2385 1007 2629 1075 repetitis.
2673 1006 2804 1062 Ecce
2826 1006 2894 1062 ad
2925 1009 3038 1065 lites
3059 1019 3109 1066 et
3140 1015 3486 1070 contentiones
3501 1015 3589 1088 je-

305 1109 408 1165 per
433 1105 538 1163 est,
569 1109 865 1166 numquam
896 1095 1120 1165 poterit,
1171 1097 1218 1151 si
1245 1095 1541 1152 admissum
1574 1096 1759 1163 fuerit,
1791 1113 1900 1154 non
1992 1095 2217 1167 junctis,
2245 1108 2291 1151 et
2312 1098 2574 1169 percutitis
2595 1115 2766 1169 pugno
2788 1101 2963 1173 impie.
2999 1100 3177 1157 Nolite
3194 1106 3455 1176 jejunare,
3484 1108 3586 1162 sic-

308 1200 540 1254 nocere,
568 1188 653 1242 vel
679 1186 733 1243 in
775 1196 980 1258 partem
1013 1202 1266 1256 umquam
1300 1187 1624 1243 laudabilem
1653 1203 1899 1245 commu-
2000 1180 2055 1243 ut
2087 1207 2245 1262 usque
2274 1191 2327 1244 in
2364 1188 2501 1243 hanc
2537 1191 2691 1258 diem,
2726 1201 2780 1246 ut
2808 1196 3052 1248 audiatur
3089 1196 3144 1249 in
3164 1194 3362 1251 excelso
3392 1198 3589 1254 clamor

308 1283 433 1337 tari.
477 1282 556 1339 Ac
588 1283 812 1354 proinde
851 1298 913 1340 ea
943 1283 1137 1356 quibus
1164 1285 1452 1355 qualitates
1480 1294 1710 1342 statutas
1748 1286 1899 1343 vide—
1998 1293 2182 1338 vester.
2236 1280 2505 1352 Numquid
2540 1283 2642 1340 tale
2679 1294 2754 1340 est
2780 1289 3049 1360 jejunium
3094 1288 3233 1360 quod
3282 1291 3451 1362 elegi,
3498 1309 3588 1363 per

305 1392 429 1433 mus
455 1388 510 1434 et
550 1389 814 1449 tempora,
844 1388 900 1434 et
943 1394 1064 1450 qua:
1103 1379 1182 1435 sic
1219 1378 1500 1436 observata
1533 1380 1893 1450 sanctiﬁcam,
2001 1372 2134 1428 diem
2163 1373 2383 1448 aﬁligere
2414 1376 2670 1431 hominem
2700 1378 2927 1433 animam
2956 1382 3140 1436 suam?
3168 1379 3439 1453 Numquid
3464 1401 3589 1439 con-

304 1478 359 1523 ιιι
385 1470 585 1526 omissa
617 1486 722 1525 non
750 1471 1023 1541 polluant,
1061 1470 1237 1526 media
1263 1486 1385 1527 esse
1414 1472 1759 1528 manifestum
1785 1482 1894 1540 est,
1996 1458 2233 1536 torquere
2252 1467 2399 1537 quasi
2425 1467 2675 1521 circulum
2702 1480 2855 1541 caput
2879 1487 3047 1533 suum,
3081 1480 3127 1525 et
3153 1490 3357 1528 saccum
3377 1484 3425 1528 et
3450 1477 3586 1531 cine-

301 1572 362 1619 υι
389 1574 515 1633 puta
547 1566 793 1635 nuptias,
831 1564 1250 1635 agriculturam,
1291 1565 1538 1633 divitias,
1587 1566 1893 1622 solitudinis
1996 1572 2103 1610 rem
2129 1560 2393 1613 sternere?
2421 1557 2694 1629 Numquid
2719 1561 2860 1614 istud
2883 1563 3055 1616 vocavi
3072 1567 3358 1636 jejunium,
3384 1576 3432 1622 et
3451 1569 3587 1623 diem

298 1661 684 1722 “morionem.
717 1660 946 1731 vigilias,
990 1674 1267 1715 sacrorum
1315 1659 1626 1726 lectionem,
1665 1659 1893 1715 medim.
1997 1650 2360 1718 acceptabilem
2392 1646 2616 1705 Domino
2646 1651 2782 1723 (lsa.
2825 1652 3020 1725 Lvm)?
3052 1654 3257 1712 Deinde
3300 1656 3461 1713 infert
3484 1660 3585 1715 do-

298 1751 615 1821 tionemque
660 1751 921 1806 librorum
948 1791 965 1816 ,
1015 1750 1239 1821 ipsaque
1282 1749 1486 1822 jejunia
1514 1790 1531 1816 ,
1582 1751 1650 1806 de
1696 1750 1892 1821 quibus
1922 1749 1969 1810 Β
1997 1756 2127 1797 cens
2172 1742 2445 1813 quomodo
2474 1745 2820 1815 acceptabilis
2849 1746 2941 1802 fiat
2968 1748 3304 1805 continentia
3338 1751 3587 1822 jejunan-

295 1843 624 1913 principium
669 1843 937 1899 sermonis
984 1850 1235 1898 exortum
1273 1852 1378 1898 est.
1410 1842 1542 1909 Quae
1582 1842 1764 1896 omnia
1812 1842 1894 1897 di-
1996 1832 2086 1903 liS.
2113 1843 2275 1905 alque
2307 1832 2589 1892 evidenter
2621 1839 2867 1894 enuntiat
2895 1855 2990 1910 per
3029 1857 3089 1897 se
3115 1841 3289 1898 solum
3317 1843 3583 1915 jejunium

292 1935 420 1992 vina
451 1936 765 2005 praeceptio,
796 1935 881 1991 vel
912 1944 1222 1991 sanctarum
1253 1936 1548 1991 auctoritas
1582 1933 1891 2003 Scriptura.
1994 1941 2101 1981 non
2128 1942 2282 1996 posse
2303 1928 2587 1999 prodesse,
2623 1929 2725 1986 nisi
2753 1929 2854 1986 has
2874 1948 2994 2004 qua:
3015 1935 3374 2004 subjiciuntur
3395 1951 3584 1994 causas

290 2045 439 2093 rum.
488 2045 592 2085 non
630 2030 706 2085 ita
737 2029 1134 2086 incessabiliter
1175 2028 1470 2085 obtinenda
1495 2069 1511 2094 ,
1560 2042 1659 2083 nec
1683 2028 1886 2098 jugiter

1994 2016 2246 2074 habuerit
2274 2031 2673 2092 consequentes
2701 2040 2718 2079 :
2745 2022 2933 2079 Nonne
2959 2025 3055 2079 hoc
3081 2035 3175 2094 est,
3207 2027 3479 2098 inquiens,
3508 2032 3585 2098 ie-

290 2121 652 2178 custodienda
699 2120 959 2187 decrevit,
1015 2130 1074 2176 ut
1117 2135 1179 2176 ea
1213 2120 1487 2191 paululum
1535 2119 1886 2176 intermisisse

1987 2109 2197 2178 junium
2224 2115 2362 2181 quod
2403 2116 2573 2185 elegi?
2599 2113 2831 2171 Dissolve
2870 2117 3231 2192 colligationes
3267 2121 3545 2191 impietatis
3567 2164 3583 2190 ,

292 2212 568 2269 nefarium
598 2210 687 2266 sit.
721 2209 991 2280 Quidquid
1026 2210 1174 2265 enim
1202 2208 1524 2280 imperative
1553 2209 1888 2277 decernitur,

291 2314 529 2360 mortem
560 2302 789 2374 ’iguorat
844 2316 951 2356 non
1000 2301 1309 2369 impletum;
1367 2314 1724 2371 quaecumque
1762 2314 1891 2355 vero

292 2396 597 2452 suadentur
632 2393 810 2465 potius
840 2407 1002 2464 quam
1025 2392 1306 2461 iubentur,
1336 2390 1474 2447 facta
1522 2402 1773 2462 prosunt,
1817 2392 1895 2447 in-

290 2487 436 2544 lecta
483 2501 591 2542 non
631 2486 877 2557 puniunt.
911 2484 982 2540 Et
1022 2485 1224 2540 idcirco
1262 2495 1357 2539 aut
1395 2487 1580 2540 omnia
1631 2484 1769 2552 haec,
1797 2492 1892 2541 aut

288 2588 444 2636 certe
472 2578 719 2650 quaedam
747 2619 763 2643 ,
791 2592 890 2649 pro
927 2591 1110 2639 causa,
1144 2592 1241 2648 pro
1267 2576 1408 2643 loco,
1453 2592 1548 2647 pro
1576 2577 1758 2643 modo,
1790 2592 1890 2647 pro

288 2683 561 2743 tempore,
593 2672 987 2741 circumspecte
1022 2683 1184 2740 agere
1215 2683 1314 2724 nos
1355 2669 1590 2738 majores
1622 2668 1796 2723 nostri
1836 2678 1892 2724 et

286 2767 519 2839 provide
548 2767 842 2823 observare
882 2767 1164 2836 jusserunt
1207 2784 1221 2820 :
1270 2767 1394 2838 quia
1439 2767 1483 2821 si
1525 2780 1767 2836 congrue
1796 2764 1890 2819 ho-

286 2874 415 2915 rum
467 2858 672 2929 aliquid
700 2858 978 2929 actitetur,
1027 2868 1213 2928 aptum
1256 2868 1418 2928 atque
1447 2858 1810 2923 conveniens;
1842 2856 1890 2912 si

287 2950 621 3024 incongrue,
653 2952 893 3022 ineptum
925 2964 1048 3007 esse
1074 2958 1290 3006 constat
1309 2965 1371 3005 ac
1395 2951 1623 3005 noxium
1656 2967 1668 3002 :
1699 2964 1764 3004 ac
1784 2947 1811 2987 δ
1841 2949 1890 3005 si

289 3046 433 3104 velit
458 3048 580 3116 quis
617 3046 671 3101 in
702 3044 886 3101 fratris
923 3043 1159 3101 adventu
1186 3044 1239 3099 in
1285 3058 1391 3116 quo
1420 3042 1694 3098 Christum
1726 3041 1891 3099 debet

1992 2203 2130 2258 solve
2159 2205 2433 2276 fasciculos
2464 2206 2823 2276 deprimentes.
2859 2209 3076 2265 Dimitte
3103 2227 3188 2265 eos
3215 2213 3301 2281 qui
3334 2215 3588 2285 confracti

1990 2308 2131 2362 sunt,
2161 2299 2367 2365 liberos,
2406 2310 2453 2355 et
2482 2296 2627 2356 omne
2653 2318 2783 2357 onus
2806 2302 3063 2373 dirumpe.
3105 2301 3314 2377 Frange
3345 2308 3585 2362 esurienti

1990 2406 2175 2462 panem
2217 2404 2361 2446 tuum
2387 2434 2404 2459 ,
2448 2403 2495 2447 et
2535 2410 2718 2464 egenos
2769 2411 3026 2467 vagosque
3070 2396 3228 2451 induc
3276 2399 3329 2452 in
3376 2399 3586 2454 domum

1993 2492 2153 2537 tuam.
2179 2482 2309 2537 Cum
2338 2482 2526 2540 videris
2555 2486 2772 2554 nudum,
2808 2488 2949 2559 operi
2970 2505 3106 2556 eum,
3139 2499 3186 2544 et
3208 2505 3415 2546 carnem
3443 2502 3585 2547 tuam

1991 2588 2056 2628 ne
2080 2574 2391 2643 despexeris.
2421 2574 2568 2630 Tunc
2594 2585 2820 2649 erumpet
2848 2580 2998 2649 quasi
3022 2596 3172 2634 mane
3203 2581 3376 2636 lumen
3404 2593 3584 2653 tuum,

1991 2674 2039 2719 et
2089 2668 2287 2721 sanitas
2331 2677 2417 2722 tua
2459 2670 2613 2723 citius
2642 2671 2855 2737 orietur,
2887 2680 2934 2725 et
2973 2672 3183 2727 anteibit
3209 2674 3397 2745 [aciem
3437 2683 3587 2738 tuam

1991 2758 2193 2825 iustitia
2224 2769 2333 2825 tua,
2366 2769 2418 2817 et
2438 2762 2605 2833 gloria
2632 2759 2844 2816 Domini
2870 2762 3076 2834 colliget
3107 2774 3171 2819 te.
3205 2764 3348 2819 Tunc
3374 2766 3584 2828 invoca-

1993 2849 2091 2918 bis,
2128 2862 2174 2905 et
2201 2849 2453 2905 Dominus
2476 2854 2752 2921 exaudiet;
2776 2855 3043 2922 clamabis,
3076 2865 3123 2911 et
3152 2855 3310 2927 dicet,
3337 2856 3469 2913 Ecce
3489 2859 3586 2913 ad-

1990 2957 2105 2995 sum
2140 2940 2332 3013 (Ibid).
2364 2938 2570 2998 Videtis
2598 2959 2729 3015 ergo
2754 2945 3022 3015 jejunium
3064 2961 3401 3018 nequaquam
3432 2950 3583 3020 prin-

1990 3032 2165 3103 cipale
2201 3032 2397 3088 bonum
2431 3032 2462 3090 a'
2510 3034 2742 3090 Domino
2783 3034 3034 3105 iudicari,
3083 3053 3150 3093 co
3179 3039 3323 3109 quod
3355 3054 3458 3095 non
3490 3056 3588 3111 per

289 3141 634 3198 humanitate
676 3139 902 3197 reﬁcere
929 3149 985 3196 et
1009 3136 1314 3211 gratissima
1341 3139 1689 3211 susceptione
1732 3154 1885 3195 com-
1914 3123 1960 3187 Ο
1992 3122 2253 3195 “ipsum.
2287 3126 2382 3181 8θά
2412 3142 2505 3197 ρετ
2535 3127 2638 3182 alia
2681 3142 2845 3197 Opem
2876 3128 3074 3184 bonum
3100 3144 3163 3184 θα
3192 3130 3446 3201 Plaeilum
3474 3132 3588 3189 Deo

289 3230 486 3304 plecti,
529 3232 897 3287 austeritatem
920 3229 1120 3301 jejunii
1148 3229 1425 3286 custodire
1452 3270 1469 3296 ,
1512 3245 1691 3284 nonne
1730 3229 1889 3284 inbu-

289 3324 568 3381 manitatis
598 3324 775 3395 potius
806 3323 1014 3379 crimen
1050 3322 1310 3389 incurrit,
1342 3336 1502 3392 quam
1551 3321 1762 3375 laudem
1796 3329 1888 3375 aut

286 3419 547 3475 meritum
579 3416 857 3489 religionis
885 3416 1156 3487 acquirit?
1191 3415 1283 3470 Vel
1333 3415 1378 3470 si
1404 3428 1526 3469 cum
1554 3412 1787 3470 defectio
1832 3422 1890 3469 et

288 3511 638 3569 imbecillitas
680 3509 861 3566 carnis
910 3510 1307 3580 reparationem
1354 3508 1546 3563 virium
1590 3522 1730 3563 escae
1759 3523 1886 3579 per-

287 3604 545 3675 ceptione
561 3602 827 3673 deposcit,
845 3617 954 3658 non
977 3601 1254 3674 aquiescat
1276 3601 1470 3672 aliquis
1501 3599 1737 3672 rigorem
1763 3602 1889 3657 abs-

286 3695 535 3753 tinentiae
568 3694 838 3761 relaxare,
867 3708 1049 3749 nonne
1076 3693 1248 3763 magis
1268 3688 1503 3748 crudelis
1533 3691 1614 3747 sui
1642 3692 1886 3763 corporis

284 3778 585 3851 homicida,
614 3801 777 3857 quam
800 3786 990 3841 salutis
1021 3784 1270 3855 provisor
1296 3793 1378 3840 est
1398 3783 1785 3840 aestimandus?
1806 3783 1883 3840 ita

284 3880 453 3935 etiam
484 3891 605 3932 cum
630 3883 843 3947 tempus
868 3874 1177 3932 festivitatis
1204 3891 1449 3931 escarum
1474 3890 1775 3945 congruum
1807 3873 1887 3931 fo-

285 3981 402 4028 tum
429 3978 485 4026 et
510 3970 857 4026 refectionem
886 3969 1210 4025 necessariae
1239 3968 1596 4025 absolutionis
1621 3964 1882 4038 indulget,

283 4066 328 4121 si
354 4065 479 4137 quis
513 4063 843 4133 jejuniorum
891 4061 1120 4133 rigidam
1168 4061 1570 4117 observantiam
1613 4060 1885 4130 indirupte

281 4154 522 4211 voluerit
548 4162 843 4219 retentare,
868 4167 1092 4209 necesse
1114 4160 1196 4207 est
1222 4162 1279 4207 ut
1307 4168 1412 4206 non
1443 4162 1548 4207 tam
1572 4152 1881 4222 religiosus,

282 4263 449 4320 quam
482 4246 791 4302 inconditus
820 4255 983 4316 atque
1027 4245 1423 4300 irrationabilis
1450 4243 1733 4302 habeatur.
1775 4245 1883 4302 Sed

283 4350 337 4395 et
364 4339 475 4394 illis
508 4339 622 4395 lucc
647 4338 996 4394 nihilominus
1021 4337 1366 4408 reperiuntur
1386 4337 1636 4407 adversa,
1667 4337 1756 4407 qui
1784 4336 1885 4393 hu-

283 4442 505 4488 manam
528 4429 739 4485 laudem
759 4429 978 4500 jejuuiis
1005 4436 1435 4495 aucupantur,et
1464 4428 1608 4482 inani
1636 4437 1883 4484 ostenta-

1989 3214 2122 3282 llat;
2169 3225 2224 3271 et
2259 3233 2474 3272 rursum
2502 3233 2568 3273 ex
2596 3218 2970 3275 accidentibus
3015 3223 3216 3287 causis,
3260 3236 3367 3278 non
3412 3224 3585 3280 solum

1989 3320 2207 3375 vanmn,
2243 3312 2428 3366 verum
2459 3311 2621 3366 etiam
2650 3313 2848 3367 odibile
2879 3320 3199 3380 censeatur,
3232 3315 3447 3372 dicente
3475 3316 3585 3373 Do-

1988 3402 2157 3470 mino,
2206 3418 2321 3457 cum
2339 3405 2725 3474 jejunaverint,
2766 3421 2866 3459 non
2901 3405 3178 3461 exaudiam
3205 3424 3376 3477 preces
3410 3425 3586 3465 eorum

1988 3492 2125 3567 (θεν.
2154 3498 2287 3566 xw).

2462 3592 2473 3621 ‘
2593 3588 2820 3648 CAPUT
2859 3590 2977 3650 XV.

1990 3703 2143 3770 Quod
2178 3721 2239 3758 ea
2263 3721 2379 3775 qua:
2407 3705 2488 3759 sui
2540 3713 2727 3782 natura
2757 3704 2886 3761 bona
2933 3716 3055 3782 sunt
3086 3723 3189 3782 non
3221 3708 3436 3763 debeant
3466 3728 3586 3782 pra-

2059 3784 2172 3845 pter
2207 3791 2267 3829 ea
2291 3792 2406 3843 qua:
2436 3776 2604 3830 media
2631 3786 2754 3851 sunt
2775 3780 3039 3845 exerceri;
3063 3778 3155 3833 sed
3180 3782 3387 3851 potius,
3416 3797 3443 3834 e
3466 3776 3586 3837 con-

2059 3862 2201 3923 verso
2227 3889 2241 3910 ,
2282 3863 2341 3901 ea
2369 3863 2487 3917 quer
2504 3847 2694 3923 Amedia
2737 3859 2878 3913 sunt,
2902 3851 2970 3923 ad
2999 3866 3057 3902 ea
3083 3847 3201 3921 quis
3227 3852 3586 3923 principaliter

2058 3918 2189 3973 bona
2214 3927 2332 3972 sunt
2361 3919 2697 3990 acquirendo,
2732 3922 2931 3990 suscipi
2956 3918 3189 3976 debeant.

2058 4054 2172 4111 Non
2200 4055 2341 4110 cnim
2370 4053 2739 4110 misericordia
2759 4100 2774 4125 ,
2807 4057 3095 4126 patientia,
3122 4066 3178 4113 et
3207 4054 3462 4127 cbaritas,
3494 4075 3585 4133 ve]

1984 4147 2076 4204 illa
2094 4147 2470 4219 praedictarum
2494 4154 2764 4218 praecepta
2788 4149 3064 4217 virtutum,
3088 4150 3138 4204 in
3166 4150 3360 4221 quibus
3382 4151 3569 4222 utique

1987 4243 2186 4298 bonum
2221 4251 2303 4297 est
2335 4241 2653 4311 principale,
2679 4249 2899 4312 propter
2923 4242 3133 4312 jejunia
3164 4253 3294 4299 sunt
3323 4246 3581 4313 tenenda,

1990 4346 2014 4376 θ
2045 4336 2141 4392 sed
2174 4336 2350 4405 ponus
2375 4334 2576 4404 jejunis
2624 4342 2844 4403 propter
2893 4335 3003 4389 illa.
3047 4335 3446 4393 Elaborandum
3499 4348 3585 4395 est

1985 4428 2133 4483 enim
2174 4438 2231 4481 ut
2262 4427 2489 4481 virtutes
2531 4425 2636 4480 illa:
2667 4441 2787 4495 qua:
2815 4442 2946 4483 vere
2985 4428 3141 4483 bona:
3164 4437 3322 4494 sunt,
3346 4430 3573 4500 jejuuiis
3610 4460 3615 4465 ι

284 4524 436 4580 tione
483 4522 732 4593 palloris,
784 4520 978 4576 famam
1027 4520 1329 4576 sanctitatis
1374 4521 1702 4591 acquirunt,
1735 4533 1870 4590 quos
1900 4499 2364 4589 D‘acquirantur,
2409 4532 2514 4572 non
2552 4524 2611 4571 ut
2651 4516 2717 4571 ad
2740 4516 3074 4587 jejuniorum
3124 4499 3415 4577 terminum
3456 4531 3546 4577 ten

284 4616 634 4689 evangelicae
659 4628 842 4695 sermo
870 4613 924 4670 in
964 4613 1219 4685 praesenti
1241 4626 1393 4668 suam
1424 4613 1698 4683 recepisse
1728 4628 1872 4670 mer-
1977 4611 2109 4667 dant
2139 4608 2351 4665 illarum
2382 4616 2535 4679 gesta
2568 4607 2847 4664 virtutum.
2878 4609 2960 4665 οι)
2992 4610 3093 4666 hoc
3128 4625 3259 4681 ergo
3309 4622 3393 4668 est
3437 4611 3582 4669 utilis

1334 4752 1593 4808 anno:
1634 4750 1869 4810 GAZASI
1909 4736 2479 4810 COMMENTARIUS.

284 4876 469 4945 possit,
493 4870 752 4927 interdum
774 4864 1170 4945 praetermissum
1197 4868 1538 4945 condemnare
1565 4885 1669 4945 non
1696 4869 1879 4945 possit;

283 4937 524 5015 quodque
550 4937 940 5015 nonnumquam
961 4941 1125 5015 egisse
1146 4937 1645 5015 reprehensibile_sit,
1675 4937 1750 4994 ait
1770 4940 1879 5015 ᾼιιο

284 5009 403 5071 ctor
432 5009 715 5084 superiori
739 5009 860 5080 ca’p.
891 5009 1166 5080 Jejunium
1198 5024 1328 5079 ergo
1378 5025 1485 5066 non
1528 5010 1750 5084 damnat
1782 5010 1880 5084 ho-

286 5082 516 5151 minem,
538 5086 665 5141 dum
695 5082 993 5154 frangitur,
1014 5088 1109 5154 aut
1129 5095 1234 5154 non
1258 5091 1528 5147 servatur,
1558 5083 1766 5138 scilicet
1800 5082 1878 5139 le-

286 5159 479 5228 gitime
510 5165 565 5213 et
585 5151 839 5226 tempore
855 5154 924 5209 ab
956 5151 1218 5228 Ecclesia
1236 5166 1521 5208 concesso.

358 5237 385 5266 ι
410 5229 679 5296 Quidnam
701 5223 860 5282 vocet
888 5223 1183 5296 principale
1205 5225 1426 5296 bonum,
1454 5230 1549 5278 aut
1579 5223 1878 5295 principale

287 5292 488 5377 malum
512 5341 528 5367 ,
556 5297 762 5377 dictum
792 5306 877 5353 est
892 5292 1069 5364 supra
1085 5292 1247 5377 _(Cap:
1282 5294 1410 5377 lg).

358 5369 387 5409 ι’
426 5365 543 5429 llus
580 5370 857 5438 pertinent
885 5382 1004 5438 qua:
1040 5365 1183 5438 alias
1214 5366 1281 5420 de
1311 5365 1683 5435 hospitalitate
1712 5381 1880 5422 exer-

289 5442 461 5497 cenda
485 5450 539 5497 et
560 5436 770 5511 jejunio
815 5436 1052 5509 regulari
1085 5452 1246 5492 causa
1280 5438 1555 5507 hospitum
1586 5438 1882 5494 relaxando

290 5525 400 5570 non
430 5510 600 5569 semel
620 5510 953 5567 notavimus.

362 5595 398 5659 οᾉ
426 5584 846 5659 Chrysostomus
872 5577 1121 5659 humilia
1155 5576 1225 5634 Π
1252 5578 1321 5659 ἱιι⁸
1349 5578 1659 5659 Matthmum
1695 5596 1709 5635 :
1752 5577 1884 5659 Hec

290 5653 422 5728 disi,
437 5649 689 5728 non'quia
709 5652 975 5728 jejunium
995 5649 1247 5728 millium}
1268 5650 1494 5728 placeat,
1518 5652 1657 5728 quod
1681 5653 1884 5728 magnis

289 5719 430 5787 solea
456 5719 637 5796 referre
658 5719 923 5793 laudibus,
944 5720 1036 5778 sed
1055 5723 1181 5793 quia
1200 5719 1356 5777 doleo
1382 5723 1452 5791 si,
1484 5719 1685 5778 steteris
1711 5721 1887 5796 negle-

1985 4870 2255 4943 ctis,jsatis
2290 4868 2360 4943 ad
2384 4869 2603 4943 salutem
2622 4941 2629 4943 ξ
2647 4870 2788 4925 vobis
2812 4870 3068 4943 iejunium
3095 4872 3408 4941 existimetis,
3436 4874 3577 4943 quod

1985 4891 2100 4933 ειη,
2128 4891 2255 4921 δηιιδ
2290 4891 2357 4922 αα
2384 4891 2603 4923 salutem
2647 4891 2788 4925 υοοιδ
2812 4891 3068 4943 jejunium
3095 4891 3408 4941 existimetis,
3475 4891 3576 4929 uoa

1984 4941 2038 4995 in
2065 4941 2221 4994 thoro
2258 4940 2503 4993 virtutum
2535 4941 2770 4995 ultimum
2797 4955 2934 4996 certe
2960 4944 3170 4997 sortitur
3200 4944 3391 4998 locum.
3421 4891 3576 4999 [grte-

1985 5012 2148 5083 ripum
2175 5026 2391 5083 namque
2420 5012 2627 5065 virtutes
2654 5020 2774 5067 sunt
2802 5012 3030 5083 charitas
3048 5056 3062 5079 ,
3091 5012 3358 5068 humilitas
3376 5057 3390 5080 ,
3428 5019 3580 5071 mise-

1982 5080 2231 5137 ricordia.
2260 5080 2324 5137 Et
2364 5082 2726 5153 Hieronymus
2766 5083 2832 5137 ad
2869 5082 3182 5139 Caelantiam
3216 5102 3229 5137 :
3272 5083 3413 5150 Quid
3442 5088 3577 5142 enim

1983 5153 2194 5226 prodest
2220 5154 2420 5207 tenuari
2444 5170 2631 5225 corpus
2659 5155 2998 5221 abstinentia,
3023 5156 3069 5210 si
3110 5157 3315 5209 animus
3353 5158 3576 5213 intume-

1983 5225 2386 5298 scitqsuperbia?’
2407 5241 2564 5296 quam
2590 5226 2796 5298 tandem
2820 5225 3148 5298 inierebimur
3176 5228 3239 5280 de
3266 5228 3469 5298 pallore
3499 5229 3575 5295 ie-

1984 5295 2140 5371 iunii,
2158 5293 2428 5371 siqinvidia'
2453 5297 2601 5350 lividi
2622 5297 2836 5371 sumus?
2856 5293 3026 5361 Tunc,
3068 5293 3296 5371 inquam,
3320 5293 3576 5371 prwclara

1985 5374 2060 5420 est
2086 5366 2410 5430 abstinentia,
2436 5376 2558 5421 tunc
2581 5368 2800 5436 pulchra
2826 5377 2979 5438 atque
3006 5366 3284 5440 magni/ica
3304 5366 3576 5440 castigatio

1983 5440 2239 5506 corporis,
2274 5456 2387 5491 cum
2415 5448 2489 5493 est
2520 5439 2721 5493 animus
2754 5441 2971 5510 jejunus
3020 5456 3053 5492 a
3093 5438 3256 5493 vitiis.
3288 5438 3458 5493 Immo
3485 5440 3574 5510 qui

1983 5509 2322 5581 probabiliter
2356 5525 2418 5563 ac
2461 5509 2681 5563 scienter
2727 5509 3046 5564 abstinentia:
3085 5510 3321 5564 virtutem
3373 5520 3571 5575 tenent,

1983 5595 2046 5705 go
2072 5580 2304 5652 aﬁliqunl
2327 5596 2532 5635 carnem
2575 5595 2749 5649 suam,
2784 5594 2885 5652 quo
2909 5582 3097 5637 animm
3125 5584 3373 5653 frangant
3395 5596 3577 5653 super-

2019 5667 2145 5705 tam.

2019 5667 2145 5709 tam.
