4092 6322
267 296 406 358 “93

964 293 1303 352 COLLATIO
1341 291 1487 352 XXI.
1517 321 1588 337 —
1617 291 1707 349 DE
1744 288 2161 349 REMISSIONE
2199 290 2817 362 QUINQUAGESlMﬁ.

3397 292 3544 356 “9‘

269 424 596 473 serraanam
632 414 989 479 custodirent,
1022 415 1268 486 discipuli
1299 425 1479 470 autem
1501 413 1725 471 Joannis
1753 410 1845 482 qui
1873 413 1921 470 A
1949 409 2155 480 gesimo
2185 409 2601 465 resurrectionis
2629 409 2747 478 ejus
2787 415 2904 463 acta
2933 413 3020 463 est
3040 405 3149 476 die,
3177 405 3414 476 apostoli
3449 420 3538 459 re-

267 524 532 564 summam
552 507 772 577 justitiae
807 523 866 563 se
890 507 960 563 de
982 507 1204 579 jejuniis
1229 505 1508 578 possidere
1527 505 1848 572 credebant,

267 603 466 673 quippe
514 601 658 656 illius
721 611 1021 657 sectatores
1078 601 1170 671 qui
1239 601 1468 658 eximius
1519 598 1852 672 pmnitentire

269 693 595 765 praedicator
625 693 701 749 ita
729 693 941 749 cunctis
967 693 1179 764 populis
1209 693 1438 749 formam
1458 708 1558 749 suo
1578 691 1854 763 praebebat

267 789 540 859 exemplo,
573 798 631 843 ut
660 803 766 844 non
818 789 994 844 solum
1032 789 1180 844 varia
1221 804 1466 845 escarum
1505 805 1703 860 genera
1733 803 1852 860 quae

269 881 518 941 humanis
547 879 732 936 usibus
748 889 1132 952 suggeruntur,
1159 881 1441 944 abnueret.
1472 896 1660 937 verum
1688 880 1853 936 etiam

241 983 608 1028 ‘communem
637 973 791 1042 panis
810 973 976 1042 ipsius
1002 988 1155 1029 esum
1185 975 1402 1044 penitus
1421 972 1718 1043 ignoraret,
1751 971 1854 1026 Do-

265 1065 420 1122 mino
445 1074 874 1135 conqueruntur,
905 1065 1170 1133 dicentes,
1204 1065 1379 1132 Quare
1405 1082 1497 1120 nos
1528 1074 1574 1120 et
1597 1064 1855 1119 Pharisa'i

265 1157 564 1228 jejunamns
587 1158 902 1227 frequenter,
927 1157 1171 1230 discipuli
1193 1168 1363 1212 autem
1393 1159 1468 1212 tui
1498 1174 1602 1212 non
1616 1159 1858 1230 jejunant

268 1251 462 1324 (Marc.
492 1252 580 1320 tt)?
621 1251 828 1318 Quibus
879 1252 1216 1320 reSpondens
1266 1251 1528 1306 Dominus
1572 1249 1857 1306 evidenter

267 1343 531 1411 ostendit,
557 1360 662 1400 non
689 1349 834 1400 omni
863 1354 1104 1416 tempore
1126 1360 1423 1415 congruunt
1450 1359 1573 1400 esse
1592 1345 1853 1416 jejunium

268 1447 322 1491 et
355 1437 748 1502 necessarium,
781 1451 903 1492 cum
937 1437 1115 1504 aliqua
1147 1435 1453 1492 festivitatis
1505 1446 1748 1506 tempore
1772 1436 1857 1491 vel

269 1528 638 1583 interveniens
688 1528 969 1583 cbaritatis
1021 1529 1256 1596 occasio,
1287 1528 1679 1598 indulgentiam
1711 1526 1859 1583 refe-

267 1621 469 1676 ctionis
495 1622 774 1676 admiserit
800 1640 812 1674 :
841 1630 866 1658 ι
897 1620 1172 1692 Numquid
1191 1632 1424 1691 possunt,
1458 1622 1729 1692 inquiens,
1757 1620 1858 1691 filii

270 1714 468 1785 Sponsi
508 1715 681 1785 lugere
724 1716 973 1786 quamdiu
1024 1732 1139 1769 cum
1185 1717 1291 1770 illis
1330 1726 1405 1770 est
1449 1715 1724 1788 Sponsus?
1759 1715 1860 1770 Ve-

1958 503 2098 559 versi
2121 503 2187 558 de
2217 515 2401 560 monte
2421 503 2639 570 Oliveti,
2673 505 2726 558 in
2750 519 2857 574 quo
2879 518 2939 559 se
2962 503 3028 557 ad
3054 502 3271 557 Patrem
3305 516 3545 570 pergens

1953 597 2187 669 praebuit
2212 599 2559 665 intuendum,
2591 599 2730 654 sicut
2759 598 2926 653 etiam
2975 599 3209 653 Actuum
3250 597 3546 666 Apostolo-

1956 707 2074 747 rum
2109 692 2269 748 lectio
2315 700 2656 748 contestatur
2682 691 2835 764 (Cap.
2867 691 2934 762 ι),
2965 691 3195 762 ingressi
3225 689 3547 763 Hierosoly-

1956 798 2118 852 mam,
2145 784 2331 840 decem
2354 785 2544 841 diebus
2566 786 2857 841 adventum
2887 785 3119 853 Spiritus
3148 783 3324 840 sancti
3347 797 3548 853 exspeo

1955 885 2134 932 ctasse
2180 875 2518 944 referuntur,
2551 877 2746 947 quibus
2800 877 3052 948 expletis,
3093 878 3547 948 quinquagesima

1957 985 2079 1027 eum
2109 970 2199 1026 die
2222 986 2348 1026 cum
2376 971 2572 1042 gaudio
2593 981 2974 1042 susceperunt,
3007 980 3063 1028 et
3091 973 3163 1027 ita
3193 982 3276 1028 est
3305 988 3402 1043 per
3424 972 3546 1029 hrec

1959 1063 2268 1120 festivitatis
2293 1064 2454 1134 hujus
2483 1080 2740 1121 numerus
2765 1065 3046 1121 evidenter
3072 1065 3346 1134 impletus.
3370 1064 3544 1132 Quem

1959 1158 2014 1214 in
2044 1159 2221 1214 veteri
2248 1173 2464 1229 quoque
2494 1157 2846 1214 Testamento
2873 1159 3100 1229 legimus
3132 1157 3428 1228 figuraliter
3459 1157 3549 1212 ad-

1961 1254 2286 1320 umbratum,
2319 1255 2370 1309 in
2401 1268 2510 1325 quo
2546 1253 2782 1324 (Deuter.
2821 1251 2957 1323 xvi),
2991 1253 3377 1309 consummatis
3411 1251 3549 1308 heb-

1959 1346 2276 1402 domadibus
2304 1357 2532 1416 septem,
2561 1346 2918 1416 primitiarum
2942 1345 3097 1416 panis
3121 1361 3215 1415 per
3236 1344 3549 1399 sacerdOtes

1965 1439 2194 1495 Domino
2260 1439 2551 1508 jubebatur
2607 1437 2821 1503 offerri,
2880 1438 2970 1508 qui
3043 1437 3393 1524 vpracissime
3449 1450 3547 1505 per

1961 1531 2332 1602 apostolorum
2374 1531 2840 1602 praedicationem,
2874 1547 2978 1600 qua
3001 1531 3053 1584 in
3095 1530 3189 1585 illo
3211 1530 3295 1584 die
3325 1529 3549 1584 concio-

1964 1625 2073 1679 nati
2099 1624 2353 1696 leguntur
2379 1623 2448 1678 ad
2494 1623 2772 1694 populum,
2805 1623 3016 1678 oblatus
3044 1622 3273 1677 Domino
3300 1635 3550 1690 compro-

1962 1714 2142 1779 batur,
2188 1731 2349 1772 verus
2394 1716 2605 1771 scilicet
2653 1716 3007 1785 primitiarum
3055 1715 3210 1784 panis
3247 1715 3360 1785 qui,
3389 1728 3552 1770 nova

268 1810 411 1862 nient
448 1819 620 1862 autem
664 1809 776 1863 dies
812 1825 927 1862 cum
974 1813 1243 1879 auferetur
1290 1811 1354 1864 ab
1394 1811 1468 1864 eis
1515 1810 1777 1878 Sponsus,
1805 1817 1853 1864 et
1887 1814 1932 1874 Β
1962 1808 2223 1864 doctrinae
2271 1807 2608 1863 institutione
2636 1808 2901 1878 prolatus,
2925 1807 3162 1877 quinque
3203 1805 3438 1861 millibus
3470 1807 3554 1859 vi-

267 1903 716 1974 tuncjejunabunt
745 1901 957 1972 (Ibid.).
980 1901 1150 1969 bQuze
1178 1903 1342 1958 verba
1372 1904 1501 1958 licet
1521 1913 1646 1959 ante
1675 1918 1857 1960 resur-

265 1994 572 2050 rectionem
605 1994 804 2048 dixerit
835 1996 1079 2064 corporis
1113 1995 1218 2061 sui,
1247 2006 1430 2050 tamen
1459 1996 1674 2066 proprie
1695 1996 1862 2064 Quin-

262 2088 598 2157 quagesimae
637 2096 850 2157 tempus
881 2088 1204 2154 ostendunt,
1239 2090 1291 2143 in
1321 2104 1428 2160 quo
1455 2100 1578 2159 post
1619 2105 1864 2147 resurre-

261 2178 500 2232 ctionem
527 2192 620 2247 per
647 2178 1002 2248 quadraginta
1035 2179 1150 2234 dies
1174 2180 1403 2235 Domino
1434 2195 1554 2236 cum
1579 2181 1864 2250 discipulis

263 2271 544 2339 epulante,
585 2271 836 2340 jejunarc
867 2272 990 2328 illos
1024 2273 1358 2344 quotidianae
1394 2274 1514 2345 ejus
1556 2275 1865 2345 praesentire

265 2364 525 2434 gaudium
560 2377 666 2417 non
693 2363 928 2418 sinebat.

864 2477 1092 2536 CAPUT
1131 2479 1274 2536 XIX.

266 2568 618 2642 Interrogatio
671 2587 764 2626 cur
819 2571 937 2626 totis
971 2574 1356 2700 quinquaginta
1396 2574 1575 2630 diebus
1599 2576 1867 2649 jejunium

931 2661 986 2698 re
1009 2654 1194 2699 axetur

931 2654 1194 2699 relaxetur

351 2733 880 2804 GermanuszQuare
907 2735 1072 2807 igitur
1112 2747 1223 2793 tota
1250 2738 1706 2812 Quinquagesima
1740 2742 1868 2797 abs-

269 2828 520 2882 tincntia‘.
571 2830 804 2896 rigorem
839 2831 1076 2898 prandiis
1127 2835 1464 2901 relaxamus;
1514 2852 1636 2890 cum
1687 2838 1872 2908 utique

266 2916 519 2974 Christus
546 2919 902 2991 quadraginta
939 2931 1144 2978 tantum
1194 2925 1384 2981 diebus
1416 2936 1540 2997 post
1591 2943 1868 2984 resurrec-

269 3013 476 3066 tionem
507 3026 626 3066 cum
658 3011 937 3084 discipulis
967 3014 1080 3069 suis
1108 3015 1274 3072 fuerit
1295 3029 1684 3075 commoratus.

873 3105 1100 3164 CAPUT
1131 3108 1250 3164 XX.

929 3201 1243 3271 Responsio.

345 3292 596 3348 Thconas
630 3311 646 3348 :
687 3294 804 3349 Non
836 3293 1134 3364 incongrue
1163 3295 1518 3368 interrogatio
1565 3309 1745 3354 vestra
1775 3315 1866 3356 ra-

271 3386 479 3440 tionem
525 3388 886 3458 integerrima:
938 3389 1186 3444 veritatis
1255 3401 1492 3446 meretur
1544 3409 1862 3464 agnoscere.

277 3487 298 3514 ε
335 3478 463 3534 Post
503 3482 873 3536 ascensionem
904 3481 1202 3538 Salvatoris
1247 3485 1446 3551 nostri,
1479 3502 1598 3556 quze
1630 3488 1868 3558 quadra-

1962 1914 2302 1955 rorumescte
2329 1914 2442 1955 sua:
2472 1913 2700 1954 munere
2722 1898 2954 1964 satiatis,
2986 1897 3323 1968 primitivum
3351 1896 3417 1952 de
3448 1895 3551 1951 Ju-

1963 1995 2095 2050 daeis
2141 1993 2576 2059 Christianorum
2610 1995 2868 2065 populum
2911 1995 3141 2049 Domino
3187 1992 3552 2049 consecravit.

1965 2088 2034 2144 Et
2075 2089 2275 2144 idcirco
2306 2090 2360 2144 lii
2389 2103 2603 2160 quoque
2632 2088 2821 2144 decem
2866 2089 2982 2144 dies
3012 2104 3136 2146 cum
3181 2088 3558 2158 superioribus

1965 2183 2323 2255 quadraginta
2358 2184 2474 2254 pari
2523 2183 2869 2238 solemnitate
2914 2191 3038 2238 sunt
3080 2197 3143 2238 ac
3192 2181 3382 2237 laetitia
3404 2183 3559 2236 cele-

1967 2275 2182 2332 brandi.
2217 2273 2244 2313 ά
2273 2275 2440 2346 Cujus
2482 2275 2791 2331 festivitatis
2822 2275 3066 2341 traditio,
3101 2291 3197 2346 per
3227 2275 3561 2346 apostolicos

1970 2374 2115 2430 viros
2145 2373 2212 2428 ad
2242 2387 2342 2427 nos
2365 2388 2532 2443 usque
2556 2372 2874 2428 transmissa
2905 2371 3096 2427 eodem
3125 2379 3316 2425 tenore
3343 2384 3562 2425 servan-

1969 2465 2038 2522 da
2068 2475 2172 2521 est.
2199 2464 2325 2521 Ideo
2354 2479 2586 2537 namque
2615 2465 2669 2519 in
2703 2463 2823 2519 istis
2855 2463 3047 2518 diebus
3078 2475 3179 2518 nec
3207 2462 3261 2517 in
3292 2475 3470 2531 genua
3503 2461 3564 2517 in

1978 2561 2230 2617 oratione
2257 2571 2572 2626 curvantur,
2598 2559 2722 2629 quia
2763 2556 2985 2613 inflexio
3004 2570 3238 2626 genuum
3274 2554 3424 2609 velut
3445 2567 3564 2624 pas-

1976 2653 2219 2709 nitcntiaa
2247 2668 2310 2708 ac
2334 2653 2509 2708 luctus
2540 2651 2798 2707 indicium
2823 2658 2925 2706 est.
2963 2649 3114 2706 Unde
3137 2649 3301 2704 etiam
3325 2661 3422 2717 per
3450 2661 3563 2702 om-

1972 2746 2061 2800 nia
2088 2745 2334 2800 eamdem
2357 2745 2411 2800 in
2438 2745 2548 2800 illis
2569 2743 2968 2798 solemnitatem
2989 2757 3148 2812 quam
3173 2741 3262 2796 die
3288 2739 3565 2795 dominica

1972 2839 2332 2908 custodimus,
2377 2840 2433 2895 in
2485 2853 2588 2908 qua
2634 2837 2869 2905 majores
2917 2836 3107 2901 nostri,
3143 2848 3254 2900 ne.
3295 2831 3569 2902 jejunium

1974 2934 2263 3002 agendum,
2281 2948 2380 2988 nec
2401 2947 2544 3002 genu
2574 2945 2696 2986 esse
2720 2928 3071 2990 flectendum.
3095 2927 3165 2982 ob
3196 2925 3570 2982 reverentiam

1976 3025 2396 3081 resurrectionis
2429 3023 2723 3078 Dominicis:
2748 3021 3110 3076 tradiderunt.

2570 3138 2797 3195 CAPUT
2836 3137 2980 3192 XXI.

1903 3199 1950 3264 α
1981 3233 2328 3305 Interrogatio
2379 3242 2554 3305 utrum
2599 3231 2911 3305 abstinentia
2949 3231 3154 3305 jejunii
3194 3229 3432 3283 relaxata
3467 3243 3574 3284 non

2441 3304 2569 3356 obsit
2597 3302 2826 3372 corporis
2848 3302 3076 3354 castitati
3097 3302 3121 3354 7

2046 3399 2351 3454 Germanus
2386 3414 2399 3450 :
2433 3394 2693 3450 Potestne
2734 3393 2850 3448 haec
2900 3407 3030 3447 caro
3074 3393 3311 3448 insolitis
3362 3391 3573 3447 blandia

1976 3491 2170 3545 mentis
2222 3499 2330 3545 tam
2374 3489 2551 3557 longae
2597 3485 2903 3542 festivitatis
2947 3485 3126 3540 illecta
3167 3499 3272 3539 non
3307 3493 3330 3521 °
3361 3481 3571 3554 aliquid

1347 3600 1606 3656 ALARDI
1646 3603 1882 3658 GAZAEI
1919 3602 2485 3660 COMMENTARIUS.

355 3691 669 3759 “Apposite
715 3691 780 3745 ad
846 3692 990 3749 hunc
1041 3695 1217 3748 locum
1265 3695 1646 3750 elucidandum
1681 3697 1872 3751 scribit

275 3763 334 3837 1}:
361 3763 721 3837 Hieronymus
752 3763 941 3837 inilizec
972 3766 1130 3819 verba
1151 3763 1242 3837 (In
1260 3776 1533 3822 comment.
1555 3767 1740 3821 Matth.
1765 3769 1868 3836 is):

278 3834 550 3908 Nonnulli
575 3843 754 3908 putant
796 3836 990 3889 idcirco
1017 3846 1132 3906 post
1158 3834 1266 3889 dies
1292 3838 1638 3907 quadraginta
1668 3834 1872 3908 passio-

276 3907 358 3959 nis
377 3905 582 3976 jejunia
609 3905 785 3958 debere
815 3905 1082 3970 committi,
1116 3908 1233 3961 licet
1259 3905 1432 3961 statim
1455 3909 1564 3964 dies
1594 3905 1870 3963 Pentecos-

279 3985 354 4030 tes
380 3975 433 4028 et
458 3975 685 4050 Sp_iritns
714 3989 921 4050 sanctus
947 3979 1220 4032 adveniens
1248 3979 1480 4032 indicent
1507 3981 1652 4033 nobis
1679 3981 1876 4050 festivi-

280 4057 462 4119 tatem.
510 4045 574 4098 Et
597 4063 675 4119 ea:
720 4047 874 4119 hujus
924 4051 1196 4103 occasione
1253 4051 1535 4104 testimonii
1569 4045 1873 4118 Montanus,

280 4117 472 4172 Prisca
508 4126 553 4169 et
588 4117 884 4171 Maximilla
931 4121 1085 4172 etiam
1137 4128 1248 4188 post
1293 4120 1626 4176 Pentecosteu
1676 4117 1876 4189 faciunt

283 4189 939 4261 Quadragcsimam,_quod
965 4192 1142 4244 ablato
1170 4192 1396 4261 Sponsa,
1429 4193 1526 4261 ﬁlii
1559 4193 1749 4258 Sponsi
1781 4194 1877 4246 de-

279 4259 728 4331 beantjcjunare.
759 4259 1009 4314 Ecclesia:
1032 4259 1552 4316 autem-consuetudo
1579 4265 1646 4316 ad
1670 4266 1878 4331 passio-

281 4347 402 4403 nem
435 4329 642 4382 Domini
674 4341 718 4382 et
759 4334 1185 4385 resurrectionem
1211 4350 1301 4403 per
1328 4329 1678 4388 humilitatem
1701 4335 1877 4388 carnis

281 4402 445 4466 venit,
471 4412 536 4477 ut
580 4403 839 4477 spirituali
879 4404 1072 4474 sagina!
1116 4405 1346 4477 corporis
1367 4407 1587 4477 (jejunio
1619 4422 1878 4477 prmparc-

1977 3698 2168 3753 diebus
2197 3697 2433 3753 addendi
2464 3699 2612 3751 fuere
2640 3696 2728 3750 alii
2759 3695 2944 3750 decem
2974 3693 3117 3758 dies,
3149 3693 3219 3747 ob
3249 3693 3574 3761 promissio-

1980 3785 2106 3824 nem
2159 3779 2212 3823 et
2255 3768 2723 3838 exspectationem
2771 3767 3036 3838 adventus
3082 3765 3314 3838 Spiritus
3363 3766 3572 3838 sancti,

1981 3841 2095 3908 pari
2143 3834 2490 3896 solemnitate
2539 3849 2596 3894 et
2627 3839 2814 3894 laetitia
2842 3836 3173 3900 celebrandi,
3208 3844 3266 3888 ut
3297 3834 3434 3889 infra
3466 3836 3576 3890 ha-

1980 3911 2157 3966 betur.

2057 3994 2077 4021 c
2111 3983 2314 4038 Eodem
2347 3981 2462 4036 fere
2493 3981 2654 4035 modo
2684 3981 2747 4034 ι).
2770 3981 3087 4035 Ambrosius
3114 3996 3126 4031 :
3157 3977 3355 4039 Instar,
3376 3977 3571 4047 inquit,

1985 4054 2259 4109 dominica:
2307 4063 2412 4107 tota
2443 4053 2878 4122 Quinquagcstma
2908 4053 3109 4105 dierum
3147 4048 3410 4102 curricula
3443 4049 3580 4102 cele-

1985 4126 2226 4192 brantur,
2255 4136 2301 4179 et
2334 4141 2508 4178 omnes
2539 4125 2623 4176 isti
2652 4123 2761 4176 dies
2790 4123 2925 4176 velut
2962 4122 3208 4175 dominici
3238 4122 3573 4192 deputantur.

1985 4196 2310 4251 Resurrectio
2339 4198 2476 4249 enim
2508 4193 2786 4248 Dominica
2830 4204 2921 4246 est.
2954 4192 3095 4246 Nam
3121 4194 3175 4245 in
3206 4192 3465 4246 dominica
3488 4205 3577 4244 re-

1982 4285 2193 4338 surgens
2228 4267 2473 4322 Salvator
2511 4282 2742 4338 reversus
2773 4264 3099 4338 adhomines
3124 4274 3253 4338 _est,_
3275 4272 3327 4338 et.
3350 4270 3462 4333 post
3489 4278 3578 4314 re-

1981 4333 2348 4391 surrectionem
2375 4347 2479 4408 tota
2512 4335 2948 4408 Quinquagesima
2971 4351 3086 4388 cum
3115 4333 3402 4408 hominibus
3429 4348 3577 4385 com-

1982 4419 2216 4462 moratus
2245 4418 2340 4462 est.
2374 4406 2620 4477 quualis
2648 4405 2770 4474 ergo
2796 4423 2971 4459 eorum
2996 4405 3348 4477 necessarium
3364 4412 3415 4477 ut
3446 4412 3581 4458 esset

284 4490 430 4550 mur.
468 4471 1305 4550 llmcilieronymtissuggillatis
1329 4471 1568 4550 Montani
1595 4471 1651 4530 et
1677 4471 1879 4531 Monta-
1907 4490 1954 4550 ι)
1983 4481 2256 4549 festivitas,
2276 4471 2499 4550 quorum
2527 4471 2743 4547 trqualis
2776 4486 2903 4531 esset
2926 4486 2973 4530 et
3002 4477 3273 4550 sanctitas.
3312 4474 3404 4550 Sic
3435 4479 3578 4550 enim

287 4545 559 4596 nistarum
606 4544 883 4610 ineptiam,
917 4545 1007 4613 qui
1053 4545 1210 4613 hujus
1261 4547 1547 4602 occasione
1593 4550 1877 4602 sententiis

285 4614 771 4681 Quadragesimam
805 4623 927 4683 post
974 4615 1334 4670 Pentecosten
1387 4618 1756 4682 celebrabant,
1788 4621 1878 4673 ni-

286 4685 490 4739 mirum
514 4685 845 4756 ablutionem
879 4685 1089 4740 Domini
1123 4697 1177 4741 et
1221 4687 1422 4756 Sponsi
1456 4689 1880 4756 interpretantes

290 4757 466 4825 ipsam
495 4754 1039 4828 Ascensioncmmum
1071 4754 1310 4813 Ecclesia
1329 4754 1654 4814 catliolica‘a
1675 4762 1882 4828 Spiritu

286 4836 486 4880 sancto
519 4828 710 4880 melius
737 4826 923 4899 educta
956 4843 1053 4896 per
1080 4829 1407 4884 ablutionem
1443 4830 1642 4898 Sponsi
1677 4826 1884 4899 passio-

289 4913 418 4952 nem
444 4909 493 4950 et
521 4907 744 4951 mortem
781 4897 995 4952 Domini
1027 4901 1195 4953 austri
1226 4897 1642 4968 interpretetur,
1672 4897 1725 4956 et
1755 4903 1882 4958 ideo

290 4977 426 5022 tunc
456 4968 654 5031 majora
686 4969 889 5034 jejunia
925 4969 1172 5023 instituat
1200 4986 1320 5024 cum
1353 4972 1519 5038 ipsam
1547 4974 1882 5028 Dominicam

292 5041 612 5112 passionem
639 5054 1069 5112 commemorare
1089 5042 1421 5112 aggreditur,
1457 5058 1553 5111 per
1580 5060 1699 5112 quae
1723 5047 1882 5099 etiam

286 5111 497 5183 jejunis
553 5110 616 5162 ad
661 5111 958 5180 spiritalem
1007 5113 1288 5180 saginam,
1319 5111 1369 5165 id
1421 5110 1531 5180 eSt,
1574 5110 1884 5183 pasclialem

292 5181 651 5235 riefectiOnem
680 5192 734 5235 et
759 5183 1002 5251 synaxim
1040 5195 1402 5252 praeparatur;
1437 5200 1557 5237 nam
1576 5181 1884 5240 secundum

292 5253 568 5326 rationem
625 5253 1074 5326 Montattistarum
1116 5264 1434 5324 sequeretur
1464 5257 1610 5326 omni
1641 5265 1886 5326 tempore

286 5323 648 5392 jejunandum
683 5339 804 5378 esse
830 5325 965 5378 citra
999 5325 1052 5378 id
1101 5327 1361 5396 temporis
1392 5342 1498 5395 quo
1540 5323 1793 5383 Christus
1832 5330 1886 5382 in

289 5397 498 5447 caelum
525 5396 790 5449 ascendit.

374 5465 400 5501 δ
436 5465 526 5518 Illa
556 5467 817 5541 scilicet':
851 5465 1122 5541 Numquid
1157 5478 1370 5541 possunt
1397 5470 1496 5537 ﬁlii
1525 5469 1719 5539 Sponsi
1741 5472 1888 5541 jeju-

291 5552 450 5611 nare,
488 5538 885 5611 quantdiupcum
914 5539 1020 5591 illis
1062 5549 1132 5591 est
1158 5538 1447 5611 Sponsus?
1468 5538 1678 5606 Quibus
1708 5538 1888 5596 verbis

289 5610 372 5682 ait
408 5608 623 5682 proprie
645 5609 916 5677 designari
947 5620 1156 5682 tempus
1185 5608 1670 5682 Quinquagesimie,
1697 5613 1749 5666 in
1781 5627 1888 5680 quo

291 5677 554 5733 Christus
587 5691 707 5748 post
736 5677 1190 5734 resurrectionem
1236 5677 1387 5736 suam
1433 5677 1563 5738 cum
1609 5677 1887 5752 discipulis

297 5766 408 5802 con
424 5760 675 5826 versatus
699 5768 788 5818 per
811 5753 919 5804 dies
940 5752 1282 5826 quadraaiata
1304 5770 1560 5826 apparens
1581 5757 1678 5824 eis,
1695 5766 1742 5808 et
1765 5772 1890 5810 con-

295 5835 534 5888 uescens,
564 5831 610 5875 et
662 5824 871 5893 laqueus
919 5823 980 5875 de
1018 5837 1171 5892 regna
1221 5825 1314 5883 Dei
1340 5823 1553 5881 (Actor.
1585 5823 1886 5898 t).'Quibus

759 5919 1027 5979 ΡΑτηοι..
1088 5914 1286 5978 λιικι

1985 4545 2237 4614 disposuit
2263 4548 2533 4611 Dominus,
2563 4545 2616 4601 ut
2648 4550 2780 4603 sicut
2819 4552 2930 4618 ejus
2964 4548 3204 4614 passione
3243 4549 3294 4598 in
3335 4545 3580 4618 Quadra-

1984 4623 2192 4691 gesirme
2207 4621 2412 4692 jejunio
2440 4616 2888 4692 contristaremur,
2920 4619 3167 4692 ita__ejusA
3202 4616 3581 4692 resurrectione

1989 4686 2442 4759 Quinquag'esimcc
2474 4690 2616 4759 feriis
2649 4692 2956 4744 (celarentur.
2987 4689 3111 4742 lltrc
3145 4686 3484 4759 Ambrosius.

2055 4759 2085 4800 ἀ
2117 4758 2188 4816 lle
2230 4758 2329 4815 hac
2382 4758 2599 4830 antiqua
2643 4760 2932 4813 traditione
2968 4775 3012 4830 Na
3065 4758 3313 4830 l‘atribus
3354 4764 3578 4825 accepta

1987 4834 2120 4888 satis
2146 4831 2347 4887 dictum
2381 4834 2432 4886 in
2465 4827 2894 4901 praecedentibus
2925 4829 3074 4899 (Cap.
3113 4827 3222 4897 ll).

2064 4914 2088 4941 ο
2121 4897 2539 4970 δεηιιιοδαηι,’ἰά
2583 4912 2686 4964 est,
2731 4897 3038 4971 spinosum,
3074 4897 3444 4971 metapliorice
3475 4913 3581 4966 pro

1989 4977 2183 5028 vitioso
2215 4969 2464 5028 sumitur.
2493 4974 2569 5026 De
2613 4973 2704 5026 illo
2761 4969 2989 5043 quamvis
3046 4971 3272 5024 abscisso
3329 4969 3581 5043 vitiorum

1990 5048 2190 5117 fomite,
2221 5046 2272 5098 id
2316 5055 2420 5111 est,
2450 5045 2629 5099 carnis
2659 5039 2922 5117 lascivia.
2968 5045 3081 5117 sive
3117 5039 3580 5117 concupiscentia,

1994 5112 2090 5185 per
2127 5117 2341 5186 longam
2377 5116 2756 5171 abstinentiam
2798 5117 2945 5182 prius
2985 5113 3254 5186 edomita;
3290 5112 3584 5186 concupis-

1989 5182 2399 5243 centiam'enim
2433 5187 2673 5242 fomitem
2716 5188 2922 5253 peccati
2971 5195 3130 5238 vocat
3167 5183 3326 5238 etiam
3369 5182 3436 5236 D.
3471 5184 3582 5237 Au-

1989 5259 2242 5328 gustinus
2273 5258 2368 5312 lib.
2401 5275 2418 5312 ι
2451 5259 2517 5312 de
2548 5257 2762 5312 Pcccat.
2797 5258 3002 5312 Meritis
3032 5271 3150 5328 cap.
3184 5255 3394 5328 ultimo,
3430 5262 3584 5328 et__ex

1992 5323 2058 5385 ἑο
2086 5328 2325 5399 synodus
2356 5329 2694 5392 Tridentina,
2727 5329 2854 5382 dum
2893 5328 2971 5399 ait
2997 5326 3164 5396 (Sess.
3199 5326 3232 5399 _5
3260 5325 3388 5399 c._5)
3417 5342 3428 5376 :
3462 5323 3585 5399 Ma-

1993 5397 2128 5454 nere
2167 5400 2224 5452 in
2273 5401 2544 5469 baptizatis
2590 5398 3055 5469 concupiscentiam
3099 5406 3146 5449 et
3189 5397 3417 5469 fomitem
3472 5397 3584 5448 hth

1991 5481 2171 5525 sancta
2191 5465 2419 5539 synodus
2450 5476 2644 5537 fatetur
2667 5480 2714 5522 et
2751 5465 2906 5523 sentit
2939 5486 2951 5520 ε
2981 5483 3094 5534 qua:
3119 5483 3236 5539 cum
3265 5465 3334 5518 ad
3359 5482 3584 5539 agonem

1992 5543 2176 5596 relicta
2199 5537 2294 5607 sit,
2325 5558 2510 5596 nocere
2537 5558 2641 5595 non
2670 5539 3120 5602 consentientibus,
3145 5538 3232 5590 sed
3253 5537 3466 5590 viriliter
3491 5552 3584 5607 per

1996 5613 2186 5668 Christi
2222 5610 2348 5685 Jesu
2381 5613 2600 5685 gratiam
2647 5610 2996 5685 resistentibus
3028 5625 3128 5685 non
3169 5608 3324 5685 valet.
3353 5607 3430 5660 Ex
3461 5607 3584 5676 qui-

1997 5685 2096 5740 bus
2126 5683 2307 5738 verbis
2348 5679 2674 5754 intelligitur
2698 5681 2989 5754 improprie
3011 5679 3310 5754 admodum
3341 5689 3396 5754 et
3424 5701 3584 5733 κατα-

1998 5763 2296 5839 χρηστικῶς
2317 5755 2418 5809 dici
2446 5751 2583 5839 hunc
2608 5754 2850 5838 fomitem
2873 5752 3330 5815 abscissum,cutn
3357 5751 3408 5802 in
3432 5764 3584 5804 rena~

1999 5817 2063 5884 ῖῖἓ
2099 5837 2313 5882 maneat
2347 5837 2466 5899 post
2499 5828 2845 5898 baptismum.

3595 5927 3625 5995 is
