4092 6322
501 298 642 361 M93

1562 293 1839 354 JOANNIS
1875 293 2185 353 CASSIANI
2221 292 2722 354 COLLATIONL'S.

3639 291 3792 374 1‘le

498 427 812 476 sentuosum
841 416 908 472 de
938 413 1052 479 illo,
1076 415 1323 487 quamvis
1349 414 1613 478 abscisso,
1645 413 1899 468 vitiorum
1929 413 2088 467 tomi-
2113 417 2163 475 Α
2192 414 2398 469 cunctis
2430 413 2763 480 errantibus,
2794 411 2942 467 solus
2972 410 3089 482 ipse
3150 420 3258 468 non
3311 413 3538 470 fallitur.
3565 425 3592 455 ε
3625 416 3793 474 Omni

497 519 552 568 te
580 514 911 584 germinare,
944 519 1036 565 aut
1065 524 1219 564 mens
1254 508 1596 578 prteStimptis
1620 508 1759 562 ultra
1791 517 2089 562 consuetu-

495 605 678 661 dinem
729 605 960 675 dapibus
1012 616 1235 658 ouerata
1278 620 1386 658 non
1430 618 1557 672 erga
1599 601 1857 657 famulum
1890 615 2090 672 corpus

495 701 732 770 rigorem
759 697 1147 754 dominationis
1174 713 1286 754 suae
1315 698 1615 765 inﬂectere,
1637 699 1935 767 przesertim
1966 710 2088 753 cum

495 793 547 848 in
581 793 738 847 nobis
765 792 992 846 viridior
1019 800 1152 846 tetas
1197 794 1308 846 cito
1347 793 1414 846 ad
1467 791 1826 847 rebellionem
1872 790 2090 846 subdita

494 886 665 954 possit
692 887 930 940 membra
965 885 1379 955 compehere,si
1406 886 1489 942 vel
1518 899 1670 941 escas
1691 886 1882 940 solitas
1913 885 2088 940 abun-

491 979 728 1044 dantius,
758 980 844 1034 vel
886 989 1038 1035 certe
1083 979 1326 1034 insolitas
1373 979 1625 1034 licentius
1654 977 2086 1050 praesumamus?

1061 1069 1290 1129 CAPUT
1331 1071 1500 1127 XXII.

492 1165 777 1237 Responsio
827 1168 890 1220 de
941 1167 1249 1222 reservanda
1298 1167 1626 1222 continentia:
1665 1175 2082 1236 temperamento.

563 1260 813 1314 Theonas
860 1278 871 1312 :
907 1260 964 1314 Si
1013 1261 1269 1314 universa
1322 1274 1443 1329 qua:
1487 1259 1731 1330 gerimus
1773 1259 2086 1314 rationabili

489 1355 686 1409 mentis
718 1354 1086 1423 appeudamus
1118 1356 1389 1420 examine,
1426 1363 1480 1409 et
1533 1355 1600 1409 de
1627 1355 1862 1424 puritate
1905 1355 2086 1410 cordis

489 1449 659 1502 nostri
710 1463 816 1502 non
858 1448 1084 1532 aliorum
1114 1449 1397 1518 judicium,
1430 1447 1527 1502 sed
1575 1458 1818 1503 nostram
1867 1461 2086 1516 semper

484 1541 873 1596 conscientiam
905 1542 1276 1606 consulamus,
1299 1549 1507 1595 certum
1535 1549 1620 1596 est
1645 1541 1807 1596 istam
1829 1541 2085 1596 refectio-

483 1633 572 1688 nis
623 1634 1082 1703 intercapedinem
1135 1634 1281 1703 juste
1343 1634 1672 1689 districtioni
1731 1634 1926 1690 obesse
1972 1648 2081 1688 non

483 1739 666 1797 posse,
701 1727 747 1782 si
791 1727 975 1794 modo,
1008 1737 1066 1781 ut
1098 1727 1300 1781 dictum
1336 1736 1438 1794 est,
1471 1741 1679 1795 mquam
1732 1727 2080 1797 indulgentia:

2193 509 2337 562 enim
2374 505 2630 562 cautione
2674 514 2836 576 atque
2874 505 3098 560 solertia
3144 504 3258 576 iugi
3308 507 3355 561 si
3403 508 3793 579 circumspecti

2192 601 2375 656 cordis
2432 610 2679 655 servetur
2718 599 2971 666 intentio,
3014 600 3536 672 quomodo,judicio
3582 615 3791 662 nostra

2191 693 2532 749 discretionis
2577 704 2820 759 errante,
2847 693 3384 755 autinconsiderate
3429 697 3793 755 continentia

2191 787 2488 856 cupiditate
2509 788 2776 853 succensi,
2807 796 2900 842 aut
2928 787 3202 844 desiderio
3229 790 3413 845 nimiae
3441 791 3793 848 remissionis

2190 878 2384 944 illecti,
2417 880 2775 936 substantiam
2807 879 3003 936 virium
3033 890 3346 938 noetrarum
3394 881 3597 954 iniquae
3628 886 3792 939 truti-

2192 989 2273 1028 nae
2327 974 2722 1029 examinatione
2770 973 3059 1044 libremus,
3097 975 3192 1031 sed
3249 976 3302 1030 in
3343 975 3517 1032 altera
3565 976 3793 1047 quidem

2191 1063 2344 1120 lance
2374 1067 2570 1122 animae
2595 1068 2914 1138 puritatem,
2946 1069 2996 1123 in
3023 1069 3193 1123 altera
3222 1069 3366 1124 vires
3392 1070 3648 1140 corporis
3676 1069 3794 1124 col-

2192 1157 2456 1222 locantes,
2485 1160 2554 1214 ita
2596 1175 2728 1215 vero
2757 1162 3111 1216 conscientia:
3150 1161 3355 1232 judicio
3398 1172 3633 1234 utraque
3657 1177 3792 1233 pen-

2188 1252 2399 1318 damus,
2431 1254 2558 1309 utin
2589 1267 2835 1310 neutram
2873 1266 3083 1327 partem
3113 1257 3278 1312 unius
3307 1257 3389 1312 rei
3415 1257 3612 1314 affectu
3643 1273 3791 1328 prte-

2189 1347 2524 1414 ponderante
2555 1351 2818 1416 perversi,
2852 1349 2933 1404 vel
2989 1349 3056 1402 ad
3104 1349 3453 1405 immodicam
3485 1351 3789 1406 districtio-

2189 1451 2332 1503 nem,
2359 1441 2443 1495 vel
2463 1440 2528 1494 ad
2553 1441 2773 1494 nimiam
2798 1441 3203 1510 remissionem,
3225 1444 3555 1513 mqualitatis
3587 1443 3788 1500 libram

2189 1534 2509 1602 propensius
2543 1533 2892 1598 iuclinemus,
2920 1544 2976 1589 et
3006 1535 3134 1589 illud
3163 1536 3324 1592 nobis
3347 1536 3433 1591 vel
3462 1551 3563 1606 pro
3591 1538 3757 1591 remis
3783 1565 3792 1572 -

2187 1625 2357 1682 sionis
2381 1629 2465 1683 vel
2499 1645 2593 1698 pro
2617 1629 2971 1684 districtionis
2997 1630 3277 1685 nimietate
3292 1630 3532 1698 dicatur,
3550 1628 3579 1666 ά
3597 1630 3789 1686 Nonne

2184 1725 2228 1777 si
2281 1734 2415 1778 recte
2459 1724 2676 1791 offeras,
2713 1739 2820 1778 non
2872 1733 3046 1778 autem
3100 1735 3237 1778 recte
3281 1725 3507 1792 dividas,
3561 1725 3789 1794 peccasti

483 1821 940 1889 continentireque
974 1833 1282 1876 mensuram
1332 1821 1445 1889 pari
1501 1820 1658 1875 lance
1707 1820 2073 1890 perpendens,
2108 1811 2156 1872 B
2185 1814 2337 1884 (Gen.
2359 1831 2432 1883 tv,
2456 1833 2558 1870 sec.
2585 1815 2922 1884 LXX)?lllas
2941 1815 3484 1886 etenimjejuniorum
3511 1819 3787 1886 victimas,

484 1923 511 1952 ι
552 1925 839 1984 utramque
881 1915 1136 1970 similiter
1192 1915 1524 1968 nimietatem
1566 1929 1720 1970 tuens
1767 1915 2077 1983 incorrupta

481 2008 742 2076 castiget;
774 2019 826 2062 et
855 2019 1039 2062 utrtnn
1069 2010 1316 2077 spiritum
1351 2019 1595 2062 nostrum
1626 2008 1943 2063 deliciarum
1978 2008 2075 2062 de-

479 2097 685 2168 primat
737 2099 975 2168 pondus,
1011 2111 1077 2152 an
1118 2112 1249 2154 vero
1289 2099 1545 2167 alteram,
1572 2098 1673 2154 hoc
1703 2107 1787 2154 est
1827 2098 2078 2168 corporis

478 2200 712 2259 partem,
746 2192 918 2260 major
945 2191 1291 2246 abs-tinentite
1337 2192 1564 2246 inclinet
1602 2193 1914 2259 austeritas,
1944 2203 2073 2248 vera

479 2281 813 2338 discretione
862 2284 1180 2355 distinguat,
1232 2286 1380 2340 illam
1436 2286 1524 2340 vel
1571 2287 1960 2354 comprimens,
1991 2286 2074 2342 vel

477 2377 768 2432 sublevans
813 2379 1140 2446 portionem,
1173 2395 1333 2448 quam
1364 2381 1447 2436 vel
1478 2383 1668 2436 extolli
1701 2386 1961 2446 senserit,
1987 2382 2075 2436 vel

475 2473 708 2540 gravari.
745 2472 884 2526 Nihil
910 2474 1055 2527 enim
1077 2473 1346 2528 Dominus
1373 2486 1558 2529 noster
1587 2475 1654 2530 ad
1686 2476 1890 2530 cultum
1913 2483 2073 2545 atque

475 2562 737 2620 honorem
760 2581 917 2620 suum
949 2567 1152 2635 absque
1174 2568 1363 2636 judicii
1384 2569 1756 2624 moderatione
1786 2569 1903 2623 vult
1929 2567 2071 2637 ﬁeri,

475 2658 596 2727 quia
654 2658 834 2714 Honor
877 2662 1014 2734 regis
1062 2662 1316 2729 iudicium
1347 2663 1520 2734 diligit
1551 2663 1727 2736 (Psat.
1762 2664 1974 2735 scvut).
2007 2665 2074 2720 Et

474 2751 678 2807 idcirco
708 2755 1145 2823 sapientissimus
1176 2757 1460 2825 Salomon,
1493 2764 1551 2811 ut
1583 2757 1636 2810 in
1669 2766 1918 2811 neutram
1953 2771 2078 2827 par-

475 2851 584 2898 tem
619 2854 875 2917 vergeme
910 2848 1117 2918 judicio
1158 2850 1517 2916 declinemus,
1555 2850 1815 2905 admonet
1859 2851 2072 2919 dicens,

476 2937 696 2994 Honora
728 2941 894 2995 Deum
919 2944 984 2997 de
1010 2944 1114 2996 tuis
1139 2945 1299 3009 iustis
1324 2944 1608 3010 laboribus,
1639 2953 1686 2999 et
1715 2945 1887 3000 deliba
1927 2947 1972 2999 ei
2014 2945 2079 3000 de

474 3035 729 3104 fructibus
764 3038 990 3108 justitiw
1034 3048 1134 3091 tua:
1165 3036 1350 3107 (Prov.
1385 3039 1487 3109 ιιι).
1539 3038 1567 3077 δ
1604 3039 1820 3094 Etenim
1868 3040 2077 3095 residet

477 3128 530 3181 in
572 3128 901 3182 conscientia
945 3141 1126 3183 nostra
1155 3129 1506 3198 incorruptus
1532 3130 1751 3199 quidam
1809 3145 1870 3184 ac
1913 3146 2075 3185 verus

2185 1925 2320 1982 quas
2343 1912 2504 1966 nobis
2536 1911 2772 1966 violenta
2793 1910 3060 1965 viscerum
3082 1910 3439 1966 convulsione
3465 1912 3791 1967 inconside-

2182 2011 2300 2059 rate
2347 2013 2738 2075 extorQuentes
2781 2005 3013 2060 Domino
3054 2012 3206 2060 recte
3231 2003 3430 2060 olferre
3461 2020 3564 2060 nos
3608 2004 3788 2059 credi—

2183 2113 2340 2163 mus,
2394 2098 2487 2152 ille
2530 2099 2620 2166 qui
2671 2097 2844 2167 diligit
2887 2097 3320 2153 misericordiam
3375 2107 3430 2151 et
3483 2096 3784 2166 judicium,

2181 2198 2499 2246 exsecratur
2527 2190 2741 2256 dicens,
2768 2190 2879 2261 Ego
2921 2189 3176 2244 Dominus
3221 2188 3448 2262 diligens
3478 2190 3776 2262 judicium,

2182 2295 2228 2340 et
2278 2284 2402 2338 odio
2445 2284 2639 2338 habens
2687 2285 2928 2355 rapinam
2977 2284 3033 2337 in
3077 2283 3440 2336 holocaustum
3473 2281 3613 2353 (lsa.
3644 2279 3783 2350 ut).

2183 2376 2310 2432 Illos
2340 2378 2501 2431 etiam
2533 2377 2626 2447 qui
2657 2376 3011 2442 oblationem,
3049 2375 3103 2430 id
3127 2384 3238 2444 est,
3278 2375 3586 2429 ofﬁciorum
3618 2386 3785 2444 atque

2181 2481 2398 2526 actuum
2421 2487 2640 2526 suorum
2667 2473 2934 2540 praecipua
2967 2471 3032 2524 ad
3061 2469 3236 2524 fotum
3258 2469 3438 2524 carnis
3459 2477 3623 2538 atque
3647 2481 3785 2524 usus

2187 2565 2440 2636 proprios
2480 2575 2896 2635 praesumentes,
2926 2564 3190 2632 reliquias
3218 2577 3406 2619 eorum
3435 2563 3677 2618 Domino
3701 2576 3773 2618 ac

2182 2660 2462 2717 minimam
2495 2661 2746 2715 deferunt
2778 2660 3108 2730 portionem,
3138 2658 3285 2714 velut
3308 2659 3595 2728 operarios
3624 2657 3781 2710 frau-

2181 2753 2440 2809 dulentos
2473 2767 2652 2808 sermo
2699 2752 2915 2806 divinus
2960 2753 3028 2805 ita
3074 2751 3422 2814 condemnat,
3454 2748 3782 2804 Malcdictus

2180 2850 2271 2918 qui
2317 2849 2443 2920 facit
2489 2865 2620 2916 opus
2662 2847 2878 2902 Domini
2909 2846 3274 2915 fraudulenter
3303 2843 3518 2918 (Jerem.
3557 2843 3778 2918 strui).

2182 2944 2297 2998 Non
2325 2959 2453 3012 ergo
2478 2944 2750 2998 immerito
2777 2958 2897 2998 eum
2940 2943 3030 3013 qui
3068 2958 3128 2998 se
3157 2944 3227 2997 ita
3259 2943 3447 3013 iniquo
3479 2942 3619 2998 fallit
3650 2957 3783 2997 exa-

2183 3038 2352 3100 mine,
2385 3041 2625 3104 increpat
2667 3036 2932 3090 Dominus
2977 3037 3164 3091 dicens
3198 3051 3213 3088 :
3246 3033 3618 3089 Verumtamen
3657 3033 3781 3086 vani

2180 3129 2281 3200 ﬁlii
2311 3130 2600 3194 hominum,
2628 3129 2901 3183 mendaces
2932 3129 3029 3198 ﬁlii
3056 3128 3324 3182 hominum
3352 3128 3407 3182 in
3449 3127 3683 3192 stateris,
3715 3135 3784 3182 ut

473 3219 766 3292 iudex,qui
789 3237 1193 3292 nonnumquam
1209 3235 1378 3292 super
1405 3232 1550 3277 statu
1572 3224 1824 3293 puritatis
1843 3234 2066 3290 nostrae,
2099 3209 2145 3275 C
2179 3223 2444 3280 decipiant
2475 3223 2646 3294 (Psal.
2692 3222 2823 3293 ωιι).
2851 3223 2922 3277 Ει
2971 3222 3173 3278 idcirco
3220 3222 3414 3277 beatus
3457 3221 3778 3292 Apostolus,

1566 3335 1823 3390 ALARDI
1861 3335 2096 3392 GAZ/EI
2134 3335 2701 3394 COMMENTARIUS.

557 3439 582 3468 α
613 3429 706 3486 Sic
736 3429 901 3483 abbas
941 3427 1156 3501 Moyses
1187 3427 1369 3483 collat.
1392 3428 1437 3501 2
1466 3442 1586 3496 cap.
1621 3427 1688 3481 16
1729 3445 1740 3480 :
1779 3427 1951 3490 Omni,
1990 3430 2071 3484 in-

474 3503 607 3572 quit,
641 3509 827 3554 conatu
854 3501 999 3554 debet
1031 3499 1356 3572 discretionis
1384 3499 1570 3553 bonum
1592 3501 1781 3552 virtute
1806 3501 2070 3554 humilita-

475 3571 539 3628 tis
563 3573 782 3641 acquiri,
807 3587 919 3637 quaz
950 3589 1042 3626 nos
1074 3571 1266 3626 illwsos
1289 3581 1353 3624 ab
1379 3579 1597 3639 utraque
1618 3582 1780 3640 potest
1811 3573 2072 3626 nimietate

473 3661 694 3698 servare.
739 3642 898 3697 Vetus
923 3660 1141 3713 namque
1179 3645 1429 3697 sententia
1461 3652 1555 3706 est,
1591 3643 1868 3713 ἀκρότητες
1896 3645 2072 3704 ἰσότη-

471 3733 577 3782 τες,
603 3715 655 3767 id
679 3726 770 3770 est.
801 3716 1086 3768 nimietates
1110 3713 1431 3785 qualimtes
1460 3724 1599 3766 sunt.
1632 3713 1711 3766 Ad
1743 3730 1904 3766 unum
1934 3717 2070 3767 enim

473 3788 625 3854 ﬁnem
649 3787 882 3838 nimietas
915 3787 1103 3857 iejunii
1135 3794 1179 3839 et
1217 3787 1472 3838 voracitas
1505 3786 1755 3850 pervenit.
1794 3786 2070 3855 eodemque

471 3858 744 3929 dispendio
791 3857 1087 3925 vigiliarum
1121 3857 1460 3929 immoderata
1510 3857 1858 3929 continuatio
1887 3874 2068 3910 mona-

472 3926 620 3982 chum
652 3944 755 3998 quo
781 3930 945 3982 somni
982 3928 1273 3999 gravissimi
1312 3939 1492 3992 torpor
1535 3926 1767 3980 involvit.
1809 3927 1947 3981 Nam
1979 3946 2071 3999 per

471 4015 737 4053 excessum
780 4000 1116 4055 continentia:
1162 3999 1481 4052 debilitatum
1518 4014 1766 4066 quemque
1810 4001 1880 4051 ad
1920 4000 2070 4053 illum

469 4079 660 4124 statum
690 4072 914 4123 revocari
947 4087 1147 4124 necesse
1186 4078 1296 4133 est,
1323 4072 1377 4123 in
1404 4086 1504 4138 quo
1545 4071 1813 4141 negligens
1855 4072 2070 4141 quisque

469 4157 561 4212 per
589 4142 842 4212 incuriam
876 4143 1157 4196 detinetur.
1193 4142 1321 4196 Haec
1349 4142 1460 4195 ille.
1492 4140 1630 4196 Vide
1659 4142 1733 4196 ibi
1762 4140 2068 4196 n0lalioues

470 4211 685 4265 uestras
721 4211 879 4281 (Vide
909 4213 999 4266 lib.
1031 4229 1083 4266 γι
1114 4212 1250 4266 Inst.
1283 4229 1330 4266 c.
1366 4214 1513 4278 ult.).

542 4283 568 4321 δ
619 4284 761 4337 litem
812 4286 995 4338 collat.
1025 4284 1098 4339 ‘20
1129 4299 1178 4337 c.
1213 4283 1290 4338 5:
1335 4282 1641 4336 Verissimus
1689 4283 1900 4352 quidam
1946 4300 2070 4338 exa-

469 4362 696 4408 minator
719 4357 1027 4422 pwnitentitc
1047 4366 1096 4409 et
1115 4356 1452 4424 indulgentia:
1475 4354 1640 4421 judex
1666 4355 1721 4408 in
1753 4357 2068 4409 conscientia

467 4427 655 4479 residet
685 4436 881 4490 nostra,
913 4430 1000 4496 qui
1022 4428 1401 4480 absolutionem
1429 4436 1599 4478 reatus
1628 4427 1792 4478 nostri
1825 4435 1946 4480 ante
1976 4444 2065 4479 co-

469 4498 714 4569 gnitionis
765 4509 810 4551 et
861 4500 1051 4570 judicii
1102 4501 1240 4552 diem
1283 4499 1455 4550 adhuc
1500 4496 1649 4570 nobis
1689 4499 1742 4570 in
1774 4499 1871 4551 hac
1913 4514 2069 4552 carne

468 4570 904 4623 commorantibus
951 4570 1146 4638 detegit
1169 4613 1182 4634 ,
1214 4579 1260 4622 et
1292 4569 1666 4638 satisfactionis
1695 4569 1850 4638 ﬁnem
1889 4571 1958 4622 ad
1986 4586 2068 4623 re-

467 4641 730 4694 missionis
763 4643 981 4710 gratiam
1011 4643 1210 4707 pandit.
1244 4641 1374 4708 Qure
1403 4640 1677 4710 quomodo
1707 4642 2065 4712 intelligenda

473 4711 602 4776 sint,
630 4713 698 4764 ibi
732 4723 816 4765 est
842 4715 1196 4778 exi-ilicatum.

544 4794 565 4821 ε
600 4783 806 4838 Similia
831 4794 956 4838 sunt
984 4786 1100 4839 loca
1134 4784 1229 4837 lib.
1259 4799 1291 4835 v
1319 4782 1559 4838 lnstitut.
1591 4797 1713 4852 sap.
1742 4783 1796 4850 8,
1830 4784 1861 4837 9
1887 4794 1940 4839 et
1961 4784 2062 4852 9.9.;

465 4854 649 4907 collat.
681 4855 716 4908 2
751 4871 872 4923 cap.
904 4856 976 4907 ‘22
1009 4855 1183 4910 e126.
1225 4855 1432 4921 Quibus
1455 4863 1510 4908 et
1544 4854 1642 4922 SS.
1679 4855 1901 4909 Patrum
1941 4871 2067 4909 scu-

468 4927 651 4978 tentite
673 4927 1054 4992 astipulantur.
1078 4926 1311 4978 Basilius
1339 4927 1434 4980 lib.
1455 4928 1521 4978 de
1545 4926 1681 4980 Vera
1698 4925 2020 4994 Virginitate
2048 4945 2060 4979 :

468 4995 618 5050 Sicut
643 4999 698 5050 in
724 4999 860 5068 gula:
898 4998 1345 5065 intemperantiam
1375 4996 1638 5051 declinare
1664 5014 1819 5068 grave
1851 5007 1896 5050 et
1932 4999 2068 5067 peri-

376 5090 382 5096 ο
463 5068 703 5121 culosutn
734 5077 829 5130 est,
863 5071 935 5122 ita
968 5085 1056 5134 per
1085 5069 1295 5121 nimiam
1327 5068 1687 5121 abstinentiam
1715 5086 1903 5140 corpus
1935 5079 2067 5123 alte-

465 5152 579 5210 ηςιέ
627 5146 673 5191 et
717 5140 904 5192 inutile
940 5141 1155 5194 reddere
1200 5141 1338 5192 omni
1374 5141 1605 5210 profecto
1652 5143 1852 5193 ratione
1900 5150 2058 5194 caret.

379 5265 385 5270 ,
467 5207 652 5280 Neque
681 5212 817 5263 enim
845 5211 1100 5265 abstinere
1127 5228 1158 5264 a
1183 5207 1443 5277 voluptate
1472 5211 1611 5280 gula:
1634 5227 1722 5278 per
1743 5228 1796 5264 se
1829 5222 2072 5279 expeten-

468 5279 594 5354 dum
616 5291 710 5354 Aest
735 5323 749 5347 ,
775 5285 866 5354 sed
896 5284 1017 5354 quia
1060 5283 1128 5335 ad
1156 5284 1360 5335 virtutis
1409 5279 1798 5350 aequis-itionem
1840 5286 2060 5352 confert.

469 5351 625 5426 Quod
669 5354 714 5406 si
745 5353 878 5406 illud
909 5351 1059 5426 cujus
1101 5358 1266 5424 gratia
1296 5354 1529 5406 ciborum
1569 5351 2068 5426 abstinentiameli-

464 5425 660 5493 gimus,
703 5441 793 5495 per
824 5425 1221 5479 immOderatam
1255 5425 1579 5497 negliganius
1608 5425 1856 5488 inediam,
1888 5436 2071 5480 contra

462 5503 622 5560 atque
651 5497 966 5550 instituimus
998 5499 1221 5567 agimus.
1259 5498 1402 5551 Nam
1432 5502 1596 5567 fracto
1635 5497 1956 5566 contritaque
1987 5499 2070 5551 in-

460 5574 769 5640 strumento,
805 5584 971 5640 neque
1002 5567 1112 5624 Deo
1137 5569 1390 5624 inhterere
1422 5587 1511 5638 per
1541 5568 1775 5622 lectionis
1795 5578 1842 5621 et
1874 5570 2070 5622 oratio-

461 5637 545 5712 nis
576 5640 807 5712 studium
830 5637 1121 5709 possumus,
1144 5658 1307 5712 neque
1333 5639 1401 5695 ad
1424 5637 1650 5706 fratrum
1678 5641 2068 5707 beneﬁcentiam

465 5707 809 5784 humanitatis
831 5707 1070 5784 'oﬂt‘ciitm
1099 5707 1257 5767 obire.
1287 5713 1459 5783 Igitur
1486 5725 1532 5768 et
1567 5715 1798 5781 corporis
1825 5730 1952 5768 cura
1981 5730 2071 5766 ne-

464 5781 960 5856 cessario/labentia
985 5794 1079 5856 est,
1113 5799 1213 5856 non
1247 5781 1410 5854 ipsius
1436 5788 1626 5856 gratia,
1655 5787 1742 5840 sed
1772 5796 1824 5838 ut
1857 5787 2069 5839 servitio

459 5848 612 5906 illius
629 5851 698 5905 ad
717 5850 1074 5921 philosOphite
1103 5855 1188 5922 (id
1220 5848 1339 5922 est,
1385 5848 1659 5926 sapientia:
1699 5860 1780 5913 vel
1823 5868 2066 5913 contem—

2181 3428 2461 3502 plationis)
2485 3430 2660 3482 studia
2684 3429 2760 3502 uti
2784 3429 3126 3502 possimus_.S.
3148 3428 3517 3502 Hieronymus
3540 3428 3591 3482 in
3611 3430 3777 3499 epist.

2175 3499 2243 3554 ad
2277 3498 2637 3570 Nepotianum
2668 3498 2863 3570 (Epist.
2897 3502 2992 3571 It):
3026 3498 3251 3554 Tantum
3279 3500 3369 3552 tibi
3397 3501 3605 3552 modum
3633 3498 3783 3570 {eju-

2176 3573 2382 3625 niorunt
2411 3574 2648 3640 impone,
2670 3581 2922 3641 quantum
2975 3577 3109 3642 ferre
3139 3579 3304 3640 potes.
3346 3570 3464 3626 Sint
3503 3573 3593 3624 tibi
3617 3588 3779 3643 pura,

2175 3655 2336 3709 casta,
2369 3645 2651 3715 simplicia,
2690 3645 2957 3696 moderata
2982 3685 2994 3707 ,
3025 3653 3072 3697 et
3104 3661 3205 3696 non
3225 3643 3607 3715 _superstitiosa
3625 3647 3784 3715 jeju-

2175 3715 2265 3767 nia
2324 3715 2389 3768 Et
2429 3712 2495 3769 ad
2529 3716 2807 3771 Rusticum
2835 3717 3154 3769 t'uoiiachum
3191 3712 3382 3780 (Epist.
3414 3718 3489 3782 tv}
3515 3730 3530 3768 :
3561 3712 3786 3782 Jeju'nia

2174 3787 2439 3840 moderata
2464 3791 2589 3854 sint,
2619 3805 2682 3840 ne
2713 3787 2879 3839 nimia
2910 3787 3174 3841 debilitent
3197 3784 3545 3848 stomachum,
3577 3797 3622 3839 et
3665 3801 3784 3839 ma-

2163 3859 2335 3926 jorem
2363 3859 2692 3927 refectionem
2721 3859 2996 3929 poscentia
3035 3866 3302 3925 erumpant
3351 3858 3403 3909 in
3435 3856 3781 3925 cruditatem,

2172 3945 2289 3998 quae
2310 3947 2494 3997 parcns
2527 3928 2806 3983 libidinum
2828 3939 2921 3982 est.
2950 3928 3190 3984 Modicus
3218 3939 3264 3984 et
3295 3937 3605 3999 temperatus
3627 3929 3782 3984 cibus

2175 4010 2220 4054 et
2246 4004 2392 4055 carni
2424 4012 2468 4055 el
2498 4003 2690 4055 unimte
2729 3999 2874 4053 utilis
2906 4009 3003 4054 est.

2244 4069 2273 4109 ἀ
2305 4072 2380 4127 lta
2421 4076 2720 4128 secundum
2763 4072 3006 4127 Graecam
3054 4071 3463 4128 translationem
3511 4072 3778 4142 Septuag.

2172 4143 2572 4213 lnterprctum,
2605 4159 2765 4216 quam
2796 4144 3036 4216 plerique
3069 4143 3254 4216 Patres
3299 4144 3472 4198 secuti
3501 4153 3660 4216 sntit;
3690 4154 3784 4196 at-

2172 4227 2279 4281 que
2309 4217 2448 4268 inter
2473 4213 2979 4284 alios—Augustinus
3007 4216 3100 4268 lib.
3133 4231 3200 4269 xv
3233 4214 3309 4268 De
3335 4216 3494 4269 (Iivit.
3529 4213 3625 4268 Dei
3652 4229 3780 4283 cap.

2275 4285 2342 4338 In
2368 4287 2486 4350 hac,
2521 4289 2717 4356 inquit,
2745 4287 3098 4340 admonitione
3119 4303 3269 4356 quam
3299 4284 3439 4340 Deus
3462 4287 3680 4356 protulit
3707 4285 3784 4356 ad

2175 4355 2326 4430 Cain,
2355 4360 2485 4411 illud
2509 4353 2716 4430 quidem
2738 4358 2874 4430 quod
2902 4356 3096 4411 dictum
3122 4369 3229 4410 est:
3254 4353 3516 4430 Nonne'si
3539 4369 3674 4410 recte
3697 4355 3783 4430 of-

2173 4429 2334 4497 feras,
2360 4442 2493 4483 τρι-ιε
2515 4429 2688 4483 autem
2710 4446 2812 4482 non
2843 4429 3064 4486 dividas.
3100 4429 3367 4495 percusti?
3393 4429 3513 4493 quia
3545 4445 3640 4480 non
3665 4429 3785 4482 elu-

2172 4511 2248 4552 cet
2281 4517 2374 4554 cur
2406 4502 2481 4556 vel
2513 4505 2649 4555 unde
2675 4503 2739 4553 sit
2764 4501 2984 4565 dictum,
3014 4500 3203 4553 multos
3232 4517 3413 4553 sensus
3441 4501 3640 4570 peperit
3665 4501 3783 4567 ejus

2174 4571 2484 4634 obscuritas,
2517 4591 2628 4626 cum
2663 4573 2953 4624 divinarum
2993 4572 3385 4640 Scripturarum
3416 4574 3630 4640 quisque
3661 4581 3776 4624 tra-

2175 4652 2342 4696 ctrztor
2378 4646 2662 4698 secundum
2705 4643 2827 4710 ﬁdei
2851 4644 3081 4710 regulam
3109 4645 3161 4695 id
3205 4653 3422 4694 conatur
3467 4644 3778 4711 exprimere.

2175 4714 2332 4767 Recte
2361 4718 2550 4788 quippe
2600 4715 2812 4779 o/fertur
2856 4714 3203 4788 sacri/icium,
3238 4729 3355 4788 cum
3402 4711 3623 4788 offertur
3669 4711 3783 4768 Deo

2173 4803 2309 4849 vero,
2346 4783 2426 4839 cui
2455 4783 2544 4841 uni
2570 4789 2920 4839 tantummodo
2945 4784 3350 4853 sarriﬁcandum
3374 4797 3464 4838 est.
3506 4783 3630 4837 Non
3674 4801 3778 4835 au-

2171 4867 2270 4909 tem
2318 4871 2451 4911 recte
2494 4857 2766 4919 dividitur,
2801 4858 2920 4908 dum
2961 4873 3061 4908 non
3103 4859 3470 4908 discernuntur
3515 4869 3653 4909 recte
3697 4856 3781 4910 vel

2170 4927 2304 4991 loca,
2338 4932 2411 4980 vel
2437 4941 2665 4996 :‘emporn
2684 4971 2698 4991 ,
2733 4930 2809 4981 vel
2842 4945 2920 4981 res
2943 4928 3067 4997 ipsa:
3085 4943 3204 4995 qum
3233 4927 3549 4992 offeruntur,
3576 4924 3655 4979 vel
3682 4928 3776 4994 qui

2170 4997 2339 5064 offert,
2373 5001 2451 5053 vel
2478 4999 2829 5069 quia/fertur,
2860 4999 2936 5051 vel
2963 5001 3014 5050 hi
3035 4999 3219 5065 quibus
3251 5000 3317 5049 ad
3338 4998 3649 5052 vescendum
3685 4999 3774 5049 di~

2172 5072 2441 5123 stribuitur
2467 5067 2603 5140 quod
2647 5071 2876 5124 oblatum
2905 5079 2998 5132 est,
3040 5079 3096 5122 ut
3145 5069 3450 5122 divisionem
3498 5069 3770 5135 intelliga-

2171 5158 2282 5194 mus
2307 5143 2697 5206 discretionem;
2727 5145 2830 5195 sive
2871 5157 2987 5194 cum
3019 5140 3236 5206 offertur
3268 5140 3355 5193 ubi
3403 5158 3507 5194 non
3531 5149 3772 5211 Oportet;

2169 5213 2274 5266 sive
2305 5231 2420 5266 cum
2470 5215 2686 5282 offertur
2724 5212 2937 5284 quando
2977 5229 3078 5265 non
3106 5221 3326 5284 oportet,
3369 5222 3456 5264 aut
3491 5214 3636 5284 quod
3669 5227 3776 5266 non

2171 5293 2314 5347 tunc,
2345 5287 2434 5338 sed
2462 5281 2592 5339 alias
2614 5281 2848 5356 Oportet;
2879 5284 2985 5336 sive
3013 5284 3211 5356 cumid
3236 5282 3456 5356 offertur
3484 5281 3627 5356 Quod
3652 5298 3783 5334 nus-

2168 5372 2324 5423 quam
2355 5370 2401 5409 et
2441 5354 2724 5426 numquam
2753 5356 2956 5424 penitus
3001 5354 3209 5426 debuit;
3239 5355 3341 5408 sive
3383 5370 3501 5408 cum
3531 5355 3782 5426 electiora

2169 5427 2266 5481 sibi
2299 5430 2529 5501 ejusden:l
2563 5424 2759 5501 generis
2790 5443 2961 5480 rerum
2995 5435 3126 5480 tenet
3165 5425 3356 5501 honto,
3385 5441 3540 5501 quam
3587 5424 3690 5477 sint
3718 5439 3784 5501 ea

2171 5516 2290 5568 qua:
2317 5494 2468 5566 olfert
2499 5494 2640 5565 Dio;
2672 5501 2774 5552 sive
2801 5515 2915 5551 cum
2961 5501 3072 5570 ejus
3113 5497 3187 5550 rei
3229 5512 3345 5565 quis
3384 5496 3564 5549 oblata
3607 5503 3683 5570 est
3716 5494 3783 5570 fit

2169 5565 2428 5643 particeps
2455 5574 2732 5641 profanus,
2767 5565 3099 5694 autquilibet
3122 5585 3269 5638 quem
3294 5573 3374 5636 fas
3400 5584 3502 5621 non
3535 5578 3609 5622 est
3635 5565 3777 5634 ﬁeri.

2171 5643 2262 5694 Sic
2292 5643 2649 5694 Augustinus.
2674 5641 2848 5694 Porro
2921 5641 3096 5694 ulaata
3120 5642 3297 5694 νει-διο
3319 5639 3427 5693 divi
3449 5636 3777 5694 Hierunvmi

2171 5636 2262 5698 Sic
2292 5636 2649 5706 Augustinus.
2674 5641 2848 5697 Porro
2869 5636 3096 5712 Vulgata
3120 5636 3297 5696 versio
3319 5639 3427 5693 divi
3449 5636 3782 5712 Hieronymi

2176 5729 2206 5768 a
2243 5715 2479 5768 concilio
2522 5713 2845 5770 Tridentiuo
2887 5709 3187 5782 approbata
3216 5713 3297 5767 sic
3340 5712 3541 5767 habet:
3578 5709 3783 5766 Nonne

2175 5786 2220 5840 si
2256 5787 2376 5839 bene
2413 5787 2600 5857 egeris,
2635 5785 2889 5857 recipies;
2910 5786 2991 5837 sin
3012 5793 3179 5857 autem
3216 5783 3372 5850 male,
3389 5783 3572 5838 statim
3605 5787 3662 5839 in
3693 5789 3786 5854 fo-

2172 5857 2318 5910 ribus
2344 5854 2607 5926 peccatum
2639 5856 2804 5912 aderit
2827 5854 2978 5927 (Gen.
3011 5856 3088 5925 Iv)
