4092 6322
301 363 441 420 {I97

998 303 1338 420 COLILATIO
1375 357 1514 418 XXI.
1563 391 1620 402 —
1672 355 1758 418 DE
1797 355 2216 418 REMISSIONE
2260 353 2871 428 QUINQUAGESIME.

3441 361 3576 420 H98

305 494 384 556 ut,
420 482 762 540 discretionis
791 481 1158 540 moderamina
1191 481 1510 550 retinentes,
1543 481 1598 538 in
1639 481 1886 536 neutram
1913 483 1968 542 Α
1995 477 2241 544 Domino,
2267 491 2332 532 eo
2359 477 2504 548 quod
2531 479 2760 532 'stateras
2803 475 3024 532 dolosas
3061 490 3128 532 ac
3159 491 3446 532 mensuras
3475 481 3579 534 du-

305 589 514 652 partem
546 577 708 634 illecti
740 577 1018 634 nimietate
1039 591 1324 650 vergamus
1349 576 1630 642 admonet,
1647 561 1846 632 dicens
1873 591 1888 628 :

305 669 634 730 Rationabile
658 669 960 744 obsequium
987 679 1204 726 oestrum
1228 670 1402 742 (Rom.
1427 672 1548 738 xtl).
1579 669 1748 738 Quam
1777 681 1891 726 rem

305 766 470 822 etiam
503 763 781 832 legislator
812 763 1064 820 similiter
1093 763 1392 832 interdicit,
1427 762 1500 822 ita
1529 761 1890 831 praecipitio:

307 856 518 914 Statera
551 857 719 928 justo,
747 863 792 909 et
821 871 970 930 a'gtto
1017 855 1120 910 sint
1163 854 1418 928 pondera,
1434 857 1613 926 justus
1660 851 1892 917 modius,

305 963 583 1020 aquasque
630 947 884 1006 sextarius
942 945 1138 1018 (Leuit.
1177 945 1312 1018 xix);
1343 945 1640 1004 Salomone
1677 957 1897 1014 quoque

309 1056 494 1112 parem
526 1055 691 1110 super
741 1039 845 1096 hoc
873 1041 1204 1096 sententiam
1237 1038 1548 1110 proferente
1578 1056 1590 1092 :
1626 1046 1652 1074 ι
1679 1035 1900 1094 Pondus

309 1150 551 1206 magnum
579 1143 628 1188 et
659 1132 932 1204 pusillum,
967 1143 1015 1188 et
1043 1149 1300 1188 mensura:
1343 1131 1600 1202 duplices,
1625 1129 1900 1184 immunda

284 1221 300 1284 l
312 1237 426 1286 sunt
451 1227 592 1300 apud
621 1227 900 1282 Dominum
928 1237 1164 1296 utraque,
1195 1235 1240 1280 et
1277 1225 1366 1294 qui
1395 1225 1520 1293 facit
1559 1239 1619 1278 ea
1669 1223 1723 1278 in
1748 1223 1902 1278 adin-

310 1320 636 1376 ventionibus
657 1319 767 1372 suis
793 1319 1144 1388 compedietur
1173 1315 1358 1390 (Prov.
1389 1314 1510 1388 xx).
1537 1314 1772 1372 Proinde
1793 1329 1900 1372 non

312 1411 488 1466 solum
521 1411 614 1466 illo
642 1426 750 1484 quo
776 1410 1031 1478 diximus,
1063 1410 1156 1466 sed
1181 1409 1344 1466 etiam
1373 1409 1478 1464 hoc
1499 1408 1663 1466 modo
1679 1406 1902 1466 studen-

309 1503 437 1560 dum
475 1514 559 1560 est
591 1503 766 1572 nobis,
795 1513 853 1560 ut
899 1519 998 1560 nec
1047 1503 1232 1576 iniqua
1287 1503 1526 1574 pondera
1569 1503 1622 1558 in
1647 1502 1904 1558 cordibus

315 1600 544 1664 nostris,
579 1613 681 1654 nec
709 1598 761 1656 in
791 1598 1001 1656 horreis
1025 1598 1375 1658 conscientiae
1403 1608 1604 1654 nostrae
1625 1609 1904 1652 mensuras

313 1689 558 1762 duplices
583 1691 910 1758 habeamus;
940 1691 994 1746 id
1019 1701 1124 1758 est,
1155 1707 1223 1747 ne
1245 1707 1306 1746 ea
1331 1691 1430 1760 ipsi
1461 1705 1581 1762 quae
1607 1690 1906 1748 districtio-

317 1785 404 1840 nis
431 1783 670 1854 regulam
706 1783 956 1838 molliunt
989 1785 1302 1840 remissiore
1331 1783 1666 1854 indulgentia
1693 1798 1906 1854 praesu-

317 1887 550 1942 mentes,
600 1891 696 1932 eos
742 1877 938 1948 quibus
990 1878 1218 1934 verbum
1273 1877 1486 1932 Domini
1542 1878 1897 1948 praedicamus
1927 1879 1977 1940 B

313 1969 744 2026 districtioribus
785 1971 1072 2040 praeceptis
1117 1979 1176 2026 et
1219 1970 1560 2040 gravioribus
1601 1985 1762 2038 quant
1791 1969 1895 2040 ipsi

313 2063 556 2132 perferre
588 2063 858 2132 possimus
883 2064 1217 2133 ponderibus
1247 2065 1560 2119 obruamus.
1591 2065 1748 2133 Quod
1776 2079 1900 2120 cum

311 2156 562 2220 facimus,
595 2155 720 2228 quid
755 2156 858 2212 nisi
891 2155 1092 2228 duplici
1145 2155 1388 2226 pondere
1429 2167 1590 2228 atque
1645 2172 1902 2214 mensura

311 2257 707 2318 praeceptorum
743 2249 951 2304 Domini
977 2263 1208 2306 mercem
1239 2250 1552 2322 frugemque
1581 2251 1670 2306 vel
1699 2265 1905 2322 appen-

311 2341 492 2397 dimos
525 2343 608 2398 vel
653 2343 944 2398 metimur?
971 2343 1024 2398 Si
1066 2345 1210 2400 enim
1241 2343 1400 2400 aliter
1443 2359 1504 2400 ea
1537 2344 1716 2412 nobis,
1748 2345 1905 2402 aliter

312 2437 517 2492 nostris
569 2435 827 2492 fratribus
869 2435 1268 2507 dispensemus,
1313 2445 1462 2494 recte
1501 2438 1904 2510 increpamura

1997 573 2163 640 plices
2195 571 2512 640 habeamus,
2541 571 2838 626 secundum
2869 569 3020 628 illam
3061 574 3388 628 sententiam
3419 573 3580 628 Salo-

1995 663 2170 720 monis
2211 679 2320 735 qua
2367 665 2598 730 dicitur,
2629 663 2956 720 Abominatio
2991 675 3068 720 est
3115 665 3342 722 Domino
3379 669 3582 738 pondus

1995 757 2212 830 duplex,
2234 769 2282 813 et
2329 769 2526 814 statera
2553 759 2738 816 dolosa
2779 777 2882 814 non
2927 767 3004 815 est
3036 759 3170 816 bona
3211 761 3268 816 in
3313 775 3585 832 conspectu

1997 853 2114 923 ejus
2137 849 2352 922 (Ibid.).
2377 851 2488 906 lloc
2509 851 2674 908 etiam
2699 851 2861 908 modo
2881 861 3092 910 reatum
3123 853 3298 908 dolosi
3335 855 3588 924 ponderis

2000 943 2340 1014 duplicisque
2381 959 2648 1002 mensurae
2695 945 2974 1004 evidenter
3023 945 3379 1014 incurrimus,
3411 947 3456 1002 si
3505 947 3591 1002 di-

2001 1035 2276 1092 strictiora
2306 1037 2552 1106 quadam
2577 1053 2698 1108 qum
2730 1037 2980 1108 privatim
3003 1055 3100 1106 per
3122 1049 3338 1094 nostras
3364 1041 3592 1096 cellulas

2001 1142 2258 1186 exercere
2306 1129 2690 1186 consuevimus
2743 1129 2995 1186 humana;
3051 1132 3224 1188 laudis
3292 1133 3593 1202 cupiditate

2003 1235 2188 1276 coram
2221 1220 2476 1276 lratribus
2521 1228 2883 1290 ostentemus,
2929 1223 3354 1280 abstinentiores
3385 1225 3595 1280 scilicet

2005 1323 2060 1372 et
2099 1316 2400 1370 sanctiores
2427 1329 2692 1386 apparere
2729 1313 3054 1372 all'ectantes'
3089 1317 3330 1374 humano
3357 1333 3594 1388 conspe-

2005 1409 2116 1466 ctui
2149 1423 2308 1480 quam
2339 1409 2552 1466 divino.
2593 1409 2698 1478 Qui
2729 1410 2950 1466 morbus
2989 1413 3262 1480 prateipue
3289 1427 3394 1465 non
3433 1413 3595 1464 tnodo

2008 1504 2278 1571 vitandus,
2309 1519 2498 1560 verum
2527 1504 2694 1560 etiam
2725 1499 3126 1560 abominandae
3153 1515 3237 1560 est
3267 1507 3446 1560 nobis.
3477 1506 3594 1560 Sed

2007 1595 2226 1654 interim
2251 1610 2279 1650 a
2305 1595 2609 1666 quastione
2637 1596 2912 1664 proposita
2935 1598 3096 1666 paulo
3125 1598 3337 1666 longius
3357 1599 3598 1667 evagati,

2009 1687 2074 1744 ad
2108 1687 2352 1746 eamdem
2385 1702 2415 1744 a
2443 1701 2546 1757 qua
2575 1687 2950 1750 discessimus,
2983 1699 3340 1746 revertamur.

2588 1779 2816 1840 CAPUT
2858 1781 3048 1838 XXIII.

2241 1873 2322 1930 De
2359 1875 2657 1946 refectionis
2683 1886 2910 1949 tempore
2937 1889 3092 1950 atque
3113 1895 3374 1936 mensura.

2075 1969 2242 2042 Igitur
2265 1969 2646 2040 praedictorum
2675 1970 2888 2026 dierum
2921 1970 2990 2026 ita
3023 1981 3108 2027 est
3133 1974 3490 2030 custodienda
3521 1989 3604 2031 so-

2005 2062 2280 2124 lemnitas.
2315 2071 2376 2118 ut
2403 2063 2650 2132 corporis
2675 2073 2842 2133 atque
2872 2063 3070 2122 anima:
3099 2066 3266 2120 cultui
3291 2069 3464 2134 prosit
3487 2085 3604 2124 ma-

2003 2157 2092 2228 gis
2129 2155 2335 2212 indulta
2363 2171 2526 2226 quam
2551 2165 2779 2224 noceat,
2819 2157 2946 2227 quia
2979 2173 3080 2212 nec
3113 2157 3262 2214 illius
3295 2160 3608 2218 festivitatis

2003 2251 2264 2322 gaudium
2312 2251 2534 2306 aculeos
2585 2253 2768 2308 carnis
2805 2251 3148 2319 obtundere,
3183 2269 3286 2308 nec
3315 2253 3342 2294 ι)
3385 2256 3610 2311 immitis

2007 2345 2100 2402 ille
2127 2345 2480 2400 adversarius
2507 2345 2718 2400 dierum
2737 2346 2896 2400 novit
2925 2347 3228 2402 reverentia
3253 2348 3520 2417 mitigari.
3547 2348 3613 2404 Ut

2009 2453 2142 2508 ergo
2173 2447 2230 2494 et
2257 2437 2453 2494 diebus
2481 2439 2698 2494 testivis
2721 2447 2940 2494 statuta:
2963 2441 3313 2498 consuetudo
3345 2443 3613 2498 solemni-

1399 2571 1658 2628 ALARDI
1695 2573 1933 2630 GAZIEI
1973 2571 2542 2632 COMMENTARIUS.

387 2697 418 2728 ι
443 2687 702 2756 Vulgatus
745 2697 930 2742 textus
957 2703 974 2742 :
1003 2685 1218 2742 Pondus
1241 2697 1286 2743 et
1308 2689 1534 2760 pondus,
1577 2707 1819 2744 mensura
1858 2701 1906 2746 et

311 2777 581 2832 mensura.
603 2769 874 2831 utrumque
902 2759 1247 2814 abominabile
1273 2759 1346 2814 est
1364 2763 1504 2832 apud
1533 2761 1694 2816 Deum
1716 2763 1903 2832 (Prov.

313 2833 440 2904 xx).
469 2830 660 2904 (Cujus
675 2830 962 2888 sententia:
995 2833 1262 2902 triplicem
1299 2830 1694 2901 expositionem
1727 2830 1908 2892 mors-

315 2901 424 2960 letit
467 2901 742 2956 ltic'alI'ert
768 2905 992 2966 Auctor,
1025 2901 1190 2972 aqua
1239 2919 1344 2958 non
1377 2905 1602 2958 multum
1633 2905 1912 2974 discrepat

315 2975 380 3030 D.
407 2975 727 3044 Hieronymi
749 2977 959 3044 gemina
984 2975 1170 3028 itidem
1195 2975 1460 3042 expositio
1483 2976 1534 3028 iu
1565 2975 1680 3030 haec
1711 2979 1907 3030 verba:

315 3046 538 3102 Pontius
564 3057 610 3098 et
641 3049 868 3114 pondus,
901 3045 996 3098 hoc
1045 3055 1142 3109 est,
1170 3047 1338 3110 maius
1368 3053 1416 3098 et
1440 3047 1640 3108 minus;
1669 3061 1913 3100 mensura

315 3131 363 3176 et
393 3134 658 3190 mensura,
679 3118 914 3190 similiter
935 3121 1103 3190 major
1127 3125 1174 3171 et
1195 3119 1384 3190 minor,
1411 3119 1910 3190 utrttmque_abomi-

317 3189 494 3246 nobile
525 3197 594 3242 est
640 3189 780 3260 apud
831 3187 1029 3260 Deum;
1064 3187 1346 3254 Pratpositi
1393 3189 1530 3242 enim
1577 3191 1630 3242 in
1675 3187 1914 3244 Ecclesia

319 3277 478 3333 praue
504 3259 1115 3333 viventcsghasgduplices
1143 3275 1406 3333 mensuras
1433 3261 1484 3312 in
1517 3261 1788 3333 domibus,
1818 3261 1916 3314 hoc

319 3329 414 3394 est,
453 3331 770 3386 conscientiis
799 3331 902 3382 suis
934 3331 1140 3398 habent,
1159 3331 1278 3398 quia
1303 3329 1492 3384 bonum
1515 3333 1655 3399 quod
1673 3331 1796 3384 aliis
1821 3333 1917 3384 int-

321 3411 512 3472 perant
539 3403 638 3468 ipsi
663 3403 867 3454 minime
895 3401 1124 3468 faciunt,
1149 3413 1194 3454 et
1217 3399 1412 3454 malum
1433 3403 1576 3472 quod
1615 3404 1666 3472 in
1693 3401 1918 3456 subditis

323 3469 576 3528 damnant
603 3473 702 3544 ipsi
725 3481 1021 3542 perpetrare
1043 3488 1146 3525 non
1176 3469 1455 3544 desinunt.—
1477 3469 1686 3526 Pondus
1702 3481 1765 3544 (et
1787 3489 1916 3544 pon-

323 3547 448 3608 dus,
479 3559 774 3598 mensuram
795 3553 840 3596 et
865 3558 1178 3602 mensuram.
1209 3543 1493 3612 hypocrita:
1511 3553 1660 3613 atque
1689 3543 1919 3613 hwrclict'

325 3618 378 3672 in
403 3615 662 3679 domibus,
695 3613 791 3668 hoc
811 3623 904 3682 est,
929 3615 984 3667 in
1004 3609 1369 3686 sensibus'suis
1385 3609 1594 3680 habent,
1625 3615 1676 3666 in
1703 3631 1762 3668 eo
1782 3609 1922 3686 quod

326 3705 381 3744 se
412 3687 640 3740 mundos
667 3685 724 3738 in
754 3687 1063 3756 cogitatione
1091 3693 1136 3738 et
1165 3699 1322 3756 puros
1356 3685 1419 3756 in
1456 3686 1660 3738 actione
1685 3685 1799 3738 sua
1817 3701 1925 3740 esse

328 3760 675 3820 mentiuntur,
706 3755 916 3810 steteras
945 3772 1062 3810 vero
1087 3755 1219 3808 velut
1240 3755 1483 3809 sordidos
1510 3765 1663 3828 atque
1684 3765 1928 3828 peccato-

329 3847 408 3885 res
447 3837 696 3895 respuunt
744 3837 792 3880 et
836 3835 1196 3888 contemnunt,
1232 3829 1379 3896 quasi
1425 3827 1614 3881 statera
1655 3827 1836 3882 dolosa
1879 3837 1928 3884 et

332 3915 584 3956 mensura
613 3899 810 3964 duplici
847 3899 1000 3952 aliter
1020 3915 1120 3972 sua
1151 3909 1198 3953 et
1227 3899 1378 3951 aliter
1405 3899 1543 3972 [acta
1571 3900 1928 3972 proximorum

335 3979 585 4039 pensant,
635 3986 694 4024 ac
734 3973 966 4042 perﬁltoc
1011 3971 1066 4024 in
1113 3979 1328 4036 utroque
1368 3969 1735 4042 abominabiles
1785 3971 1927 4038 apud

337 4042 510 4114 Deum
537 4041 760 4114 existunt
781 4057 800 4094 :
819 4041 1072 4094 diversum
1095 4057 1315 4114 namque
1335 4041 1538 4114 pondus
1563 4043 1616 4094 in
1640 4043 1794 4094 domo
1811 4059 1926 4104 sua,

336 4113 600 4168 diuersam
629 4111 780 4164 habet
811 4127 1122 4178 mensuram,
1158 4121 1212 4164 ut
1232 4111 1382 4165 aliter
1403 4112 1638 4166 uidelicet
1667 4115 1720 4164 in
1749 4123 1932 4166 semet-

337 4188 459 4254 ipso
485 4225 498 4248 ,
523 4184 678 4236 aliter
705 4183 984 4236 mentiatur
1008 4185 1062 4236 in
1091 4185 1349 4252 proximo,
1384 4187 1470 4254 qui
1497 4185 1550 4236 in
1579 4185 1686 4237 suis
1731 4199 1932 4254 semper

339 4253 546 4310 actibus
583 4269 696 4325 quia
733 4255 962 4325 laudari.
987 4255 1042 4308 in
1083 4255 1306 4308 aliorum
1345 4269 1464 4308 vero
1503 4271 1618 4318 quae
1651 4253 1935 4325 vitupcrjtri

343 4328 571 4398 possint,
596 4323 848 4398 rimatur.
881 4324 946 4378 Et
971 4325 1090 4378 ideo
1121 4327 1274 4377 talem
1294 4327 1434 4398 juste
1463 4327 1796 4398 abominatur
1827 4323 1936 4378 Do-

343 4397 546 4458 minus.
577 4397 694 4466 qui
723 4397 966 4450 nimirum
991 4405 1232 4464 quantum
1265 4397 1460 4448 sibimet
1487 4397 1591 4466 ipsi
1617 4397 1804 4466 absque
1833 4411 1937 4448 me-

345 4471 470 4524 ritis
497 4469 686 4536 placet,
712 4477 912 4520 tantum
929 4483 1152 4538 superno
1169 4467 1442 4538 inspectori
1471 4467 1654 4520 merito
1679 4469 1937 4536 displicet.

347 4541 482 4596 Haec
511 4539 786 4608 eleganter
821 4541 878 4592 D.
909 4537 1286 4610 Hieronymus,
1311 4553 1428 4608 qua!
1453 4541 1494 4592 si
1525 4553 1645 4591 cutn
1667 4549 1816 4592 textu
1845 4553 1942 4592 n0-

351 4621 468 4666 stro
519 4610 889 4676 conferantur,
931 4611 1088 4682 plane
1139 4610 1314 4664 eidem
1365 4617 1730 4664 consentanea
1783 4623 1943 4680 repe‘

351 4685 594 4738 riuutur.

425 4753 454 4792 ιι
495 4751 620 4806 Mihi
645 4751 900 4808 videntur
933 4749 1048 4804 haec
1087 4750 1157 4805 de
1197 4749 1390 4820 triplici
1422 4750 1736 4806 adversario
1783 4765 1946 4818 posse

350 4823 752 4894 exponitputa
801 4823 870 4876 de
911 4821 1146 4894 diabolo,
1177 4823 1244 4876 de
1273 4837 1468 4888 carne,
1513 4821 1582 4876 de
1611 4823 1946 4894 conscientia

353 4893 570 4950 nostra.
598 4893 674 4947 De
701 4893 916 4947 diabolo
933 4893 1148 4958 exponit
1177 4893 1466 4959 Dionysius
1495 4895 1594 4948 hac
1627 4893 1944 4960 paraphrasi

355 4965 524 5035 huius
551 4965 656 5019 loci
685 4981 700 5016 :
731 4965 824 5019 Sic
859 4964 1110 5035 seri-inuria
1137 4973 1210 5018 est
1243 4963 1540 5018 solemnitas
1583 4964 1948 5035 prazdictorum

355 5033 586 5100 dierum,
605 5041 660 5087 ut
687 5051 924 5089 concessa
953 5033 1186 5088 remissio
1217 5037 1376 5104 prosit
1405 5035 1564 5105 magis
1585 5033 1744 5104 quam
1769 5043 1951 5088 noceat

357 5106 530 5160 cultui
553 5107 656 5160 siue
683 5107 939 5178 profectui
962 5106 1132 5178 carnis
1152 5115 1197 5158 et
1219 5107 1426 5166 animae,
1449 5106 1688 5178 quia_nec
1715 5107 1952 5178 stimulus

359 5179 540 5232 carnis
571 5175 732 5246 neque
767 5175 1002 5248 diabolus
1027 5177 1292 5248 mitigatur
1320 5177 1509 5246 gaudio
1540 5175 1771 5248 alicujus
1807 5177 1952 5246 festi-

359 5250 540 5303 vitatis
583 5261 674 5302 aut
703 5249 908 5302 dierum
937 5247 1153 5302 honore.
1175 5247 1264 5303 Sic
1295 5249 1431 5314 ipse,
1465 5263 1620 5316 quem
1648 5255 1700 5300 et
1751 5247 1952 5302 Lavar-

361 5321 528 5374 diuus
579 5321 732 5388 sequi
763 5321 994 5374 videtur.
1029 5319 1104 5372 De
1135 5319 1238 5372 hoc
1280 5318 1480 5389 quippe
1525 5317 1838 5371 adversario
1876 5319 1951 5374 ait

363 5389 568 5446 Petrus
595 5391 888 5460 Apostolus
917 5407 931 5442 :
965 5389 1300 5442 Adversarius
1331 5397 1492 5443 vester
1517 5389 1752 5460 diabolus
1772 5428 1800 5460 ,γ
1819 5397 1951 5460 tgna-

361 5477 528 5534 quam
549 5461 626 5516 leo
647 5457 1060 5534 rugienscircuit
1079 5476 1500 5534 iquwrensquem
1529 5459 1740 5534 devoret
1761 5459 1804 5529 (I
1828 5457 1947 5534 Pet.

363 5531 446 5602 ν).
495 5537 667 5602 Atque
697 5531 787 5587 liie
813 5532 1161 5586 adversarius
1203 5533 1422 5585 immitis
1445 5541 1500 5586 et
1541 5531 1775 5602 crudelis
1805 5533 1949 5585 nulla

367 5601 595 5658 dierum
617 5605 924 5662 reverentia
947 5603 1238 5666 mitigatur,
1263 5603 1314 5656 id
1339 5613 1442 5666 est,
1471 5603 1616 5656 nulla
1641 5601 1955 5655 solemnita-

369 5683 492 5730 tum
532 5673 836 5730 reverentia
867 5683 921 5728 et
967 5673 1224 5741 religione
1262 5674 1527 5742 tangitur,
1563 5680 1622 5726 ut
1663 5681 1951 5740 propterea

369 5745 745 5813 cattqttiescat,
767 5753 824 5800 et
841 5759 939 5799 nos
965 5745 1280 5812 impugnare
1303 5759 1398 5798 seu
1423 5744 1488 5798 ad
1517 5745 1718 5796 malum
1749 5743 1952 5797 sollici-

369 5822 502 5872 tare
529 5815 964 5872 desistatzimmo
987 5827 1096 5884 quo
1123 5815 1466 5870 remissiores
1485 5816 1844 5871 etliberiores
1873 5813 1950 5868 of-

369 5891 571 5964 fendit,
615 5907 682 5950 eo
723 5889 978 5950 audacius
1023 5895 1077 5943 et
1105 5885 1462 5956 importunius
1502 5889 1841 5958 aggreditur;
1883 5889 1954 5944 de

1943 3511 1990 3574 C

1973 4869 2028 4930 D

2013 2706 2176 2768 carne
2199 2691 2362 2746 etiam
2388 2705 2484 2746 seu
2519 2693 3023 2768 carniscttpiditate
3053 2703 3234 2768 potest
3265 2697 3512 2768 intelligi,
3545 2715 3614 2756 eo

2013 2761 2177 2838 modo
2205 2777 2371 2838 quoa
2404 2763 2678 2838 nonnullis
2706 2761 2983 2836 (Athanas.
3017 2761 3182 2838 (1:62,
3221 2769 3258 2821 I.
3297 2784 3311 2824 1
3343 2761 3614 2838 ερὲὧξὸο.

2013 2835 2280 2906 Juvencus
2312 2835 2594 2906 in_cartn.)
2636 2835 2978 2902 exponuntur
3007 2837 3094 2890 illa
3127 2838 3288 2892 verba
3317 2835 3620 2896 salvatoris

2015 2905 2205 2960 .‘llattlt.
2241 2921 2268 2956 v
2306 2903 2472 2978 tEsto
2515 2903 2838 2978 consentiens
2881 2909 3179 2961 aduersario
3206 2917 3294 2964 tuo
3339 2913 3463 2978 cito,
3495 2913 3619 2966 dum

2016 2993 2069 3047 es
2093 2991 2208 3028 cum
2231 2991 2288 3030 eo
2305 2976 2358 3029 in
2380 2977 2484 3038 uia,
2517 2985 2626 3032 etc.
2651 2977 2766 3044 Quo
2791 2979 3008 3047 quidem
3035 2981 3084 3032 in
3115 2980 3256 3046 loco,
3283 2983 3354 3034 ait
3381 2976 3620 3038 Isidorus

2017 3045 2342 3120 Pelusiotes.
2370 3063 2461 3114 per
2488 3045 2866 3120 adversarium,
2899 3049 3129 3120 corporis
3153 3045 3486 3116 cupiditatem
3513 3057 3626 3120 spi-

2017 3118 2144 3172 ritui
2193 3127 2568 3188 repugnantem
2617 3119 2786 3172 divine
2831 3119 3093 3190 intelligit.
3135 3121 3289 3176 Viam
3335 3137 3506 3177 (nitent
3541 3118 3625 3180 hic

2019 3191 2175 3244 vitam
2215 3201 2536 3262 vocat,_quae
2561 3207 2592 3244 α
2636 3207 2818 3262 genere
2855 3201 3030 3246 nostro
3061 3195 3172 3246 sine
3209 3197 3320 3246 ulla
3357 3199 3626 3250 institione

2019 3267 2344 3332 peragratur.
2377 3259 2952 3336 Consenstt'nrdenique
2979 3279 3042 3336 ac
3072 3263 3472 3336 benevolentiam
3501 3285 3628 3336 erga

2022 3331 2240 3408 Corpus,
2283 3331 2605 3408 agnitio_itent_
2643 3332 2939 3408 rebellionis
2983 3333 3158 3408 ipsius‘
3195 3335 3458 3408 ᾳρρειιηι,
3512 3331 3626 3408 ιμῖω

2019 3403 2296 3475 confestim
2314 3402 2540 3475 perspici
2571 3401 2718 3454 debet
2737 3419 2754 3454 :
2779 3418 2840 3454 ne
2867 3403 3079 3472 alioqui,
3117 3404 3158 3456 si
3197 3401 3360 3472 ipsius
3391 3401 3624 3475 imperiis

2021 3471 2461 3547 succubueriutus,
2492 3487 2554 3547 uc
2583 3489 2663 3547 rus
2691 3489 2916 3547 superna
2951 3471 3222 3547 vacatione
3247 3471 3490 3546 indignas
3513 3496 3628 3547 per-

2025 3543 2420 3614 petraverimus,
2465 3541 2530 3594 ab
2577 3541 2672 3596 illa
2717 3541 2896 3596 Judici
2939 3553 3048 3598 tum
3085 3541 3522 3612 dedamurfcunt
3557 3549 3626 3604 ad

2029 3628 2190 3686 opera
2217 3623 2394 3686 nostra
2425 3621 2469 3666 et
2500 3629 2758 3668 sermones
2788 3614 3108 3682 colligendos
3151 3620 3366 3686 venerit,
3405 3619 3629 3674 redden-

2029 3683 2561 3756 dumqueunicuique
2592 3687 2757 3756 juxta?
2781 3701 2910 3746 opus
2946 3703 3120 3740 suum.
3173 3687 3260 3742 Sic
3290 3683 3378 3742 ille
3407 3705 3471 3746 ex
3507 3707 3632 3746 ver-

2031 3753 2189 3809 sione
2221 3753 2483 3810 Billiana.
2505 3753 2706 3812 Verum
2747 3755 2864 3810 lttuc
2893 3757 3166 3824 expositio
3193 3759 3370 3816 minus
3399 3763 3630 3818 fortasse

2033 3826 2226 3882 Idonea
2279 3835 2334 3881 et
2363 3827 2648 3882 commoda
2683 3827 2804 3898 huic
2853 3827 2974 3882 loco
3007 3828 3180 3884 videri
3227 3833 3396 3898 possit
3427 3835 3512 3898 (ιιι
3559 3833 3630 3890 de

2035 3905 2184 3970 textu
2213 3909 2265 3952 et
2311 3911 2476 3970 sensu
2518 3897 2846 3970 evangelica
2886 3899 3020 3970 nihil
3073 3897 3292 3970 dicant),
3343 3897 3486 3970 quad
3529 3904 3632 3960 ltoc

2037 3969 2198 4044 modo
2249 3983 2352 4024 lIOll
2404 3967 2844 4044 distingueretur
2883 3969 2998 4044 haec
3029 3967 3298 4028 sententia
3349 3967 3378 4028 a
3427 3991 3632 4044 praece-

2036 4039 2220 4104 dente,
2269 4055 2391 4094 cnm
2435 4041 2522 4096 ltic
2571 4039 2913 4094 adversarius
2946 4041 3084 4096 idem
3135 4047 3208 4100 sit
3259 4059 3382 4099 cum
3425 4039 3632 4104 aculeis

2037 4112 2254 4176 carnis;
2307 4111 2534 4180 proinde
2585 4112 2728 4182 nulla
2788 4111 2980 4182 luisset
3029 4129 3166 4182 opus
3215 4115 3564 4174 distinctione
3614 4136 3628 4171 :

2039 4183 2290 4250 quamvis
2315 4197 2444 4236 vere
2481 4183 2642 4236 etiam
2687 4181 2798 4236 dici
2829 4183 2996 4250 possit
3038 4181 3124 4240 hic
3163 4185 3542 4252 adversarius,
3577 4189 3632 4244 id

2041 4265 2146 4326 est,
2167 4255 2348 4308 carnis
2371 4255 2620 4326 stimulus
2638 4255 2781 4326 nulla
2805 4255 3027 4326 dierllllli
3042 4261 3345 4326 reverentia
3369 4260 3630 4326 mitigari,

2041 4323 2098 4377 id
2123 4333 2226 4388 est,
2257 4323 2665 4400 Conquiescerc,
2690 4323 2971 4400 quietiam
3003 4325 3063 4400 Β.
3085 4325 3253 4400 Paulo
3275 4345 3404 4400 qum
3423 4331 3468 4386 is
3491 4323 3628 4385 tem;

2043 4407 2175 4463 pore
2228 4397 2505 4470 molestus
2537 4401 2654 4470 erat
2686 4395 2729 4465 (l
2761 4393 2882 4470 Co_r.
2923 4397 3054 4466 xw).
3105 4393 3306 4454 Tertia-
3331 4403 3630 4470 espositio,

2045 4465 2334 4540 quiemihi
2368 4467 2538 4534 magis
2567 4467 2742 4540 placet
2765 4508 2778 4531 ,
2812 4465 2878 4520 de
2905 4465 3264 4536 Conscientia,
3295 4465 3420 4540 quae'
3447 4489 3544 4528 nos
3575 4465 3636 4528 ut

2045 4537 2403 4610 gravissimus
2423 4535 2764 4592 adversarius
2787 4549 3031 4610 accusat;
3057 4557 3230 4610 neque
3256 4535 3514 4610 mitigari,
3541 4559 3636 4610 pa-

2047 4609 2164 4684 cari
2188 4617 2236 4660 et
2261 4621 2452 4660 secura
2472 4623 2604 4684 esse
2633 4613 2829 4684 potest,
2863 4609 2905 4662 si
2939 4623 3034 4684 nos
3059 4611 3113 4664 itt
3143 4609 3334 4684 diebus
3361 4609 3636 4684 Quinqua-

2049 4677 2294 4746 gosimr,
2323 4687 2412 4731 aut
2437 4679 2936 4750 alitterilettittitttte,
2973 4679 3138 4735 nimia
3167 4682 3242 4736 uti
3273 4677 3636 4750 licentia,'in-

2051 4749 2567 4820 tctnperantia,7vel
2615 4749 2935 4802 remissione
2986 4753 3238 4814 senserit.
3293 4771 3412 4820 quae
3467 4749 3636 4810 cultui

2053 4819 2169 4894 sive
2197 4819 2466 4894 prolectui
2493 4821 2740 4894 cogporis
2787 4819 2868 4894 vel
2903 4821 3095 4876 anima:
3126 4819 3346 4882 noceat.
3389 4835 3444 4878 ut
3470 4841 3636 4894 supe-

2055 4891 2168 4946 rius
2201 4891 2400 4962 dictum
2428 4901 2527 4944 est.
2561 4889 2638 4944 De
2662 4907 2768 4958 quo
2792 4891 3107 4962 adversario
3136 4889 3639 4962 eodemquejudice

2053 4977 2119 5034 ac
2163 4961 2377 5034 vindice
2407 4977 2568 5034 supra
2617 4963 2750 5014 dixit
2781 4959 2932 5034 (Cap.
2962 4963 3060 5034 7'22.)
3105 4981 3118 5020 :
3169 4959 3376 5020 Residui
3421 4959 3474 5020 in
3519 4985 3640 5022 ron-

2047 5033 2262 5086 scientia
2285 5041 2464 5085 nostra
2488 5033 2820 5104 incorruptus
2842 5033 3054 5107 quidam
3083 5053 3143 5088 ac
3171 5053 3319 5090 verus
3334 5037 3522 5107 jttdezu,
3553 5041 3641 5104 qui

2055 5119 2442 5172 nonnumquam
2483 5119 2634 5170 super
2677 5103 2816 5156 stam
2843 5103 3080 5168 puritatis
3121 5121 3307 5162 nostra:
3334 5103 3533 5162 cunctis
3561 5103 3644 5162 er-

2053 5173 2283 5226 rantibus
2327 5173 2469 5244 solus
2511 5175 2620 5244 ipse
2649 5191 2749 5226 non
2779 5173 3002 5244 fallitur.
3049 5175 3114 5230 Et
3163 5179 3290 5232 alibi
3319 5182 3642 5233 vocatarbi-

2053 5253 2207 5310 tram,
2243 5261 2343 5296 non
2375 5243 2544 5297 solum
2582 5243 2808 5316 artuum.
2840 5247 2930 5316 sed
2957 5253 3002 5300 et
3039 5251 3411 5316 coqitationum
3443 5261 3644 5304 nostra-

2053 5331 2169 5368 rum
2197 5317 2563 5370 conscientiam
2594 5313 2806 5388 (Collat._
2833 5314 2914 5382 ll,
2951 5333 3068 5386 cap.
3102 5313 3180 5388 9).
3213 5321 3384 5388 Quam
3416 5319 3478 5374 D.
3513 5321 3640 5376 Ilie-

2057 5401 2319 5462 ronytntts
2357 5391 2696 5462 συντήρησιγ,
2723 5386 3298 5462 vitlgusAsyuderesnn
3345 5401 3640 5456 nuncupat,

2059 5455 2363 5530 Atqiteﬂhoc
2389 5455 2555 5530 t_nud'o
2581 5455 3177 5530 etiauLD.Athanasius
3209 5461 3430 5530 (Quanti.
3450 5455 3540 5528 6‘2)
3567 5463 3644 5516 lo-

2053 5542 2176 5581 cum
2194 5529 2356 5602 illum
2389 5527 2662 5602 Evangelii
2693 5525 2906 5602 (Matth.
2941 5529 2993 5600 γ)
3039 5525 3424 5602 interpretatur
3453 5551 3466 5586 :
3501 5525 3644 5587 Dici-

2055 5607 2161 5664 tur,
2193 5599 2384 5666 inquit,
2432 5600 2588 5651 etiam
2636 5599 2956 5652 conscientia
2978 5599 3332 5658 adversarius.
3379 5603 3516 5658 Nam
3565 5621 3645 5658 oc-

2053 5671 2191 5724 culte
2219 5687 2312 5726 nos
2343 5669 2574 5742 incorde
2605 5681 2784 5722 nostro
2809 5672 3092 5742 redarguit,
3117 5685 3312 5728 coercet
3339 5691 3370 5730 a
3405 5673 3567 5742 malo,
3599 5685 3646 5728 et

2051 5742 2098 5794 si
2119 5743 2282 5794 simus
2311 5739 2684 5806 inobedientes,
2711 5742 2917 5795 tandem
2942 5739 3034 5796 nos
3071 5745 3140 5798 ad
3167 5743 3263 5804 Dei
3293 5747 3522 5800 tribunal
3549 5739 3646 5800 sis-

2055 5813 2139 5876 tit,
2171 5811 2264 5889 ubi
2279 5822 2322 5864 et
2347 5827 2520 5889 paruas
2552 5811 2809 5889 dabimus,
2845 5823 2950 5866 tum
2973 5819 3264 5870 enormium
3295 5829 3640 5889 peccatorum,

2057 5895 2168 5942 tum
2198 5886 2352 5940 etiam
2381 5883 2567 5938 levium
2587 5893 2636 5940 et
2665 5885 3016 5944 minimarum.
