4092 6322
440 288 586 351 “99

1536 287 1822 346 JOANNlS
1857 284 2169 347 CASSIANI
2204 287 2703 349 COLLATIONES.

3601 292 3743 355 1200

440 410 572 466 tatis
595 415 972 473 conservetur,
1006 413 1063 463 et
1088 400 1481 463 saluberrimus
1530 404 1889 475 parcimonia:
1917 384 2033 459 mo-
2063 406 2120 470 Α
2143 410 2233 459 tua
2263 405 2522 476 (Nattam.
2556 405 2620 476 ι).
2667 404 2724 461 Si
2761 404 2904 461 enim
2941 404 3299 464 continentiae
3331 404 3616 481 jugitatem
3658 413 3747 467 in-

436 504 542 561 dus
570 502 796 558 minime
829 501 1268 565 transcendatur,
1298 499 1508 555 sufficit
1539 506 1598 552 ut
1633 498 2034 570 indulgentiam

435 597 783 656 remissionis
807 612 879 655 eo
916 612 1088 668 usque
1130 595 1390 666 progredi
1426 594 1697 665 patiamur
1725 604 1752 632 α
1782 602 1842 650 ιιι
1882 594 2036 650 cibus

434 695 531 764 qui
565 693 705 749 hora
728 691 837 747 diei
868 705 1015 747 nona
1050 688 1228 745 fuerat
1255 687 1577 757 capiendus,
1598 686 1763 758 paulo
1783 687 1967 757 citius,
1982 687 2038 743 id

430 792 721 855 est,'sexta
752 786 885 840 hora
914 799 1014 855 pro
1046 781 1357 840 leStivitatis
1386 790 1635 854 tempore
1665 782 1937 853 capiatur,
1971 798 2038 840 ea

429 880 655 938 ratione
706 880 1017 948 dumtaxat,
1070 886 1130 934 ut
1171 891 1421 934 escarum
1468 877 1666 933 solitus
1712 877 1907 934 modus
1951 877 2036 935 vel

430 972 675 1042 qualitas
707 987 817 1027 non
846 979 1108 1037 mutetur,
1139 985 1209 1025 ne
1240 969 1448 1041 puritas
1474 969 1744 1039 corporis,
1780 976 1866 1024 vel
1894 970 2036 1026 inte-

431 1062 603 1131 gritas
657 1063 875 1126 mentis,
926 1061 1254 1117 abstinentia
1309 1060 1756 1131 Quadragesimte
1801 1060 2035 1133 diligen-

433 1154 543 1210 tius
570 1156 863 1226 acquisita,
894 1154 1371 1225 Quinquagesimte
1401 1154 1725 1210 remissione
1750 1154 2035 1225 depereat,

431 1246 681 1318 nihilque
722 1247 882 1303 nobis
926 1249 1100 1319 prosit
1136 1248 1441 1304 obtinuisse
1480 1247 1703 1319 jejuuiis
1733 1247 1879 1319 quod
1910 1263 2035 1304 mox

429 1341 609 1397 amitti
630 1350 791 1412 cogat
812 1342 1028 1397 incitata
1052 1342 1314 1397 saturitas
1340 1358 1352 1394 :
1385 1341 1692 1411 praesertim
1712 1355 1839 1396 cum
1867 1341 2034 1396 etiam

430 1433 607 1491 hostis
638 1435 814 1491 nostri
839 1451 946 1489 non
971 1435 1155 1506 ignota
1178 1434 1447 1501 versutia,
1475 1444 1605 1489 tunc
1627 1434 1899 1504 praacipue
1917 1448 2036 1489 mu-

429 1528 702 1583 nitionem
747 1536 948 1583 nostra:
981 1527 1235 1597 puritatis
1262 1526 1573 1597 impugnet,
1611 1541 1737 1581 cum
1774 1525 1893 1596 ejus
1934 1540 2033 1581 cn-

428 1622 667 1678 stodiam
714 1621 949 1677 senserit
1000 1620 1363 1676 solemnitatis
1406 1619 1727 1675 celebritate
1773 1620 2029 1674 laxatam.

428 1715 850 1785 l’Quamobrem
890 1713 1316 1786 vigilantissime
1371 1712 1769 1785 providendum
1824 1721 1930 1781 est,
1965 1729 2033 1770 ne

426 1824 689 1880 umquam
721 1809 919 1865 mentis
951 1815 1152 1863 nostra:
1192 1806 1343 1879 vigor
1374 1806 1591 1862 blandis
1620 1806 2034 1862 seductionibus
2065 1799 2113 1861 B

426 1912 747 1969 enervetur,
792 1916 890 1967 ne,
923 1899 1091 1955 veluti
1135 1914 1300 1969 supra
1327 1899 1439 1969 jam
1482 1899 1688 1955 dictum
1719 1908 1832 1963 est,
1865 1901 2028 1955 casti-

423 1996 633 2053 moniae
681 1995 976 2067 puritatem
1017 1994 1460 2065 Quadragesimaa
1512 1994 1701 2051 labore
1742 1995 2027 2066 quaesitam

424 2089 901 2161 Quinquagesimas
943 2089 1136 2159 requie
1173 2102 1239 2144 ac
1278 2089 1576 2145 securitate
1612 2089 1923 2158 perdamus.
1962 2089 2031 2146 Et

423 2182 635 2239 idcirco
665 2182 809 2238 nulla
846 2181 1063 2252 penitus
1088 2181 1142 2236 in
1172 2180 1417 2237 ciborum
1449 2183 1717 2253 qualitate
1745 2183 1835 2239 vel
1867 2183 2028 2239 modo

423 2276 741 2332 admittatur
770 2275 1041 2345 adjectio,
1072 2274 1169 2331 sed
1194 2274 1263 2330 ab
1292 2275 1436 2330 escis
1467 2291 1694 2346 quarum
1741 2277 2029 2332 continen-

421 2369 495 2424 tia
523 2367 722 2424 diebus
739 2366 933 2438 jejunii
960 2381 1061 2438 pro
1085 2367 1398 2438 integritate
1425 2368 1698 2437 pudicitiae
1720 2369 2026 2439 utebamur,

419 2460 584 2517 etiam
612 2460 805 2516 diebus
835 2460 1211 2516 celeberrimis
1249 2460 1505 2516 similiter
1542 2471 1927 2532 temperemus,
1960 2478 2027 2519 ne

419 2552 609 2608 laetitia
637 2552 949 2609 festivitatis
980 2552 1505 2622 perniciosissimam
1536 2554 1695 2609 nobis
1723 2555 2024 2610 carnalium

418 2646 819 2703 incentivorum
847 2645 1123 2702 suscitans
1147 2661 1407 2717 pugnam,
1436 2657 1681 2703 vertatur
1711 2638 1765 2703 in
1796 2649 2023 2716 luctum,

418 2738 678 2809 illamque
732 2738 892 2794 nobis
920 2738 1396 2808 excellentiorem,
1425 2755 1547 2809 quae
1595 2740 1796 2810 gaudio
1843 2741 2023 2797 incor-

417 2829 687 2898 ruptionis
713 2829 971 2893 exsultat,
988 2828 1343 2887 festivitatem
1372 2833 1573 2888 mentis
1604 2833 1823 2903 eripiat,
1857 2844 1911 2890 et
1938 2835 2023 2890 in-

416 2921 684 2991 cipiamus
730 2930 855 2991 post
896 2922 1119 2978 brevem
1167 2924 1404 2979 carnalis
1454 2924 1658 2980 laetitiae
1698 2927 2023 2994 vanitatem,

415 3013 678 3068 amissam
708 3014 891 3069 cordis
938 3014 1254 3083 pudicitiam
1291 3016 1455 3085 longo
1504 3019 1844 3087 paenitentiae
1890 3035 2025 3076 moe-

415 3120 542 3160 rore
570 3105 1133 3161 deflere.Studendnm
1158 3108 1461 3178 quinimmo
1489 3118 1575 3164 est
1600 3119 1658 3165 ut
1688 3126 1793 3165 non
1824 3110 2022 3169 frustra

2141 497 2369 571 terjecta
2397 498 2607 555 dierum
2640 498 2961 555 solemnitas
2988 515 3096 556 non
3122 500 3370 572 mutarit,
3401 501 3742 572 spiritalibus

2138 592 2288 649 feriis
2315 592 2516 664 jugiter
2545 592 2911 664 perfruemur,
2936 604 2991 651 et
3027 596 3100 651 ita
3132 595 3292 651 nobis
3320 610 3353 652 ιι
3396 596 3586 653 servili
3610 612 3747 669 ope-

2138 685 2355 742 ratione
2383 684 2743 755 cessantibus,
2775 684 2893 741 Erit
2920 688 3111 744 mensis
3141 703 3207 745 ea:
3231 704 3429 759 mense,
3460 697 3515 746 et
3554 689 3745 747 sabba-

2140 781 2251 830 tum
2276 790 2340 830 ea:
2359 775 2573 831 sabbato
2600 774 2788 850 (lsaite
2816 776 2985 849 Lm).

2708 868 2938 927 CAPUT
2970 870 3165 929 XXIV.

2176 957 2527 1034 Interrogatio
2547 962 2612 1017 de
2629 961 2834 1018 diversa
2860 961 3209 1020 observatione
3241 965 3687 1039 Quadragesintte.

2208 1056 2512 1115 Germanus
2537 1074 2551 1112 :
2581 1057 2720 1127 Quid
2759 1072 2940 1113 causae
2968 1067 3053 1115 est
3083 1068 3142 1115 ut
3167 1074 3263 1115 sex
3297 1060 3741 1118 hebdomadibus

2137 1148 2563 1221 Quadrageaima
2608 1148 2954 1218 celebretur,
2990 1150 3117 1207 licet
3157 1151 3211 1206 in
3242 1130 3569 1222 quibusdam
3612 1169 3746 1224 pro-

2136 1240 2329 1296 vinciis
2364 1240 2649 1312 religionis
2690 1240 2922 1297 forsitan
2952 1243 3282 1315 propensior
3310 1260 3441 1301 cura
3471 1246 3741 1316 adjecisse

2138 1334 2532 1391 hebdomadam
2563 1334 2726 1391 etiam
2756 1336 3042 1408 septimam
3076 1335 3345 1407 videatur,
3377 1353 3501 1393 cum
3545 1349 3743 1397 neuter

2137 1444 2419 1495 numerus,
2455 1440 2479 1470 ο
2504 1430 2594 1485 die
2614 1431 2892 1487 dominico
2914 1432 3249 1503 sabbatoque
3276 1432 3577 1498 subtracto,
3599 1449 3744 1503 qua-

2135 1519 2385 1590 draginta
2409 1521 2620 1578 dierum
2648 1521 2873 1591 impleat
2900 1525 3215 1579 summam?
3246 1525 3351 1581 Sex
3388 1525 3532 1579 enim
3566 1533 3621 1580 et
3646 1525 3746 1581 tri-

2136 1616 2278 1687 ginta
2311 1614 2427 1672 dies
2477 1617 2530 1672 in
2558 1615 2691 1688 ipsis
2721 1616 3149 1675 hebdomadibus
3194 1620 3575 1675 tantummodo
3600 1635 3733 1676 con-

2136 1708 2451 1765 cluduntur.

2720 1800 2946 1861 CAPUT
2984 1803 3152 1861 XXV.

2133 1894 2438 1972 Responsio‘
2464 1897 2533 1951 ad
2546 1900 2876 1972 (prepositam
2908 1900 3396 1971 interrogationem,
3437 1918 3541 1972 qua
3579 1903 3741 1957 etiam

2203 1969 2351 2044 docet
2402 1968 2824 2044 Quatlragesima:
2868 1968 3139 2044 jejunium
3193 1972 3358 2026 vicem
3413 1968 3745 2029 decimarum

2203 2043 2362 2096 totius
2390 2042 2518 2096 anni
2539 2041 2830 2113 complecti.

2204 2177 2487 2234 Theonas:
2518 2177 2670 2235 Licet
2693 2180 3055 2250 quorumdam
3100 2181 3187 2251 pia
3212 2181 3533 2252 simplicitas
3573 2181 3741 2250 hujus

2130 2273 2216 2329 rei
2247 2281 2492 2344 amputet
2522 2275 2903 2344 quaestionem,
2939 2283 3117 2330 tamen
3153 2275 3275 2343 quia
3311 2275 3473 2329 etiam
3502 2273 3591 2329 illa
3615 2290 3743 2345 quas

2132 2368 2273 2424 alius
2312 2368 2737 2437 interrogatione
2783 2366 2999 2438 indigna
3039 2367 3329 2433 duxisset,
3361 2368 3740 2438 scrupulosius

2131 2468 2538 2531 perscrutantes
2556 2502 2570 2526 ,
2604 2460 2866 2531 integram
2902 2460 3265 2516 observantia:
3294 2471 3495 2519 nostra:
3518 2478 3580 2518 ac
3607 2478 3738 2535 my-

2131 2553 2286 2609 sterii
2313 2553 2599 2609 veritatem
2648 2552 2971 2609 desideratis
3015 2568 3349 2624 agnoscere:
3391 2554 3741 2611 evidentissi-

2129 2663 2274 2704 mam
2305 2646 2464 2718 hujus
2494 2647 2655 2703 etiam
2686 2647 2765 2701 rei
2792 2647 3057 2716 percipite
3082 2648 3381 2715 rationem,
3408 2658 3468 2702 ut
3498 2647 3737 2705 manife-

2129 2742 2266 2797 stius
2286 2740 2599 2812 approbetis
2629 2737 2768 2793 nihil
2791 2739 3164 2794 irrationabilc
3188 2747 3408 2795 nostros
3435 2740 3738 2796 tradidisse

2124 2834 2389 2905 majores.
2415 2833 2558 2904 Lege
2586 2832 2821 2888 Mosaica
2844 2830 3105 2889 universo
3126 2832 3326 2904 p0pulo
3350 2834 3621 2902 generalis
3648 2844 3739 2890 est

2129 2927 2467 2998 promulgata
2492 2924 2814 2996 praeceptio:
2846 2925 3087 2980 Decimus
3112 2937 3228 2980 tuas
3245 2935 3291 2980 et
3316 2927 3576 2997 primitias
3601 2927 3737 2996 olfe-

2127 3038 2210 3077 res
2239 3020 2466 3075 Domino
2490 3019 2599 3075 Deo
2619 3026 2709 3074 tuo
2733 3017 2934 3089 (Exod.
2958 3018 3115 3090 ειη).
3148 3020 3332 3090 Itaque
3359 3021 3451 3091 qui
3479 3022 3734 3077 substan-

2128 3116 2324 3172 tiarum
2376 3125 2684 3171 nostrarum
2740 3115 3098 3185 omniumque
3150 3113 3421 3170 fructuum
3488 3114 3730 3171 decimas

416 3199 486 3254 ad
532 3213 632 3254 nos
683 3199 779 3254 illa
831 3200 1166 3270 prophetica:
1215 3200 1617 3258 adhortationis
1663 3191 2095 3262 commonitioC
2125 3209 2321 3265 offerre
2365 3209 2751 3280 praecipimur,
2798 3208 2970 3263 multo
3016 3207 3191 3278 magis
3236 3222 3463 3264 necesse
3500 3206 3635 3264 estd
3668 3217 3727 3264 ιιι

414 3294 681 3367 dirigatur
696 3313 710 3351 :
725 3294 962 3364 Celebra,
979 3294 1013 3349 Ι
1020 3296 1147 3363 uda,
1167 3297 1470 3368 festivitates
1486 3308 1622 3367 tuas,
1648 3309 1694 3356 et
1720 3301 1877 3357 redde
1903 3310 2020 3357 vota

2126 3301 2301 3373 ipsius
2321 3316 2538 3375 quoque
2566 3299 2997 3357 conversationis
3026 3309 3227 3357 nostra
3253 3308 3310 3356 et
3340 3301 3561 3356 humani
3590 3316 3729 3358 usus

1495 3434 1761 3491 ADARDI
1798 3435 2035 3492 GAZ/El
2073 3436 2641 3493 COMMENTARIUS.

488 3535 515 3564 ι
540 3525 745 3581 Eodem
779 3525 941 3581 modo
960 3525 1131 3581 abbas
1163 3525 1379 3598 Moyses
1401 3526 1584 3598 collat.
1616 3525 1653 3579 2
1680 3543 1801 3596 cap.
1829 3527 1902 3583 26
1923 3528 2022 3584 do-

416 3607 503 3654 cet
532 3597 805 3668 qnomodo
847 3599 1182 3662 humanitas,
1213 3597 1266 3652 id
1298 3606 1402 3660 est,
1434 3597 1801 3664 hospitalitas,
1841 3599 2023 3654 fratri-

414 3670 516 3724 bus
546 3668 963 3724 advenieutibns
999 3669 1249 3724 exhiberi
1277 3670 1473 3737 possit,
1501 3669 1706 3739 absque
1737 3670 2021 3738 dispendio

414 3750 690 3795 consuetae
720 3740 1081 3795 districtionis
1103 3750 1158 3795 et
1188 3741 1536 3794 abstinentia:
1570 3756 1583 3794 :
1628 3739 1697 3795 Ut
1742 3741 1795 3795 in
1838 3754 2023 3798 neutra

413 3824 561 3883 parte
604 3811 1037 3883 reprehensibiles
1084 3811 1434 3883 inveniamur,
1486 3812 1532 3865 si
1578 3809 1719 3877 hcce,
1762 3812 1959 3880 inquit,
1991 3830 2024 3868 α

413 3881 563 3936 nobis
591 3881 916 3935 consuetudo
957 3884 1275 3945 retineatur,
1298 3890 1351 3935 ut
1380 3881 1511 3936 hora
1534 3898 1673 3935 nona
1714 3883 1777 3936 de
1818 3883 2021 3938 duobus

412 3954 729 4024 paximaciis
747 3966 863 4021 qua:
884 3953 1032 4024 nobis
1054 3953 1306 4007 canonica
1327 3969 1572 4007 mensura
1589 3957 1712 4024 jure
1747 3954 2017 4017 debentur,

412 4023 518 4077 uno
550 4024 848 4097 paximacio
879 4023 1181 4092 prazlibato,
1217 4024 1395 4088 aliud,
1427 4023 1601 4097 hujus
1622 4027 2021 4096 exspectationis

412 4097 587 4164 gratia
606 4136 620 4158 ,
644 4096 701 4148 in
720 4109 999 4166 (vesperam
1020 4111 1372 4161 reservemus;
1403 4096 1544 4166 quad
1585 4096 1630 4149 si
1673 4098 2021 4165 supervenerit

413 4167 678 4236 quispiam
698 4164 946 4237 fratrum,
979 4182 1095 4219 cum
1125 4168 1238 4237 ipso
1282 4164 1474 4237 pariter
1504 4164 1845 4237 insumamus,
1889 4168 2024 4223 nihil

413 4236 789 4291 consuetudini
832 4237 998 4290 solita:
1026 4236 1252 4304 amplius
1282 4236 1662 4309 adjungentes;
1695 4249 1741 4291 et
1769 4236 1866 4292 hac
1906 4239 2021 4293 dis-

414 4310 727 4378 pensatione
767 4323 1094 4379 nequaquam
1126 4309 1301 4379 fratris
1333 4325 1427 4361 nos
1474 4309 1799 4362 contristabit
1831 4309 2022 4364 adven-

416 4377 518 4444 tus,
549 4382 640 4449 qui
663 4379 809 4432 nobis
838 4377 985 4449 debet
1015 4377 1134 4433 esse
1156 4380 1501 4448 gratissimus.
1528 4380 1779 4448 siquidem
1816 4383 1891 4433 ita
1922 4380 2021 4434 hu-

414 4448 1023 4523 manitatisexhibemus
1056 4451 1326 4521 obsequia,
1373 4461 1430 4505 ut
1461 4451 1593 4505 nihil
1621 4469 1653 4505 a
1672 4453 1844 4523 rigore
1864 4453 2022 4507 canti-

411 4523 607 4576 nentiae
634 4520 953 4575 relaxemus.

484 4592 512 4631 ιι
545 4593 791 4647 Observa
821 4590 931 4654 hic,
960 4589 1219 4663 religiose
1246 4592 1445 4657 lector,
1477 4609 1582 4662 qua
1624 4592 1934 4663 frugalitate
1963 4603 2021 4650 et

411 4661 1068 4735 temperantiantendum
1091 4672 1335 4732 tempore
1358 4661 1623 4733 paschali,
1651 4661 1765 4719 sive
1792 4673 1912 4733 post
1937 4664 2019 4735 je-

374 4760 379 4763 -
411 4735 626 4805 junium
656 4731 1130 4805 Quadragesimaa,
1166 4731 1220 4788 et
1270 4737 1319 4789 in
1352 4731 1546 4790 diebus
1574 4731 2014 4801 solemnioribus,

2125 3539 2308 3584 vatum
2339 3528 2571 3598 ipsemet
2591 3536 2819 3583 testatur
2839 3526 2934 3582 lib.
2957 3526 3025 3581 de
3054 3526 3170 3583 Elia
3188 3535 3244 3583 et
3266 3527 3486 3598 Jejunio
3504 3528 3723 3586 dicens:

2129 3600 2542 3671 Quadragesima
2570 3600 2697 3671 tatis
2709 3642 2724 3664 ,
2774 3608 2959 3671 praeter
2985 3598 3253 3671 sabbatum
3279 3608 3351 3671 et;
3366 3600 3684 3671 dominicum
3703 3643 3720 3666 ,

2116 3668 2393 3743 jejunatur
2416 3671 2613 3743 diebus.
2645 3668 3045 3743 Hoc'jejunium
3078 3669 3288 3743 Domini
3319 3669 3529 3726 Pascha
3550 3672 3726 3743 inclu-

2126 3741 2221 3796 dit.
2257 3743 2388 3797 Cum
2418 3742 2581 3811 igitur
2609 3742 2752 3804 apud
2782 3741 3084 3797 Orientales
3115 3741 3340 3796 sabbata
3387 3756 3512 3796 cum
3542 3741 3723 3798 domi-

2126 3813 2300 3881 nicis,
2348 3812 2488 3884 apud
2540 3811 2763 3866 Latinos
2792 3826 2922 3865 vero
2966 3827 3072 3867 non
3109 3814 3213 3866 nisi
3244 3812 3362 3884 dies
3402 3812 3661 3869 dominici
3691 3831 3721 3870 a

2120 3884 2329 3954 jejunio
2374 3883 2755 3953 exciperentur
2778 3924 2793 3947 ,
2826 3898 3051 3938 necesse
3077 3893 3195 3938 erat
3222 3883 3293 3937 ab
3325 3883 3440 3938 illis
3468 3893 3678 3952 septem
3701 3929 3716 3951 ,

2125 3957 2193 4010 ab
2225 3955 2307 4009 his
2336 3954 2711 4009 tantummodo
2734 3969 2827 4008 sex
2860 3954 3225 4009 hebdomadas
3247 3954 3439 4024 jejunii
3487 3957 3724 4024 quadra-

2124 4026 2402 4097 gesimalis
2427 4026 2741 4089 observari,
2792 4034 2851 4079 ut
2896 4041 3178 4097 numerum
3214 4027 3433 4097 triginta
3467 4041 3565 4082 sex
3598 4028 3718 4082 die-

2125 4096 2243 4153 rum
2273 4099 2472 4163 pariter
2509 4106 2873 4166 equuarent.
2920 4096 3053 4150 Nam
3095 4097 3327 4166 septima
3375 4096 3720 4155 hebdomada

2125 4168 2265 4237 apud
2282 4169 2402 4223 illos
2429 4169 2714 4237 supplebat
2729 4170 2899 4221 vicem
2916 4168 3288 4231 sabbatorum,
3304 4167 3568 4235 adjuncto
3588 4171 3715 4226 sab-

2124 4239 2251 4310 bato
2280 4239 2519 4293 l‘aschze.
2556 4239 2660 4294 Sed
2689 4238 2757 4293 de
2783 4238 2866 4292 bis
2900 4239 3052 4310 plura
3082 4239 3134 4292 in
3165 4240 3542 4307 sequentibus.

2195 4308 2223 4347 ά
2257 4310 2383 4365 Haec
2412 4326 2515 4364 una
2543 4310 2702 4374 ratio,
2737 4308 2935 4378 printer
2965 4311 3097 4364 alias
3125 4311 3441 4375 complures
3462 4356 3477 4377 ,
3508 4327 3603 4366 cur
3635 4313 3718 4367 in-

2123 4380 2307 4436 stituta
2338 4380 2501 4452 fuerit
2522 4379 2939 4447 Quadragesima
2965 4420 2978 4439 .
3004 4396 3098 4436 seu
3128 4382 3599 4450 quadragesimale
3624 4383 3717 4452 je-

2118 4452 2330 4522 junium
2355 4491 2369 4515 ,
2396 4450 2649 4505 nimirum
2676 4460 2729 4504 ut
2759 4453 2910 4525 quasi
2935 4451 3175 4525 decimas
3205 4455 3334 4506 vita:
3359 4464 3559 4525 nostra:
3586 4450 3716 4525 ope-

2122 4538 2351 4594 rumque
2376 4526 2683 4594 nostrorum
2717 4536 2813 4589 per
2842 4522 3217 4594 abstinentiam
3258 4522 3706 4594 quadragesima-

2120 4594 2228 4647 lem
2258 4592 2485 4648 llumiuo
2515 4592 2806 4648 offeramus
2828 4592 2991 4655 (Vide
3018 4592 3383 4648 Bellarm.'lib.
3411 4610 3449 4649 ιι
3477 4592 3546 4650 de
3573 4596 3709 4650 Bon.

2125 4663 2282 4736 Oper.
2315 4666 2369 4719 in
2397 4666 2582 4736 partic.
2636 4680 2684 4717 ο.
2720 4664 2810 4736 165
2842 4664 2984 4736 hom.
3018 4664 3085 4719 16
3110 4664 3181 4736 ἔην
3214 4662 3421 4736 Evang.
3469 4665 3711 4722 Gratian.

2122 4734 2243 4791 dist.
2277 4737 2310 4792 5
2333 4736 2398 4791 de
2420 4735 2658 4790 Canserr.
2682 4751 2729 4789 c.
2763 4734 3219 4807 Quadragesima).
3245 4734 3420 4802 Quam
3443 4741 3712 4794 rationem

418 4802 606 4888 inulti}:
652 4804 875 4888 dicitur.
899 4802 1067 4888 Cujus
1116 4805 1702 4888 insignismdocutuenti
1738 4807 2016 4888 rationem
2042 4826 2097 4888 ι)
2122 4809 2284 4888 etiam
2322 4809 2380 4860 Ι).
2436 4807 2726 4888 Gregorius
2768 4822 2865 4873 pro
2912 4802 3186 4888 concione
3218 4811 3309 4888 ad“
3335 4810 3593 4888 populum
3630 4810 3715 4864 his

416 4876 684 4949 habuisse
710 4874 926 4949 videtur
954 4874 1299 4949 innocentius
1334 4876 1398 4933 lll
1427 4877 1689 4947 pontifex,
1720 4878 1847 4931 dum
1877 4877 2018 4934 inter
2042 4874 2303 4934 "-verbis
2334 4874 2602 4949 expressit
2624 4894 2643 4949 :7
2675 4877 2717 4931 Α
2749 4879 2991 4945 ρηεεοηιί
3033 4879 3220 4949 etenim
3254 4874 3345 4949 die
3368 4878 3499 4949 (hoc
3551 4890 3655 4945 est,
3682 4897 3714 4937 a

417 4948 521 5001 alia
573 4948 893 5000 monasticae
945 4946 1349 5002 relormationis
1390 4946 1629 5004 instituta
1670 4949 1745 5005 ita
1776 4949 2017 5005 decernit

423 5017 579 5087 (Cap.
607 5016 738 5070 Cum
764 5017 831 5069 ad
865 5020 1268 5090 monasterium,
1296 5020 1361 5073 de
1391 5029 1529 5074 statu
1561 5018 1829 5090 monach.)
1857 5038 1870 5073 :
1904 5019 2017 5076 Nec

411 5092 468 5143 in
495 5086 815 5161 quibusdam
839 5086 1247 5142 solemnitatibus
1274 5089 1423 5162 (sicut
1447 5093 1731 5162 aliquando
1759 5086 1873 5160 ﬁeri
1893 5108 2017 5146 con-

412 5164 597 5228 suevit)
624 5168 901 5234 conventus
923 5170 1069 5213 exeat
1101 5177 1216 5234 cum
1249 5161 1455 5228 abbate,
1482 5161 1663 5234 paucis
1685 5165 1758 5218 ibi
1790 5162 2008 5230 relictis,

412 5241 469 5285 ut
513 5240 666 5285 extra
713 5231 1045 5301 refectortum
1087 5232 1247 5285 edant
1283 5231 1500 5299 carnes,
1541 5251 1659 5287 cum
1695 5235 1803 5289 illis
1832 5236 2013 5289 diebus

408 5305 679 5374 prtccirpue
700 5301 955 5374 regularis
981 5302 1336 5374 disciplinasit
1353 5306 1639 5359 studiosius
1667 5307 2008 5362 observanda.

492 5386 514 5413 ο
545 5373 711 5449 liam,
739 5372 801 5449 u_t
831 5372 960 5426 alibi
987 5372 1263 5449 oste_nsurn
1303 5385 1388 5449 est
1418 5376 1558 5446 (Lib.
1593 5391 1651 5431 ιιι
1681 5376 1857 5449 Instit.
1887 5394 2004 5449 cap.

411 5445 508 5515 9),
541 5445 900 5517 Orientales,
949 5459 1043 5517 seu
1088 5445 1262 5501 Grmci
1311 5445 1455 5503 diem
1510 5445 2007 5517 sabhatiajejun’to

410 5516 860 5586 Quadragesimze
884 5515 1235 5589 excipiebant
1257 5527 1311 5573 et
1331 5518 1749 5585 subtrahebant,
1781 5515 2006 5589 execpto

409 5588 642 5660 sabbata
672 5586 941 5660 paschali,
971 5597 1196 5643 eatenus
1226 5591 1469 5660 quidem,
1511 5600 1567 5645 ut
1592 5591 1788 5645 diebus
1815 5586 2009 5645 sabba-

410 5658 543 5713 tinis
575 5658 687 5713 non
712 5658 1058 5728 jejunarent,
1105 5660 1199 5714 sed
1233 5669 1409 5716 tamen
1449 5658 1480 5717 a
1522 5663 1779 5717 carnibus
1812 5671 1869 5717 et
1892 5663 2008 5718 ovis

409 5728 883 5802 abstinerent,_ut
921 5739 977 5785 et
1012 5730 1321 5787 dominicis.
1351 5733 1507 5802 Quod
1537 5735 1588 5789 in
1627 5732 1923 5791 Occidente
1950 5735 2006 5790 in

412 5799 662 5867 Ecclesia
691 5799 1087 5861 Mediolanensi
1134 5799 1472 5875 tempore'D.
1505 5806 1781 5869 Ambrosii
1817 5805 2010 5867 obser-

2121 4949 2295 5019 printa
2322 4947 3075 5024 dominicaQuadragesimm,
3108 4947 3479 5024 ttt_Gratianns
3500 4950 3710 5024 retulit)

2120 5018 2282 5092 usque
2307 5021 2375 5072 ad
2395 5018 2659 5092 paschalis
2682 5019 3017 5092 solemnitatis
3045 5020 3239 5090 gaudia
3255 5035 3347 5092 sea:
3371 5018 3715 5078 hebdomadte

2117 5090 2358 5163 veniunt:
2384 5090 2603 5163 tjaarum
2630 5091 2860 5144 videlicet
2888 5090 2997 5144 dies
3022 5091 3367 5163 quadraginta
3393 5093 3503 5145 duo
3535 5095 3669 5163 ﬁunt
3695 5111 3715 5150 :

2119 5179 2182 5217 ea:
2219 5162 2400 5231 quibus
2451 5162 2575 5215 dum
2612 5178 2703 5217 sea:
2729 5163 2835 5216 dies
2879 5162 3124 5215 dominici
3152 5162 3567 5231 subtrahuntur,
3612 5182 3715 5219 non

2118 5233 2235 5304 plus
2260 5235 2317 5288 in
2338 5233 2645 5287 abstinentia
2664 5249 2821 5303 quam
2850 5234 3063 5304 triginta
3087 5241 3136 5287 et
3163 5250 3253 5288 sea:
3277 5234 3386 5287 dies
3408 5249 3713 5303 remanent;

2116 5306 2240 5358 dum
2267 5320 2384 5359 vero
2404 5321 2495 5374 per
2522 5312 2767 5359 trecentos
2782 5312 2829 5357 et
2858 5306 3124 5375 sexaginta
3151 5307 3380 5376 quinque
3400 5307 3515 5361 dies
3544 5326 3713 5364 annus

2113 5377 2341 5451 ducitur,
2371 5392 2462 5451 nos
2487 5385 2656 5451 autem
2687 5392 2774 5451 per
2803 5376 3091 5451 trigintaet
3120 5392 3211 5430 sea:
3253 5379 3363 5431 dies
3396 5377 3708 5451 afﬂigimur,

2108 5450 2257 5519 quasi
2276 5448 2403 5502 anni
2428 5447 2594 5501 nostri
2620 5444 2843 5501 decimas
2875 5444 2980 5501 Dea
3002 5449 3225 5511 damus;
3254 5459 3307 5501 ut
3320 5448 3409 5517 qui
3429 5444 3712 5503 nobismet;

2108 5521 2237 5589 ipsis
2268 5534 2356 5588 per
2384 5529 2644 5590 acceptum
2674 5533 2870 5572 annum
2892 5519 3144 5586 viximus,
3171 5519 3371 5573 auctori
3411 5530 3593 5574 nostra
3614 5536 3709 5575 nos

2108 5592 2165 5644 in
2204 5594 2313 5662 ejus
2344 5589 2553 5662 decimis
2581 5603 2671 5662 per
2699 5589 3062 5662 abstinentiam
3091 5590 3479 5662 mortiﬁcemus.
3525 5589 3704 5657 Unde,

2106 5660 2299 5732 fraties
2321 5661 2611 5715 charissimi
2633 5699 2648 5724 ,
2681 5661 2811 5733 sicut
2839 5661 3026 5729 oﬂ'erre
3066 5665 3119 5717 in
3148 5660 3255 5730 lege
3286 5660 3542 5733 jubemini
3569 5662 3707 5715 deci-

2109 5731 2224 5788 mas
2252 5748 2455 5797 rerum,
2497 5732 2573 5785 ita
2599 5739 2647 5785 et
2689 5731 2876 5798 atrerre
2899 5734 3191 5789 contendite
3217 5731 3442 5787 decimas
3479 5732 3704 5789 dierum.

2106 5805 2185 5865 Ita
2216 5803 2533 5879 Gregorius.
2586 5802 2856 5865 Similiter
2900 5813 2958 5864 et
2995 5804 3238 5864 lsidorus
3273 5802 3371 5863 lib.
3399 5816 3420 5862 t
3444 5802 3516 5866 de
3541 5802 3706 5899 om,
