4092 6322
329 293 461 354 1201

1033 298 1375 359 GOLLATIO
1411 300 1558 360 XXI.
1587 334 1660 348 —
1694 303 1787 362 DE
1831 304 2247 369 REMISSIONE
2287 309 2904 384 QUINQUAGESIME.

3473 317 3616 378 1203

322 424 655 483 operumque
683 419 997 470 nostrorum
1021 415 1260 472 decimas
1291 415 1602 485 offeramus,
1632 433 1753 492 qua:
1780 436 1906 492 pro-
1936 428 1991 486 Δ
2017 426 2224 484 nendos
2252 430 2300 484 ei
2333 431 2562 502 hymnos
2585 428 2764 501 primo
2795 430 3062 486 labiorum
3090 440 3329 489 claustra
3360 450 3616 494 reseran-

321 503 463 559 fecto
489 504 543 559 in
573 507 954 575 supputatione
993 509 1438 582 Quadragesimte
1485 514 1768 571 evidenter
1814 516 1918 571 im-

320 599 558 669 plentur.
585 599 838 654 Omnium
870 602 1019 658 enlm
1063 603 1272 660 dierum
1322 622 1582 663 numerus
1607 609 1801 679 quibus
1831 625 1917 666 re-

319 691 536 746 v-ulutus
586 693 643 747 in
692 694 880 750 orbem
927 711 1099 750 annus
1149 697 1474 768 includitur,
1513 709 1538 737 ⁸
1570 701 1789 771 triginta
1821 717 1918 758 sex

317 788 487 844 semis
536 789 749 845 dierum
797 807 1027 847 numero
1076 792 1396 848 decimatur.
1445 795 1505 850 ln
1551 807 1756 867 septem
1788 811 1918 852 vero

317 881 758 940 hebdomadibus
784 930 798 955 ,
835 889 879 941 si
911 887 1026 943 dies
1057 887 1317 944 dominici
1363 899 1418 946 et
1447 891 1671 948 sabbata
1700 893 1916 948 subtra-

316 972 516 1030 hantur
541 1017 555 1042 ,
587 978 830 1048 quinque
876 988 932 1034 et
977 980 1195 1050 triginta
1225 995 1516 1052 supersunt
1558 985 1918 1058 diesjejuniis

316 1066 588 1134 deputati;
617 1070 712 1125 scd
731 1069 758 1108 δ
787 1071 998 1143 adjecta
1022 1075 1114 1130 illa
1139 1076 1450 1148 vigiliarum
1480 1078 1588 1146 die,
1614 1095 1718 1151 qua
1747 1097 1918 1154 usque

315 1159 370 1214 in
399 1161 663 1231 gallorum
687 1173 927 1234 cantum,
957 1166 1309 1225 illucescente
1331 1170 1622 1237 dominica,
1647 1173 1917 1242 jejunium

315 1253 524 1309 sabbati
557 1257 876 1325 protelalur,
911 1262 1215 1316 non'solum
1251 1277 1344 1318 sex
1371 1271 1426 1319 et
1460 1264 1678 1336 triginta
1705 1267 1913 1324 dierum

314 1359 576 1401 numerus
606 1348 954 1422 adimpletur,
978 1369 1163 1408 verum
1189 1353 1352 1411 etiam
1385 1373 1483 1426 pro
1511 1358 1736 1414 decimis
1760 1361 1918 1432 quin-

315 1453 422 1508 que
444 1438 655 1496 dierum
686 1445 774 1513 qui
803 1444 1005 1501 residui
1038 1447 1390 1518 videbantur,
1417 1452 1460 1505 si
1502 1451 1632 1507 illud
1663 1453 1804 1523 quod
1827 1468 1916 1509 su-

313 1543 520 1602 perest,
555 1536 828 1604 adjectum
860 1541 1032 1596 noctis
1077 1543 1308 1611 spatium
1336 1555 1701 1616 computetur,
1738 1547 1915 1618 pleni-

314 1625 489 1682 tudini
523 1629 687 1684 totius
709 1646 936 1688 summae
963 1634 1185 1691 omnino
1208 1635 1346 1691 nihil
1373 1638 1568 1695 deerit.

875 1766 1102 1824 CAPUT
1143 1769 1333 1826 XXVI.

313 1873 588 1940 Quomodo
625 1880 779 1934 etiam
819 1883 1084 2025 primi-ﬁat;
1111 1896 1320 1941 nostras
1372 1887 1596 1945 Domino
1636 1891 1909 1949 debeamus

1003 1974 1033 2010 ο
1079 1974 1214 2015 erre.

1003 1974 1072 2015 οΠ
1079 1974 1214 2015 erre.

382 2083 523 2152 Quid
560 2097 581 2125 ο
610 2101 741 2143 vero
769 2088 836 2144 de
868 2091 1120 2160 primitiis
1149 2093 1323 2150 dicam
1350 2140 1364 2164 ,
1395 2113 1531 2167 quas
1561 2101 1629 2156 ab
1659 2103 1910 2160 omnibus

307 2176 402 2246 qui
435 2177 652 2233 Christo
674 2179 910 2238 ﬁdeliter
931 2183 1284 2257 famulantur,
1319 2191 1560 2261 quotidie
1586 2204 1798 2251 certum
1827 2206 1912 2252 est

308 2268 559 2323 exhiberi
583 2271 606 2323 ?
630 2270 762 2326 Nam
794 2288 916 2328 cum
948 2278 1313 2348 cxpergetacti
1342 2296 1370 2335 a
1400 2298 1591 2339 somno
1615 2327 1630 2352 ,
1673 2296 1728 2342 et
1757 2290 1909 2357 quasi

306 2359 555 2416 rediviva
591 2373 712 2433 post
742 2381 995 2436 soporem
1046 2371 1327 2430 alacritate
1373 2388 1692 2446 surgentes,
1726 2381 1906 2450 prius-

305 2468 468 2523 quam
524 2464 730 2512 motum
779 2475 973 2516 sensus
1022 2463 1185 2520 ullius
1231 2468 1396 2523 corde
1431 2474 1774 2542 concipiant,
1823 2477 1909 2532 vel

305 2551 629 2604 memoriam
683 2563 778 2608 aut
822 2570 1006 2610 curam
1040 2559 1116 2612 rei
1148 2559 1430 2618 familiaris
1458 2565 1778 2637 admittant,
1817 2584 1911 2626 co-

305 2642 631 2711 gitationum
702 2661 920 2702 suarum
975 2657 1126 2706 ortus
1189 2663 1350 2724 atque
1398 2656 1659 2726 principia
1706 2660 1907 2717 divinis

305 2735 1007 2805 consecrantholocaustis,
1040 2743 1170 2811 quid
1200 2744 1304 2800 nisi
1336 2748 1602 2816 primitias
1631 2767 1761 2808 vere
1783 2768 1909 2810 suo-

305 2841 434 2880 rum
489 2827 800 2897 fructuum,
855 2847 950 2901 per
1003 2849 1275 2892 summum
1334 2841 1674 2898 sacerdOtem
1719 2848 1905 2904 Jesum

305 2918 606 2986 Christum,
639 2936 738 2991 pro
767 2938 868 2978 usu
898 2926 1021 2979 vita:
1047 2929 1204 2998 hujus
1231 2941 1286 2986 et
1317 2931 1549 3004 imagine
1576 2939 1908 3007 quotidianae

303 3016 732 3071 resurrectionis
787 3018 1121 3076 exsolvunt?
1173 3022 1383 3094 Quique
1434 3029 1599 3083 etiam
1643 3046 1671 3084 a
1713 3047 1907 3089 somno

303 3110 551 3179 excitati,
578 3112 811 3183 hostiam
845 3113 1185 3183 jubilationis
1211 3133 1324 3174 sua:
1357 3120 1471 3176 Deo
1500 3123 1750 3182 similiter
1776 3126 1908 3184 oﬁe-

2021 528 2136 586 tes,
2171 522 2454 578 immolant
2485 523 2600 579 Deo
2642 524 2724 578 sui
2759 523 2872 579 oris
2927 523 3129 581 ofﬁcia.
3183 525 3281 580 Cui
3310 527 3472 582 etiam
3499 530 3618 600 pari

2021 613 2278 670 deferunt
2307 617 2468 672 modo
2494 616 2665 687 prima
2697 632 2953 672 manuum
2979 633 3196 673 suarum
3223 633 3620 690 gressuumque

2021 708 2303 776 libamina,
2329 727 2451 766 cum
2484 730 2514 767 e
2540 712 2809 768 cubilibus
2857 723 3249 784 consurgentes
3284 715 3338 770 in
3368 717 3617 773 oratione

2021 806 2348 872 consistunt,
2380 814 2433 860 et
2464 807 2777 876 priusquam
2812 806 2862 858 iu
2891 807 3120 876 prOpriis
3141 808 3318 862 causis
3344 808 3620 864 membro-

2021 911 2140 950 rum
2169 910 2391 951 suorum
2425 896 2721 968 fungantur
2748 897 2950 966 ofﬁcio,
2976 898 3109 953 nihil
3139 900 3241 955 sibi
3274 900 3342 955 de
3373 900 3619 957 ministe-

2020 989 2106 1043 rio
2135 1003 2325 1044 eorum
2374 999 2500 1045 ante
2530 991 2864 1062 decerpunt,
2894 991 2988 1046 sed
3035 991 3102 1046 ad
3155 991 3320 1062 ipsius
3349 991 3615 1049 honorem

2021 1091 2346 1150 promovent
2385 1098 2656 1152 gressum,
2707 1094 2870 1155 atque
2901 1085 2953 1138 in
2996 1085 3114 1153 ejus
3143 1084 3453 1140 laudatione
3481 1084 3616 1140 deﬁ-

2017 1186 2187 1248 gunt,
2235 1187 2290 1232 et
2320 1179 2389 1232 ita
2419 1187 2737 1234 cunctorum
2797 1188 3041 1234 motuum
3091 1194 3310 1234 suorum
3350 1179 3616 1248 primitias

2017 1271 2367 1340 protensione
2395 1285 2674 1335 manuum,
2707 1270 3087 1326 incurvatione
3104 1287 3338 1342 genuum
3370 1279 3426 1326 et
3452 1272 3616 1327 totius

2018 1364 2265 1434 corporis
2295 1362 2668 1434 prostratione
2699 1364 3034 1434 persolvunt.
3089 1364 3224 1420 lllud
3273 1363 3418 1420 enim
3469 1364 3616 1436 quod

2017 1456 2334 1512 decantatur
2361 1459 2416 1512 in
2451 1458 2690 1527 psalmo,
2723 1458 2858 1512 alias
2906 1459 3136 1529 implere
3167 1475 3273 1514 non
3302 1473 3616 1530 possumus,

2014 1548 2258 1603 Prwveni
2278 1551 2330 1603 in
2377 1551 2674 1604 maturitate
2704 1560 2751 1604 et
2782 1553 3000 1606 clamavi
3051 1551 3220 1621 (Psal.
3257 1549 3474 1622 cxvm);
3527 1559 3613 1623 et,

2016 1643 2388 1700 Praevenerunt
2424 1647 2560 1700 oculi
2599 1647 2700 1700 mei
2724 1649 2792 1700 ad
2838 1654 2885 1700 te
2929 1645 3194 1710 diluculo,
3238 1657 3294 1700 ut
3340 1647 3617 1701 meditarer

2013 1739 2223 1810 eloquia
2245 1748 2332 1794 tua
2360 1738 2614 1808 (Ibidem)
2640 1783 2654 1808 ,
2681 1749 2756 1808 et,
2785 1739 2940 1794 Mane
2980 1740 3145 1794 oratio
3176 1755 3289 1794 mea
3341 1740 3618 1811 prarveniel

1938 1813 2063 1887 Bte
2106 1833 2282 1904 (Psal.
2337 1833 2616 1904 Lxxxvn);
2651 1835 2757 1889 nisi
2791 1843 2849 1888 ut
2876 1844 2998 1904 post
3050 1835 3286 1905 quietem
3338 1835 3514 1889 somni
3559 1834 3615 1890 in

2014 1927 2156 1981 hanc
2187 1926 2367 1982 lucem
2397 1970 2412 1994 ,
2463 1937 2522 1981 ut
2551 1943 2714 1997 supra
2746 1927 3014 1995 diximus,
3045 1928 3194 1982 velut
3223 1943 3253 1982 e
3281 1925 3522 1982 tenebris
3559 1933 3617 1981 et

2013 2022 2336 2092 imaginaria
2367 2019 2391 2058 ἀ
2425 2033 2604 2079 morte
2649 2023 2932 2090 revocati,
2984 2023 3051 2077 de
3095 2021 3367 2077 universis
3418 2020 3614 2076 ofﬁciis

2013 2119 2217 2173 mentis
2242 2126 2296 2172 et
2329 2117 2577 2186 corporis
2624 2116 2758 2171 nihil
2800 2116 3022 2170 omnino
3058 2115 3112 2170 in
3155 2115 3356 2171 nostris
3406 2128 3616 2184 pracsu-

2014 2224 2164 2264 mere
2211 2209 2624 2264 necessitatibus
2672 2210 2987 2264 audeamus.
3041 2210 3235 2265 Nullus
3274 2223 3503 2279 namque
3529 2216 3616 2263 est

2013 2300 2151 2356 alius
2190 2315 2348 2371 quem
2383 2310 2474 2355 aut
2503 2302 2766 2372 propheta
2802 2304 3126 2371 praevenerit
3159 2305 3485 2369 matutinus,
3521 2309 3614 2356 aut

2013 2407 2114 2448 nos
2146 2393 2447 2462 praevenire
2475 2393 2723 2448 similiter
2770 2393 3090 2462 debeamus,
3123 2394 3228 2449 nisi
3252 2403 3345 2448 aut
3366 2402 3610 2447 nosmet-

2013 2487 2184 2556 ipsos,
2217 2485 2272 2540 id
2294 2497 2400 2553 est,
2429 2487 2814 2558 occupationes
2845 2496 3060 2542 nostras
3093 2497 3146 2542 et
3171 2485 3395 2541 allectus
3424 2499 3612 2540 curas-

2013 2596 2121 2651 que
2151 2582 2442 2648 mortales,
2475 2582 2594 2637 sine
2618 2582 2818 2652 quibus
2849 2597 2972 2638 esse
3019 2598 3124 2637 non
3157 2595 3446 2652 possumus
3471 2621 3485 2644 .
3518 2588 3612 2634 aut

2012 2674 2388 2744 suggestiones
2415 2675 2803 2731 subtilissimas
2828 2676 3062 2741 inimici,
3086 2690 3219 2745 quas
3247 2673 3403 2734 nobis
3435 2671 3612 2727 adhuc

2011 2765 2423 2836 quiescentibus
2455 2782 2518 2822 ac
2555 2783 2752 2837 sopore
2801 2768 3066 2824 demersis
3092 2810 3105 2835 ,
3161 2782 3258 2836 per
3302 2765 3612 2834 phantasias

2010 2856 2250 2912 inanium
2309 2859 2650 2914 somniorum
2701 2858 2900 2916 inferre
2949 2868 3211 2923 conatur,
3266 2857 3460 2928 quibus
3511 2871 3611 2912 nos

2013 2965 2136 3004 mox
2168 2950 2517 3022 evigilaturos
2537 2963 2765 3022 occupet
2794 2962 2848 3008 et
2879 2953 3142 3020 involvat,
3171 2961 3228 3006 ut
3251 2951 3611 3022 primitiarum

2013 3051 2323 3098 nostrarum
2368 3045 2547 3114 opima
2589 3044 2861 3100 deﬁorans
2908 3045 3113 3114 primus
3165 3045 3283 3113 ipse
3331 3045 3608 3110 decerpat.

2012 3134 2378 3202 Quamobrem
2408 3139 2553 3193 omni
2585 3138 2740 3193 nobis
2793 3139 3044 3194 cautione
3097 3137 3396 3192 curandum
3434 3145 3516 3191 est
3542 3135 3610 3206 (si

303 3213 492 3259 rentes
514 3245 530 3271 ,
582 3208 760 3276 primo
791 3208 990 3278 liugute
1033 3225 1148 3265 suae
1199 3225 1347 3267 motu
1397 3214 1572 3284 ipsum
1616 3219 1902 3288 invocant,
1935 3206 1981 3269 C
2015 3235 2196 3282 tamen
2221 3229 2328 3282 vim
2361 3230 2606 3300 prmdicti
2639 3231 2897 3286 versiculi
2941 3245 3106 3300 opere
3139 3229 3392 3284 volumus
3442 3227 3614 3282 adim-

303 3298 477 3368 ipsius
508 3317 706 3358 nomen
736 3302 1028 3375 laudesque
1058 3306 1476 3373 concelebrant;
1521 3319 1682 3380 atque
1710 3311 1778 3367 ad
1806 3327 1902 3368 ca-

2008 3318 2207 3390 piere),
2235 3330 2296 3374 ut
2321 3321 2395 3375 ita
2415 3323 2621 3391 primos
2644 3323 3027 3378 matutinarum
3053 3321 3440 3392 cogitationum
3459 3334 3612 3377 ortus

1399 3490 1660 3549 ALARDI
1697 3493 1936 3554 GAZEI
1974 3498 2549 3562 COMMENTARIUS.

302 3640 431 3704 cap.
463 3623 554 3704 $6,
584 3625 727 3704 hunc
749 3624 992 3704 Cassiani
1022 3627 1200 3682 locum
1234 3626 1898 3704 i_mitatus:Lege,inquit,

305 3695 546 3773 Mosaica
569 3698 805 3773 universo
835 3699 1025 3773 popqu
1047 3699 1353 3773 generaliter
1373 3709 1448 3754 est
1478 3695 1792 3773 preceptum'
1813 3695 1903 3760 de;

304 3769 469 3842 cimas
491 3779 538 3822 et
567 3768 821 3842 primitias
855 3769 1077 3842 Domino
1109 3769 1215 3824 Deo
1242 3770 1447 3837 offerre.
1479 3768 1665 3842 Itaque
1699 3776 1819 3829 dum
1847 3778 1902 3832 in

304 3839 400 3893 Itac
425 3841 684 3894 sententia
709 3840 965 3916 principia
993 3840 1318 3916 voluntatum
1336 3839 1904 3916 consummationesque

304 3927 524 3988 operum
548 3923 843 3988 nostrorum
865 3913 1056 3988 referre
1082 3912 1150 3988 ad
1173 3912 1268 3966 Dei
1295 3916 1510 3988 gratiam
1542 3912 1900 3988 admonemur,

304 3982 356 4055 in
389 3983 761 4055 supputatione
785 3993 954 4037 tamen
979 3982 1418 4055 Quadragesimae
1441 4004 1642 4041 summa
1682 3990 1780 4044 ista
1807 3982 1902 4044 de;

304 4051 574 4132 cimaru'nt
587 4051 837 4132 legalium
865 4054 1116 4132 expletur.
1146 4051 1335 4132 Totum
1361 4059 1496 4132 enim
1541 4059 1665 4112 anni
1705 4070 1904 4132 tempus

305 4140 524 4196 numero
545 4124 613 4179 56
635 4124 838 4178 dierum
861 4127 1168 4180 decimatur.
1201 4128 1497 4183 Subtractis
1537 4133 1673 4185 enim
1699 4150 1732 4184 a
1763 4124 1906 4196 Qua-

305 4195 610 4270 dragesima
643 4195 820 4270 diebus
848 4197 1151 4263 dominicis,
1181 4198 1367 4268 quibus
1388 4203 1598 4270 jeiunia
1639 4195 1903 4258 resoluun-

305 4274 412 4339 tur,
446 4265 528 4321 Itis
558 4267 754 4330 diebus,
782 4271 933 4337 quasi
965 4285 1058 4339 pro
1082 4265 1236 4322 totius
1259 4265 1622 4326 annivdecimis
1650 4275 1716 4326 ad
1745 4275 1906 4328 eccle-

305 4337 826 4414 siautconcurrimns
843 4380 857 4414 τ
876 4337 1202 4414 actuumque
1228 4350 1525 4414 nostrorum
1553 4345 1906 4414 operationem

305 4405 420 4462 Deo
447 4408 500 4482 in
525 4407 744 4482 hostiam
770 4410 1100 4482 jubilationis
1117 4405 1412 4476 'o/ferimus.

380 4487 405 4515 ⁸
446 4479 634 4545 Semis,
672 4480 722 4534 id
753 4479 855 4545 est,
881 4497 1002 4535 cum
1024 4481 1250 4536 dimidio
1279 4499 1292 4535 :
1331 4498 1436 4538 non
1483 4485 1639 4550 senis,
1673 4494 1731 4540 ut
1754 4501 1906 4542 men-

306 4548 448 4625 dose
473 4551 618 4625 apud
652 4552 982 4623 Dionysium.
1014 4552 1148 4625 Nam
1191 4553 1398 4608 decima
1425 4571 1550 4625 pars
1578 4548 1786 4612 dierum
1819 4568 1905 4613 to-

307 4620 418 4695 tius
451 4624 579 4676 anni
610 4620 916 4695 secundum
960 4624 1288 4679 exactiorem
1320 4620 1756 4695 supputationem
1789 4645 1908 4683 om-

214 4711 234 4727 ο
307 4691 444 4763 nino
471 4692 699 4763 requirit
729 4702 783 4747 et
809 4695 1190 4763 complectitur
1235 4697 1352 4750 dies
1389 4691 1613 4763 triginta
1661 4715 1755 4754 sex
1783 4715 1905 4754 cum

307 4762 541 4838 dimidio
564 4761 831 4838 (Durand.
859 4767 895 4819 l.
929 4761 981 4820 vi
1006 4766 1273 4838 Rational.
1301 4784 1415 4838 cap.
1441 4761 1542 4834 i8;
1577 4768 1818 4826 Gratian.
1845 4771 1908 4825 de

309 4831 592 4906 Consecra'.
626 4837 746 4889 dist.
778 4838 812 4890 '5
839 4853 952 4906 cap.
1000 4837 1246 4903 Sabbati;
1275 4831 1535 4893 Alcuinus
1563 4841 1600 4894 l.
1635 4843 1697 4895 de
1730 4842 1904 4895 Divin.

312 4902 499 4974 0fﬁc.;
528 4907 760 4959 Amator.
788 4923 835 4962 c.
867 4902 964 4971 26;
1013 4902 1234 4962 Raban.
1263 4910 1300 4962 ι.
1337 4926 1372 4963 ιι
1401 4912 1462 4963 de
1509 4910 1683 4966 lnstit.
1718 4912 1906 4968 Cleric.

309 4990 435 5050 cap.
461 4976 558 5041 58;
587 4975 832 5050 Durand.
865 4995 1026 5046 supra
1055 4997 1101 5033 c.
1134 4979 1247 5050 78).
1279 4981 1332 5032 Si
1364 4983 1506 5035 enim
1538 4985 1908 5039 tantummodo

309 5047 532 5124 triginta
563 5063 662 5102 sex
693 5048 878 5124 decies
907 5052 959 5104 in
985 5066 1043 5105 se
1068 5047 1516 5120 multiplicemur.
1535 5062 1593 5106 ut
1613 5054 1908 5124 Gregorius

310 5127 367 5191 et
397 5117 645 5172 Isidorus
668 5121 852 5191 minus
873 5130 1060 5175 exacte
1096 5117 1389 5191 supputatit
1417 5164 1430 5188 ,
1479 5138 1583 5178 non
1646 5117 1910 5181 resultant

312 5189 419 5266 nisi
457 5190 681 5266 trecenti
704 5194 992 5266 sexaginta
1007 5192 1128 5266 dies
1149 5189 1328 5247 itinde
1356 5207 1642 5266 supersunt
1668 5197 1908 5266 quinque

310 5259 455 5343 dies.
481 5263 571 5330 qui
603 5259 1125 5346 decentndinotidiatis
1171 5259 1471 5346 sequantur.
1510 5265 1641 5320 Vide
1665 5259 1903 5336 glossam

311 5333 585 5401 insignem
612 5333 755 5401 apud
784 5333 1102 5413 Gratianum
1134 5336 1220 5389 tibi
1249 5351 1434 5406 supra.
1671 5333 1690 5336 “

383 5402 413 5440 δ
467 5403 522 5457 ld
551 5413 632 5458 est
653 5445 668 5470 ,
705 5419 736 5458 a
761 5405 939 5473 vigilia
972 5407 1228 5470 Pascha.
1261 5407 1376 5462 sive
1421 5407 1644 5462 sabbato
1671 5417 1900 5464 sancto:

311 5488 422 5542 quo
455 5474 544 5528 die
575 5490 681 5528 non
711 5475 886 5529 solum
915 5475 1170 5539 Romani.
1214 5478 1308 5532 sed
1341 5489 1394 5533 et
1434 5479 1606 5534 Graeci
1633 5493 1687 5534 et
1709 5481 1904 5535 Orien-

313 5545 455 5619 tales
486 5556 679 5619 praeter
705 5561 912 5619 morem
944 5546 1290 5619 sabbatorum
1317 5550 1588 5618 jejnuarc,
1610 5563 1663 5606 et
1694 5551 1904 5619 vigilias

312 5615 366 5669 in
395 5618 626 5671 ecclesia
653 5632 822 5685 usque
851 5617 920 5671 ad
947 5618 1178 5674 mediam
1223 5615 1435 5674 noctein
1455 5671 1460 5676 .
1481 5615 1587 5676 diei
1618 5615 1906 5678 dominica:

310 5688 607 5760 celebrare
627 5689 894 5760 solebant.
928 5688 1080 5745 Unde
1112 5689 1275 5744 Missa
1307 5691 1420 5760 ejus
1449 5693 1656 5747 sabbati
1687 5710 1791 5748 non
1823 5703 1908 5749 est

313 5753 482 5833 Missa
505 5759 611 5814 diei
637 5799 651 5823 ,
685 5758 778 5813 sed
811 5760 1012 5822 noctis.
1061 5770 1117 5833 u_t
1148 5753 1351 5833 notant'
1383 5763 1496 5818 fere
1527 5775 1791 5833 quotutmt
1838 5765 1906 5821 de

312 5825 514 5883 ofﬁciis
542 5837 596 5884 ct
624 5832 962 5887 caeremoniis
990 5830 1372 5888 ecclesiasticis
1419 5825 1753 5905 scripserunt
1786 5853 1798 5866 ·
1852 5845 1908 5892 et

2009 3640 2141 3716 satis
2164 3640 2216 3695 id
2243 3642 2444 3698 indicat
2465 3644 2694 3700 collecta
2721 3654 2776 3701 et
2807 3645 3056 3716 praefatio
3087 3645 3363 3714 ejusdem,
3389 3646 3482 3700 ubi
3513 3661 3612 3701 no-

2010 3711 2262 3788 ctis_._non
2295 3716 2399 3768 diei
2427 3718 2487 3770 ﬁt
2509 3720 2734 3772 mentio.
2758 3711 2892 3772 Hinc
2924 3720 2982 3770 Ι).
3012 3711 3373 3788 Hieronymus
3404 3718 3455 3770 in
3485 3733 3606 3783 Cap.

2007 3781 2078 3855 25
2108 3784 2345 3840 Matthtei
2379 3788 2537 3843 docet
2583 3790 2928 3844 traditionem
2960 3804 3080 3844 esse
3111 3781 3463 3855 apostolicam
3492 3829 3506 3852 ,
3551 3781 3609 3842 ut

2007 3853 2062 3928 in
2089 3855 2171 3928 die
2193 3857 2485 3927 uigiliarum
2519 3859 2741 3915 Paschw
2759 3872 2876 3915 ante
2899 3862 3060 3915 noctis
3091 3853 3360 3913 dimidium
3391 3862 3610 3928 populos

2009 3925 2263 3981 dimittere
2298 3933 2628 4004 nonuliceat,
2679 3941 3024 4004 exspectantes
3076 3933 3347 3984 adventum
3376 3925 3610 3997 Christi;

2008 4004 2058 4050 et
2079 4009 2349 4072 postquam
2370 4001 2506 4056 illud
2534 4013 2736 4072 tempus
2759 4001 3040 4070 transierit,
3071 4005 3340 4056 securitate
3359 4019 3612 4070 prwsum-

2009 4077 2098 4146 pta
2146 4071 2330 4146 festum
2357 4085 2565 4128 cunctos
2613 4071 2764 4146 agere
2809 4077 2967 4128 diem.
3015 4075 3151 4142 Quin
3194 4085 3246 4127 et
3292 4074 3609 4146 Vigilantius

2010 4141 2374 4215 haeresiarcha
2399 4186 2412 4209 ,
2448 4155 2584 4201 teste
2618 4141 2804 4202 eodem
2836 4141 3165 4213 Hieronymo
3197 4145 3333 4215 (Lib.
3360 4141 3376 4199 ἱ
3404 4145 3606 4198 advers.

2018 4209 2362 4287 Vigilantiam
2386 4233 2501 4286 cap.
2537 4219 2590 4285 4)
2613 4259 2626 4280 ,
2670 4217 2748 4272 sic
2779 4218 2990 4287 vigilias
3024 4209 3314 4271 nocturnas
3345 4217 3608 4269 ecclesia-

2008 4284 2176 4358 sticas
2204 4288 2285 4339 sui
2319 4284 2553 4342 nominis
2582 4289 2754 4342 hostis
2788 4284 3155 4358 inipuguabat,
3177 4289 3496 4358 etmiuuere
3516 4302 3611 4341 co-

2010 4354 2260 4422 nabatur,
2294 4366 2354 4411 ut
2373 4367 2554 4414 tamen
2583 4361 2751 4414 semel
2785 4361 2835 4412 in
2864 4354 3032 4423 anno,
3067 4361 3117 4413 in
3137 4358 3372 4426 paschali
3405 4357 3609 4410 solem—

2011 4426 2178 4479 nitate
2207 4429 2414 4495 vigilias
2448 4430 2781 4498 peragendas
2807 4444 2930 4484 esse
2951 4431 3201 4498 jactaret.
3237 4429 3608 4488 Exstatetiant

2010 4510 2191 4551 sermo
2225 4498 2286 4551 D.
2324 4501 2607 4567 Augustini
2637 4501 2705 4554 de
2737 4500 2944 4568 Vigiliis
2972 4500 3194 4554 Pascha:
3237 4501 3304 4554 ab
3334 4500 3608 4555 Amalario

2010 4568 2268 4641 (Amator.
2301 4568 2392 4622 lib.
2419 4586 2568 4640 tcap.
2599 4570 2688 4641 16)
2718 4573 2916 4625 citatus
2949 4574 3000 4625 in
3032 4573 3132 4626 hoc
3160 4581 3498 4638 argumento.

2088 4651 2109 4677 ο
2158 4638 2229 4694 Ut
2258 4641 2331 4713 illi
2373 4638 2645 4713 prtecepto
2671 4638 2925 4711 superius
2954 4641 3117 4712 (Cap.
3149 4645 3182 4697 5
3213 4645 3365 4713 hujus
3391 4639 3600 4712 coltat.)

2012 4710 2248 4780 allegato
2268 4711 2336 4766 de
2365 4712 2592 4767 decimis
2622 4724 2676 4768 et
2702 4710 3088 4784 primitiis‘Deo
3127 4710 3609 4784 otferéndis,qua'-

2011 4791 2172 4836 tenus
2192 4783 2442 4838 naturale
2467 4792 2570 4846 est.
2600 4793 2653 4839 et
2678 4783 2743 4838 ad
2780 4797 2960 4838 mores
2987 4795 3240 4853 spectans
3264 4825 3279 4850 ,
3309 4783 3610 4836 satisfacia-

2013 4868 2172 4924 mus;
2204 4862 2402 4921 praeter
2431 4855 2668 4910 decimas
2699 4857 2861 4911 tOtius
2903 4857 3051 4920 anni,
3077 4872 3209 4921 quas
3235 4853 3442 4924 jejunio
3472 4869 3609 4919 qua-

2015 4923 2358 4996 dragesimali
2389 4929 2619 4995 persolvi
2653 4927 2908 4996 diximus,
2939 4927 3098 4980 docet
3129 4926 3214 4980 hic
3240 4923 3412 4979 abbas
3443 4930 3607 4980 etiam

2013 4995 2578 5078 primitias_quasdam
2623 5015 2829 5078 easque
2863 4995 3197 5078 multiplices
3224 4997 3462 5078 quotidie
3494 4996 3608 5078 Deo

2012 5080 2042 5120 a
2073 5067 2226 5120 nobis
2249 5066 2554 5123 oﬁ'ereudas
2575 5110 2590 5135 ,
2623 5066 2785 5139 idque
2814 5070 3001 5138 primis
3031 5066 3180 5123 boris
3216 5068 3353 5130 diei,
3397 5066 3450 5122 id
3481 5075 3564 5122 est
3589 5109 3606 5136 ,

2012 5139 2280 5209 matutino
2302 5148 2569 5209 tempore,
2602 5149 2662 5195 ut
2687 5140 2936 5207 primitiae
2964 5155 3094 5195 vere
3121 5140 3389 5194 dicantur.

2083 5204 2110 5244 εί
2137 5207 2192 5263 ld
2223 5218 2326 5276 est,
2362 5204 2550 5267 mortis
2579 5204 2812 5281 imagine
2838 5228 2853 5268 :

2103 5343 2290 5411 Ecquid
2315 5347 2447 5396 enim
2473 5352 2549 5398 est
2570 5361 2790 5410 somnus,
2812 5346 2992 5409 gelidae
3012 5348 3102 5397 nisi
3127 5347 3298 5397 mortis
3318 5346 3516 5409 imago?

2008 5481 2086 5535 ait
2118 5489 2272 5559 poeta
2304 5479 2593 5551 (Juvenal).
2629 5481 2767 5535 llinc
2800 5482 2888 5559 ﬁt,
2924 5489 2985 5535 ut
3011 5490 3065 5535 et
3095 5495 3325 5559 somnus
3364 5479 3416 5533 in
3439 5477 3607 5559 “St‘t'i‘

2008 5553 2184 5622 pluris
2216 5550 2363 5620 smpe
2389 5569 2484 5621 pro
2511 5561 2684 5606 tnorte
2715 5553 3046 5621 accipiatur;
3074 5562 3126 5606 et
3154 5552 3393 5605 dormire
3418 5550 3610 5622 dican-

2010 5621 2100 5678 tur
2129 5625 2324 5677 mortui
2353 5640 2366 5676 :
2404 5623 2631 5677 Lazarus
2660 5626 2855 5677 amicus
2902 5633 3071 5677 noster
3118 5624 3306 5675 dormit
3332 5638 3350 5686 ;
3383 5621 3609 5674 dixerat

2009 5705 2189 5748 autem
2215 5695 2281 5749 tle
2313 5708 2489 5771 morte
2512 5695 2628 5763 ejus
2655 5695 2810 5749 Joan.
2849 5711 2899 5749 ιι
2920 5713 2933 5771 :_
2955 5695 3216 5771 Nolumus
3237 5710 3337 5771 _vos
3369 5694 3610 5771 ignorare

2011 5766 2073 5819 de
2115 5765 2479 5818 dormientibus
2504 5807 2518 5831 ,
2553 5777 2606 5819 ut
2639 5783 2739 5820 nou
2770 5767 3170 5831 contristemini,
3203 5765 3334 5819 sicut
3363 5775 3407 5816 et
3438 5765 3611 5818 canet"?

1967 5863 1972 5866 -
2009 5838 2096 5905 qui
2115 5852 2257 5907 spem
2283 5853 2383 5891 non
2411 5835 2596 5892 habent
2625 5832 2670 5908 (Ι
2702 5837 2938 5894 l‘hessal.
2967 5839 3063 5907 tv).
