  <div class='ocr_page' id='page_1' title='image "/cluster/home/n/w/nwhite01/storage/ocr_20150623/49/hvd.32044015471543/615.png"; bbox 0 0 4092 6322; ppageno 0'>
   <div class='ocr_carea' id='block_1_1' title="bbox 482 295 619 352">
    <p class='ocr_par' dir='ltr' id='par_1_1' title="bbox 482 295 619 352">
     <span class='ocr_line' id='line_1_1' title="bbox 482 295 619 352; baseline -0.007 0"><span class='ocrx_word' id='word_1_1' title='bbox 482 295 619 352; x_wconf 70' lang='grc'><strong>1207</strong></span> 
     </span>
    </p>
   </div>
   <div class='ocr_carea' id='block_1_2' title="bbox 1527 289 2700 352">
    <p class='ocr_par' dir='ltr' id='par_1_2' title="bbox 1527 289 2700 352">
     <span class='ocr_line' id='line_1_2' title="bbox 1527 289 2700 352; baseline -0.006 0"><span class='ocrx_word' id='word_1_2' title='bbox 1527 293 1807 352; x_wconf 74' lang='lat' dir='ltr'><strong>JOANNIS</strong></span> <span class='ocrx_word' id='word_1_3' title='bbox 1848 290 2166 350; x_wconf 79' lang='lat' dir='ltr'><strong>CASSIANI</strong></span> <span class='ocrx_word' id='word_1_4' title='bbox 2205 289 2700 348; x_wconf 80' lang='lat' dir='ltr'><strong>COLLA&#39;I‘IONES.</strong></span> 
     </span>
    </p>
   </div>
   <div class='ocr_carea' id='block_1_3' title="bbox 3629 286 3775 347">
    <p class='ocr_par' dir='ltr' id='par_1_3' title="bbox 3629 286 3775 347">
     <span class='ocr_line' id='line_1_3' title="bbox 3629 286 3775 347; baseline 0.021 -3"><span class='ocrx_word' id='word_1_5' title='bbox 3629 286 3775 347; x_wconf 56' lang='lat' dir='ltr'><strong>I308</strong></span> 
     </span>
    </p>
   </div>
   <div class='ocr_carea' id='block_1_4' title="bbox 448 404 3776 502">
    <p class='ocr_par' dir='ltr' id='par_1_4' title="bbox 448 404 3776 502">
     <span class='ocr_line' id='line_1_4' title="bbox 448 404 3776 502; baseline -0.001 -38"><span class='ocrx_word' id='word_1_6' title='bbox 448 405 871 502; x_wconf 57' lang='lat' dir='ltr'><strong>’monaehorum</strong></span> <span class='ocrx_word' id='word_1_7' title='bbox 897 422 1068 478; x_wconf 90' lang='lat' dir='ltr'><strong>genus</strong></span> <span class='ocrx_word' id='word_1_8' title='bbox 1094 409 1313 478; x_wconf 86' lang='lat' dir='ltr'><strong>antiqua</strong></span> <span class='ocrx_word' id='word_1_9' title='bbox 1364 408 1599 464; x_wconf 72' lang='lat' dir='ltr'><strong>inimicae</strong></span> <span class='ocrx_word' id='word_1_10' title='bbox 1627 409 1807 478; x_wconf 90' lang='lat' dir='ltr'><strong>gentis</strong></span> <span class='ocrx_word' id='word_1_11' title='bbox 1845 421 2078 465; x_wconf 87' lang='lat' dir='ltr'><strong>consue-</strong></span> <span class='ocrx_word' id='word_1_12' title='bbox 2103 419 2158 481; x_wconf 73' lang='grc' dir='ltr'><strong>Α</strong></span> <span class='ocrx_word' id='word_1_13' title='bbox 2181 407 2330 464; x_wconf 82' lang='grc' dir='ltr'><strong>ωἰηο</strong></span> <span class='ocrx_word' id='word_1_14' title='bbox 2357 405 2695 463; x_wconf 90' lang='lat' dir='ltr'><strong>dedicarent.</strong></span> <span class='ocrx_word' id='word_1_15' title='bbox 2725 404 2996 462; x_wconf 75' lang='lat' dir='ltr'><strong>Cancrum</strong></span> <span class='ocrx_word' id='word_1_16' title='bbox 3018 405 3151 476; x_wconf 86' lang='lat' dir='ltr'><strong>justi</strong></span> <span class='ocrx_word' id='word_1_17' title='bbox 3184 404 3377 476; x_wconf 92' lang='lat' dir='ltr'><strong>quibus</strong></span> <span class='ocrx_word' id='word_1_18' title='bbox 3421 405 3508 461; x_wconf 89' lang='lat' dir='ltr'><strong>lex</strong></span> <span class='ocrx_word' id='word_1_19' title='bbox 3549 420 3656 460; x_wconf 89' lang='lat' dir='ltr'><strong>non</strong></span> <span class='ocrx_word' id='word_1_20' title='bbox 3684 413 3776 462; x_wconf 88' lang='lat' dir='ltr'><strong>est</strong></span> 
     </span>
    </p>
   </div>
   <div class='ocr_carea' id='block_1_5' title="bbox 479 501 2077 572">
    <p class='ocr_par' dir='ltr' id='par_1_5' title="bbox 479 501 2077 572">
     <span class='ocr_line' id='line_1_5' title="bbox 479 501 2077 572; baseline 0.003 -18"><span class='ocrx_word' id='word_1_21' title='bbox 479 501 670 558; x_wconf 84' lang='lat' dir='ltr'><strong>tudine</strong></span> <span class='ocrx_word' id='word_1_22' title='bbox 716 501 1054 557; x_wconf 76' lang='lat' dir='ltr'><strong>testabantur</strong></span> <span class='ocrx_word' id='word_1_23' title='bbox 1079 543 1094 570; x_wconf 95' lang='lat'><strong>,</strong></span> <span class='ocrx_word' id='word_1_24' title='bbox 1145 509 1199 557; x_wconf 91' lang='lat' dir='ltr'><strong>et</strong></span> <span class='ocrx_word' id='word_1_25' title='bbox 1242 501 1308 556; x_wconf 91' lang='lat' dir='ltr'><strong>ad</strong></span> <span class='ocrx_word' id='word_1_26' title='bbox 1339 501 1834 572; x_wconf 85' lang='lat' dir='ltr'><strong>transmigrandum</strong></span> <span class='ocrx_word' id='word_1_27' title='bbox 1865 501 1933 558; x_wconf 88' lang='lat' dir='ltr'><strong>de</strong></span> <span class='ocrx_word' id='word_1_28' title='bbox 1963 503 2077 558; x_wconf 89' lang='lat' dir='ltr'><strong>suis</strong></span> 
     </span>
    </p>
   </div>
   <div class='ocr_carea' id='block_1_6' title="bbox 451 595 2074 670">
    <p class='ocr_par' dir='ltr' id='par_1_6' title="bbox 451 595 2074 670">
     <span class='ocr_line' id='line_1_6' title="bbox 451 595 2074 670; baseline 0.002 -22"><span class='ocrx_word' id='word_1_29' title='bbox 451 595 708 670; x_wconf 78' lang='lat' dir='ltr'><strong>sedibus</strong></span> <span class='ocrx_word' id='word_1_30' title='bbox 758 596 935 651; x_wconf 91' lang='lat' dir='ltr'><strong>acrius</strong></span> <span class='ocrx_word' id='word_1_31' title='bbox 965 596 1243 666; x_wconf 87' lang='lat' dir='ltr'><strong>perurgeri</strong></span> <span class='ocrx_word' id='word_1_32' title='bbox 1267 635 1284 662; x_wconf 93' lang='lat'><strong>,</strong></span> <span class='ocrx_word' id='word_1_33' title='bbox 1309 610 1376 650; x_wconf 91' lang='lat' dir='ltr'><strong>eo</strong></span> <span class='ocrx_word' id='word_1_34' title='bbox 1399 595 1544 664; x_wconf 89' lang='lat' dir='ltr'><strong>quod</strong></span> <span class='ocrx_word' id='word_1_35' title='bbox 1584 596 1881 652; x_wconf 90' lang='lat' dir='ltr'><strong>secundum</strong></span> <span class='ocrx_word' id='word_1_36' title='bbox 1928 596 2074 652; x_wconf 88' lang='lat' dir='ltr'><strong>illam</strong></span> 
     </span>
    </p>
   </div>
   <div class='ocr_carea' id='block_1_7' title="bbox 480 687 2078 760">
    <p class='ocr_par' dir='ltr' id='par_1_7' title="bbox 480 687 2078 760">
     <span class='ocr_line' id='line_1_7' title="bbox 480 687 2078 760; baseline 0.003 -18"><span class='ocrx_word' id='word_1_37' title='bbox 480 687 892 743; x_wconf 73' lang='lat' dir='ltr'><strong>similitudinem</strong></span> <span class='ocrx_word' id='word_1_38' title='bbox 925 703 1029 758; x_wconf 86' lang='lat' dir='ltr'><strong>qua</strong></span> <span class='ocrx_word' id='word_1_39' title='bbox 1058 698 1187 743; x_wconf 92' lang='lat' dir='ltr'><strong>tunc</strong></span> <span class='ocrx_word' id='word_1_40' title='bbox 1215 687 1617 760; x_wconf 66' lang='lat' dir='ltr'><strong>Egyptiiﬁlios</strong></span> <span class='ocrx_word' id='word_1_41' title='bbox 1636 688 1800 746; x_wconf 88' lang='lat' dir='ltr'><strong>Israel</strong></span> <span class='ocrx_word' id='word_1_42' title='bbox 1826 690 2078 746; x_wconf 84' lang='lat' dir='ltr'><strong>violentis</strong></span> 
     </span>
    </p>
   </div>
   <div class='ocr_carea' id='block_1_8' title="bbox 481 779 2077 852">
    <p class='ocr_par' dir='ltr' id='par_1_8' title="bbox 481 779 2077 852">
     <span class='ocr_line' id='line_1_8' title="bbox 481 779 2077 852; baseline 0.001 -18"><span class='ocrx_word' id='word_1_43' title='bbox 481 779 872 836; x_wconf 84' lang='lat' dir='ltr'><strong>afﬂictionibus</strong></span> <span class='ocrx_word' id='word_1_44' title='bbox 927 781 1343 850; x_wconf 84' lang='lat' dir='ltr'><strong>opprimebant,</strong></span> <span class='ocrx_word' id='word_1_45' title='bbox 1410 797 1552 836; x_wconf 92' lang='lat' dir='ltr'><strong>nunc</strong></span> <span class='ocrx_word' id='word_1_46' title='bbox 1615 797 1830 852; x_wconf 91' lang='lat' dir='ltr'><strong>quoque</strong></span> <span class='ocrx_word' id='word_1_47' title='bbox 1891 797 2077 836; x_wconf 90' lang='lat' dir='ltr'><strong>verum</strong></span> 
     </span>
    </p>
   </div>
   <div class='ocr_carea' id='block_1_9' title="bbox 481 868 2079 944">
    <p class='ocr_par' dir='ltr' id='par_1_9' title="bbox 481 868 2079 944">
     <span class='ocr_line' id='line_1_9' title="bbox 481 868 2079 944; baseline 0.001 -15"><span class='ocrx_word' id='word_1_48' title='bbox 481 868 688 938; x_wconf 86' lang='lat' dir='ltr'><strong>Israel,</strong></span> <span class='ocrx_word' id='word_1_49' title='bbox 724 873 778 927; x_wconf 90' lang='lat' dir='ltr'><strong>id</strong></span> <span class='ocrx_word' id='word_1_50' title='bbox 806 883 925 939; x_wconf 90' lang='lat' dir='ltr'><strong>est,</strong></span> <span class='ocrx_word' id='word_1_51' title='bbox 975 873 1365 928; x_wconf 86' lang='lat' dir='ltr'><strong>monachorum</strong></span> <span class='ocrx_word' id='word_1_52' title='bbox 1414 874 1631 944; x_wconf 85' lang='lat' dir='ltr'><strong>plebem</strong></span> <span class='ocrx_word' id='word_1_53' title='bbox 1687 874 2079 930; x_wconf 88' lang='lat' dir='ltr'><strong>intellectuales</strong></span> 
     </span>
    </p>
   </div>
   <div class='ocr_carea' id='block_1_10' title="bbox 409 949 2080 1042">
    <p class='ocr_par' dir='ltr' id='par_1_10' title="bbox 409 949 2080 1042">
     <span class='ocr_line' id='line_1_10' title="bbox 409 949 2080 1042; baseline -0.001 -21"><span class='ocrx_word' id='word_1_54' title='bbox 409 1038 412 1042; x_wconf 24' lang='grc' dir='ltr'><em>η</em></span> <span class='ocrx_word' id='word_1_55' title='bbox 453 949 724 1035; x_wconf 55' lang='grc' dir='ltr'><strong>Ἄεεγριὶἰ</strong></span> <span class='ocrx_word' id='word_1_56' title='bbox 758 963 1066 1018; x_wconf 83' lang='lat' dir='ltr'><strong>durissimis</strong></span> <span class='ocrx_word' id='word_1_57' title='bbox 1086 979 1148 1019; x_wconf 90' lang='lat' dir='ltr'><strong>ac</strong></span> <span class='ocrx_word' id='word_1_58' title='bbox 1181 963 1460 1020; x_wconf 89' lang='lat' dir='ltr'><strong>lutulentis</strong></span> <span class='ocrx_word' id='word_1_59' title='bbox 1505 965 1763 1035; x_wconf 88' lang='lat' dir='ltr'><strong>operibus</strong></span> <span class='ocrx_word' id='word_1_60' title='bbox 1794 965 2080 1020; x_wconf 90' lang='lat' dir='ltr'><strong>incurvare</strong></span> 
     </span>
    </p>
   </div>
   <div class='ocr_carea' id='block_1_11' title="bbox 403 1046 2077 1129">
    <p class='ocr_par' dir='ltr' id='par_1_11' title="bbox 403 1046 2077 1129">
     <span class='ocr_line' id='line_1_11' title="bbox 403 1046 2077 1129; baseline 0.001 -18"><span class='ocrx_word' id='word_1_61' title='bbox 450 1098 459 1110; x_wconf 84' lang='lat'><strong>.</strong></span> <span class='ocrx_word' id='word_1_62' title='bbox 483 1065 772 1124; x_wconf 90' lang='lat' dir='ltr'><strong>conentur,</strong></span> <span class='ocrx_word' id='word_1_63' title='bbox 797 1072 865 1112; x_wconf 91' lang='lat' dir='ltr'><strong>ne</strong></span> <span class='ocrx_word' id='word_1_64' title='bbox 897 1071 990 1126; x_wconf 91' lang='lat' dir='ltr'><strong>per</strong></span> <span class='ocrx_word' id='word_1_65' title='bbox 1017 1057 1244 1112; x_wconf 87' lang='lat' dir='ltr'><strong>amicam</strong></span> <span class='ocrx_word' id='word_1_66' title='bbox 1278 1058 1389 1112; x_wconf 88' lang='lat' dir='ltr'><strong>Deo</strong></span> <span class='ocrx_word' id='word_1_67' title='bbox 1411 1058 1649 1127; x_wconf 81' lang='lat' dir='ltr'><strong>quietem</strong></span> <span class='ocrx_word' id='word_1_68' title='bbox 1673 1065 1873 1112; x_wconf 90' lang='lat' dir='ltr'><strong>terram</strong></span> <span class='ocrx_word' id='word_1_69' title='bbox 1907 1057 2077 1129; x_wconf 67' lang='lat' dir='ltr'><strong>Egy-</strong></span> 
     </span>
    </p>
   </div>
   <div class='ocr_carea' id='block_1_12' title="bbox 395 1132 2080 1220">
    <p class='ocr_par' dir='ltr' id='par_1_12' title="bbox 395 1132 2080 1220">
     <span class='ocr_line' id='line_1_12' title="bbox 395 1132 2080 1220; baseline 0.001 -17"><span class='ocrx_word' id='word_1_70' title='bbox 395 1132 418 1141; x_wconf 59' lang='grc'><strong><em>’</em></strong></span> <span class='ocrx_word' id='word_1_71' title='bbox 481 1149 651 1220; x_wconf 86' lang='lat' dir='ltr'><strong>ptiam</strong></span> <span class='ocrx_word' id='word_1_72' title='bbox 699 1149 1054 1215; x_wconf 85' lang='lat' dir='ltr'><strong>deserentes,</strong></span> <span class='ocrx_word' id='word_1_73' title='bbox 1087 1150 1154 1205; x_wconf 91' lang='lat' dir='ltr'><strong>ad</strong></span> <span class='ocrx_word' id='word_1_74' title='bbox 1185 1165 1429 1206; x_wconf 86' lang='lat' dir='ltr'><strong>eremuin</strong></span> <span class='ocrx_word' id='word_1_75' title='bbox 1479 1153 1737 1206; x_wconf 90' lang='lat' dir='ltr'><strong>virtutum</strong></span> <span class='ocrx_word' id='word_1_76' title='bbox 1787 1150 2080 1204; x_wconf 82' lang='lat' dir='ltr'><strong>salubriter</strong></span> 
     </span>
    </p>
   </div>
   <div class='ocr_carea' id='block_1_13' title="bbox 481 1241 2080 1298">
    <p class='ocr_par' dir='ltr' id='par_1_13' title="bbox 481 1241 2080 1298">
     <span class='ocr_line' id='line_1_13' title="bbox 481 1241 2080 1298; baseline 0 -3"><span class='ocrx_word' id='word_1_77' title='bbox 481 1252 859 1298; x_wconf 86' lang='lat' dir='ltr'><strong>transeamus:</strong></span> <span class='ocrx_word' id='word_1_78' title='bbox 901 1243 972 1296; x_wconf 92' lang='lat' dir='ltr'><strong>ita</strong></span> <span class='ocrx_word' id='word_1_79' title='bbox 1005 1251 1064 1296; x_wconf 90' lang='lat' dir='ltr'><strong>ut</strong></span> <span class='ocrx_word' id='word_1_80' title='bbox 1089 1245 1376 1298; x_wconf 88' lang='lat' dir='ltr'><strong>adversum</strong></span> <span class='ocrx_word' id='word_1_81' title='bbox 1405 1257 1505 1298; x_wconf 92' lang='lat' dir='ltr'><strong>nos</strong></span> <span class='ocrx_word' id='word_1_82' title='bbox 1547 1242 1757 1297; x_wconf 82' lang='lat' dir='ltr'><strong>Pharao</strong></span> <span class='ocrx_word' id='word_1_83' title='bbox 1787 1241 2080 1296; x_wconf 87' lang='lat' dir='ltr'><strong>infremens</strong></span> 
     </span>
    </p>
   </div>
   <div class='ocr_carea' id='block_1_14' title="bbox 483 1331 2080 1405">
    <p class='ocr_par' dir='ltr' id='par_1_14' title="bbox 483 1331 2080 1405">
     <span class='ocr_line' id='line_1_14' title="bbox 483 1331 2080 1405; baseline 0.001 -19"><span class='ocrx_word' id='word_1_84' title='bbox 483 1331 630 1386; x_wconf 67' lang='lat' dir='ltr'><strong>dicat</strong></span> <span class='ocrx_word' id='word_1_85' title='bbox 654 1375 667 1401; x_wconf 95' lang='lat'><strong>,</strong></span> <span class='ocrx_word' id='word_1_86' title='bbox 719 1333 888 1387; x_wconf 77' lang='lat' dir='ltr'><strong>Otiosi</strong></span> <span class='ocrx_word' id='word_1_87' title='bbox 932 1345 1086 1400; x_wconf 89' lang='lat' dir='ltr'><strong>sunt,</strong></span> <span class='ocrx_word' id='word_1_88' title='bbox 1129 1345 1176 1389; x_wconf 90' lang='lat' dir='ltr'><strong>et</strong></span> <span class='ocrx_word' id='word_1_89' title='bbox 1203 1335 1400 1388; x_wconf 87' lang='lat' dir='ltr'><strong>idcirco</strong></span> <span class='ocrx_word' id='word_1_90' title='bbox 1430 1335 1778 1405; x_wconf 75' lang='lat' dir='ltr'><strong>vociferantur</strong></span> <span class='ocrx_word' id='word_1_91' title='bbox 1812 1334 2038 1388; x_wconf 74' lang='lat' dir='ltr'><strong>dicentes</strong></span> <span class='ocrx_word' id='word_1_92' title='bbox 2063 1374 2080 1400; x_wconf 91' lang='lat'><strong>,</strong></span> 
     </span>
    </p>
   </div>
   <div class='ocr_carea' id='block_1_15' title="bbox 482 1426 2082 1498">
    <p class='ocr_par' dir='ltr' id='par_1_15' title="bbox 482 1426 2082 1498">
     <span class='ocr_line' id='line_1_15' title="bbox 482 1426 2082 1498; baseline 0.001 -17"><span class='ocrx_word' id='word_1_93' title='bbox 482 1426 680 1481; x_wconf 81' lang='lat' dir='ltr'><strong>Eamus</strong></span> <span class='ocrx_word' id='word_1_94' title='bbox 711 1436 758 1480; x_wconf 91' lang='lat' dir='ltr'><strong>et</strong></span> <span class='ocrx_word' id='word_1_95' title='bbox 779 1429 1125 1497; x_wconf 81' lang='lat' dir='ltr'><strong>sacriﬁcemus</strong></span> <span class='ocrx_word' id='word_1_96' title='bbox 1143 1427 1367 1482; x_wconf 88' lang='lat' dir='ltr'><strong>Domino</strong></span> <span class='ocrx_word' id='word_1_97' title='bbox 1393 1427 1501 1481; x_wconf 89' lang='lat' dir='ltr'><strong>Deo</strong></span> <span class='ocrx_word' id='word_1_98' title='bbox 1529 1436 1745 1494; x_wconf 87' lang='lat' dir='ltr'><strong>nostro;</strong></span> <span class='ocrx_word' id='word_1_99' title='bbox 1767 1426 2082 1498; x_wconf 81' lang='lat' dir='ltr'><strong>Oppriman-</strong></span> 
     </span>
    </p>
   </div>
   <div class='ocr_carea' id='block_1_16' title="bbox 485 1519 2084 1591">
    <p class='ocr_par' dir='ltr' id='par_1_16' title="bbox 485 1519 2084 1591">
     <span class='ocr_line' id='line_1_16' title="bbox 485 1519 2084 1591; baseline 0.003 -19"><span class='ocrx_word' id='word_1_100' title='bbox 485 1529 573 1574; x_wconf 87' lang='lat' dir='ltr'><strong>tur</strong></span> <span class='ocrx_word' id='word_1_101' title='bbox 605 1519 883 1583; x_wconf 85' lang='lat' dir='ltr'><strong>laboribus,</strong></span> <span class='ocrx_word' id='word_1_102' title='bbox 909 1532 958 1574; x_wconf 90' lang='lat' dir='ltr'><strong>et</strong></span> <span class='ocrx_word' id='word_1_103' title='bbox 989 1521 1199 1575; x_wconf 79' lang='lat' dir='ltr'><strong>solliciti</strong></span> <span class='ocrx_word' id='word_1_104' title='bbox 1241 1522 1341 1574; x_wconf 89' lang='lat' dir='ltr'><strong>sint</strong></span> <span class='ocrx_word' id='word_1_105' title='bbox 1371 1523 1424 1574; x_wconf 86' lang='lat' dir='ltr'><strong>in</strong></span> <span class='ocrx_word' id='word_1_106' title='bbox 1456 1521 1693 1591; x_wconf 84' lang='lat' dir='ltr'><strong>operibus</strong></span> <span class='ocrx_word' id='word_1_107' title='bbox 1723 1522 1862 1588; x_wconf 83' lang='lat' dir='ltr'><strong>suis,</strong></span> <span class='ocrx_word' id='word_1_108' title='bbox 1894 1531 1942 1574; x_wconf 93' lang='lat' dir='ltr'><strong>et</strong></span> <span class='ocrx_word' id='word_1_109' title='bbox 1981 1539 2084 1577; x_wconf 87' lang='lat' dir='ltr'><strong>non</strong></span> 
     </span>
    </p>
   </div>
   <div class='ocr_carea' id='block_1_17' title="bbox 483 1612 2083 1685">
    <p class='ocr_par' dir='ltr' id='par_1_17' title="bbox 483 1612 2083 1685">
     <span class='ocr_line' id='line_1_17' title="bbox 483 1612 2083 1685; baseline 0.004 -20"><span class='ocrx_word' id='word_1_110' title='bbox 483 1613 590 1666; x_wconf 86' lang='lat' dir='ltr'><strong>sint</strong></span> <span class='ocrx_word' id='word_1_111' title='bbox 617 1613 827 1667; x_wconf 83' lang='lat' dir='ltr'><strong>solliciti</strong></span> <span class='ocrx_word' id='word_1_112' title='bbox 849 1615 902 1666; x_wconf 89' lang='lat' dir='ltr'><strong>in</strong></span> <span class='ocrx_word' id='word_1_113' title='bbox 930 1615 1091 1667; x_wconf 83' lang='lat' dir='ltr'><strong>verbis</strong></span> <span class='ocrx_word' id='word_1_114' title='bbox 1121 1615 1262 1667; x_wconf 84' lang='lat' dir='ltr'><strong>vanis</strong></span> <span class='ocrx_word' id='word_1_115' title='bbox 1285 1613 1482 1683; x_wconf 89' lang='lat' dir='ltr'><strong>(Exod.</strong></span> <span class='ocrx_word' id='word_1_116' title='bbox 1512 1612 1589 1685; x_wconf 76' lang='grc' dir='ltr'><strong>ν).</strong></span> <span class='ocrx_word' id='word_1_117' title='bbox 1622 1614 1754 1668; x_wconf 89' lang='lat' dir='ltr'><strong>Nam</strong></span> <span class='ocrx_word' id='word_1_118' title='bbox 1790 1614 1973 1685; x_wconf 89' lang='lat' dir='ltr'><strong>utique</strong></span> <span class='ocrx_word' id='word_1_119' title='bbox 1988 1630 2083 1670; x_wconf 88' lang='lat' dir='ltr'><strong>va-</strong></span> 
     </span>
    </p>
   </div>
   <div class='ocr_carea' id='block_1_18' title="bbox 484 1705 2082 1779">
    <p class='ocr_par' dir='ltr' id='par_1_18' title="bbox 484 1705 2082 1779">
     <span class='ocr_line' id='line_1_18' title="bbox 484 1705 2082 1779; baseline 0.004 -20"><span class='ocrx_word' id='word_1_120' title='bbox 484 1705 628 1759; x_wconf 86' lang='lat' dir='ltr'><strong>nitas</strong></span> <span class='ocrx_word' id='word_1_121' title='bbox 668 1705 961 1775; x_wconf 86' lang='lat' dir='ltr'><strong>impiorum</strong></span> <span class='ocrx_word' id='word_1_122' title='bbox 993 1716 1240 1761; x_wconf 89' lang='lat' dir='ltr'><strong>sanctum</strong></span> <span class='ocrx_word' id='word_1_123' title='bbox 1271 1707 1489 1762; x_wconf 85' lang='lat' dir='ltr'><strong>Domini</strong></span> <span class='ocrx_word' id='word_1_124' title='bbox 1537 1708 1886 1775; x_wconf 88' lang='lat' dir='ltr'><strong>sacrificium,</strong></span> <span class='ocrx_word' id='word_1_125' title='bbox 1938 1709 2082 1779; x_wconf 91' lang='lat' dir='ltr'><strong>quod</strong></span> 
     </span>
    </p>
   </div>
   <div class='ocr_carea' id='block_1_19' title="bbox 2180 497 3772 571">
    <p class='ocr_par' dir='ltr' id='par_1_19' title="bbox 2180 497 3772 571">
     <span class='ocr_line' id='line_1_19' title="bbox 2180 497 3772 571; baseline 0 -17"><span class='ocrx_word' id='word_1_126' title='bbox 2180 499 2396 571; x_wconf 91' lang='lat' dir='ltr'><strong>posita,</strong></span> <span class='ocrx_word' id='word_1_127' title='bbox 2451 499 2653 569; x_wconf 87' lang='lat' dir='ltr'><strong>quique</strong></span> <span class='ocrx_word' id='word_1_128' title='bbox 2701 498 3039 569; x_wconf 87' lang='lat' dir='ltr'><strong>spiritalibus</strong></span> <span class='ocrx_word' id='word_1_129' title='bbox 3094 497 3288 552; x_wconf 80' lang='lat' dir='ltr'><strong>ofﬁciis</strong></span> <span class='ocrx_word' id='word_1_130' title='bbox 3346 512 3455 552; x_wconf 92' lang='lat' dir='ltr'><strong>non</strong></span> <span class='ocrx_word' id='word_1_131' title='bbox 3516 498 3772 568; x_wconf 82' lang='lat' dir='ltr'><strong>exiguam</strong></span> 
     </span>
    </p>
   </div>
   <div class='ocr_carea' id='block_1_20' title="bbox 2180 589 3774 662">
    <p class='ocr_par' dir='ltr' id='par_1_20' title="bbox 2180 589 3774 662">
     <span class='ocr_line' id='line_1_20' title="bbox 2180 589 3774 662; baseline -0.001 -15"><span class='ocrx_word' id='word_1_132' title='bbox 2180 593 2350 659; x_wconf 91' lang='lat' dir='ltr'><strong>illam,</strong></span> <span class='ocrx_word' id='word_1_133' title='bbox 2384 591 2438 647; x_wconf 91' lang='lat' dir='ltr'><strong>id</strong></span> <span class='ocrx_word' id='word_1_134' title='bbox 2467 600 2573 658; x_wconf 87' lang='lat' dir='ltr'><strong>est,</strong></span> <span class='ocrx_word' id='word_1_135' title='bbox 2601 591 2866 647; x_wconf 89' lang='lat' dir='ltr'><strong>decimam</strong></span> <span class='ocrx_word' id='word_1_136' title='bbox 2893 601 3124 662; x_wconf 92' lang='lat' dir='ltr'><strong>partem,</strong></span> <span class='ocrx_word' id='word_1_137' title='bbox 3165 589 3260 645; x_wconf 91' lang='lat' dir='ltr'><strong>sed</strong></span> <span class='ocrx_word' id='word_1_138' title='bbox 3290 598 3466 645; x_wconf 90' lang='lat' dir='ltr'><strong>totum</strong></span> <span class='ocrx_word' id='word_1_139' title='bbox 3498 590 3627 645; x_wconf 82' lang='lat' dir='ltr'><strong>vitae</strong></span> <span class='ocrx_word' id='word_1_140' title='bbox 3655 605 3774 646; x_wconf 66' lang='lat' dir='ltr'><strong>sua</strong></span> 
     </span>
    </p>
   </div>
   <div class='ocr_carea' id='block_1_21' title="bbox 2181 682 3775 758">
    <p class='ocr_par' dir='ltr' id='par_1_21' title="bbox 2181 682 3775 758">
     <span class='ocr_line' id='line_1_21' title="bbox 2181 682 3775 758; baseline -0.003 -18"><span class='ocrx_word' id='word_1_141' title='bbox 2181 693 2394 758; x_wconf 85' lang='lat' dir='ltr'><strong>tempus</strong></span> <span class='ocrx_word' id='word_1_142' title='bbox 2423 683 2776 755; x_wconf 88' lang='lat' dir='ltr'><strong>impendunt,</strong></span> <span class='ocrx_word' id='word_1_143' title='bbox 2819 685 2944 755; x_wconf 89' lang='lat' dir='ltr'><strong>quia</strong></span> <span class='ocrx_word' id='word_1_144' title='bbox 2993 682 3146 738; x_wconf 91' lang='lat' dir='ltr'><strong>liberi</strong></span> <span class='ocrx_word' id='word_1_145' title='bbox 3190 690 3317 737; x_wconf 89' lang='lat' dir='ltr'><strong>sunt</strong></span> <span class='ocrx_word' id='word_1_146' title='bbox 3356 697 3387 736; x_wconf 90' lang='lat' dir='ltr'><strong>a</strong></span> <span class='ocrx_word' id='word_1_147' title='bbox 3433 683 3775 738; x_wconf 82' lang='lat' dir='ltr'><strong>decimarum</strong></span> 
     </span>
    </p>
   </div>
   <div class='ocr_carea' id='block_1_22' title="bbox 2180 775 3779 848">
    <p class='ocr_par' dir='ltr' id='par_1_22' title="bbox 2180 775 3779 848">
     <span class='ocr_line' id='line_1_22' title="bbox 2180 775 3779 848; baseline -0.001 -17"><span class='ocrx_word' id='word_1_148' title='bbox 2180 776 2432 848; x_wconf 76' lang='lat' dir='ltr'><strong>legalium</strong></span> <span class='ocrx_word' id='word_1_149' title='bbox 2461 777 2758 844; x_wconf 73' lang='lat' dir='ltr'><strong>iunctione,</strong></span> <span class='ocrx_word' id='word_1_150' title='bbox 2792 775 2999 831; x_wconf 91' lang='lat' dir='ltr'><strong>idcirco</strong></span> <span class='ocrx_word' id='word_1_151' title='bbox 3029 777 3072 831; x_wconf 91' lang='lat' dir='ltr'><strong>si</strong></span> <span class='ocrx_word' id='word_1_152' title='bbox 3114 790 3211 830; x_wconf 90' lang='lat' dir='ltr'><strong>eos</strong></span> <span class='ocrx_word' id='word_1_153' title='bbox 3237 777 3633 845; x_wconf 80' lang='lat' dir='ltr'><strong>superveniens</strong></span> <span class='ocrx_word' id='word_1_154' title='bbox 3673 775 3779 830; x_wconf 86' lang='lat' dir='ltr'><strong>bo-</strong></span> 
     </span>
    </p>
   </div>
   <div class='ocr_carea' id='block_1_23' title="bbox 2181 867 3780 935">
    <p class='ocr_par' dir='ltr' id='par_1_23' title="bbox 2181 867 3780 935">
     <span class='ocr_line' id='line_1_23' title="bbox 2181 867 3780 935; baseline -0.001 -11"><span class='ocrx_word' id='word_1_155' title='bbox 2181 879 2335 926; x_wconf 86' lang='lat' dir='ltr'><strong>nesta</strong></span> <span class='ocrx_word' id='word_1_156' title='bbox 2383 880 2438 926; x_wconf 92' lang='lat' dir='ltr'><strong>et</strong></span> <span class='ocrx_word' id='word_1_157' title='bbox 2479 879 2666 926; x_wconf 86' lang='lat' dir='ltr'><strong>sancta</strong></span> <span class='ocrx_word' id='word_1_158' title='bbox 2707 868 3011 926; x_wconf 81' lang='lat' dir='ltr'><strong>necessitas</strong></span> <span class='ocrx_word' id='word_1_159' title='bbox 3035 870 3349 935; x_wconf 82' lang='lat' dir='ltr'><strong>coarctarit,</strong></span> <span class='ocrx_word' id='word_1_160' title='bbox 3379 868 3584 924; x_wconf 87' lang='lat' dir='ltr'><strong>audent</strong></span> <span class='ocrx_word' id='word_1_161' title='bbox 3605 867 3634 906; x_wconf 70' lang='grc' dir='ltr'>δ</span> <span class='ocrx_word' id='word_1_162' title='bbox 3665 878 3780 924; x_wconf 77' lang='lat' dir='ltr'><strong>sta-</strong></span> 
     </span>
    </p>
   </div>
   <div class='ocr_carea' id='block_1_24' title="bbox 2182 961 3777 1034">
    <p class='ocr_par' dir='ltr' id='par_1_24' title="bbox 2182 961 3777 1034">
     <span class='ocr_line' id='line_1_24' title="bbox 2182 961 3777 1034; baseline 0.001 -17"><span class='ocrx_word' id='word_1_163' title='bbox 2182 961 2385 1018; x_wconf 85' lang='lat' dir='ltr'><strong>tionem</strong></span> <span class='ocrx_word' id='word_1_164' title='bbox 2404 963 2596 1034; x_wconf 90' lang='lat' dir='ltr'><strong>jejunii</strong></span> <span class='ocrx_word' id='word_1_165' title='bbox 2624 963 2828 1030; x_wconf 86' lang='lat' dir='ltr'><strong>absque</strong></span> <span class='ocrx_word' id='word_1_166' title='bbox 2854 963 2962 1017; x_wconf 92' lang='lat' dir='ltr'><strong>ulla</strong></span> <span class='ocrx_word' id='word_1_167' title='bbox 2997 963 3390 1033; x_wconf 88' lang='lat' dir='ltr'><strong>disceptatione</strong></span> <span class='ocrx_word' id='word_1_168' title='bbox 3416 965 3623 1018; x_wconf 90' lang='lat' dir='ltr'><strong>laxare.</strong></span> <span class='ocrx_word' id='word_1_169' title='bbox 3651 961 3777 1018; x_wconf 86' lang='lat' dir='ltr'><strong>Non</strong></span> 
     </span>
    </p>
   </div>
   <div class='ocr_carea' id='block_1_25' title="bbox 2181 1054 3780 1125">
    <p class='ocr_par' dir='ltr' id='par_1_25' title="bbox 2181 1054 3780 1125">
     <span class='ocr_line' id='line_1_25' title="bbox 2181 1054 3780 1125; baseline -0.001 -14"><span class='ocrx_word' id='word_1_170' title='bbox 2181 1057 2327 1112; x_wconf 91' lang='lat' dir='ltr'><strong>enim</strong></span> <span class='ocrx_word' id='word_1_171' title='bbox 2377 1055 2446 1111; x_wconf 93' lang='lat' dir='ltr'><strong>ab</strong></span> <span class='ocrx_word' id='word_1_172' title='bbox 2494 1055 2573 1110; x_wconf 89' lang='lat' dir='ltr'><strong>eis</strong></span> <span class='ocrx_word' id='word_1_173' title='bbox 2623 1055 2959 1111; x_wconf 88' lang='lat' dir='ltr'><strong>decimarum</strong></span> <span class='ocrx_word' id='word_1_174' title='bbox 3004 1056 3270 1125; x_wconf 80' lang='lat' dir='ltr'><strong>exiguitas</strong></span> <span class='ocrx_word' id='word_1_175' title='bbox 3320 1056 3624 1122; x_wconf 90' lang='lat' dir='ltr'><strong>mutilatur,</strong></span> <span class='ocrx_word' id='word_1_176' title='bbox 3683 1054 3780 1125; x_wconf 87' lang='lat' dir='ltr'><strong>qui</strong></span> 
     </span>
    </p>
   </div>
   <div class='ocr_carea' id='block_1_26' title="bbox 2184 1147 3784 1222">
    <p class='ocr_par' dir='ltr' id='par_1_26' title="bbox 2184 1147 3784 1222">
     <span class='ocr_line' id='line_1_26' title="bbox 2184 1147 3784 1222; baseline -0.001 -20"><span class='ocrx_word' id='word_1_177' title='bbox 2184 1147 2350 1222; x_wconf 89' lang='lat' dir='ltr'><strong>[Lips.</strong></span> <span class='ocrx_word' id='word_1_178' title='bbox 2381 1149 2437 1202; x_wconf 87' lang='lat' dir='ltr'><strong>in</strong></span> <span class='ocrx_word' id='word_1_179' title='bbox 2467 1165 2635 1218; x_wconf 83' lang='lat' dir='ltr'><strong>marg.</strong></span> <span class='ocrx_word' id='word_1_180' title='bbox 2673 1147 2824 1220; x_wconf 87' lang='lat' dir='ltr'><strong>quia]</strong></span> <span class='ocrx_word' id='word_1_181' title='bbox 2853 1149 3035 1203; x_wconf 89' lang='lat' dir='ltr'><strong>omnia</strong></span> <span class='ocrx_word' id='word_1_182' title='bbox 3067 1163 3162 1202; x_wconf 90' lang='lat' dir='ltr'><strong>sua</strong></span> <span class='ocrx_word' id='word_1_183' title='bbox 3193 1149 3425 1203; x_wconf 89' lang='lat' dir='ltr'><strong>Domino</strong></span> <span class='ocrx_word' id='word_1_184' title='bbox 3461 1163 3650 1203; x_wconf 86' lang='lat' dir='ltr'><strong>secum</strong></span> <span class='ocrx_word' id='word_1_185' title='bbox 3681 1163 3784 1219; x_wconf 89' lang='lat' dir='ltr'><strong>pa-</strong></span> 
     </span>
    </p>
   </div>
   <div class='ocr_carea' id='block_1_27' title="bbox 2182 1241 3786 1313">
    <p class='ocr_par' dir='ltr' id='par_1_27' title="bbox 2182 1241 3786 1313">
     <span class='ocr_line' id='line_1_27' title="bbox 2182 1241 3786 1313; baseline -0.001 -15"><span class='ocrx_word' id='word_1_186' title='bbox 2182 1245 2322 1298; x_wconf 87' lang='lat' dir='ltr'><strong>riter</strong></span> <span class='ocrx_word' id='word_1_187' title='bbox 2352 1242 2685 1298; x_wconf 92' lang='lat' dir='ltr'><strong>obtulerunt.</strong></span> <span class='ocrx_word' id='word_1_188' title='bbox 2710 1242 2864 1310; x_wconf 87' lang='lat' dir='ltr'><strong>Quod</strong></span> <span class='ocrx_word' id='word_1_189' title='bbox 2889 1241 3134 1313; x_wconf 90' lang='lat' dir='ltr'><strong>profecto</strong></span> <span class='ocrx_word' id='word_1_190' title='bbox 3157 1242 3368 1312; x_wconf 86' lang='lat' dir='ltr'><strong>absque</strong></span> <span class='ocrx_word' id='word_1_191' title='bbox 3392 1257 3606 1297; x_wconf 89' lang='lat' dir='ltr'><strong>summo</strong></span> <span class='ocrx_word' id='word_1_192' title='bbox 3632 1241 3786 1296; x_wconf 85' lang='lat' dir='ltr'><strong>frau-</strong></span> 
     </span>
    </p>
   </div>
   <div class='ocr_carea' id='block_1_28' title="bbox 2181 1333 3786 1405">
    <p class='ocr_par' dir='ltr' id='par_1_28' title="bbox 2181 1333 3786 1405">
     <span class='ocr_line' id='line_1_28' title="bbox 2181 1333 3786 1405; baseline -0.001 -14"><span class='ocrx_word' id='word_1_193' title='bbox 2181 1335 2267 1391; x_wconf 87' lang='lat' dir='ltr'><strong>dis</strong></span> <span class='ocrx_word' id='word_1_194' title='bbox 2294 1344 2446 1391; x_wconf 86' lang='lat' dir='ltr'><strong>reatu</strong></span> <span class='ocrx_word' id='word_1_195' title='bbox 2477 1337 2657 1390; x_wconf 90' lang='lat' dir='ltr'><strong>facere</strong></span> <span class='ocrx_word' id='word_1_196' title='bbox 2684 1335 2777 1389; x_wconf 92' lang='lat' dir='ltr'><strong>ille</strong></span> <span class='ocrx_word' id='word_1_197' title='bbox 2808 1351 2917 1390; x_wconf 93' lang='lat' dir='ltr'><strong>non</strong></span> <span class='ocrx_word' id='word_1_198' title='bbox 2947 1335 3164 1404; x_wconf 89' lang='lat' dir='ltr'><strong>poterit,</strong></span> <span class='ocrx_word' id='word_1_199' title='bbox 3199 1335 3289 1405; x_wconf 91' lang='lat' dir='ltr'><strong>qui</strong></span> <span class='ocrx_word' id='word_1_200' title='bbox 3313 1335 3448 1389; x_wconf 86' lang='lat' dir='ltr'><strong>nihil</strong></span> <span class='ocrx_word' id='word_1_201' title='bbox 3469 1333 3786 1389; x_wconf 84' lang='lat' dir='ltr'><strong>voluntarie</strong></span> 
     </span>
    </p>
   </div>
   <div class='ocr_carea' id='block_1_29' title="bbox 2183 1427 3785 1496">
    <p class='ocr_par' dir='ltr' id='par_1_29' title="bbox 2183 1427 3785 1496">
     <span class='ocr_line' id='line_1_29' title="bbox 2183 1427 3785 1496; baseline -0.002 -12"><span class='ocrx_word' id='word_1_202' title='bbox 2183 1428 2422 1484; x_wconf 69' lang='lat' dir='ltr'><strong>offerens</strong></span> <span class='ocrx_word' id='word_1_203' title='bbox 2451 1428 2587 1496; x_wconf 91' lang='lat' dir='ltr'><strong>Deo,</strong></span> <span class='ocrx_word' id='word_1_204' title='bbox 2637 1427 3089 1484; x_wconf 85' lang='lat' dir='ltr'><strong>inexcusabiliter</strong></span> <span class='ocrx_word' id='word_1_205' title='bbox 3120 1427 3338 1483; x_wconf 90' lang='lat' dir='ltr'><strong>solvere</strong></span> <span class='ocrx_word' id='word_1_206' title='bbox 3375 1429 3619 1482; x_wconf 87' lang='lat' dir='ltr'><strong>decimas</strong></span> <span class='ocrx_word' id='word_1_207' title='bbox 3650 1440 3785 1482; x_wconf 90' lang='lat' dir='ltr'><strong>suas</strong></span> 
     </span>
    </p>
   </div>
   <div class='ocr_carea' id='block_1_30' title="bbox 2184 1519 3788 1591">
    <p class='ocr_par' dir='ltr' id='par_1_30' title="bbox 2184 1519 3788 1591">
     <span class='ocr_line' id='line_1_30' title="bbox 2184 1519 3788 1591; baseline -0.001 -16"><span class='ocrx_word' id='word_1_208' title='bbox 2184 1519 2319 1591; x_wconf 86' lang='lat' dir='ltr'><strong>legis</strong></span> <span class='ocrx_word' id='word_1_209' title='bbox 2373 1521 2702 1576; x_wconf 80' lang='lat' dir='ltr'><strong>necessitate</strong></span> <span class='ocrx_word' id='word_1_210' title='bbox 2749 1521 3113 1590; x_wconf 89' lang='lat' dir='ltr'><strong>compellitur.</strong></span> <span class='ocrx_word' id='word_1_211' title='bbox 3170 1521 3513 1591; x_wconf 78' lang='lat' dir='ltr'><strong>Quapropter</strong></span> <span class='ocrx_word' id='word_1_212' title='bbox 3569 1519 3788 1590; x_wconf 92' lang='lat' dir='ltr'><strong>liquido</strong></span> 
     </span>
    </p>
   </div>
   <div class='ocr_carea' id='block_1_31' title="bbox 2184 1613 3788 1684">
    <p class='ocr_par' dir='ltr' id='par_1_31' title="bbox 2184 1613 3788 1684">
     <span class='ocr_line' id='line_1_31' title="bbox 2184 1613 3788 1684; baseline -0.001 -16"><span class='ocrx_word' id='word_1_213' title='bbox 2184 1614 2570 1684; x_wconf 83' lang='lat' dir='ltr'><strong>comprobatur</strong></span> <span class='ocrx_word' id='word_1_214' title='bbox 2626 1615 2921 1684; x_wconf 87' lang='lat' dir='ltr'><strong>perfectum</strong></span> <span class='ocrx_word' id='word_1_215' title='bbox 2975 1629 3098 1670; x_wconf 84' lang='lat' dir='ltr'><strong>esse</strong></span> <span class='ocrx_word' id='word_1_216' title='bbox 3146 1629 3253 1668; x_wconf 91' lang='lat' dir='ltr'><strong>non</strong></span> <span class='ocrx_word' id='word_1_217' title='bbox 3298 1629 3457 1684; x_wconf 90' lang='lat' dir='ltr'><strong>posse</strong></span> <span class='ocrx_word' id='word_1_218' title='bbox 3509 1613 3788 1668; x_wconf 84' lang='lat' dir='ltr'><strong>famulum</strong></span> 
     </span>
    </p>
   </div>
   <div class='ocr_carea' id='block_1_32' title="bbox 2185 1706 3790 1778">
    <p class='ocr_par' dir='ltr' id='par_1_32' title="bbox 2185 1706 3790 1778">
     <span class='ocr_line' id='line_1_32' title="bbox 2185 1706 3790 1778; baseline 0 -16"><span class='ocrx_word' id='word_1_219' title='bbox 2185 1707 2341 1777; x_wconf 83' lang='lat' dir='ltr'><strong>legis,</strong></span> <span class='ocrx_word' id='word_1_220' title='bbox 2376 1707 2468 1778; x_wconf 91' lang='lat' dir='ltr'><strong>qui</strong></span> <span class='ocrx_word' id='word_1_221' title='bbox 2516 1707 2601 1762; x_wconf 85' lang='lat' dir='ltr'><strong>vel</strong></span> <span class='ocrx_word' id='word_1_222' title='bbox 2632 1707 2724 1762; x_wconf 89' lang='lat' dir='ltr'><strong>illa</strong></span> <span class='ocrx_word' id='word_1_223' title='bbox 2769 1722 2890 1778; x_wconf 78' lang='lat' dir='ltr'><strong>qua:</strong></span> <span class='ocrx_word' id='word_1_224' title='bbox 2921 1706 3278 1777; x_wconf 87' lang='lat' dir='ltr'><strong>prohibentur</strong></span> <span class='ocrx_word' id='word_1_225' title='bbox 3323 1718 3506 1776; x_wconf 82' lang='lat' dir='ltr'><strong>cavet,</strong></span> <span class='ocrx_word' id='word_1_226' title='bbox 3551 1707 3640 1761; x_wconf 92' lang='lat' dir='ltr'><strong>vel</strong></span> <span class='ocrx_word' id='word_1_227' title='bbox 3686 1707 3790 1762; x_wconf 86' lang='lat' dir='ltr'><strong>illa</strong></span> 
     </span>
    </p>
   </div>
   <div class='ocr_carea' id='block_1_33' title="bbox 482 1797 3789 1872">
    <p class='ocr_par' dir='ltr' id='par_1_33' title="bbox 482 1797 3789 1872">
     <span class='ocr_line' id='line_1_33' title="bbox 482 1797 3789 1872; baseline 0.001 -21"><span class='ocrx_word' id='word_1_228' title='bbox 482 1811 597 1851; x_wconf 86' lang='lat' dir='ltr'><strong>non</strong></span> <span class='ocrx_word' id='word_1_229' title='bbox 638 1798 742 1852; x_wconf 91' lang='lat' dir='ltr'><strong>nisi</strong></span> <span class='ocrx_word' id='word_1_230' title='bbox 772 1797 824 1851; x_wconf 90' lang='lat' dir='ltr'><strong>in</strong></span> <span class='ocrx_word' id='word_1_231' title='bbox 869 1812 1055 1852; x_wconf 88' lang='lat' dir='ltr'><strong>eremo</strong></span> <span class='ocrx_word' id='word_1_232' title='bbox 1101 1797 1258 1853; x_wconf 88' lang='lat' dir='ltr'><strong>liberi</strong></span> <span class='ocrx_word' id='word_1_233' title='bbox 1289 1799 1470 1854; x_wconf 91' lang='lat' dir='ltr'><strong>cordis</strong></span> <span class='ocrx_word' id='word_1_234' title='bbox 1517 1799 1776 1869; x_wconf 74' lang='lat' dir='ltr'><strong>offertur,</strong></span> <span class='ocrx_word' id='word_1_235' title='bbox 1812 1816 2078 1857; x_wconf 86' lang='lat' dir='ltr'><strong>summam</strong></span> <span class='ocrx_word' id='word_1_236' title='bbox 2111 1804 2159 1866; x_wconf 85' lang='grc' dir='ltr'><strong>Β</strong></span> <span class='ocrx_word' id='word_1_237' title='bbox 2186 1817 2305 1872; x_wconf 72' lang='lat' dir='ltr'><strong>qua:</strong></span> <span class='ocrx_word' id='word_1_238' title='bbox 2351 1801 2739 1872; x_wconf 67' lang='lat' dir='ltr'><strong>praecipiuntur</strong></span> <span class='ocrx_word' id='word_1_239' title='bbox 2785 1801 3125 1872; x_wconf 73' lang='lat' dir='ltr'><strong>exsequitur,</strong></span> <span class='ocrx_word' id='word_1_240' title='bbox 3159 1801 3255 1856; x_wconf 91' lang='lat' dir='ltr'><strong>sed</strong></span> <span class='ocrx_word' id='word_1_241' title='bbox 3304 1801 3426 1855; x_wconf 93' lang='lat' dir='ltr'><strong>illos</strong></span> <span class='ocrx_word' id='word_1_242' title='bbox 3478 1815 3605 1856; x_wconf 87' lang='lat' dir='ltr'><strong>vere</strong></span> <span class='ocrx_word' id='word_1_243' title='bbox 3656 1814 3789 1855; x_wconf 88' lang='lat' dir='ltr'><strong>esse</strong></span> 
     </span>
    </p>
   </div>
   <div class='ocr_carea' id='block_1_34' title="bbox 485 1888 2082 1965">
    <p class='ocr_par' dir='ltr' id='par_1_34' title="bbox 485 1888 2082 1965">
     <span class='ocr_line' id='line_1_34' title="bbox 485 1888 2082 1965; baseline 0.005 -22"><span class='ocrx_word' id='word_1_244' title='bbox 485 1901 610 1943; x_wconf 86' lang='lat' dir='ltr'><strong>esse</strong></span> <span class='ocrx_word' id='word_1_245' title='bbox 637 1888 829 1944; x_wconf 90' lang='lat' dir='ltr'><strong>astruit</strong></span> <span class='ocrx_word' id='word_1_246' title='bbox 852 1891 1142 1946; x_wconf 84' lang='lat' dir='ltr'><strong>vanitatem</strong></span> <span class='ocrx_word' id='word_1_247' title='bbox 1170 1935 1184 1960; x_wconf 93' lang='lat'><strong>,</strong></span> <span class='ocrx_word' id='word_1_248' title='bbox 1217 1892 1548 1948; x_wconf 85' lang='lat' dir='ltr'><strong>abominatio</strong></span> <span class='ocrx_word' id='word_1_249' title='bbox 1585 1903 1671 1949; x_wconf 91' lang='lat' dir='ltr'><strong>est</strong></span> <span class='ocrx_word' id='word_1_250' title='bbox 1713 1893 1914 1950; x_wconf 89' lang='lat' dir='ltr'><strong>etenim</strong></span> <span class='ocrx_word' id='word_1_251' title='bbox 1955 1909 2082 1965; x_wconf 88' lang='lat' dir='ltr'><strong>pec-</strong></span> 
     </span>
    </p>
   </div>
   <div class='ocr_carea' id='block_1_35' title="bbox 487 1983 906 2054">
    <p class='ocr_par' dir='ltr' id='par_1_35' title="bbox 487 1983 906 2054">
     <span class='ocr_line' id='line_1_35' title="bbox 487 1983 906 2054; baseline 0.01 -19"><span class='ocrx_word' id='word_1_252' title='bbox 487 1984 662 2038; x_wconf 88' lang='lat' dir='ltr'><strong>catori</strong></span> <span class='ocrx_word' id='word_1_253' title='bbox 697 1983 906 2054; x_wconf 89' lang='lat' dir='ltr'><strong>religio.</strong></span> 
     </span>
    </p>
   </div>
   <div class='ocr_carea' id='block_1_36' title="bbox 1065 2077 1508 2134">
    <p class='ocr_par' dir='ltr' id='par_1_36' title="bbox 1065 2077 1508 2134">
     <span class='ocr_line' id='line_1_36' title="bbox 1065 2077 1508 2134; baseline 0 -2"><span class='ocrx_word' id='word_1_254' title='bbox 1065 2077 1292 2134; x_wconf 85' lang='lat' dir='ltr'><strong>CAPUT</strong></span> <span class='ocrx_word' id='word_1_255' title='bbox 1315 2077 1508 2134; x_wconf 78' lang='lat' dir='ltr'><strong>XXIX.</strong></span> 
     </span>
    </p>
   </div>
   <div class='ocr_carea' id='block_1_37' title="bbox 493 2166 2078 2245">
    <p class='ocr_par' dir='ltr' id='par_1_37' title="bbox 493 2166 2078 2245">
     <span class='ocr_line' id='line_1_37' title="bbox 493 2166 2078 2245; baseline 0.006 -25"><span class='ocrx_word' id='word_1_256' title='bbox 493 2166 646 2233; x_wconf 90' lang='lat' dir='ltr'><strong>Quod</strong></span> <span class='ocrx_word' id='word_1_257' title='bbox 683 2169 895 2238; x_wconf 81' lang='lat' dir='ltr'><strong>perfecti</strong></span> <span class='ocrx_word' id='word_1_258' title='bbox 944 2172 1404 2241; x_wconf 87' lang='lat' dir='ltr'><strong>supergrediantur</strong></span> <span class='ocrx_word' id='word_1_259' title='bbox 1448 2172 1608 2244; x_wconf 83' lang='lat' dir='ltr'><strong>legem</strong></span> <span class='ocrx_word' id='word_1_260' title='bbox 1641 2171 2078 2245; x_wconf 74' lang='lat' dir='ltr'><strong>Quadragesimtz.</strong></span> 
     </span>
    </p>
   </div>
   <div class='ocr_carea' id='block_1_38' title="bbox 564 2257 2084 2336">
    <p class='ocr_par' dir='ltr' id='par_1_38' title="bbox 564 2257 2084 2336">
     <span class='ocr_line' id='line_1_38' title="bbox 564 2257 2084 2336; baseline 0.007 -24"><span class='ocrx_word' id='word_1_261' title='bbox 564 2257 678 2313; x_wconf 85' lang='lat' dir='ltr'><strong>llac</strong></span> <span class='ocrx_word' id='word_1_262' title='bbox 706 2269 731 2295; x_wconf 73' lang='grc'><strong><em>⁸</em></strong></span> <span class='ocrx_word' id='word_1_263' title='bbox 759 2259 924 2329; x_wconf 87' lang='lat' dir='ltr'><strong>igitur</strong></span> <span class='ocrx_word' id='word_1_264' title='bbox 951 2262 1390 2332; x_wconf 69' lang='lat' dir='ltr'><strong>Quadragesimw</strong></span> <span class='ocrx_word' id='word_1_265' title='bbox 1418 2263 1558 2334; x_wconf 84' lang='lat' dir='ltr'><strong>lege,</strong></span> <span class='ocrx_word' id='word_1_266' title='bbox 1595 2265 1685 2334; x_wconf 90' lang='lat' dir='ltr'><strong>qui</strong></span> <span class='ocrx_word' id='word_1_267' title='bbox 1715 2267 1894 2334; x_wconf 89' lang='lat' dir='ltr'><strong>justus</strong></span> <span class='ocrx_word' id='word_1_268' title='bbox 1921 2275 2084 2336; x_wconf 88' lang='lat' dir='ltr'><strong>atque</strong></span> 
     </span>
    </p>
   </div>
   <div class='ocr_carea' id='block_1_39' title="bbox 487 2350 2082 2428">
    <p class='ocr_par' dir='ltr' id='par_1_39' title="bbox 487 2350 2082 2428">
     <span class='ocr_line' id='line_1_39' title="bbox 487 2350 2082 2428; baseline 0.005 -22"><span class='ocrx_word' id='word_1_269' title='bbox 487 2350 765 2420; x_wconf 87' lang='lat' dir='ltr'><strong>perfectus</strong></span> <span class='ocrx_word' id='word_1_270' title='bbox 790 2363 893 2420; x_wconf 92' lang='lat' dir='ltr'><strong>est,</strong></span> <span class='ocrx_word' id='word_1_271' title='bbox 923 2369 1028 2408; x_wconf 95' lang='lat' dir='ltr'><strong>non</strong></span> <span class='ocrx_word' id='word_1_272' title='bbox 1059 2364 1305 2421; x_wconf 87' lang='lat' dir='ltr'><strong>tenetur;</strong></span> <span class='ocrx_word' id='word_1_273' title='bbox 1339 2371 1442 2410; x_wconf 91' lang='lat' dir='ltr'><strong>nec</strong></span> <span class='ocrx_word' id='word_1_274' title='bbox 1463 2357 1639 2426; x_wconf 87' lang='lat' dir='ltr'><strong>exigui</strong></span> <span class='ocrx_word' id='word_1_275' title='bbox 1663 2357 1825 2428; x_wconf 85' lang='lat' dir='ltr'><strong>hujus</strong></span> <span class='ocrx_word' id='word_1_276' title='bbox 1856 2360 2082 2414; x_wconf 90' lang='lat' dir='ltr'><strong>canonis</strong></span> 
     </span>
    </p>
   </div>
   <div class='ocr_carea' id='block_1_40' title="bbox 490 2446 2085 2522">
    <p class='ocr_par' dir='ltr' id='par_1_40' title="bbox 490 2446 2085 2522">
     <span class='ocr_line' id='line_1_40' title="bbox 490 2446 2085 2522; baseline 0.005 -22"><span class='ocrx_word' id='word_1_277' title='bbox 490 2446 831 2515; x_wconf 88' lang='lat' dir='ltr'><strong>subjectione</strong></span> <span class='ocrx_word' id='word_1_278' title='bbox 861 2457 1146 2504; x_wconf 91' lang='lat' dir='ltr'><strong>contentus</strong></span> <span class='ocrx_word' id='word_1_279' title='bbox 1177 2459 1290 2516; x_wconf 90' lang='lat' dir='ltr'><strong>est,</strong></span> <span class='ocrx_word' id='word_1_280' title='bbox 1341 2465 1500 2520; x_wconf 87' lang='lat' dir='ltr'><strong>quem</strong></span> <span class='ocrx_word' id='word_1_281' title='bbox 1548 2449 1792 2520; x_wconf 91' lang='lat' dir='ltr'><strong>profecto</strong></span> <span class='ocrx_word' id='word_1_282' title='bbox 1834 2451 1940 2506; x_wconf 88' lang='lat' dir='ltr'><strong>illis</strong></span> <span class='ocrx_word' id='word_1_283' title='bbox 1989 2453 2085 2522; x_wconf 92' lang='lat' dir='ltr'><strong>qui</strong></span> 
     </span>
    </p>
   </div>
   <div class='ocr_carea' id='block_1_41' title="bbox 489 2542 2083 2616">
    <p class='ocr_par' dir='ltr' id='par_1_41' title="bbox 489 2542 2083 2616">
     <span class='ocr_line' id='line_1_41' title="bbox 489 2542 2083 2616; baseline 0.004 -23"><span class='ocrx_word' id='word_1_284' title='bbox 489 2553 592 2609; x_wconf 88' lang='lat' dir='ltr'><strong>per</strong></span> <span class='ocrx_word' id='word_1_285' title='bbox 622 2549 790 2595; x_wconf 89' lang='lat' dir='ltr'><strong>totum</strong></span> <span class='ocrx_word' id='word_1_286' title='bbox 814 2542 939 2596; x_wconf 91' lang='lat' dir='ltr'><strong>anni</strong></span> <span class='ocrx_word' id='word_1_287' title='bbox 965 2543 1197 2612; x_wconf 89' lang='lat' dir='ltr'><strong>spatium</strong></span> <span class='ocrx_word' id='word_1_288' title='bbox 1235 2543 1442 2598; x_wconf 88' lang='lat' dir='ltr'><strong>deliciis</strong></span> <span class='ocrx_word' id='word_1_289' title='bbox 1482 2545 1567 2599; x_wconf 89' lang='lat' dir='ltr'><strong>vel</strong></span> <span class='ocrx_word' id='word_1_290' title='bbox 1601 2547 1830 2616; x_wconf 90' lang='lat' dir='ltr'><strong>negotiis</strong></span> <span class='ocrx_word' id='word_1_291' title='bbox 1859 2546 2083 2601; x_wconf 64' lang='lat' dir='ltr'><strong>saecula-</strong></span> 
     </span>
    </p>
   </div>
   <div class='ocr_carea' id='block_1_42' title="bbox 487 2630 2084 2708">
    <p class='ocr_par' dir='ltr' id='par_1_42' title="bbox 487 2630 2084 2708">
     <span class='ocr_line' id='line_1_42' title="bbox 487 2630 2084 2708; baseline 0.006 -24"><span class='ocrx_word' id='word_1_292' title='bbox 487 2630 643 2686; x_wconf 88' lang='lat' dir='ltr'><strong>ribus</strong></span> <span class='ocrx_word' id='word_1_293' title='bbox 672 2632 1020 2701; x_wconf 91' lang='lat' dir='ltr'><strong>implicantur</strong></span> <span class='ocrx_word' id='word_1_294' title='bbox 1047 2634 1097 2704; x_wconf 95' lang='lat' dir='ltr'><strong>(l</strong></span> <span class='ocrx_word' id='word_1_295' title='bbox 1135 2634 1269 2688; x_wconf 86' lang='lat' dir='ltr'><strong>Tim.</strong></span> <span class='ocrx_word' id='word_1_296' title='bbox 1303 2635 1366 2704; x_wconf 84' lang='grc' dir='ltr'><strong>ι),</strong></span> <span class='ocrx_word' id='word_1_297' title='bbox 1400 2636 1766 2692; x_wconf 85' lang='lat' dir='ltr'><strong>Ecclesiarum</strong></span> <span class='ocrx_word' id='word_1_298' title='bbox 1811 2638 2084 2708; x_wconf 86' lang='lat' dir='ltr'><strong>principes</strong></span> 
     </span>
    </p>
   </div>
   <div class='ocr_carea' id='block_1_43' title="bbox 487 2728 2086 2800">
    <p class='ocr_par' dir='ltr' id='par_1_43' title="bbox 487 2728 2086 2800">
     <span class='ocr_line' id='line_1_43' title="bbox 487 2728 2086 2800; baseline 0.005 -22"><span class='ocrx_word' id='word_1_299' title='bbox 487 2733 830 2791; x_wconf 87' lang='lat' dir='ltr'><strong>statuerunt;</strong></span> <span class='ocrx_word' id='word_1_300' title='bbox 860 2737 920 2782; x_wconf 91' lang='lat' dir='ltr'><strong>ut</strong></span> <span class='ocrx_word' id='word_1_301' title='bbox 949 2728 1034 2783; x_wconf 92' lang='lat' dir='ltr'><strong>vel</strong></span> <span class='ocrx_word' id='word_1_302' title='bbox 1065 2728 1166 2784; x_wconf 91' lang='lat' dir='ltr'><strong>hac</strong></span> <span class='ocrx_word' id='word_1_303' title='bbox 1195 2729 1354 2800; x_wconf 87' lang='lat' dir='ltr'><strong>legali</strong></span> <span class='ocrx_word' id='word_1_304' title='bbox 1403 2730 1806 2800; x_wconf 88' lang='lat' dir='ltr'><strong>quodammodo</strong></span> <span class='ocrx_word' id='word_1_305' title='bbox 1846 2732 2086 2786; x_wconf 84' lang='lat' dir='ltr'><strong>necessi-</strong></span> 
     </span>
    </p>
   </div>
   <div class='ocr_carea' id='block_1_44' title="bbox 487 2818 2086 2886">
    <p class='ocr_par' dir='ltr' id='par_1_44' title="bbox 487 2818 2086 2886">
     <span class='ocr_line' id='line_1_44' title="bbox 487 2818 2086 2886; baseline 0.004 -14"><span class='ocrx_word' id='word_1_306' title='bbox 487 2823 604 2872; x_wconf 83' lang='lat' dir='ltr'><strong>tate</strong></span> <span class='ocrx_word' id='word_1_307' title='bbox 649 2818 949 2886; x_wconf 90' lang='lat' dir='ltr'><strong>constricti,</strong></span> <span class='ocrx_word' id='word_1_308' title='bbox 997 2819 1080 2874; x_wconf 92' lang='lat' dir='ltr'><strong>his</strong></span> <span class='ocrx_word' id='word_1_309' title='bbox 1130 2820 1320 2876; x_wconf 91' lang='lat' dir='ltr'><strong>saltem</strong></span> <span class='ocrx_word' id='word_1_310' title='bbox 1369 2820 1564 2876; x_wconf 90' lang='lat' dir='ltr'><strong>diebus</strong></span> <span class='ocrx_word' id='word_1_311' title='bbox 1612 2836 1810 2878; x_wconf 88' lang='lat' dir='ltr'><strong>vacare</strong></span> <span class='ocrx_word' id='word_1_312' title='bbox 1856 2821 2086 2878; x_wconf 90' lang='lat' dir='ltr'><strong>Domino</strong></span> 
     </span>
    </p>
   </div>
   <div class='ocr_carea' id='block_1_45' title="bbox 489 2911 2084 2984">
    <p class='ocr_par' dir='ltr' id='par_1_45' title="bbox 489 2911 2084 2984">
     <span class='ocr_line' id='line_1_45' title="bbox 489 2911 2084 2984; baseline 0.005 -24"><span class='ocrx_word' id='word_1_313' title='bbox 489 2917 838 2976; x_wconf 87' lang='lat' dir='ltr'><strong>cogerentur,</strong></span> <span class='ocrx_word' id='word_1_314' title='bbox 881 2923 944 2964; x_wconf 91' lang='lat' dir='ltr'><strong>ac</strong></span> <span class='ocrx_word' id='word_1_315' title='bbox 974 2911 1186 2965; x_wconf 91' lang='lat' dir='ltr'><strong>dierum</strong></span> <span class='ocrx_word' id='word_1_316' title='bbox 1237 2913 1361 2967; x_wconf 62' lang='lat' dir='ltr'><strong>vitae</strong></span> <span class='ocrx_word' id='word_1_317' title='bbox 1406 2928 1540 2979; x_wconf 68' lang='lat' dir='ltr'><strong>suae,</strong></span> <span class='ocrx_word' id='word_1_318' title='bbox 1586 2928 1723 2984; x_wconf 91' lang='lat' dir='ltr'><strong>quos</strong></span> <span class='ocrx_word' id='word_1_319' title='bbox 1754 2923 1899 2969; x_wconf 90' lang='lat' dir='ltr'><strong>totos</strong></span> <span class='ocrx_word' id='word_1_320' title='bbox 1930 2913 2084 2982; x_wconf 86' lang='lat' dir='ltr'><strong>quasi</strong></span> 
     </span>
    </p>
   </div>
   <div class='ocr_carea' id='block_1_46' title="bbox 489 3001 2086 3075">
    <p class='ocr_par' dir='ltr' id='par_1_46' title="bbox 489 3001 2086 3075">
     <span class='ocr_line' id='line_1_46' title="bbox 489 3001 2086 3075; baseline 0.006 -21"><span class='ocrx_word' id='word_1_321' title='bbox 489 3001 696 3058; x_wconf 86' lang='lat' dir='ltr'><strong>fructus</strong></span> <span class='ocrx_word' id='word_1_322' title='bbox 725 3003 990 3073; x_wconf 89' lang='lat' dir='ltr'><strong>quosdam</strong></span> <span class='ocrx_word' id='word_1_323' title='bbox 1022 3004 1236 3060; x_wconf 80' lang='lat' dir='ltr'><strong>fuerant</strong></span> <span class='ocrx_word' id='word_1_324' title='bbox 1267 3008 1529 3075; x_wconf 91' lang='lat' dir='ltr'><strong>voraturi,</strong></span> <span class='ocrx_word' id='word_1_325' title='bbox 1561 3008 1649 3063; x_wconf 89' lang='lat' dir='ltr'><strong>vel</strong></span> <span class='ocrx_word' id='word_1_326' title='bbox 1694 3007 1936 3063; x_wconf 89' lang='lat' dir='ltr'><strong>decimas</strong></span> <span class='ocrx_word' id='word_1_327' title='bbox 1978 3007 2086 3063; x_wconf 86' lang='lat' dir='ltr'><strong>Do-</strong></span> 
     </span>
    </p>
   </div>
   <div class='ocr_carea' id='block_1_47' title="bbox 2185 1894 3790 1966">
    <p class='ocr_par' dir='ltr' id='par_1_47' title="bbox 2185 1894 3790 1966">
     <span class='ocr_line' id='line_1_47' title="bbox 2185 1894 3790 1966; baseline -0.002 -15"><span class='ocrx_word' id='word_1_328' title='bbox 2185 1897 2458 1966; x_wconf 88' lang='lat' dir='ltr'><strong>perfectos</strong></span> <span class='ocrx_word' id='word_1_329' title='bbox 2481 1895 2571 1964; x_wconf 89' lang='lat' dir='ltr'><strong>qui</strong></span> <span class='ocrx_word' id='word_1_330' title='bbox 2595 1896 2757 1950; x_wconf 88' lang='lat' dir='ltr'><strong>etiam</strong></span> <span class='ocrx_word' id='word_1_331' title='bbox 2785 1894 2870 1949; x_wconf 87' lang='lat' dir='ltr'><strong>his</strong></span> <span class='ocrx_word' id='word_1_332' title='bbox 2894 1910 3014 1964; x_wconf 74' lang='lat' dir='ltr'><strong>qua:</strong></span> <span class='ocrx_word' id='word_1_333' title='bbox 3037 1909 3066 1947; x_wconf 91' lang='lat' dir='ltr'><strong>a</strong></span> <span class='ocrx_word' id='word_1_334' title='bbox 3091 1894 3210 1963; x_wconf 85' lang='lat' dir='ltr'><strong>lege</strong></span> <span class='ocrx_word' id='word_1_335' title='bbox 3236 1908 3494 1948; x_wconf 89' lang='lat' dir='ltr'><strong>concessa</strong></span> <span class='ocrx_word' id='word_1_336' title='bbox 3519 1902 3647 1947; x_wconf 86' lang='lat' dir='ltr'><strong>sunt</strong></span> <span class='ocrx_word' id='word_1_337' title='bbox 3668 1908 3790 1948; x_wconf 86' lang='lat' dir='ltr'><strong>non</strong></span> 
     </span>
    </p>
   </div>
   <div class='ocr_carea' id='block_1_48' title="bbox 2185 1984 3791 2053">
    <p class='ocr_par' dir='ltr' id='par_1_48' title="bbox 2185 1984 3791 2053">
     <span class='ocr_line' id='line_1_48' title="bbox 2185 1984 3791 2053; baseline -0.002 -10"><span class='ocrx_word' id='word_1_338' title='bbox 2185 1997 2430 2043; x_wconf 89' lang='lat' dir='ltr'><strong>utuntur.</strong></span> <span class='ocrx_word' id='word_1_339' title='bbox 2464 1987 2533 2042; x_wconf 87' lang='lat' dir='ltr'><strong>Et</strong></span> <span class='ocrx_word' id='word_1_340' title='bbox 2563 1986 2666 2041; x_wconf 89' lang='lat' dir='ltr'><strong>hac</strong></span> <span class='ocrx_word' id='word_1_341' title='bbox 2696 1988 2908 2042; x_wconf 90' lang='lat' dir='ltr'><strong>ratione</strong></span> <span class='ocrx_word' id='word_1_342' title='bbox 2952 2001 3074 2040; x_wconf 92' lang='lat' dir='ltr'><strong>cum</strong></span> <span class='ocrx_word' id='word_1_343' title='bbox 3105 1985 3174 2041; x_wconf 90' lang='lat' dir='ltr'><strong>de</strong></span> <span class='ocrx_word' id='word_1_344' title='bbox 3202 1985 3434 2039; x_wconf 85' lang='lat' dir='ltr'><strong>Mosaica</strong></span> <span class='ocrx_word' id='word_1_345' title='bbox 3479 1985 3594 2053; x_wconf 89' lang='lat' dir='ltr'><strong>lege</strong></span> <span class='ocrx_word' id='word_1_346' title='bbox 3624 1984 3791 2039; x_wconf 81' lang='lat' dir='ltr'><strong>dica-</strong></span> 
     </span>
    </p>
   </div>
   <div class='ocr_carea' id='block_1_49' title="bbox 2187 2075 3786 2148">
    <p class='ocr_par' dir='ltr' id='par_1_49' title="bbox 2187 2075 3786 2148">
     <span class='ocr_line' id='line_1_49' title="bbox 2187 2075 3786 2148; baseline -0.003 -14"><span class='ocrx_word' id='word_1_347' title='bbox 2187 2089 2312 2135; x_wconf 89' lang='lat' dir='ltr'><strong>tur:</strong></span> <span class='ocrx_word' id='word_1_348' title='bbox 2349 2089 2371 2118; x_wconf 80' lang='lat'><strong>°</strong></span> <span class='ocrx_word' id='word_1_349' title='bbox 2404 2077 2557 2133; x_wconf 84' lang='lat' dir='ltr'><strong>Nihil</strong></span> <span class='ocrx_word' id='word_1_350' title='bbox 2586 2079 2721 2132; x_wconf 89' lang='lat' dir='ltr'><strong>enim</strong></span> <span class='ocrx_word' id='word_1_351' title='bbox 2748 2078 2817 2130; x_wconf 92' lang='lat' dir='ltr'><strong>ad</strong></span> <span class='ocrx_word' id='word_1_352' title='bbox 2847 2081 3130 2148; x_wconf 76' lang='lat' dir='ltr'><strong>perfectum</strong></span> <span class='ocrx_word' id='word_1_353' title='bbox 3171 2077 3408 2145; x_wconf 82' lang='lat' dir='ltr'><strong>perduxit</strong></span> <span class='ocrx_word' id='word_1_354' title='bbox 3451 2076 3534 2130; x_wconf 81' lang='lat' dir='ltr'><strong>lex</strong></span> <span class='ocrx_word' id='word_1_355' title='bbox 3576 2075 3786 2148; x_wconf 86' lang='lat' dir='ltr'><strong>(Hebr.</strong></span> 
     </span>
    </p>
   </div>
   <div class='ocr_carea' id='block_1_50' title="bbox 2187 2168 3793 2244">
    <p class='ocr_par' dir='ltr' id='par_1_50' title="bbox 2187 2168 3793 2244">
     <span class='ocr_line' id='line_1_50' title="bbox 2187 2168 3793 2244; baseline -0.004 -17"><span class='ocrx_word' id='word_1_356' title='bbox 2187 2171 2310 2244; x_wconf 88' lang='lat' dir='ltr'><strong>vn),</strong></span> <span class='ocrx_word' id='word_1_357' title='bbox 2336 2171 2624 2226; x_wconf 89' lang='lat' dir='ltr'><strong>nonnullos</strong></span> <span class='ocrx_word' id='word_1_358' title='bbox 2650 2183 2959 2225; x_wconf 87' lang='lat' dir='ltr'><strong>sanctorum</strong></span> <span class='ocrx_word' id='word_1_359' title='bbox 2993 2169 3048 2223; x_wconf 92' lang='lat' dir='ltr'><strong>in</strong></span> <span class='ocrx_word' id='word_1_360' title='bbox 3079 2170 3246 2224; x_wconf 83' lang='lat' dir='ltr'><strong>veteri</strong></span> <span class='ocrx_word' id='word_1_361' title='bbox 3277 2168 3628 2223; x_wconf 88' lang='lat' dir='ltr'><strong>Testamento</strong></span> <span class='ocrx_word' id='word_1_362' title='bbox 3660 2183 3793 2236; x_wconf 86' lang='lat' dir='ltr'><strong>per-</strong></span> 
     </span>
    </p>
   </div>
   <div class='ocr_carea' id='block_1_51' title="bbox 2185 2262 3793 2336">
    <p class='ocr_par' dir='ltr' id='par_1_51' title="bbox 2185 2262 3793 2336">
     <span class='ocr_line' id='line_1_51' title="bbox 2185 2262 3793 2336; baseline -0.004 -14"><span class='ocrx_word' id='word_1_363' title='bbox 2185 2266 2361 2323; x_wconf 85' lang='lat' dir='ltr'><strong>fectos</strong></span> <span class='ocrx_word' id='word_1_364' title='bbox 2400 2267 2626 2336; x_wconf 88' lang='lat' dir='ltr'><strong>legimus</strong></span> <span class='ocrx_word' id='word_1_365' title='bbox 2655 2265 2956 2330; x_wconf 88' lang='lat' dir='ltr'><strong>exstitisse,</strong></span> <span class='ocrx_word' id='word_1_366' title='bbox 2990 2263 3113 2334; x_wconf 92' lang='lat' dir='ltr'><strong>quia</strong></span> <span class='ocrx_word' id='word_1_367' title='bbox 3147 2263 3601 2318; x_wconf 90' lang='lat' dir='ltr'><strong>transcendentes</strong></span> <span class='ocrx_word' id='word_1_368' title='bbox 3647 2262 3793 2332; x_wconf 84' lang='lat' dir='ltr'><strong>legis</strong></span> 
     </span>
    </p>
   </div>
   <div class='ocr_carea' id='block_1_52' title="bbox 2188 2358 3791 2434">
    <p class='ocr_par' dir='ltr' id='par_1_52' title="bbox 2188 2358 3791 2434">
     <span class='ocr_line' id='line_1_52' title="bbox 2188 2358 3791 2434; baseline -0.007 -14"><span class='ocrx_word' id='word_1_369' title='bbox 2188 2365 2473 2434; x_wconf 89' lang='lat' dir='ltr'><strong>imperium</strong></span> <span class='ocrx_word' id='word_1_370' title='bbox 2499 2362 2602 2417; x_wconf 89' lang='lat' dir='ltr'><strong>sub</strong></span> <span class='ocrx_word' id='word_1_371' title='bbox 2624 2361 2932 2431; x_wconf 82' lang='lat' dir='ltr'><strong>evangelica</strong></span> <span class='ocrx_word' id='word_1_372' title='bbox 2957 2358 3292 2429; x_wconf 90' lang='lat' dir='ltr'><strong>perfectione</strong></span> <span class='ocrx_word' id='word_1_373' title='bbox 3319 2359 3588 2420; x_wconf 86' lang='lat' dir='ltr'><strong>vixerunt,</strong></span> <span class='ocrx_word' id='word_1_374' title='bbox 3606 2358 3791 2410; x_wconf 81' lang='lat' dir='ltr'><strong>scien-</strong></span> 
     </span>
    </p>
   </div>
   <div class='ocr_carea' id='block_1_53' title="bbox 2186 2453 3795 2529">
    <p class='ocr_par' dir='ltr' id='par_1_53' title="bbox 2186 2453 3795 2529">
     <span class='ocr_line' id='line_1_53' title="bbox 2186 2453 3795 2529; baseline -0.004 -17"><span class='ocrx_word' id='word_1_375' title='bbox 2186 2468 2263 2513; x_wconf 90' lang='lat' dir='ltr'><strong>tes</strong></span> <span class='ocrx_word' id='word_1_376' title='bbox 2293 2459 2428 2528; x_wconf 89' lang='lat' dir='ltr'><strong>quod</strong></span> <span class='ocrx_word' id='word_1_377' title='bbox 2445 2457 2606 2529; x_wconf 79' lang='lat' dir='ltr'><strong>justis</strong></span> <span class='ocrx_word' id='word_1_378' title='bbox 2635 2472 2738 2509; x_wconf 91' lang='lat' dir='ltr'><strong>non</strong></span> <span class='ocrx_word' id='word_1_379' title='bbox 2787 2465 2860 2508; x_wconf 90' lang='lat' dir='ltr'><strong>est</strong></span> <span class='ocrx_word' id='word_1_380' title='bbox 2904 2455 2987 2508; x_wconf 87' lang='lat' dir='ltr'><strong>lex</strong></span> <span class='ocrx_word' id='word_1_381' title='bbox 3033 2454 3222 2523; x_wconf 86' lang='lat' dir='ltr'><strong>posita,</strong></span> <span class='ocrx_word' id='word_1_382' title='bbox 3251 2453 3341 2508; x_wconf 80' lang='lat' dir='ltr'><strong>sed</strong></span> <span class='ocrx_word' id='word_1_383' title='bbox 3366 2453 3572 2524; x_wconf 88' lang='lat' dir='ltr'><strong>injustis</strong></span> <span class='ocrx_word' id='word_1_384' title='bbox 3599 2461 3646 2505; x_wconf 89' lang='lat' dir='ltr'><strong>et</strong></span> <span class='ocrx_word' id='word_1_385' title='bbox 3675 2466 3795 2505; x_wconf 85' lang='lat' dir='ltr'><strong>non</strong></span> 
     </span>
    </p>
   </div>
   <div class='ocr_carea' id='block_1_54' title="bbox 2187 2543 3792 2618">
    <p class='ocr_par' dir='ltr' id='par_1_54' title="bbox 2187 2543 3792 2618">
     <span class='ocr_line' id='line_1_54' title="bbox 2187 2543 3792 2618; baseline -0.006 -13"><span class='ocrx_word' id='word_1_386' title='bbox 2187 2551 2424 2616; x_wconf 87' lang='lat' dir='ltr'><strong>subditis,</strong></span> <span class='ocrx_word' id='word_1_387' title='bbox 2454 2549 2628 2618; x_wconf 83' lang='lat' dir='ltr'><strong>impiis</strong></span> <span class='ocrx_word' id='word_1_388' title='bbox 2654 2558 2704 2602; x_wconf 92' lang='lat' dir='ltr'><strong>et</strong></span> <span class='ocrx_word' id='word_1_389' title='bbox 2733 2545 3110 2618; x_wconf 84' lang='lat' dir='ltr'><strong>peccatoribus,</strong></span> <span class='ocrx_word' id='word_1_390' title='bbox 3140 2544 3404 2600; x_wconf 84' lang='lat' dir='ltr'><strong>sceleratis</strong></span> <span class='ocrx_word' id='word_1_391' title='bbox 3447 2554 3495 2598; x_wconf 89' lang='lat' dir='ltr'><strong>et</strong></span> <span class='ocrx_word' id='word_1_392' title='bbox 3526 2543 3792 2597; x_wconf 86' lang='lat' dir='ltr'><strong>contami-</strong></span> 
     </span>
    </p>
   </div>
   <div class='ocr_carea' id='block_1_55' title="bbox 2188 2641 2672 2711">
    <p class='ocr_par' dir='ltr' id='par_1_55' title="bbox 2188 2641 2672 2711">
     <span class='ocr_line' id='line_1_55' title="bbox 2188 2641 2672 2711; baseline -0.01 -12"><span class='ocrx_word' id='word_1_393' title='bbox 2188 2646 2324 2700; x_wconf 81' lang='lat' dir='ltr'><strong>natis</strong></span> <span class='ocrx_word' id='word_1_394' title='bbox 2351 2645 2408 2698; x_wconf 85' lang='lat' dir='ltr'><strong>ll</strong></span> <span class='ocrx_word' id='word_1_395' title='bbox 2438 2642 2571 2698; x_wconf 81' lang='lat' dir='ltr'><strong>Tim.</strong></span> <span class='ocrx_word' id='word_1_396' title='bbox 2601 2641 2672 2711; x_wconf 86' lang='grc' dir='ltr'><strong>ι).</strong></span> 
     </span>
    </p>
   </div>
   <div class='ocr_carea' id='block_1_56' title="bbox 2772 2729 3207 2787">
    <p class='ocr_par' dir='ltr' id='par_1_56' title="bbox 2772 2729 3207 2787">
     <span class='ocr_line' id='line_1_56' title="bbox 2772 2729 3207 2787; baseline -0.011 1"><span class='ocrx_word' id='word_1_397' title='bbox 2772 2730 2998 2787; x_wconf 82' lang='lat' dir='ltr'><strong>CAPUT</strong></span> <span class='ocrx_word' id='word_1_398' title='bbox 3036 2729 3207 2785; x_wconf 79' lang='lat' dir='ltr'><strong>XXX,</strong></span> 
     </span>
    </p>
   </div>
   <div class='ocr_carea' id='block_1_57' title="bbox 2495 2865 3490 2936">
    <p class='ocr_par' dir='ltr' id='par_1_57' title="bbox 2495 2865 3490 2936">
     <span class='ocr_line' id='line_1_57' title="bbox 2495 2865 3490 2936; baseline -0.003 -11"><span class='ocrx_word' id='word_1_399' title='bbox 2495 2868 2570 2924; x_wconf 91' lang='lat' dir='ltr'><strong>De</strong></span> <span class='ocrx_word' id='word_1_400' title='bbox 2599 2885 2760 2925; x_wconf 88' lang='lat' dir='ltr'><strong>causa</strong></span> <span class='ocrx_word' id='word_1_401' title='bbox 2789 2877 2835 2923; x_wconf 88' lang='lat' dir='ltr'><strong>et</strong></span> <span class='ocrx_word' id='word_1_402' title='bbox 2861 2868 3010 2922; x_wconf 89' lang='lat' dir='ltr'><strong>initio</strong></span> <span class='ocrx_word' id='word_1_403' title='bbox 3053 2865 3490 2936; x_wconf 70' lang='lat' dir='ltr'><strong>Quadragesimw.</strong></span> 
     </span>
    </p>
   </div>
   <div class='ocr_carea' id='block_1_58' title="bbox 2260 2998 3792 3070">
    <p class='ocr_par' dir='ltr' id='par_1_58' title="bbox 2260 2998 3792 3070">
     <span class='ocr_line' id='line_1_58' title="bbox 2260 2998 3792 3070; baseline -0.005 -8"><span class='ocrx_word' id='word_1_404' title='bbox 2260 3003 2288 3043; x_wconf 70' lang='grc' dir='ltr'><em>δ</em></span> <span class='ocrx_word' id='word_1_405' title='bbox 2328 3003 2618 3062; x_wconf 90' lang='lat' dir='ltr'><strong>Sciendum</strong></span> <span class='ocrx_word' id='word_1_406' title='bbox 2651 3017 2782 3059; x_wconf 84' lang='lat' dir='ltr'><strong>sane</strong></span> <span class='ocrx_word' id='word_1_407' title='bbox 2811 3003 2950 3057; x_wconf 92' lang='lat' dir='ltr'><strong>hanc</strong></span> <span class='ocrx_word' id='word_1_408' title='bbox 2986 3000 3384 3057; x_wconf 90' lang='lat' dir='ltr'><strong>observantiam</strong></span> <span class='ocrx_word' id='word_1_409' title='bbox 3421 2998 3792 3070; x_wconf 83' lang='lat' dir='ltr'><strong>Quadragesi-</strong></span> 
     </span>
    </p>
   </div>
   <div class='ocr_carea' id='block_1_59' title="bbox 1586 3133 2720 3194">
    <p class='ocr_par' dir='ltr' id='par_1_59' title="bbox 1586 3133 2720 3194">
     <span class='ocr_line' id='line_1_59' title="bbox 1586 3133 2720 3194; baseline 0 -4"><span class='ocrx_word' id='word_1_410' title='bbox 1586 3133 1847 3191; x_wconf 80' lang='lat' dir='ltr'><strong>ALARDI</strong></span> <span class='ocrx_word' id='word_1_411' title='bbox 1883 3133 2117 3193; x_wconf 60' lang='lat' dir='ltr'><strong>GAZIEI</strong></span> <span class='ocrx_word' id='word_1_412' title='bbox 2155 3136 2720 3194; x_wconf 76' lang='lat' dir='ltr'><strong>COMMENTARIUS.</strong></span> 
     </span>
    </p>
   </div>
   <div class='ocr_carea' id='block_1_60' title="bbox 567 3243 2158 3317">
    <p class='ocr_par' dir='ltr' id='par_1_60' title="bbox 567 3243 2158 3317">
     <span class='ocr_line' id='line_1_60' title="bbox 567 3243 2158 3317; baseline 0.002 -17"><span class='ocrx_word' id='word_1_413' title='bbox 567 3253 594 3282; x_wconf 61' lang='lat' dir='ltr'><strong>ﬂ</strong></span> <span class='ocrx_word' id='word_1_414' title='bbox 623 3243 886 3300; x_wconf 85' lang='lat' dir='ltr'><strong>Sufficere</strong></span> <span class='ocrx_word' id='word_1_415' title='bbox 915 3244 1048 3300; x_wconf 89' lang='lat' dir='ltr'><strong>mihi</strong></span> <span class='ocrx_word' id='word_1_416' title='bbox 1071 3246 1354 3302; x_wconf 89' lang='lat' dir='ltr'><strong>videbatur</strong></span> <span class='ocrx_word' id='word_1_417' title='bbox 1375 3247 1464 3302; x_wconf 92' lang='lat' dir='ltr'><strong>hic</strong></span> <span class='ocrx_word' id='word_1_418' title='bbox 1489 3249 1766 3304; x_wconf 87' lang='lat' dir='ltr'><strong>monuisse</strong></span> <span class='ocrx_word' id='word_1_419' title='bbox 1799 3248 2078 3317; x_wconf 88' lang='lat' dir='ltr'><strong>lectorem,</strong></span> <span class='ocrx_word' id='word_1_420' title='bbox 2113 3249 2158 3313; x_wconf 92' lang='lat' dir='ltr'>C</span> 
     </span>
    </p>
   </div>
   <div class='ocr_carea' id='block_1_61' title="bbox 491 3317 2084 3391">
    <p class='ocr_par' dir='ltr' id='par_1_61' title="bbox 491 3317 2084 3391">
     <span class='ocr_line' id='line_1_61' title="bbox 491 3317 2084 3391; baseline 0.004 -25"><span class='ocrx_word' id='word_1_421' title='bbox 491 3324 553 3391; x_wconf 60' lang='lat' dir='ltr'><strong>sit</strong></span> <span class='ocrx_word' id='word_1_422' title='bbox 581 3317 958 3391; x_wconf 76' lang='lat' dir='ltr'><strong>annotationes</strong></span> <span class='ocrx_word' id='word_1_423' title='bbox 985 3325 1045 3391; x_wconf 89' lang='lat' dir='ltr'><strong>et_</strong></span> <span class='ocrx_word' id='word_1_424' title='bbox 1066 3332 1331 3372; x_wconf 89' lang='lat' dir='ltr'><strong>censuras</strong></span> <span class='ocrx_word' id='word_1_425' title='bbox 1370 3318 1519 3375; x_wconf 91' lang='lat' dir='ltr'><strong>dom.</strong></span> <span class='ocrx_word' id='word_1_426' title='bbox 1552 3319 1800 3391; x_wconf 83' lang='lat' dir='ltr'><strong>Cuychii,</strong></span> <span class='ocrx_word' id='word_1_427' title='bbox 1835 3336 1940 3376; x_wconf 93' lang='lat' dir='ltr'><strong>nec</strong></span> <span class='ocrx_word' id='word_1_428' title='bbox 1976 3337 2084 3374; x_wconf 90' lang='lat' dir='ltr'><strong>non</strong></span> 
     </span>
    </p>
   </div>
   <div class='ocr_carea' id='block_1_62' title="bbox 491 3386 2084 3462">
    <p class='ocr_par' dir='ltr' id='par_1_62' title="bbox 491 3386 2084 3462">
     <span class='ocr_line' id='line_1_62' title="bbox 491 3386 2084 3462; baseline 0.004 -22"><span class='ocrx_word' id='word_1_429' title='bbox 491 3386 737 3462; x_wconf 82' lang='lat' dir='ltr'><strong>Ciaconii</strong></span> <span class='ocrx_word' id='word_1_430' title='bbox 768 3387 994 3462; x_wconf 4' lang='lat' dir='ltr'><strong>inq_hu_nc</strong></span> <span class='ocrx_word' id='word_1_431' title='bbox 1034 3388 1208 3443; x_wconf 91' lang='lat' dir='ltr'><strong>locum</strong></span> <span class='ocrx_word' id='word_1_432' title='bbox 1257 3391 1544 3460; x_wconf 83' lang='lat' dir='ltr'><strong>diligenter</strong></span> <span class='ocrx_word' id='word_1_433' title='bbox 1576 3386 1877 3462; x_wconf 77' lang='lat' dir='ltr'><strong>perlegeret</strong></span> <span class='ocrx_word' id='word_1_434' title='bbox 1904 3401 1959 3446; x_wconf 90' lang='lat' dir='ltr'><strong>et</strong></span> <span class='ocrx_word' id='word_1_435' title='bbox 1987 3408 2084 3447; x_wconf 85' lang='lat' dir='ltr'><strong>ex-</strong></span> 
     </span>
    </p>
   </div>
   <div class='ocr_carea' id='block_1_63' title="bbox 491 3457 2080 3529">
    <p class='ocr_par' dir='ltr' id='par_1_63' title="bbox 491 3457 2080 3529">
     <span class='ocr_line' id='line_1_63' title="bbox 491 3457 2080 3529; baseline 0.004 -18"><span class='ocrx_word' id='word_1_436' title='bbox 491 3457 776 3529; x_wconf 81' lang='lat' dir='ltr'><strong>penderet.</strong></span> <span class='ocrx_word' id='word_1_437' title='bbox 827 3459 933 3513; x_wconf 86' lang='lat' dir='ltr'><strong>Sed</strong></span> <span class='ocrx_word' id='word_1_438' title='bbox 973 3472 1276 3529; x_wconf 82' lang='lat' dir='ltr'><strong>opportune</strong></span> <span class='ocrx_word' id='word_1_439' title='bbox 1329 3457 1879 3518; x_wconf 50' lang='lat' dir='ltr'><strong>oecurrit&#39;sentEntia</strong></span> <span class='ocrx_word' id='word_1_440' title='bbox 1929 3463 2080 3517; x_wconf 87' lang='lat' dir='ltr'><strong>card.</strong></span> 
     </span>
    </p>
   </div>
   <div class='ocr_carea' id='block_1_64' title="bbox 491 3528 2085 3600">
    <p class='ocr_par' dir='ltr' id='par_1_64' title="bbox 491 3528 2085 3600">
     <span class='ocr_line' id='line_1_64' title="bbox 491 3528 2085 3600; baseline 0.004 -18"><span class='ocrx_word' id='word_1_441' title='bbox 491 3528 809 3600; x_wconf 78' lang='lat' dir='ltr'><strong>Bellarmini</strong></span> <span class='ocrx_word' id='word_1_442' title='bbox 852 3529 920 3585; x_wconf 91' lang='lat' dir='ltr'><strong>de</strong></span> <span class='ocrx_word' id='word_1_443' title='bbox 950 3528 1058 3585; x_wconf 76' lang='lat' dir='ltr'><strong>hoc</strong></span> <span class='ocrx_word' id='word_1_444' title='bbox 1096 3533 1280 3585; x_wconf 90' lang='lat' dir='ltr'><strong>itidem</strong></span> <span class='ocrx_word' id='word_1_445' title='bbox 1319 3532 1463 3596; x_wconf 90' lang='lat' dir='ltr'><strong>loco,</strong></span> <span class='ocrx_word' id='word_1_446' title='bbox 1493 3549 1594 3600; x_wconf 91' lang='lat' dir='ltr'><strong>qua</strong></span> <span class='ocrx_word' id='word_1_447' title='bbox 1638 3535 1954 3589; x_wconf 87' lang='lat' dir='ltr'><strong>Cassianum</strong></span> <span class='ocrx_word' id='word_1_448' title='bbox 1988 3549 2085 3588; x_wconf 91' lang='lat' dir='ltr'><strong>seu</strong></span> 
     </span>
    </p>
   </div>
   <div class='ocr_carea' id='block_1_65' title="bbox 536 3599 2086 3670">
    <p class='ocr_par' dir='ltr' id='par_1_65' title="bbox 536 3599 2086 3670">
     <span class='ocr_line' id='line_1_65' title="bbox 536 3599 2086 3670; baseline 0.006 -20"><span class='ocrx_word' id='word_1_449' title='bbox 536 3600 676 3654; x_wconf 87' lang='lat' dir='ltr'><strong>otius</strong></span> <span class='ocrx_word' id='word_1_450' title='bbox 728 3599 1008 3654; x_wconf 87' lang='lat' dir='ltr'><strong>Theonam</strong></span> <span class='ocrx_word' id='word_1_451' title='bbox 1051 3602 1302 3658; x_wconf 85' lang='lat' dir='ltr'><strong>abbatem</strong></span> <span class='ocrx_word' id='word_1_452' title='bbox 1355 3619 1461 3657; x_wconf 90' lang='lat' dir='ltr'><strong>non</strong></span> <span class='ocrx_word' id='word_1_453' title='bbox 1511 3599 1676 3658; x_wconf 87' lang='lat' dir='ltr'><strong>modo</strong></span> <span class='ocrx_word' id='word_1_454' title='bbox 1707 3615 1958 3670; x_wconf 88' lang='lat' dir='ltr'><strong>excusat,</strong></span> <span class='ocrx_word' id='word_1_455' title='bbox 1989 3605 2086 3661; x_wconf 89' lang='lat' dir='ltr'><strong>sed</strong></span> 
     </span>
    </p>
   </div>
   <div class='ocr_carea' id='block_1_66' title="bbox 518 3669 2083 3746">
    <p class='ocr_par' dir='ltr' id='par_1_66' title="bbox 518 3669 2083 3746">
     <span class='ocr_line' id='line_1_66' title="bbox 518 3669 2083 3746; baseline 0.004 -22"><span class='ocrx_word' id='word_1_456' title='bbox 518 3669 814 3746; x_wconf 77' lang='lat' dir='ltr'><strong>ongissime</strong></span> <span class='ocrx_word' id='word_1_457' title='bbox 862 3673 1099 3746; x_wconf 82' lang='lat' dir='ltr'><strong>abfuisse</strong></span> <span class='ocrx_word' id='word_1_458' title='bbox 1141 3674 1330 3746; x_wconf 64' lang='lat' dir='ltr'><strong>a&lt;_serit</strong></span> <span class='ocrx_word' id='word_1_459' title='bbox 1363 3674 1432 3728; x_wconf 91' lang='lat' dir='ltr'><strong>ab</strong></span> <span class='ocrx_word' id='word_1_460' title='bbox 1462 3689 1648 3731; x_wconf 90' lang='lat' dir='ltr'><strong>errore</strong></span> <span class='ocrx_word' id='word_1_461' title='bbox 1693 3669 2083 3746; x_wconf 86' lang='lat' dir='ltr'><strong>Begardorum,</strong></span> 
     </span>
    </p>
   </div>
   <div class='ocr_carea' id='block_1_67' title="bbox 492 3740 2088 3816">
    <p class='ocr_par' dir='ltr' id='par_1_67' title="bbox 492 3740 2088 3816">
     <span class='ocr_line' id='line_1_67' title="bbox 492 3740 2088 3816; baseline 0.004 -22"><span class='ocrx_word' id='word_1_462' title='bbox 492 3742 586 3816; x_wconf 81' lang='lat' dir='ltr'><strong>qui</strong></span> <span class='ocrx_word' id='word_1_463' title='bbox 615 3740 888 3796; x_wconf 86' lang='lat' dir='ltr'><strong>docebant</strong></span> <span class='ocrx_word' id='word_1_464' title='bbox 915 3745 1058 3796; x_wconf 90' lang='lat' dir='ltr'><strong>viros</strong></span> <span class='ocrx_word' id='word_1_465' title='bbox 1085 3744 1358 3811; x_wconf 87' lang='lat' dir='ltr'><strong>perfectos</strong></span> <span class='ocrx_word' id='word_1_466' title='bbox 1374 3761 1485 3816; x_wconf 88' lang='lat' dir='ltr'><strong>non</strong></span> <span class='ocrx_word' id='word_1_467' title='bbox 1517 3749 1689 3800; x_wconf 90' lang='lat' dir='ltr'><strong>teneri</strong></span> <span class='ocrx_word' id='word_1_468' title='bbox 1722 3740 1928 3816; x_wconf 65' lang='lat' dir='ltr'><strong>legibus</strong></span> <span class='ocrx_word' id='word_1_469' title='bbox 1947 3740 2088 3816; x_wconf 57' lang='lat' dir='ltr'><strong>jeju;</strong></span> 
     </span>
    </p>
   </div>
   <div class='ocr_carea' id='block_1_68' title="bbox 490 3812 2086 3886">
    <p class='ocr_par' dir='ltr' id='par_1_68' title="bbox 490 3812 2086 3886">
     <span class='ocr_line' id='line_1_68' title="bbox 490 3812 2086 3886; baseline 0.004 -19"><span class='ocrx_word' id='word_1_470' title='bbox 490 3812 746 3886; x_wconf 84' lang='lat' dir='ltr'><strong>nierum;</strong></span> <span class='ocrx_word' id='word_1_471' title='bbox 797 3830 956 3883; x_wconf 82' lang='lat' dir='ltr'><strong>quam</strong></span> <span class='ocrx_word' id='word_1_472' title='bbox 998 3818 1321 3869; x_wconf 89' lang='lat' dir='ltr'><strong>sententiam</strong></span> <span class='ocrx_word' id='word_1_473' title='bbox 1368 3815 1678 3871; x_wconf 88' lang='lat' dir='ltr'><strong>Bellarmini</strong></span> <span class='ocrx_word' id='word_1_474' title='bbox 1726 3812 1825 3886; x_wconf 67' lang='lat' dir='ltr'><strong>pro</strong></span> <span class='ocrx_word' id='word_1_475' title='bbox 1866 3812 2086 3886; x_wconf 71' lang='lat' dir='ltr'><strong>lectoris</strong></span> 
     </span>
    </p>
   </div>
   <div class='ocr_carea' id='block_1_69' title="bbox 494 3885 2084 3944">
    <p class='ocr_par' dir='ltr' id='par_1_69' title="bbox 494 3885 2084 3944">
     <span class='ocr_line' id='line_1_69' title="bbox 494 3885 2084 3944; baseline 0.004 -7"><span class='ocrx_word' id='word_1_476' title='bbox 494 3885 884 3938; x_wconf 84' lang='lat' dir='ltr'><strong>commoditate</strong></span> <span class='ocrx_word' id='word_1_477' title='bbox 912 3893 966 3939; x_wconf 90' lang='lat' dir='ltr'><strong>et</strong></span> <span class='ocrx_word' id='word_1_478' title='bbox 992 3886 1362 3940; x_wconf 73' lang='lat' dir='ltr'><strong>satisfactione</strong></span> <span class='ocrx_word' id='word_1_479' title='bbox 1404 3886 1493 3942; x_wconf 94' lang='lat' dir='ltr'><strong>bic</strong></span> <span class='ocrx_word' id='word_1_480' title='bbox 1532 3885 1904 3944; x_wconf 78' lang='lat' dir='ltr'><strong>aseribéndam</strong></span> <span class='ocrx_word' id='word_1_481' title='bbox 1926 3885 2084 3944; x_wconf 88' lang='lat' dir='ltr'><strong>duxi.</strong></span> 
     </span>
    </p>
   </div>
   <div class='ocr_carea' id='block_1_70' title="bbox 493 3953 2083 4031">
    <p class='ocr_par' dir='ltr' id='par_1_70' title="bbox 493 3953 2083 4031">
     <span class='ocr_line' id='line_1_70' title="bbox 493 3953 2083 4031; baseline 0.004 -24"><span class='ocrx_word' id='word_1_482' title='bbox 493 3953 586 4031; x_wconf 70' lang='lat' dir='ltr'><strong>§ic</strong></span> <span class='ocrx_word' id='word_1_483' title='bbox 610 3955 773 4031; x_wconf 78' lang='lat' dir='ltr'><strong>igitur</strong></span> <span class='ocrx_word' id='word_1_484' title='bbox 796 3955 1151 4031; x_wconf 55' lang='lat' dir='ltr'><strong>Bellarniinus</strong></span> <span class='ocrx_word' id='word_1_485' title='bbox 1174 3957 1314 4024; x_wconf 85' lang='lat' dir='ltr'><strong>(Lib.</strong></span> <span class='ocrx_word' id='word_1_486' title='bbox 1340 3973 1384 4031; x_wconf 81' lang='lat' dir='ltr'><strong>tt</strong></span> <span class='ocrx_word' id='word_1_487' title='bbox 1398 3958 1462 4010; x_wconf 92' lang='lat' dir='ltr'><strong>de</strong></span> <span class='ocrx_word' id='word_1_488' title='bbox 1487 3957 1620 4012; x_wconf 85' lang='lat' dir='ltr'><strong>Bon.</strong></span> <span class='ocrx_word' id='word_1_489' title='bbox 1647 3959 1802 4030; x_wconf 86' lang='lat' dir='ltr'><strong>Oper.</strong></span> <span class='ocrx_word' id='word_1_490' title='bbox 1828 3977 1942 4031; x_wconf 87' lang='lat' dir='ltr'><strong>cap.</strong></span> <span class='ocrx_word' id='word_1_491' title='bbox 1965 3959 2083 4031; x_wconf 77' lang='lat'><strong>10):</strong></span> 
     </span>
    </p>
   </div>
   <div class='ocr_carea' id='block_1_71' title="bbox 498 4025 2089 4101">
    <p class='ocr_par' dir='ltr' id='par_1_71' title="bbox 498 4025 2089 4101">
     <span class='ocr_line' id='line_1_71' title="bbox 498 4025 2089 4101; baseline 0.006 -25"><span class='ocrx_word' id='word_1_492' title='bbox 498 4025 654 4101; x_wconf 75' lang='lat' dir='ltr'><strong>Quod</strong></span> <span class='ocrx_word' id='word_1_493' title='bbox 678 4026 857 4101; x_wconf 82' lang='lat' dir='ltr'><strong>attinet</strong></span> <span class='ocrx_word' id='word_1_494' title='bbox 901 4025 969 4078; x_wconf 91' lang='lat' dir='ltr'><strong>ad</strong></span> <span class='ocrx_word' id='word_1_495' title='bbox 1001 4026 1332 4101; x_wconf 57' lang='lat' dir='ltr'><strong>Cassignum,</strong></span> <span class='ocrx_word' id='word_1_496' title='bbox 1366 4028 1664 4101; x_wconf 85' lang='lat' dir='ltr'><strong>longissime</strong></span> <span class='ocrx_word' id='word_1_497' title='bbox 1693 4025 1858 4100; x_wconf 76' lang='lat' dir='ltr'><strong>abfuit</strong></span> <span class='ocrx_word' id='word_1_498' title='bbox 1890 4025 2009 4100; x_wconf 69' lang='lat' dir='ltr'><strong>ipse</strong></span> <span class='ocrx_word' id='word_1_499' title='bbox 2031 4025 2089 4086; x_wconf 72' lang='grc' dir='ltr'><strong>ἀ</strong></span> 
     </span>
    </p>
   </div>
   <div class='ocr_carea' id='block_1_72' title="bbox 493 4093 2089 4172">
    <p class='ocr_par' dir='ltr' id='par_1_72' title="bbox 493 4093 2089 4172">
     <span class='ocr_line' id='line_1_72' title="bbox 493 4093 2089 4172; baseline 0.006 -26"><span class='ocrx_word' id='word_1_500' title='bbox 493 4093 853 4172; x_wconf 58' lang='grc' dir='ltr'><strong>βερανᾴοηιηι</strong></span> <span class='ocrx_word' id='word_1_501' title='bbox 899 4112 1106 4172; x_wconf 48' lang='lat' dir='ltr'><strong>errore;</strong></span> <span class='ocrx_word' id='word_1_502' title='bbox 1145 4097 1270 4172; x_wconf 73' lang='lat' dir='ltr'><strong>Tria</strong></span> <span class='ocrx_word' id='word_1_503' title='bbox 1305 4093 1480 4172; x_wconf 69' lang='lat' dir='ltr'><strong>auteni</strong></span> <span class='ocrx_word' id='word_1_504' title='bbox 1519 4113 1637 4154; x_wconf 77' lang='lat' dir='ltr'><strong>sunt</strong></span> <span class='ocrx_word' id='word_1_505' title='bbox 1663 4093 1930 4172; x_wconf 52' lang='lat' dir='ltr'><strong>praicipua&#39;</strong></span> <span class='ocrx_word' id='word_1_506' title='bbox 1973 4119 2089 4172; x_wconf 76' lang='lat' dir='ltr'><strong>qua:</strong></span> 
     </span>
    </p>
   </div>
   <div class='ocr_carea' id='block_1_73' title="bbox 497 4166 2088 4242">
    <p class='ocr_par' dir='ltr' id='par_1_73' title="bbox 497 4166 2088 4242">
     <span class='ocr_line' id='line_1_73' title="bbox 497 4166 2088 4242; baseline 0.004 -23"><span class='ocrx_word' id='word_1_507' title='bbox 497 4166 649 4242; x_wconf 82' lang='lat' dir='ltr'><strong>docet</strong></span> <span class='ocrx_word' id='word_1_508' title='bbox 677 4167 730 4218; x_wconf 90' lang='lat' dir='ltr'><strong>in</strong></span> <span class='ocrx_word' id='word_1_509' title='bbox 761 4183 819 4220; x_wconf 93' lang='lat' dir='ltr'><strong>eo</strong></span> <span class='ocrx_word' id='word_1_510' title='bbox 846 4171 1030 4238; x_wconf 87' lang='lat' dir='ltr'><strong>capite.</strong></span> <span class='ocrx_word' id='word_1_511' title='bbox 1067 4167 1306 4223; x_wconf 87' lang='lat' dir='ltr'><strong>Primum</strong></span> <span class='ocrx_word' id='word_1_512' title='bbox 1334 4171 1555 4240; x_wconf 74' lang='lat' dir='ltr'><strong>aﬂirmat</strong></span> <span class='ocrx_word' id='word_1_513' title='bbox 1583 4166 2007 4242; x_wconf 51' lang='lat' dir='ltr'><strong>homines&#39;justo&#39;s</strong></span> <span class='ocrx_word' id='word_1_514' title='bbox 2029 4190 2088 4226; x_wconf 91' lang='lat' dir='ltr'><strong>ac</strong></span> 
     </span>
    </p>
   </div>
   <div class='ocr_carea' id='block_1_74' title="bbox 496 4240 2088 4312">
    <p class='ocr_par' dir='ltr' id='par_1_74' title="bbox 496 4240 2088 4312">
     <span class='ocr_line' id='line_1_74' title="bbox 496 4240 2088 4312; baseline 0.005 -22"><span class='ocrx_word' id='word_1_515' title='bbox 496 4240 757 4312; x_wconf 66' lang='lat' dir='ltr'><strong>perfectos</strong></span> <span class='ocrx_word' id='word_1_516' title='bbox 783 4255 883 4312; x_wconf 86' lang='lat' dir='ltr'><strong>non</strong></span> <span class='ocrx_word' id='word_1_517' title='bbox 915 4242 1181 4312; x_wconf 84' lang='lat' dir='ltr'><strong>subjacere</strong></span> <span class='ocrx_word' id='word_1_518' title='bbox 1208 4243 1306 4311; x_wconf 84' lang='lat' dir='ltr'><strong>legi</strong></span> <span class='ocrx_word' id='word_1_519' title='bbox 1335 4244 1557 4311; x_wconf 83' lang='lat' dir='ltr'><strong>cogenti,</strong></span> <span class='ocrx_word' id='word_1_520' title='bbox 1590 4259 1705 4295; x_wconf 87' lang='lat' dir='ltr'><strong>cum</strong></span> <span class='ocrx_word' id='word_1_521' title='bbox 1736 4240 1842 4312; x_wconf 83' lang='lat' dir='ltr'><strong>ipsi</strong></span> <span class='ocrx_word' id='word_1_522' title='bbox 1866 4261 1967 4296; x_wconf 88' lang='lat' dir='ltr'><strong>non</strong></span> <span class='ocrx_word' id='word_1_523' title='bbox 1997 4260 2088 4308; x_wconf 84' lang='lat' dir='ltr'><strong>per</strong></span> 
     </span>
    </p>
   </div>
   <div class='ocr_carea' id='block_1_75' title="bbox 499 4307 2089 4384">
    <p class='ocr_par' dir='ltr' id='par_1_75' title="bbox 499 4307 2089 4384">
     <span class='ocr_line' id='line_1_75' title="bbox 499 4307 2089 4384; baseline 0.006 -25"><span class='ocrx_word' id='word_1_524' title='bbox 499 4307 968 4384; x_wconf 82' lang='lat' dir='ltr'><strong>Quadragesimam</strong></span> <span class='ocrx_word' id='word_1_525' title='bbox 1000 4307 1202 4377; x_wconf 70' lang='lat' dir='ltr'><strong>solum,</strong></span> <span class='ocrx_word' id='word_1_526' title='bbox 1251 4307 1342 4366; x_wconf 58' lang='lat' dir='ltr'><strong>Sed</strong></span> <span class='ocrx_word' id='word_1_527' title='bbox 1387 4307 1539 4384; x_wconf 72' lang='lat' dir='ltr'><strong>etiam</strong></span> <span class='ocrx_word' id='word_1_528' title='bbox 1569 4331 1659 4384; x_wconf 89' lang='lat' dir='ltr'><strong>per</strong></span> <span class='ocrx_word' id='word_1_529' title='bbox 1687 4307 1847 4368; x_wconf 76' lang='lat' dir='ltr'><strong>totum</strong></span> <span class='ocrx_word' id='word_1_530' title='bbox 1892 4307 2089 4368; x_wconf 86' lang='lat' dir='ltr'><strong>annum</strong></span> 
     </span>
    </p>
   </div>
   <div class='ocr_carea' id='block_1_76' title="bbox 499 4381 2089 4456">
    <p class='ocr_par' dir='ltr' id='par_1_76' title="bbox 499 4381 2089 4456">
     <span class='ocr_line' id='line_1_76' title="bbox 499 4381 2089 4456; baseline 0.005 -25"><span class='ocrx_word' id='word_1_531' title='bbox 499 4388 682 4456; x_wconf 75' lang='lat' dir='ltr'><strong>sponte</strong></span> <span class='ocrx_word' id='word_1_532' title='bbox 723 4381 1062 4456; x_wconf 82' lang='lat' dir='ltr'><strong>alacriterque</strong></span> <span class='ocrx_word' id='word_1_533' title='bbox 1102 4384 1356 4450; x_wconf 79' lang='lat' dir='ltr'><strong>ieiunent.</strong></span> <span class='ocrx_word' id='word_1_534' title='bbox 1396 4381 1597 4456; x_wconf 82' lang='lat' dir='ltr'><strong>Deinde</strong></span> <span class='ocrx_word' id='word_1_535' title='bbox 1637 4385 1781 4438; x_wconf 85' lang='lat' dir='ltr'><strong>addit</strong></span> <span class='ocrx_word' id='word_1_536' title='bbox 1829 4386 2089 4456; x_wconf 84' lang='lat' dir='ltr'><strong>ejusmodi</strong></span> 
     </span>
    </p>
   </div>
   <div class='ocr_carea' id='block_1_77' title="bbox 500 4452 2090 4528">
    <p class='ocr_par' dir='ltr' id='par_1_77' title="bbox 500 4452 2090 4528">
     <span class='ocr_line' id='line_1_77' title="bbox 500 4452 2090 4528; baseline 0.007 -28"><span class='ocrx_word' id='word_1_537' title='bbox 500 4452 756 4528; x_wconf 75' lang='lat' dir='ltr'><strong>perfectos</strong></span> <span class='ocrx_word' id='word_1_538' title='bbox 786 4453 1012 4528; x_wconf 80' lang='lat' dir='ltr'><strong>vir_os,_si</strong></span> <span class='ocrx_word' id='word_1_539' title='bbox 1047 4470 1205 4507; x_wconf 80' lang='lat' dir='ltr'><strong>causa</strong></span> <span class='ocrx_word' id='word_1_540' title='bbox 1236 4455 1384 4528; x_wconf 82' lang='lat' dir='ltr'><strong>adsit</strong></span> <span class='ocrx_word' id='word_1_541' title='bbox 1418 4454 1689 4509; x_wconf 77' lang='lat' dir='ltr'><strong>relaxandi</strong></span> <span class='ocrx_word' id='word_1_542' title='bbox 1717 4452 1983 4528; x_wconf 81' lang='lat' dir='ltr'><strong>jejunium</strong></span> <span class='ocrx_word' id='word_1_543' title='bbox 2009 4458 2090 4511; x_wconf 87' lang='lat' dir='ltr'><strong>in-</strong></span> 
     </span>
    </p>
   </div>
   <div class='ocr_carea' id='block_1_78' title="bbox 501 4519 2089 4598">
    <p class='ocr_par' dir='ltr' id='par_1_78' title="bbox 501 4519 2089 4598">
     <span class='ocr_line' id='line_1_78' title="bbox 501 4519 2089 4598; baseline 0.007 -26"><span class='ocrx_word' id='word_1_544' title='bbox 501 4519 731 4586; x_wconf 80' lang='lat' dir='ltr'><strong>dictum,</strong></span> <span class='ocrx_word' id='word_1_545' title='bbox 763 4523 919 4598; x_wconf 75' lang='lat' dir='ltr'><strong>tutius</strong></span> <span class='ocrx_word' id='word_1_546' title='bbox 945 4524 1000 4576; x_wconf 87' lang='lat' dir='ltr'><strong>id</strong></span> <span class='ocrx_word' id='word_1_547' title='bbox 1027 4540 1174 4595; x_wconf 80' lang='lat' dir='ltr'><strong>posse</strong></span> <span class='ocrx_word' id='word_1_548' title='bbox 1219 4527 1387 4594; x_wconf 82' lang='lat' dir='ltr'><strong>[acere</strong></span> <span class='ocrx_word' id='word_1_549' title='bbox 1428 4542 1582 4596; x_wconf 90' lang='lat' dir='ltr'><strong>quam</strong></span> <span class='ocrx_word' id='word_1_550' title='bbox 1623 4519 1832 4582; x_wconf 54' lang='lat' dir='ltr'><strong>cwt&#39;efos</strong></span> <span class='ocrx_word' id='word_1_551' title='bbox 1872 4528 1966 4598; x_wconf 86' lang='lat' dir='ltr'><strong>qui</strong></span> <span class='ocrx_word' id='word_1_552' title='bbox 1987 4544 2089 4583; x_wconf 88' lang='lat' dir='ltr'><strong>non</strong></span> 
     </span>
    </p>
   </div>
   <div class='ocr_carea' id='block_1_79' title="bbox 501 4593 2089 4670">
    <p class='ocr_par' dir='ltr' id='par_1_79' title="bbox 501 4593 2089 4670">
     <span class='ocr_line' id='line_1_79' title="bbox 501 4593 2089 4670; baseline 0.006 -27"><span class='ocrx_word' id='word_1_553' title='bbox 501 4602 717 4670; x_wconf 69' lang='lat' dir='ltr'><strong>servant</strong></span> <span class='ocrx_word' id='word_1_554' title='bbox 736 4593 837 4644; x_wconf 82' lang='lat' dir='ltr'><strong>nisi</strong></span> <span class='ocrx_word' id='word_1_555' title='bbox 868 4593 1165 4670; x_wconf 72' lang='lat' dir='ltr'><strong>prwscripta</strong></span> <span class='ocrx_word' id='word_1_556' title='bbox 1183 4593 1410 4669; x_wconf 78' lang='lat' dir='ltr'><strong>jejunio.</strong></span> <span class='ocrx_word' id='word_1_557' title='bbox 1437 4593 1681 4666; x_wconf 85' lang='lat' dir='ltr'><strong>quoniam</strong></span> <span class='ocrx_word' id='word_1_558' title='bbox 1703 4600 1803 4670; x_wconf 85' lang='lat' dir='ltr'><strong>ipsi</strong></span> <span class='ocrx_word' id='word_1_559' title='bbox 1829 4593 1952 4652; x_wconf 75' lang='lat' dir='ltr'><strong>certi</strong></span> <span class='ocrx_word' id='word_1_560' title='bbox 1972 4610 2089 4653; x_wconf 89' lang='lat' dir='ltr'><strong>sunt</strong></span> 
     </span>
    </p>
   </div>
   <div class='ocr_carea' id='block_1_80' title="bbox 449 4664 2089 4740">
    <p class='ocr_par' dir='ltr' id='par_1_80' title="bbox 449 4664 2089 4740">
     <span class='ocr_line' id='line_1_80' title="bbox 449 4664 2089 4740; baseline 0.006 -27"><span class='ocrx_word' id='word_1_561' title='bbox 449 4721 456 4724; x_wconf 97' lang='lat'><em>_</em></span> <span class='ocrx_word' id='word_1_562' title='bbox 502 4671 551 4714; x_wconf 90' lang='lat' dir='ltr'><strong>et</strong></span> <span class='ocrx_word' id='word_1_563' title='bbox 578 4664 795 4740; x_wconf 71' lang='lat' dir='ltr'><strong>apudse</strong></span> <span class='ocrx_word' id='word_1_564' title='bbox 821 4675 866 4716; x_wconf 89' lang='lat' dir='ltr'><strong>et</strong></span> <span class='ocrx_word' id='word_1_565' title='bbox 904 4666 1044 4740; x_wconf 85' lang='lat' dir='ltr'><strong>apud</strong></span> <span class='ocrx_word' id='word_1_566' title='bbox 1082 4664 1209 4721; x_wconf 73' lang='lat' dir='ltr'><strong>alios</strong></span> <span class='ocrx_word' id='word_1_567' title='bbox 1232 4664 1292 4721; x_wconf 69' lang='lat' dir='ltr'><strong>se</strong></span> <span class='ocrx_word' id='word_1_568' title='bbox 1332 4664 1632 4721; x_wconf 37' lang='lat' dir='ltr'><strong>non&#39;causa</strong></span> <span class='ocrx_word' id='word_1_569' title='bbox 1661 4664 2089 4740; x_wconf 70' lang='lat' dir='ltr'><strong>intemperantiae,</strong></span> 
     </span>
    </p>
   </div>
   <div class='ocr_carea' id='block_1_81' title="bbox 502 4734 2091 4810">
    <p class='ocr_par' dir='ltr' id='par_1_81' title="bbox 502 4734 2091 4810">
     <span class='ocr_line' id='line_1_81' title="bbox 502 4734 2091 4810; baseline 0.006 -26"><span class='ocrx_word' id='word_1_570' title='bbox 502 4734 795 4810; x_wconf 82' lang='lat' dir='ltr'><strong>sed_solius</strong></span> <span class='ocrx_word' id='word_1_571' title='bbox 836 4734 1121 4810; x_wconf 75' lang='lat' dir='ltr'><strong>charitatis,</strong></span> <span class='ocrx_word' id='word_1_572' title='bbox 1170 4741 1433 4792; x_wconf 87' lang='lat' dir='ltr'><strong>relaxasse</strong></span> <span class='ocrx_word' id='word_1_573' title='bbox 1467 4740 1694 4810; x_wconf 76' lang='lat' dir='ltr'><strong>jejunio.</strong></span> <span class='ocrx_word' id='word_1_574' title='bbox 1730 4734 1892 4792; x_wconf 82' lang='lat' dir='ltr'><strong>Addit</strong></span> <span class='ocrx_word' id='word_1_575' title='bbox 1922 4734 2091 4794; x_wconf 85' lang='lat' dir='ltr'><strong>tamen</strong></span> 
     </span>
    </p>
   </div>
   <div class='ocr_carea' id='block_1_82' title="bbox 505 4805 2090 4882">
    <p class='ocr_par' dir='ltr' id='par_1_82' title="bbox 505 4805 2090 4882">
     <span class='ocr_line' id='line_1_82' title="bbox 505 4805 2090 4882; baseline 0.006 -27"><span class='ocrx_word' id='word_1_576' title='bbox 505 4805 656 4857; x_wconf 88' lang='lat' dir='ltr'><strong>tertio</strong></span> <span class='ocrx_word' id='word_1_577' title='bbox 688 4807 816 4858; x_wconf 68' lang='lat' dir='ltr'><strong>viros</strong></span> <span class='ocrx_word' id='word_1_578' title='bbox 845 4807 963 4860; x_wconf 73' lang='lat' dir='ltr'><strong>illos</strong></span> <span class='ocrx_word' id='word_1_579' title='bbox 993 4809 1257 4882; x_wconf 76' lang='lat' dir='ltr'><strong>perfectos,</strong></span> <span class='ocrx_word' id='word_1_580' title='bbox 1291 4811 1379 4879; x_wconf 87' lang='lat' dir='ltr'><strong>qui</strong></span> <span class='ocrx_word' id='word_1_581' title='bbox 1409 4805 1694 4882; x_wconf 57' lang='lat' dir='ltr'><strong>per&#39;totum</strong></span> <span class='ocrx_word' id='word_1_582' title='bbox 1724 4827 1915 4864; x_wconf 88' lang='lat' dir='ltr'><strong>annum</strong></span> <span class='ocrx_word' id='word_1_583' title='bbox 1943 4813 2090 4882; x_wconf 87' lang='lat' dir='ltr'><strong>jeju-</strong></span> 
     </span>
    </p>
   </div>
   <div class='ocr_carea' id='block_1_83' title="bbox 505 4879 2091 4950">
    <p class='ocr_par' dir='ltr' id='par_1_83' title="bbox 505 4879 2091 4950">
     <span class='ocr_line' id='line_1_83' title="bbox 505 4879 2091 4950; baseline 0.006 -24"><span class='ocrx_word' id='word_1_584' title='bbox 505 4884 654 4940; x_wconf 85' lang='lat' dir='ltr'><strong>nant,</strong></span> <span class='ocrx_word' id='word_1_585' title='bbox 703 4892 803 4929; x_wconf 88' lang='lat' dir='ltr'><strong>non</strong></span> <span class='ocrx_word' id='word_1_586' title='bbox 855 4879 1014 4932; x_wconf 87' lang='lat' dir='ltr'><strong>teneri</strong></span> <span class='ocrx_word' id='word_1_587' title='bbox 1065 4879 1261 4949; x_wconf 86' lang='lat' dir='ltr'><strong>legibus</strong></span> <span class='ocrx_word' id='word_1_588' title='bbox 1303 4881 1650 4950; x_wconf 83' lang='lat' dir='ltr'><strong>jejuniorum,</strong></span> <span class='ocrx_word' id='word_1_589' title='bbox 1693 4881 1877 4950; x_wconf 88' lang='lat' dir='ltr'><strong>quibus</strong></span> <span class='ocrx_word' id='word_1_590' title='bbox 1920 4879 2091 4936; x_wconf 64' lang='lat' dir='ltr'><strong>elateri</strong></span> 
     </span>
    </p>
   </div>
   <div class='ocr_carea' id='block_1_84' title="bbox 505 4950 2092 5023">
    <p class='ocr_par' dir='ltr' id='par_1_84' title="bbox 505 4950 2092 5023">
     <span class='ocr_line' id='line_1_84' title="bbox 505 4950 2092 5023; baseline 0.007 -26"><span class='ocrx_word' id='word_1_591' title='bbox 505 4954 760 5023; x_wconf 81' lang='lat' dir='ltr'><strong>tenentur,</strong></span> <span class='ocrx_word' id='word_1_592' title='bbox 793 4951 1032 5023; x_wconf 26' lang='lat' dir='ltr'><strong>t‘ttht&#39;pst&#39;</strong></span> <span class='ocrx_word' id='word_1_593' title='bbox 1057 4952 1185 5023; x_wconf 87' lang='lat' dir='ltr'><strong>plus</strong></span> <span class='ocrx_word' id='word_1_594' title='bbox 1205 4950 1422 5016; x_wconf 73' lang='lat' dir='ltr'><strong>offerunt</strong></span> <span class='ocrx_word' id='word_1_595' title='bbox 1450 4951 1554 5004; x_wconf 91' lang='lat' dir='ltr'><strong>Deo</strong></span> <span class='ocrx_word' id='word_1_596' title='bbox 1587 4969 1742 5021; x_wconf 88' lang='lat' dir='ltr'><strong>quam</strong></span> <span class='ocrx_word' id='word_1_597' title='bbox 1786 4953 1862 5005; x_wconf 88' lang='lat' dir='ltr'><strong>his</strong></span> <span class='ocrx_word' id='word_1_598' title='bbox 1897 4954 2092 5023; x_wconf 86' lang='lat' dir='ltr'><strong>legibus</strong></span> 
     </span>
    </p>
   </div>
   <div class='ocr_carea' id='block_1_85' title="bbox 507 5019 2089 5089">
    <p class='ocr_par' dir='ltr' id='par_1_85' title="bbox 507 5019 2089 5089">
     <span class='ocr_line' id='line_1_85' title="bbox 507 5019 2089 5089; baseline 0.006 -22"><span class='ocrx_word' id='word_1_599' title='bbox 507 5019 858 5088; x_wconf 67' lang='lat' dir='ltr'><strong>praecipiatur.</strong></span> <span class='ocrx_word' id='word_1_600' title='bbox 895 5019 1065 5089; x_wconf 82' lang='lat' dir='ltr'><strong>Atque</strong></span> <span class='ocrx_word' id='word_1_601' title='bbox 1087 5029 1138 5074; x_wconf 83' lang='lat' dir='ltr'><strong>in</strong></span> <span class='ocrx_word' id='word_1_602' title='bbox 1167 5021 1263 5074; x_wconf 88' lang='lat' dir='ltr'><strong>hoc</strong></span> <span class='ocrx_word' id='word_1_603' title='bbox 1293 5023 1441 5075; x_wconf 84' lang='lat' dir='ltr'><strong>tertio</strong></span> <span class='ocrx_word' id='word_1_604' title='bbox 1469 5038 1570 5074; x_wconf 91' lang='lat' dir='ltr'><strong>non</strong></span> <span class='ocrx_word' id='word_1_605' title='bbox 1599 5019 2089 5078; x_wconf 50' lang='lat' dir='ltr'><strong>existintamus&#39;sen-</strong></span> 
     </span>
    </p>
   </div>
   <div class='ocr_carea' id='block_1_86' title="bbox 461 5091 2092 5166">
    <p class='ocr_par' dir='ltr' id='par_1_86' title="bbox 461 5091 2092 5166">
     <span class='ocr_line' id='line_1_86' title="bbox 461 5091 2092 5166; baseline 0.006 -26"><span class='ocrx_word' id='word_1_606' title='bbox 461 5092 465 5097; x_wconf 56' lang='grc'>⁴</span> <span class='ocrx_word' id='word_1_607' title='bbox 507 5091 722 5142; x_wconf 83' lang='lat' dir='ltr'><strong>tentiam</strong></span> <span class='ocrx_word' id='word_1_608' title='bbox 774 5092 1036 5166; x_wconf 9' lang='lat' dir='ltr'><strong>ejusgesse</strong></span> <span class='ocrx_word' id='word_1_609' title='bbox 1077 5093 1406 5166; x_wconf 79' lang='lat' dir='ltr'><strong>sequendam,</strong></span> <span class='ocrx_word' id='word_1_610' title='bbox 1441 5102 1546 5145; x_wconf 87' lang='lat' dir='ltr'><strong>tum</strong></span> <span class='ocrx_word' id='word_1_611' title='bbox 1590 5095 1711 5163; x_wconf 89' lang='lat' dir='ltr'><strong>quia</strong></span> <span class='ocrx_word' id='word_1_612' title='bbox 1750 5111 1849 5148; x_wconf 90' lang='lat' dir='ltr'><strong>non</strong></span> <span class='ocrx_word' id='word_1_613' title='bbox 1897 5104 2092 5166; x_wconf 89' lang='lat' dir='ltr'><strong>oportet</strong></span> 
     </span>
    </p>
   </div>
   <div class='ocr_carea' id='block_1_87' title="bbox 465 5161 2095 5230">
    <p class='ocr_par' dir='ltr' id='par_1_87' title="bbox 465 5161 2095 5230">
     <span class='ocr_line' id='line_1_87' title="bbox 465 5161 2095 5230; baseline 0.006 -21"><span class='ocrx_word' id='word_1_614' title='bbox 465 5175 470 5180; x_wconf 66' lang='lat'><strong>‘</strong></span> <span class='ocrx_word' id='word_1_615' title='bbox 507 5170 720 5230; x_wconf 74' lang='lat' dir='ltr'><strong>propter</strong></span> <span class='ocrx_word' id='word_1_616' title='bbox 746 5161 1055 5215; x_wconf 87' lang='lat' dir='ltr'><strong>oblationem</strong></span> <span class='ocrx_word' id='word_1_617' title='bbox 1085 5163 1428 5217; x_wconf 76' lang='lat' dir='ltr'><strong>voluntariam</strong></span> <span class='ocrx_word' id='word_1_618' title='bbox 1456 5161 1840 5229; x_wconf 76' lang='lat' dir='ltr'><strong>prwtermittere</strong></span> <span class='ocrx_word' id='word_1_619' title='bbox 1862 5161 2095 5220; x_wconf 80' lang='lat' dir='ltr'><strong>necessa-</strong></span> 
     </span>
    </p>
   </div>
   <div class='ocr_carea' id='block_1_88' title="bbox 504 5231 2093 5306">
    <p class='ocr_par' dir='ltr' id='par_1_88' title="bbox 504 5231 2093 5306">
     <span class='ocr_line' id='line_1_88' title="bbox 504 5231 2093 5306; baseline 0.004 -24"><span class='ocrx_word' id='word_1_620' title='bbox 504 5231 662 5294; x_wconf 88' lang='lat' dir='ltr'><strong>riam,</strong></span> <span class='ocrx_word' id='word_1_621' title='bbox 705 5239 820 5306; x_wconf 18' lang='lat' dir='ltr'><strong>Atum</strong></span> <span class='ocrx_word' id='word_1_622' title='bbox 859 5245 1076 5306; x_wconf 2' lang='lat' dir='ltr'><strong>(prepter</strong></span> <span class='ocrx_word' id='word_1_623' title='bbox 1127 5236 1378 5289; x_wconf 86' lang='lat' dir='ltr'><strong>rationem</strong></span> <span class='ocrx_word' id='word_1_624' title='bbox 1426 5235 1582 5306; x_wconf 83' lang='lat' dir='ltr'><strong>paulo</strong></span> <span class='ocrx_word' id='word_1_625' title='bbox 1638 5247 1756 5289; x_wconf 86' lang='lat' dir='ltr'><strong>ante</strong></span> <span class='ocrx_word' id='word_1_626' title='bbox 1812 5237 2093 5304; x_wconf 86' lang='lat' dir='ltr'><strong>traditam;</strong></span> 
     </span>
    </p>
   </div>
   <div class='ocr_carea' id='block_1_89' title="bbox 505 5304 2094 5376">
    <p class='ocr_par' dir='ltr' id='par_1_89' title="bbox 505 5304 2094 5376">
     <span class='ocr_line' id='line_1_89' title="bbox 505 5304 2094 5376; baseline 0.006 -23"><span class='ocrx_word' id='word_1_627' title='bbox 505 5304 741 5376; x_wconf 77' lang='lat' dir='ltr'><strong>quamvis</strong></span> <span class='ocrx_word' id='word_1_628' title='bbox 787 5304 920 5358; x_wconf 89' lang='lat' dir='ltr'><strong>enim</strong></span> <span class='ocrx_word' id='word_1_629' title='bbox 963 5322 1064 5358; x_wconf 89' lang='lat' dir='ltr'><strong>non</strong></span> <span class='ocrx_word' id='word_1_630' title='bbox 1103 5315 1279 5376; x_wconf 76' lang='lat' dir='ltr'><strong>egeant</strong></span> <span class='ocrx_word' id='word_1_631' title='bbox 1317 5307 1396 5360; x_wconf 89' lang='lat' dir='ltr'><strong>illi</strong></span> <span class='ocrx_word' id='word_1_632' title='bbox 1424 5304 1492 5359; x_wconf 86' lang='lat' dir='ltr'><strong>ad</strong></span> <span class='ocrx_word' id='word_1_633' title='bbox 1519 5321 1722 5360; x_wconf 88' lang='lat' dir='ltr'><strong>carnem</strong></span> <span class='ocrx_word' id='word_1_634' title='bbox 1753 5308 2094 5362; x_wconf 87' lang='lat' dir='ltr'><strong>edomandam</strong></span> 
     </span>
    </p>
   </div>
   <div class='ocr_carea' id='block_1_90' title="bbox 497 5375 2096 5449">
    <p class='ocr_par' dir='ltr' id='par_1_90' title="bbox 497 5375 2096 5449">
     <span class='ocr_line' id='line_1_90' title="bbox 497 5375 2096 5449; baseline 0.006 -23"><span class='ocrx_word' id='word_1_635' title='bbox 497 5375 706 5444; x_wconf 74' lang='lat' dir='ltr'><strong>jejunio</strong></span> <span class='ocrx_word' id='word_1_636' title='bbox 723 5391 1012 5449; x_wconf 79' lang='lat' dir='ltr'><strong>paucorum</strong></span> <span class='ocrx_word' id='word_1_637' title='bbox 1043 5377 1260 5439; x_wconf 87' lang='lat' dir='ltr'><strong>dierum,</strong></span> <span class='ocrx_word' id='word_1_638' title='bbox 1320 5378 1407 5446; x_wconf 87' lang='lat' dir='ltr'><strong>qui</strong></span> <span class='ocrx_word' id='word_1_639' title='bbox 1445 5393 1533 5445; x_wconf 90' lang='lat' dir='ltr'><strong>per</strong></span> <span class='ocrx_word' id='word_1_640' title='bbox 1561 5387 1690 5430; x_wconf 85' lang='lat' dir='ltr'><strong>totos</strong></span> <span class='ocrx_word' id='word_1_641' title='bbox 1725 5394 1918 5432; x_wconf 86' lang='lat' dir='ltr'><strong>menses</strong></span> <span class='ocrx_word' id='word_1_642' title='bbox 1949 5381 2096 5449; x_wconf 83' lang='lat' dir='ltr'><strong>jeju-</strong></span> 
     </span>
    </p>
   </div>
   <div class='ocr_carea' id='block_1_91' title="bbox 506 5446 2092 5516">
    <p class='ocr_par' dir='ltr' id='par_1_91' title="bbox 506 5446 2092 5516">
     <span class='ocr_line' id='line_1_91' title="bbox 506 5446 2092 5516; baseline 0.004 -19"><span class='ocrx_word' id='word_1_643' title='bbox 506 5461 634 5498; x_wconf 85' lang='lat' dir='ltr'><strong>nare</strong></span> <span class='ocrx_word' id='word_1_644' title='bbox 651 5446 850 5511; x_wconf 86' lang='lat' dir='ltr'><strong>solent;</strong></span> <span class='ocrx_word' id='word_1_645' title='bbox 870 5457 1037 5499; x_wconf 83' lang='lat' dir='ltr'><strong>tanien</strong></span> <span class='ocrx_word' id='word_1_646' title='bbox 1059 5449 1140 5501; x_wconf 72' lang='lat' dir='ltr'><strong>lex</strong></span> <span class='ocrx_word' id='word_1_647' title='bbox 1155 5450 1439 5502; x_wconf 87' lang='lat' dir='ltr'><strong>communis</strong></span> <span class='ocrx_word' id='word_1_648' title='bbox 1459 5456 1534 5502; x_wconf 90' lang='lat' dir='ltr'><strong>est</strong></span> <span class='ocrx_word' id='word_1_649' title='bbox 1559 5458 1604 5501; x_wconf 91' lang='lat' dir='ltr'><strong>et</strong></span> <span class='ocrx_word' id='word_1_650' title='bbox 1622 5450 1854 5501; x_wconf 86' lang='lat' dir='ltr'><strong>omnibus</strong></span> <span class='ocrx_word' id='word_1_651' title='bbox 1877 5446 2092 5516; x_wconf 78' lang='lat' dir='ltr'><strong>indicta,</strong></span> 
     </span>
    </p>
   </div>
   <div class='ocr_carea' id='block_1_92' title="bbox 507 5519 2095 5588">
    <p class='ocr_par' dir='ltr' id='par_1_92' title="bbox 507 5519 2095 5588">
     <span class='ocr_line' id='line_1_92' title="bbox 507 5519 2095 5588; baseline 0.008 -24"><span class='ocrx_word' id='word_1_652' title='bbox 507 5520 725 5588; x_wconf 75' lang='lat' dir='ltr'><strong>proinde</strong></span> <span class='ocrx_word' id='word_1_653' title='bbox 775 5536 860 5571; x_wconf 88' lang='lat' dir='ltr'><strong>eos</strong></span> <span class='ocrx_word' id='word_1_654' title='bbox 911 5535 1110 5588; x_wconf 87' lang='lat' dir='ltr'><strong>quoque</strong></span> <span class='ocrx_word' id='word_1_655' title='bbox 1159 5520 1384 5588; x_wconf 82' lang='lat' dir='ltr'><strong>obligare</strong></span> <span class='ocrx_word' id='word_1_656' title='bbox 1428 5536 1528 5572; x_wconf 88' lang='lat' dir='ltr'><strong>non</strong></span> <span class='ocrx_word' id='word_1_657' title='bbox 1579 5519 1784 5572; x_wconf 81' lang='lat' dir='ltr'><strong>desinit.</strong></span> <span class='ocrx_word' id='word_1_658' title='bbox 1824 5521 2095 5576; x_wconf 80' lang='lat' dir='ltr'><strong>Hactenus</strong></span> 
     </span>
    </p>
   </div>
   <div class='ocr_carea' id='block_1_93' title="bbox 505 5586 2094 5661">
    <p class='ocr_par' dir='ltr' id='par_1_93' title="bbox 505 5586 2094 5661">
     <span class='ocr_line' id='line_1_93' title="bbox 505 5586 2094 5661; baseline 0.003 -20"><span class='ocrx_word' id='word_1_659' title='bbox 505 5586 896 5661; x_wconf 80' lang='lat' dir='ltr'><strong>Bellartninus.</strong></span> <span class='ocrx_word' id='word_1_660' title='bbox 923 5586 1107 5658; x_wconf 35' lang='lat' dir='ltr'><strong>‘tnijtts</strong></span> <span class='ocrx_word' id='word_1_661' title='bbox 1142 5586 1445 5661; x_wconf 3' lang='lat' dir='ltr'><strong>(sententiae</strong></span> <span class='ocrx_word' id='word_1_662' title='bbox 1492 5592 1713 5661; x_wconf 81' lang='lat' dir='ltr'><strong>omnino</strong></span> <span class='ocrx_word' id='word_1_663' title='bbox 1769 5591 2094 5661; x_wconf 75' lang='lat' dir='ltr'><strong>solli-agatur</strong></span> 
     </span>
    </p>
   </div>
   <div class='ocr_carea' id='block_1_94' title="bbox 505 5659 2092 5731">
    <p class='ocr_par' dir='ltr' id='par_1_94' title="bbox 505 5659 2092 5731">
     <span class='ocr_line' id='line_1_94' title="bbox 505 5659 2092 5731; baseline 0.003 -18"><span class='ocrx_word' id='word_1_664' title='bbox 505 5660 750 5731; x_wconf 73' lang='lat' dir='ltr'><strong>synodus</strong></span> <span class='ocrx_word' id='word_1_665' title='bbox 783 5661 1094 5714; x_wconf 81' lang='lat' dir='ltr'><strong>Tt&#39;idenlina</strong></span> <span class='ocrx_word' id='word_1_666' title='bbox 1129 5660 1296 5730; x_wconf 79' lang='lat' dir='ltr'><strong>(Sess.</strong></span> <span class='ocrx_word' id='word_1_667' title='bbox 1325 5663 1357 5716; x_wconf 84' lang='lat'><strong>6</strong></span> <span class='ocrx_word' id='word_1_668' title='bbox 1396 5678 1510 5714; x_wconf 89' lang='lat' dir='ltr'><strong>can.</strong></span> <span class='ocrx_word' id='word_1_669' title='bbox 1537 5659 1593 5731; x_wconf 71' lang='grc'><strong>2)</strong></span> <span class='ocrx_word' id='word_1_670' title='bbox 1616 5705 1625 5726; x_wconf 88' lang='grc'><em>,</em></span> <span class='ocrx_word' id='word_1_671' title='bbox 1651 5661 1739 5714; x_wconf 87' lang='lat' dir='ltr'><strong>sub</strong></span> <span class='ocrx_word' id='word_1_672' title='bbox 1771 5659 2092 5717; x_wconf 83' lang='lat' dir='ltr'><strong>anathemate</strong></span> 
     </span>
    </p>
   </div>
   <div class='ocr_carea' id='block_1_95' title="bbox 509 5729 2090 5805">
    <p class='ocr_par' dir='ltr' id='par_1_95' title="bbox 509 5729 2090 5805">
     <span class='ocr_line' id='line_1_95' title="bbox 509 5729 2090 5805; baseline 0.005 -24"><span class='ocrx_word' id='word_1_673' title='bbox 509 5729 767 5805; x_wconf 75' lang='lat' dir='ltr'><strong>deﬁniens</strong></span> <span class='ocrx_word' id='word_1_674' title='bbox 791 5733 1044 5805; x_wconf 82' lang='lat' dir='ltr'><strong>hominem</strong></span> <span class='ocrx_word' id='word_1_675' title='bbox 1059 5729 1404 5802; x_wconf 77' lang='lat' dir='ltr'><strong>justiﬁcutum</strong></span> <span class='ocrx_word' id='word_1_676' title='bbox 1435 5744 1480 5786; x_wconf 88' lang='lat' dir='ltr'><strong>et</strong></span> <span class='ocrx_word' id='word_1_677' title='bbox 1508 5729 1786 5805; x_wconf 83' lang='lat' dir='ltr'><strong>quamlibet</strong></span> <span class='ocrx_word' id='word_1_678' title='bbox 1811 5738 2090 5805; x_wconf 78' lang='lat' dir='ltr'><strong>perfectum</strong></span> 
     </span>
    </p>
   </div>
   <div class='ocr_carea' id='block_1_96' title="bbox 509 5802 2085 5862">
    <p class='ocr_par' dir='ltr' id='par_1_96' title="bbox 509 5802 2085 5862">
     <span class='ocr_line' id='line_1_96' title="bbox 509 5802 2085 5862; baseline 0.006 -11"><span class='ocrx_word' id='word_1_679' title='bbox 509 5802 673 5856; x_wconf 77' lang='lat' dir='ltr'><strong>teneri</strong></span> <span class='ocrx_word' id='word_1_680' title='bbox 700 5803 768 5857; x_wconf 84' lang='lat' dir='ltr'><strong>ad</strong></span> <span class='ocrx_word' id='word_1_681' title='bbox 807 5802 1176 5858; x_wconf 79' lang='lat' dir='ltr'><strong>observantiam</strong></span> <span class='ocrx_word' id='word_1_682' title='bbox 1204 5807 1570 5860; x_wconf 86' lang='lat' dir='ltr'><strong>mandatorum</strong></span> <span class='ocrx_word' id='word_1_683' title='bbox 1609 5804 1704 5861; x_wconf 81' lang='lat' dir='ltr'><strong>Dei</strong></span> <span class='ocrx_word' id='word_1_684' title='bbox 1743 5814 1790 5861; x_wconf 88' lang='lat' dir='ltr'><strong>et</strong></span> <span class='ocrx_word' id='word_1_685' title='bbox 1811 5802 2085 5862; x_wconf 70' lang='lat' dir='ltr'><strong>Ecclesia.</strong></span> 
     </span>
    </p>
   </div>
   <div class='ocr_carea' id='block_1_97' title="bbox 2259 3245 3796 3316">
    <p class='ocr_par' dir='ltr' id='par_1_97' title="bbox 2259 3245 3796 3316">
     <span class='ocr_line' id='line_1_97' title="bbox 2259 3245 3796 3316; baseline 0 -13"><span class='ocrx_word' id='word_1_686' title='bbox 2259 3247 2288 3287; x_wconf 69' lang='grc' dir='ltr'><strong>ι’</strong></span> <span class='ocrx_word' id='word_1_687' title='bbox 2321 3249 2620 3304; x_wconf 86' lang='lat' dir='ltr'><strong>Stationem</strong></span> <span class='ocrx_word' id='word_1_688' title='bbox 2644 3246 2833 3316; x_wconf 91' lang='lat' dir='ltr'><strong>jejunii</strong></span> <span class='ocrx_word' id='word_1_689' title='bbox 2860 3246 3000 3315; x_wconf 90' lang='lat' dir='ltr'><strong>apud</strong></span> <span class='ocrx_word' id='word_1_690' title='bbox 3029 3245 3346 3316; x_wconf 85' lang='lat' dir='ltr'><strong>Cassianum</strong></span> <span class='ocrx_word' id='word_1_691' title='bbox 3375 3259 3470 3314; x_wconf 90' lang='lat' dir='ltr'><strong>pro</strong></span> <span class='ocrx_word' id='word_1_692' title='bbox 3503 3245 3796 3316; x_wconf 71' lang='lat' dir='ltr'><strong>ipsojeju-</strong></span> 
     </span>
    </p>
   </div>
   <div class='ocr_carea' id='block_1_98' title="bbox 2191 3315 3794 3388">
    <p class='ocr_par' dir='ltr' id='par_1_98' title="bbox 2191 3315 3794 3388">
     <span class='ocr_line' id='line_1_98' title="bbox 2191 3315 3794 3388; baseline -0.001 -14"><span class='ocrx_word' id='word_1_693' title='bbox 2191 3321 2281 3375; x_wconf 90' lang='lat' dir='ltr'><strong>nio</strong></span> <span class='ocrx_word' id='word_1_694' title='bbox 2313 3320 2508 3388; x_wconf 85' lang='lat' dir='ltr'><strong>accipi,</strong></span> <span class='ocrx_word' id='word_1_695' title='bbox 2541 3319 2666 3372; x_wconf 88' lang='lat' dir='ltr'><strong>alibi</strong></span> <span class='ocrx_word' id='word_1_696' title='bbox 2695 3315 3031 3373; x_wconf 85' lang='lat' dir='ltr'><strong>ostendimus</strong></span> <span class='ocrx_word' id='word_1_697' title='bbox 3055 3316 3193 3376; x_wconf 83' lang='lat' dir='ltr'><strong>(Lib.</strong></span> <span class='ocrx_word' id='word_1_698' title='bbox 3227 3333 3257 3368; x_wconf 91' lang='lat' dir='ltr'><strong>v</strong></span> <span class='ocrx_word' id='word_1_699' title='bbox 3287 3315 3464 3370; x_wconf 86' lang='lat' dir='ltr'><strong>Instit.</strong></span> <span class='ocrx_word' id='word_1_700' title='bbox 3495 3333 3610 3384; x_wconf 86' lang='lat' dir='ltr'><strong>cap.</strong></span> <span class='ocrx_word' id='word_1_701' title='bbox 3639 3315 3746 3387; x_wconf 62' lang='lat'><strong>25)</strong></span> <span class='ocrx_word' id='word_1_702' title='bbox 3776 3336 3794 3372; x_wconf 88' lang='lat'>:</span> 
     </span>
    </p>
   </div>
   <div class='ocr_carea' id='block_1_99' title="bbox 2190 3388 3797 3459">
    <p class='ocr_par' dir='ltr' id='par_1_99' title="bbox 2190 3388 3797 3459">
     <span class='ocr_line' id='line_1_99' title="bbox 2190 3388 3797 3459; baseline -0.001 -14"><span class='ocrx_word' id='word_1_703' title='bbox 2190 3408 2298 3459; x_wconf 90' lang='lat' dir='ltr'><strong>quo</strong></span> <span class='ocrx_word' id='word_1_704' title='bbox 2328 3393 2488 3445; x_wconf 90' lang='lat' dir='ltr'><strong>etiam</strong></span> <span class='ocrx_word' id='word_1_705' title='bbox 2527 3389 2688 3444; x_wconf 88' lang='lat' dir='ltr'><strong>modo</strong></span> <span class='ocrx_word' id='word_1_706' title='bbox 2715 3391 2913 3459; x_wconf 90' lang='lat' dir='ltr'><strong>accipit</strong></span> <span class='ocrx_word' id='word_1_707' title='bbox 2935 3389 3305 3443; x_wconf 86' lang='lat' dir='ltr'><strong>Tertullianus</strong></span> <span class='ocrx_word' id='word_1_708' title='bbox 3337 3389 3389 3441; x_wconf 90' lang='lat' dir='ltr'><strong>in</strong></span> <span class='ocrx_word' id='word_1_709' title='bbox 3422 3388 3516 3459; x_wconf 79' lang='lat' dir='ltr'><strong>lib.</strong></span> <span class='ocrx_word' id='word_1_710' title='bbox 3552 3390 3618 3441; x_wconf 89' lang='lat' dir='ltr'><strong>de</strong></span> <span class='ocrx_word' id='word_1_711' title='bbox 3651 3391 3797 3445; x_wconf 87' lang='lat' dir='ltr'><strong>Ora-</strong></span> 
     </span>
    </p>
   </div>
   <div class='ocr_carea' id='block_1_100' title="bbox 2191 3458 3800 3529">
    <p class='ocr_par' dir='ltr' id='par_1_100' title="bbox 2191 3458 3800 3529">
     <span class='ocr_line' id='line_1_100' title="bbox 2191 3458 3800 3529; baseline -0.001 -11"><span class='ocrx_word' id='word_1_712' title='bbox 2191 3458 2342 3518; x_wconf 89' lang='lat' dir='ltr'><strong>tione</strong></span> <span class='ocrx_word' id='word_1_713' title='bbox 2381 3472 2648 3526; x_wconf 83' lang='lat' dir='ltr'><strong>extreino,</strong></span> <span class='ocrx_word' id='word_1_714' title='bbox 2696 3462 2784 3515; x_wconf 90' lang='lat' dir='ltr'><strong>ubi</strong></span> <span class='ocrx_word' id='word_1_715' title='bbox 2831 3458 3047 3529; x_wconf 70' lang='lat' dir='ltr'><strong>quierit,</strong></span> <span class='ocrx_word' id='word_1_716' title='bbox 3095 3469 3266 3512; x_wconf 86' lang='lat' dir='ltr'><strong>utrum</strong></span> <span class='ocrx_word' id='word_1_717' title='bbox 3311 3475 3399 3526; x_wconf 89' lang='lat' dir='ltr'><strong>per</strong></span> <span class='ocrx_word' id='word_1_718' title='bbox 3439 3458 3800 3516; x_wconf 69' lang='lat' dir='ltr'><strong>Eucharistic</strong></span> 
     </span>
    </p>
   </div>
   <div class='ocr_carea' id='block_1_101' title="bbox 2192 3529 3796 3604">
    <p class='ocr_par' dir='ltr' id='par_1_101' title="bbox 2192 3529 3796 3604">
     <span class='ocr_line' id='line_1_101' title="bbox 2192 3529 3796 3604; baseline -0.002 -16"><span class='ocrx_word' id='word_1_719' title='bbox 2192 3535 2568 3604; x_wconf 87' lang='lat' dir='ltr'><strong>perceptionem</strong></span> <span class='ocrx_word' id='word_1_720' title='bbox 2599 3531 2827 3586; x_wconf 84' lang='lat' dir='ltr'><strong>solvatur</strong></span> <span class='ocrx_word' id='word_1_721' title='bbox 2856 3531 3055 3586; x_wconf 85' lang='lat' dir='ltr'><strong>statio.’</strong></span> <span class='ocrx_word' id='word_1_722' title='bbox 3085 3531 3235 3604; x_wconf 80' lang='lat' dir='ltr'><strong>quod</strong></span> <span class='ocrx_word' id='word_1_723' title='bbox 3274 3529 3495 3599; x_wconf 89' lang='lat' dir='ltr'><strong>perinde</strong></span> <span class='ocrx_word' id='word_1_724' title='bbox 3523 3539 3607 3584; x_wconf 89' lang='lat' dir='ltr'><strong>est</strong></span> <span class='ocrx_word' id='word_1_725' title='bbox 3648 3547 3711 3584; x_wconf 90' lang='lat' dir='ltr'><strong>ac</strong></span> <span class='ocrx_word' id='word_1_726' title='bbox 3739 3535 3796 3586; x_wconf 89' lang='lat' dir='ltr'><strong>si</strong></span> 
     </span>
    </p>
   </div>
   <div class='ocr_carea' id='block_1_102' title="bbox 2190 3601 3791 3675">
    <p class='ocr_par' dir='ltr' id='par_1_102' title="bbox 2190 3601 3791 3675">
     <span class='ocr_line' id='line_1_102' title="bbox 2190 3601 3791 3675; baseline -0.001 -16"><span class='ocrx_word' id='word_1_727' title='bbox 2190 3601 2462 3675; x_wconf 62' lang='lat' dir='ltr'><strong>quaereret</strong></span> <span class='ocrx_word' id='word_1_728' title='bbox 2479 3621 2546 3659; x_wconf 90' lang='lat' dir='ltr'><strong>an</strong></span> <span class='ocrx_word' id='word_1_729' title='bbox 2572 3604 2911 3658; x_wconf 82' lang='lat' dir='ltr'><strong>Eucharistia</strong></span> <span class='ocrx_word' id='word_1_730' title='bbox 2932 3605 3004 3658; x_wconf 90' lang='lat' dir='ltr'><strong>sit</strong></span> <span class='ocrx_word' id='word_1_731' title='bbox 3029 3601 3151 3656; x_wconf 91' lang='lat' dir='ltr'><strong>talis</strong></span> <span class='ocrx_word' id='word_1_732' title='bbox 3173 3602 3352 3675; x_wconf 68' lang='lat' dir='ltr'><strong>cibus,</strong></span> <span class='ocrx_word' id='word_1_733' title='bbox 3379 3611 3434 3654; x_wconf 92' lang='lat' dir='ltr'><strong>ut</strong></span> <span class='ocrx_word' id='word_1_734' title='bbox 3453 3616 3518 3655; x_wconf 91' lang='lat' dir='ltr'><strong>eo</strong></span> <span class='ocrx_word' id='word_1_735' title='bbox 3542 3613 3791 3672; x_wconf 88' lang='lat' dir='ltr'><strong>sumpto,</strong></span> 
     </span>
    </p>
   </div>
   <div class='ocr_carea' id='block_1_103' title="bbox 2192 3673 3795 3742">
    <p class='ocr_par' dir='ltr' id='par_1_103' title="bbox 2192 3673 3795 3742">
     <span class='ocr_line' id='line_1_103' title="bbox 2192 3673 3795 3742; baseline -0.001 -11"><span class='ocrx_word' id='word_1_736' title='bbox 2192 3673 2480 3731; x_wconf 78' lang='lat' dir='ltr'><strong>censeatur</strong></span> <span class='ocrx_word' id='word_1_737' title='bbox 2526 3677 2760 3729; x_wconf 88' lang='lat' dir='ltr'><strong>solutum</strong></span> <span class='ocrx_word' id='word_1_738' title='bbox 2811 3690 2930 3729; x_wconf 88' lang='lat' dir='ltr'><strong>esse</strong></span> <span class='ocrx_word' id='word_1_739' title='bbox 2979 3675 3278 3742; x_wconf 80' lang='lat' dir='ltr'><strong>jejunium?</strong></span> <span class='ocrx_word' id='word_1_740' title='bbox 3325 3673 3384 3728; x_wconf 89' lang='lat' dir='ltr'><strong>In</strong></span> <span class='ocrx_word' id='word_1_741' title='bbox 3436 3675 3658 3739; x_wconf 86' lang='lat' dir='ltr'><strong>antiquo</strong></span> <span class='ocrx_word' id='word_1_742' title='bbox 3690 3676 3795 3730; x_wconf 91' lang='lat' dir='ltr'><strong>illo</strong></span> 
     </span>
    </p>
   </div>
   <div class='ocr_carea' id='block_1_104' title="bbox 2190 3745 3796 3817">
    <p class='ocr_par' dir='ltr' id='par_1_104' title="bbox 2190 3745 3796 3817">
     <span class='ocr_line' id='line_1_104' title="bbox 2190 3745 3796 3817; baseline -0.001 -15"><span class='ocrx_word' id='word_1_743' title='bbox 2190 3747 2356 3812; x_wconf 88' lang='lat' dir='ltr'><strong>libro,</strong></span> <span class='ocrx_word' id='word_1_744' title='bbox 2383 3749 2507 3802; x_wconf 90' lang='lat' dir='ltr'><strong>licet</strong></span> <span class='ocrx_word' id='word_1_745' title='bbox 2537 3747 2869 3817; x_wconf 79' lang='lat' dir='ltr'><strong>apocrypha,</strong></span> <span class='ocrx_word' id='word_1_746' title='bbox 2901 3748 2990 3814; x_wconf 88' lang='lat' dir='ltr'><strong>qui</strong></span> <span class='ocrx_word' id='word_1_747' title='bbox 3018 3745 3252 3817; x_wconf 85' lang='lat' dir='ltr'><strong>Pastoris</strong></span> <span class='ocrx_word' id='word_1_748' title='bbox 3285 3745 3616 3808; x_wconf 88' lang='lat' dir='ltr'><strong>inscribitur,</strong></span> <span class='ocrx_word' id='word_1_749' title='bbox 3647 3745 3796 3800; x_wconf 77' lang='lat' dir='ltr'><strong>Her-</strong></span> 
     </span>
    </p>
   </div>
   <div class='ocr_carea' id='block_1_105' title="bbox 2191 3816 3794 3888">
    <p class='ocr_par' dir='ltr' id='par_1_105' title="bbox 2191 3816 3794 3888">
     <span class='ocr_line' id='line_1_105' title="bbox 2191 3816 3794 3888; baseline 0 -16"><span class='ocrx_word' id='word_1_750' title='bbox 2191 3834 2312 3873; x_wconf 88' lang='lat' dir='ltr'><strong>mas</strong></span> <span class='ocrx_word' id='word_1_751' title='bbox 2339 3819 2455 3888; x_wconf 88' lang='lat' dir='ltr'><strong>ejus</strong></span> <span class='ocrx_word' id='word_1_752' title='bbox 2489 3818 2616 3872; x_wconf 92' lang='lat' dir='ltr'><strong>Iibri</strong></span> <span class='ocrx_word' id='word_1_753' title='bbox 2645 3816 2834 3871; x_wconf 89' lang='lat' dir='ltr'><strong>auctor</strong></span> <span class='ocrx_word' id='word_1_754' title='bbox 2858 3819 2936 3872; x_wconf 90' lang='lat' dir='ltr'><strong>sic</strong></span> <span class='ocrx_word' id='word_1_755' title='bbox 2965 3816 3262 3888; x_wconf 86' lang='lat' dir='ltr'><strong>introducit</strong></span> <span class='ocrx_word' id='word_1_756' title='bbox 3291 3817 3568 3888; x_wconf 74' lang='lat' dir='ltr'><strong>Pastorem</strong></span> <span class='ocrx_word' id='word_1_757' title='bbox 3597 3832 3794 3872; x_wconf 77' lang='lat' dir='ltr'><strong>secum</strong></span> 
     </span>
    </p>
   </div>
   <div class='ocr_carea' id='block_1_106' title="bbox 2191 3887 3797 3959">
    <p class='ocr_par' dir='ltr' id='par_1_106' title="bbox 2191 3887 3797 3959">
     <span class='ocr_line' id='line_1_106' title="bbox 2191 3887 3797 3959; baseline -0.001 -15"><span class='ocrx_word' id='word_1_758' title='bbox 2191 3887 2505 3959; x_wconf 87' lang='lat' dir='ltr'><strong>loquentem</strong></span> <span class='ocrx_word' id='word_1_759' title='bbox 2539 3908 2550 3942; x_wconf 88' lang='lat'><strong>:</strong></span> <span class='ocrx_word' id='word_1_760' title='bbox 2601 3889 2736 3956; x_wconf 83' lang='lat' dir='ltr'><strong>Quid</strong></span> <span class='ocrx_word' id='word_1_761' title='bbox 2767 3899 2871 3942; x_wconf 86' lang='lat' dir='ltr'><strong>tant</strong></span> <span class='ocrx_word' id='word_1_762' title='bbox 2903 3904 3051 3942; x_wconf 87' lang='lat' dir='ltr'><strong>mane</strong></span> <span class='ocrx_word' id='word_1_763' title='bbox 3085 3887 3187 3959; x_wconf 83' lang='lat' dir='ltr'><strong>huc</strong></span> <span class='ocrx_word' id='word_1_764' title='bbox 3213 3887 3432 3941; x_wconf 80' lang='lat' dir='ltr'><strong>venisti?</strong></span> <span class='ocrx_word' id='word_1_765' title='bbox 3477 3887 3740 3954; x_wconf 78' lang='lat' dir='ltr'><strong>Respondi</strong></span> <span class='ocrx_word' id='word_1_766' title='bbox 3773 3903 3797 3943; x_wconf 91' lang='lat'><strong><em>:</em></strong></span> 
     </span>
    </p>
   </div>
   <div class='ocr_carea' id='block_1_107' title="bbox 2195 3958 3794 4028">
    <p class='ocr_par' dir='ltr' id='par_1_107' title="bbox 2195 3958 3794 4028">
     <span class='ocr_line' id='line_1_107' title="bbox 2195 3958 3794 4028; baseline 0 -16"><span class='ocrx_word' id='word_1_767' title='bbox 2195 3958 2478 4026; x_wconf 77' lang='lat' dir='ltr'><strong>Quoniam,</strong></span> <span class='ocrx_word' id='word_1_768' title='bbox 2509 3961 2748 4026; x_wconf 89' lang='lat' dir='ltr'><strong>Domine,</strong></span> <span class='ocrx_word' id='word_1_769' title='bbox 2778 3961 3051 4015; x_wconf 85' lang='lat' dir='ltr'><strong>stationem</strong></span> <span class='ocrx_word' id='word_1_770' title='bbox 3081 3958 3263 4012; x_wconf 82' lang='lat' dir='ltr'><strong>habeo.</strong></span> <span class='ocrx_word' id='word_1_771' title='bbox 3298 3959 3436 4024; x_wconf 88' lang='lat' dir='ltr'><strong>Quid</strong></span> <span class='ocrx_word' id='word_1_772' title='bbox 3464 3969 3559 4024; x_wconf 88' lang='lat' dir='ltr'><strong>est,</strong></span> <span class='ocrx_word' id='word_1_773' title='bbox 3593 3961 3794 4028; x_wconf 75' lang='lat' dir='ltr'><strong>inquit,</strong></span> 
     </span>
    </p>
   </div>
   <div class='ocr_carea' id='block_1_108' title="bbox 2191 4030 3794 4102">
    <p class='ocr_par' dir='ltr' id='par_1_108' title="bbox 2191 4030 3794 4102">
     <span class='ocr_line' id='line_1_108' title="bbox 2191 4030 3794 4102; baseline 0.001 -18"><span class='ocrx_word' id='word_1_774' title='bbox 2191 4032 2382 4086; x_wconf 84' lang='lat' dir='ltr'><strong>statio?</strong></span> <span class='ocrx_word' id='word_1_775' title='bbox 2409 4031 2476 4084; x_wconf 85' lang='lat' dir='ltr'><strong>Et</strong></span> <span class='ocrx_word' id='word_1_776' title='bbox 2503 4032 2656 4084; x_wconf 83' lang='lat' dir='ltr'><strong>dixi:</strong></span> <span class='ocrx_word' id='word_1_777' title='bbox 2682 4031 2973 4102; x_wconf 84' lang='lat' dir='ltr'><strong>Jejunium.</strong></span> <span class='ocrx_word' id='word_1_778' title='bbox 3003 4030 3093 4084; x_wconf 89' lang='lat' dir='ltr'><strong>Sic</strong></span> <span class='ocrx_word' id='word_1_779' title='bbox 3122 4031 3286 4084; x_wconf 88' lang='lat' dir='ltr'><strong>etiam</strong></span> <span class='ocrx_word' id='word_1_780' title='bbox 3319 4030 3381 4084; x_wconf 91' lang='lat' dir='ltr'><strong>D.</strong></span> <span class='ocrx_word' id='word_1_781' title='bbox 3426 4030 3794 4102; x_wconf 71' lang='lat' dir='ltr'><strong>Hieronymus</strong></span> 
     </span>
    </p>
   </div>
   <div class='ocr_carea' id='block_1_109' title="bbox 2191 4101 3792 4171">
    <p class='ocr_par' dir='ltr' id='par_1_109' title="bbox 2191 4101 3792 4171">
     <span class='ocr_line' id='line_1_109' title="bbox 2191 4101 3792 4171; baseline -0.001 -13"><span class='ocrx_word' id='word_1_782' title='bbox 2191 4118 2390 4158; x_wconf 89' lang='lat' dir='ltr'><strong>nomen</strong></span> <span class='ocrx_word' id='word_1_783' title='bbox 2422 4102 2671 4156; x_wconf 86' lang='lat' dir='ltr'><strong>stationis</strong></span> <span class='ocrx_word' id='word_1_784' title='bbox 2700 4101 2983 4171; x_wconf 85' lang='lat' dir='ltr'><strong>usurpavit</strong></span> <span class='ocrx_word' id='word_1_785' title='bbox 3020 4103 3112 4156; x_wconf 92' lang='lat' dir='ltr'><strong>lib.</strong></span> <span class='ocrx_word' id='word_1_786' title='bbox 3159 4117 3194 4156; x_wconf 90' lang='lat' dir='ltr'><strong>ll</strong></span> <span class='ocrx_word' id='word_1_787' title='bbox 3223 4115 3409 4155; x_wconf 87' lang='lat' dir='ltr'><strong>contra</strong></span> <span class='ocrx_word' id='word_1_788' title='bbox 3441 4101 3792 4156; x_wconf 84' lang='lat' dir='ltr'><strong>Jovinianum</strong></span> 
     </span>
    </p>
   </div>
   <div class='ocr_carea' id='block_1_110' title="bbox 2193 4172 3795 4240">
    <p class='ocr_par' dir='ltr' id='par_1_110' title="bbox 2193 4172 3795 4240">
     <span class='ocr_line' id='line_1_110' title="bbox 2193 4172 3795 4240; baseline -0.001 -12"><span class='ocrx_word' id='word_1_789' title='bbox 2193 4172 2264 4228; x_wconf 88' lang='lat' dir='ltr'><strong>ita</strong></span> <span class='ocrx_word' id='word_1_790' title='bbox 2313 4175 2596 4229; x_wconf 80' lang='lat' dir='ltr'><strong>scribens:</strong></span> <span class='ocrx_word' id='word_1_791' title='bbox 2633 4173 2786 4238; x_wconf 89' lang='lat' dir='ltr'><strong>Saul,</strong></span> <span class='ocrx_word' id='word_1_792' title='bbox 2818 4175 2950 4226; x_wconf 83' lang='lat' dir='ltr'><strong>sicut</strong></span> <span class='ocrx_word' id='word_1_793' title='bbox 2995 4174 3047 4226; x_wconf 89' lang='lat' dir='ltr'><strong>in</strong></span> <span class='ocrx_word' id='word_1_794' title='bbox 3097 4172 3398 4240; x_wconf 83' lang='lat' dir='ltr'><strong>Regnorum</strong></span> <span class='ocrx_word' id='word_1_795' title='bbox 3445 4175 3609 4239; x_wconf 86' lang='lat' dir='ltr'><strong>primo</strong></span> <span class='ocrx_word' id='word_1_796' title='bbox 3652 4173 3795 4226; x_wconf 89' lang='lat' dir='ltr'><strong>libro</strong></span> 
     </span>
    </p>
   </div>
   <div class='ocr_carea' id='block_1_111' title="bbox 2191 4243 3795 4315">
    <p class='ocr_par' dir='ltr' id='par_1_111' title="bbox 2191 4243 3795 4315">
     <span class='ocr_line' id='line_1_111' title="bbox 2191 4243 3795 4315; baseline 0 -17"><span class='ocrx_word' id='word_1_797' title='bbox 2191 4245 2453 4309; x_wconf 87' lang='lat' dir='ltr'><strong>scribitur,</strong></span> <span class='ocrx_word' id='word_1_798' title='bbox 2499 4243 2832 4304; x_wconf 81' lang='lat' dir='ltr'><strong>Maledictus,</strong></span> <span class='ocrx_word' id='word_1_799' title='bbox 2864 4245 3054 4315; x_wconf 87' lang='lat' dir='ltr'><strong>inquit,</strong></span> <span class='ocrx_word' id='word_1_800' title='bbox 3102 4245 3190 4309; x_wconf 86' lang='lat' dir='ltr'><strong>qui</strong></span> <span class='ocrx_word' id='word_1_801' title='bbox 3218 4244 3380 4297; x_wconf 80' lang='lat' dir='ltr'><strong>ederit</strong></span> <span class='ocrx_word' id='word_1_802' title='bbox 3411 4259 3795 4315; x_wconf 64' lang='lat' dir='ltr'><strong>ponemusque</strong></span> 
     </span>
    </p>
   </div>
   <div class='ocr_carea' id='block_1_112' title="bbox 2193 4313 3794 4385">
    <p class='ocr_par' dir='ltr' id='par_1_112' title="bbox 2193 4313 3794 4385">
     <span class='ocr_line' id='line_1_112' title="bbox 2193 4313 3794 4385; baseline -0.001 -16"><span class='ocrx_word' id='word_1_803' title='bbox 2193 4315 2264 4369; x_wconf 89' lang='lat' dir='ltr'><strong>ad</strong></span> <span class='ocrx_word' id='word_1_804' title='bbox 2282 4333 2558 4385; x_wconf 87' lang='lat' dir='ltr'><strong>vesperam,</strong></span> <span class='ocrx_word' id='word_1_805' title='bbox 2581 4318 2740 4368; x_wconf 85' lang='lat' dir='ltr'><strong>donec</strong></span> <span class='ocrx_word' id='word_1_806' title='bbox 2763 4313 2982 4368; x_wconf 85' lang='lat' dir='ltr'><strong>ulciscar</strong></span> <span class='ocrx_word' id='word_1_807' title='bbox 3008 4331 3086 4367; x_wconf 90' lang='lat' dir='ltr'><strong>me</strong></span> <span class='ocrx_word' id='word_1_808' title='bbox 3107 4315 3170 4385; x_wconf 84' lang='lat' dir='ltr'><strong>de</strong></span> <span class='ocrx_word' id='word_1_809' title='bbox 3187 4314 3409 4367; x_wconf 89' lang='lat' dir='ltr'><strong>inimicis</strong></span> <span class='ocrx_word' id='word_1_810' title='bbox 3432 4315 3576 4366; x_wconf 83' lang='lat' dir='ltr'><strong>meis.</strong></span> <span class='ocrx_word' id='word_1_811' title='bbox 3599 4313 3662 4366; x_wconf 83' lang='lat' dir='ltr'><strong>Et</strong></span> <span class='ocrx_word' id='word_1_812' title='bbox 3681 4331 3794 4368; x_wconf 75' lang='lat' dir='ltr'><strong>non</strong></span> 
     </span>
    </p>
   </div>
   <div class='ocr_carea' id='block_1_113' title="bbox 2192 4384 3793 4457">
    <p class='ocr_par' dir='ltr' id='par_1_113' title="bbox 2192 4384 3793 4457">
     <span class='ocr_line' id='line_1_113' title="bbox 2192 4384 3793 4457; baseline 0.001 -19"><span class='ocrx_word' id='word_1_813' title='bbox 2192 4384 2415 4457; x_wconf 70' lang='lat' dir='ltr'><strong>gustabit</strong></span> <span class='ocrx_word' id='word_1_814' title='bbox 2447 4387 2614 4440; x_wconf 89' lang='lat' dir='ltr'><strong>onmis</strong></span> <span class='ocrx_word' id='word_1_815' title='bbox 2657 4385 2878 4453; x_wconf 83' lang='lat' dir='ltr'><strong>populus</strong></span> <span class='ocrx_word' id='word_1_816' title='bbox 2919 4389 3050 4457; x_wconf 86' lang='lat' dir='ltr'><strong>ejus.</strong></span> <span class='ocrx_word' id='word_1_817' title='bbox 3081 4384 3336 4455; x_wconf 88' lang='lat' dir='ltr'><strong>Tantique</strong></span> <span class='ocrx_word' id='word_1_818' title='bbox 3375 4385 3472 4455; x_wconf 78' lang='lat' dir='ltr'><strong>fuit</strong></span> <span class='ocrx_word' id='word_1_819' title='bbox 3502 4386 3793 4457; x_wconf 76' lang='lat' dir='ltr'><strong>auctoritas</strong></span> 
     </span>
    </p>
   </div>
   <div class='ocr_carea' id='block_1_114' title="bbox 2191 4455 3796 4525">
    <p class='ocr_par' dir='ltr' id='par_1_114' title="bbox 2191 4455 3796 4525">
     <span class='ocr_line' id='line_1_114' title="bbox 2191 4455 3796 4525; baseline -0.001 -15"><span class='ocrx_word' id='word_1_820' title='bbox 2191 4455 2427 4512; x_wconf 81' lang='lat' dir='ltr'><strong>stationis</strong></span> <span class='ocrx_word' id='word_1_821' title='bbox 2457 4457 2611 4512; x_wconf 88' lang='lat' dir='ltr'><strong>semel</strong></span> <span class='ocrx_word' id='word_1_822' title='bbox 2645 4457 2866 4510; x_wconf 88' lang='lat' dir='ltr'><strong>Domino</strong></span> <span class='ocrx_word' id='word_1_823' title='bbox 2915 4455 3216 4518; x_wconf 67' lang='lat' dir='ltr'><strong>destinatae,</strong></span> <span class='ocrx_word' id='word_1_824' title='bbox 3270 4465 3327 4508; x_wconf 84' lang='lat' dir='ltr'><strong>ut</strong></span> <span class='ocrx_word' id='word_1_825' title='bbox 3373 4455 3660 4519; x_wconf 87' lang='lat' dir='ltr'><strong>Jonuthas,</strong></span> <span class='ocrx_word' id='word_1_826' title='bbox 3693 4457 3796 4525; x_wconf 80' lang='lat' dir='ltr'><strong>qui</strong></span> 
     </span>
    </p>
   </div>
   <div class='ocr_carea' id='block_1_115' title="bbox 2193 4527 3795 4599">
    <p class='ocr_par' dir='ltr' id='par_1_115' title="bbox 2193 4527 3795 4599">
     <span class='ocr_line' id='line_1_115' title="bbox 2193 4527 3795 4599; baseline -0.001 -18"><span class='ocrx_word' id='word_1_827' title='bbox 2193 4545 2351 4582; x_wconf 83' lang='lat' dir='ltr'><strong>causa</strong></span> <span class='ocrx_word' id='word_1_828' title='bbox 2401 4529 2626 4582; x_wconf 70' lang='lat' dir='ltr'><strong>victoria:</strong></span> <span class='ocrx_word' id='word_1_829' title='bbox 2675 4529 2970 4594; x_wconf 86' lang='lat' dir='ltr'><strong>exstiterat,</strong></span> <span class='ocrx_word' id='word_1_830' title='bbox 3020 4527 3482 4599; x_wconf 82' lang='lat' dir='ltr'><strong>deprehenderetur</strong></span> <span class='ocrx_word' id='word_1_831' title='bbox 3534 4537 3690 4592; x_wconf 81' lang='lat' dir='ltr'><strong>sorte,</strong></span> <span class='ocrx_word' id='word_1_832' title='bbox 3735 4536 3795 4580; x_wconf 79' lang='lat' dir='ltr'><strong>et</strong></span> 
     </span>
    </p>
   </div>
   <div class='ocr_carea' id='block_1_116' title="bbox 2192 4599 3350 4669">
    <p class='ocr_par' dir='ltr' id='par_1_116' title="bbox 2192 4599 3350 4669">
     <span class='ocr_line' id='line_1_116' title="bbox 2192 4599 3350 4669; baseline -0.003 -17"><span class='ocrx_word' id='word_1_833' title='bbox 2192 4599 2500 4669; x_wconf 76' lang='lat' dir='ltr'><strong>ignorantiae</strong></span> <span class='ocrx_word' id='word_1_834' title='bbox 2525 4600 2716 4652; x_wconf 88' lang='lat' dir='ltr'><strong>crimen</strong></span> <span class='ocrx_word' id='word_1_835' title='bbox 2747 4599 3008 4669; x_wconf 87' lang='lat' dir='ltr'><strong>declinare</strong></span> <span class='ocrx_word' id='word_1_836' title='bbox 3032 4616 3133 4652; x_wconf 89' lang='lat' dir='ltr'><strong>non</strong></span> <span class='ocrx_word' id='word_1_837' title='bbox 3164 4608 3350 4665; x_wconf 84' lang='lat' dir='ltr'><strong>posset.</strong></span> 
     </span>
    </p>
   </div>
   <div class='ocr_carea' id='block_1_117' title="bbox 2274 4668 3791 4740">
    <p class='ocr_par' dir='ltr' id='par_1_117' title="bbox 2274 4668 3791 4740">
     <span class='ocr_line' id='line_1_117' title="bbox 2274 4668 3791 4740; baseline 0.001 -16"><span class='ocrx_word' id='word_1_838' title='bbox 2274 4684 2294 4708; x_wconf 72' lang='grc' dir='ltr'>υ</span> <span class='ocrx_word' id='word_1_839' title='bbox 2327 4672 2402 4724; x_wconf 80' lang='lat' dir='ltr'><strong>Ex</strong></span> <span class='ocrx_word' id='word_1_840' title='bbox 2427 4687 2505 4733; x_wconf 88' lang='lat' dir='ltr'><strong>se,</strong></span> <span class='ocrx_word' id='word_1_841' title='bbox 2536 4671 2746 4738; x_wconf 86' lang='lat' dir='ltr'><strong>supple.</strong></span> <span class='ocrx_word' id='word_1_842' title='bbox 2774 4668 2908 4723; x_wconf 88' lang='lat' dir='ltr'><strong>Nam</strong></span> <span class='ocrx_word' id='word_1_843' title='bbox 2932 4671 3075 4738; x_wconf 91' lang='lat' dir='ltr'><strong>quod</strong></span> <span class='ocrx_word' id='word_1_844' title='bbox 3099 4671 3265 4737; x_wconf 90' lang='lat' dir='ltr'><strong>aliqui</strong></span> <span class='ocrx_word' id='word_1_845' title='bbox 3288 4669 3459 4724; x_wconf 91' lang='lat' dir='ltr'><strong>sancti</strong></span> <span class='ocrx_word' id='word_1_846' title='bbox 3486 4677 3539 4724; x_wconf 89' lang='lat' dir='ltr'><strong>et</strong></span> <span class='ocrx_word' id='word_1_847' title='bbox 3560 4670 3791 4740; x_wconf 89' lang='lat' dir='ltr'><strong>perfecti</strong></span> 
     </span>
    </p>
   </div>
   <div class='ocr_carea' id='block_1_118' title="bbox 2197 4741 3788 4812">
    <p class='ocr_par' dir='ltr' id='par_1_118' title="bbox 2197 4741 3788 4812">
     <span class='ocr_line' id='line_1_118' title="bbox 2197 4741 3788 4812; baseline 0 -16"><span class='ocrx_word' id='word_1_848' title='bbox 2197 4741 2299 4796; x_wconf 90' lang='lat' dir='ltr'><strong>sub</strong></span> <span class='ocrx_word' id='word_1_849' title='bbox 2329 4742 2445 4811; x_wconf 75' lang='lat' dir='ltr'><strong>lege</strong></span> <span class='ocrx_word' id='word_1_850' title='bbox 2467 4741 2800 4812; x_wconf 78' lang='lat' dir='ltr'><strong>exstiterint,</strong></span> <span class='ocrx_word' id='word_1_851' title='bbox 2825 4741 2876 4794; x_wconf 90' lang='lat' dir='ltr'><strong>id</strong></span> <span class='ocrx_word' id='word_1_852' title='bbox 2900 4755 3004 4794; x_wconf 92' lang='lat' dir='ltr'><strong>non</strong></span> <span class='ocrx_word' id='word_1_853' title='bbox 3029 4757 3097 4795; x_wconf 91' lang='lat' dir='ltr'><strong>ex</strong></span> <span class='ocrx_word' id='word_1_854' title='bbox 3129 4742 3244 4809; x_wconf 85' lang='lat' dir='ltr'><strong>lege</strong></span> <span class='ocrx_word' id='word_1_855' title='bbox 3273 4756 3369 4795; x_wconf 90' lang='lat' dir='ltr'><strong>seu</strong></span> <span class='ocrx_word' id='word_1_856' title='bbox 3403 4742 3599 4797; x_wconf 87' lang='lat' dir='ltr'><strong>virtute</strong></span> <span class='ocrx_word' id='word_1_857' title='bbox 3627 4742 3788 4812; x_wconf 85' lang='lat' dir='ltr'><strong>legis,</strong></span> 
     </span>
    </p>
   </div>
   <div class='ocr_carea' id='block_1_119' title="bbox 2196 4811 3793 4881">
    <p class='ocr_par' dir='ltr' id='par_1_119' title="bbox 2196 4811 3793 4881">
     <span class='ocr_line' id='line_1_119' title="bbox 2196 4811 3793 4881; baseline 0.001 -15"><span class='ocrx_word' id='word_1_858' title='bbox 2196 4812 2291 4867; x_wconf 89' lang='lat' dir='ltr'><strong>sed</strong></span> <span class='ocrx_word' id='word_1_859' title='bbox 2316 4827 2382 4867; x_wconf 92' lang='lat' dir='ltr'><strong>ex</strong></span> <span class='ocrx_word' id='word_1_860' title='bbox 2410 4815 2583 4881; x_wconf 88' lang='lat' dir='ltr'><strong>gratia</strong></span> <span class='ocrx_word' id='word_1_861' title='bbox 2606 4811 2830 4875; x_wconf 89' lang='lat' dir='ltr'><strong>Christi,</strong></span> <span class='ocrx_word' id='word_1_862' title='bbox 2858 4811 2909 4864; x_wconf 91' lang='lat' dir='ltr'><strong>id</strong></span> <span class='ocrx_word' id='word_1_863' title='bbox 2940 4821 3048 4876; x_wconf 90' lang='lat' dir='ltr'><strong>est,</strong></span> <span class='ocrx_word' id='word_1_864' title='bbox 3073 4812 3298 4875; x_wconf 65' lang='lat' dir='ltr'><strong>Messiaz,</strong></span> <span class='ocrx_word' id='word_1_865' title='bbox 3329 4813 3380 4866; x_wconf 94' lang='lat' dir='ltr'><strong>in</strong></span> <span class='ocrx_word' id='word_1_866' title='bbox 3407 4828 3568 4879; x_wconf 89' lang='lat' dir='ltr'><strong>quem</strong></span> <span class='ocrx_word' id='word_1_867' title='bbox 3598 4811 3793 4868; x_wconf 83' lang='lat' dir='ltr'><strong>crede-</strong></span> 
     </span>
    </p>
   </div>
   <div class='ocr_carea' id='block_1_120' title="bbox 2196 4883 3790 4951">
    <p class='ocr_par' dir='ltr' id='par_1_120' title="bbox 2196 4883 3790 4951">
     <span class='ocr_line' id='line_1_120' title="bbox 2196 4883 3790 4951; baseline 0.002 -15"><span class='ocrx_word' id='word_1_868' title='bbox 2196 4883 2350 4945; x_wconf 88' lang='lat' dir='ltr'><strong>bant,</strong></span> <span class='ocrx_word' id='word_1_869' title='bbox 2382 4887 2660 4937; x_wconf 88' lang='lat' dir='ltr'><strong>consecuti</strong></span> <span class='ocrx_word' id='word_1_870' title='bbox 2693 4894 2838 4949; x_wconf 88' lang='lat' dir='ltr'><strong>sunt,</strong></span> <span class='ocrx_word' id='word_1_871' title='bbox 2884 4891 2944 4936; x_wconf 92' lang='lat' dir='ltr'><strong>ut</strong></span> <span class='ocrx_word' id='word_1_872' title='bbox 2985 4883 3186 4951; x_wconf 88' lang='lat' dir='ltr'><strong>passim</strong></span> <span class='ocrx_word' id='word_1_873' title='bbox 3216 4883 3375 4938; x_wconf 89' lang='lat' dir='ltr'><strong>docet</strong></span> <span class='ocrx_word' id='word_1_874' title='bbox 3403 4886 3700 4951; x_wconf 81' lang='lat' dir='ltr'><strong>Apostolus</strong></span> <span class='ocrx_word' id='word_1_875' title='bbox 3731 4888 3790 4939; x_wconf 91' lang='lat' dir='ltr'><strong>in</strong></span> 
     </span>
    </p>
   </div>
   <div class='ocr_carea' id='block_1_121' title="bbox 2197 4953 3794 5023">
    <p class='ocr_par' dir='ltr' id='par_1_121' title="bbox 2197 4953 3794 5023">
     <span class='ocr_line' id='line_1_121' title="bbox 2197 4953 3794 5023; baseline 0.001 -15"><span class='ocrx_word' id='word_1_876' title='bbox 2197 4954 2478 5023; x_wconf 86' lang='lat' dir='ltr'><strong>Epistolis,</strong></span> <span class='ocrx_word' id='word_1_877' title='bbox 2504 4953 2621 5022; x_wconf 84' lang='lat' dir='ltr'><strong>lege</strong></span> <span class='ocrx_word' id='word_1_878' title='bbox 2650 4963 2859 5009; x_wconf 87' lang='lat' dir='ltr'><strong>tantum</strong></span> <span class='ocrx_word' id='word_1_879' title='bbox 2883 4955 2947 5007; x_wconf 92' lang='lat' dir='ltr'><strong>ad</strong></span> <span class='ocrx_word' id='word_1_880' title='bbox 2977 4955 3204 5019; x_wconf 81' lang='lat' dir='ltr'><strong>gratiam</strong></span> <span class='ocrx_word' id='word_1_881' title='bbox 3231 4955 3552 5022; x_wconf 86' lang='lat' dir='ltr'><strong>disponente</strong></span> <span class='ocrx_word' id='word_1_882' title='bbox 3575 4967 3630 5010; x_wconf 90' lang='lat' dir='ltr'><strong>et</strong></span> <span class='ocrx_word' id='word_1_883' title='bbox 3661 4967 3794 5010; x_wconf 79' lang='lat' dir='ltr'><strong>tam-</strong></span> 
     </span>
    </p>
   </div>
   <div class='ocr_carea' id='block_1_122' title="bbox 2195 5023 3795 5095">
    <p class='ocr_par' dir='ltr' id='par_1_122' title="bbox 2195 5023 3795 5095">
     <span class='ocr_line' id='line_1_122' title="bbox 2195 5023 3795 5095; baseline 0.002 -17"><span class='ocrx_word' id='word_1_884' title='bbox 2195 5041 2357 5092; x_wconf 90' lang='lat' dir='ltr'><strong>quam</strong></span> <span class='ocrx_word' id='word_1_885' title='bbox 2411 5026 2703 5095; x_wconf 66' lang='lat' dir='ltr'><strong>paadagogo</strong></span> <span class='ocrx_word' id='word_1_886' title='bbox 2757 5024 3176 5079; x_wconf 89' lang='lat' dir='ltr'><strong>manuducente.</strong></span> <span class='ocrx_word' id='word_1_887' title='bbox 3207 5023 3362 5080; x_wconf 83' lang='lat' dir='ltr'><strong>Unde</strong></span> <span class='ocrx_word' id='word_1_888' title='bbox 3392 5023 3551 5095; x_wconf 79' lang='lat' dir='ltr'><strong>Joan.</strong></span> <span class='ocrx_word' id='word_1_889' title='bbox 3585 5042 3599 5080; x_wconf 87' lang='grc' dir='ltr'><strong><em>ι</em></strong></span> <span class='ocrx_word' id='word_1_890' title='bbox 3628 5028 3795 5081; x_wconf 66' lang='grc' dir='ltr'><strong>ει)κο-</strong></span> 
     </span>
    </p>
   </div>
   <div class='ocr_carea' id='block_1_123' title="bbox 2194 5094 3794 5166">
    <p class='ocr_par' dir='ltr' id='par_1_123' title="bbox 2194 5094 3794 5166">
     <span class='ocr_line' id='line_1_123' title="bbox 2194 5094 3794 5166; baseline 0.003 -18"><span class='ocrx_word' id='word_1_891' title='bbox 2194 5095 2309 5150; x_wconf 90' lang='lat' dir='ltr'><strong>lute</strong></span> <span class='ocrx_word' id='word_1_892' title='bbox 2337 5105 2391 5150; x_wconf 90' lang='lat' dir='ltr'><strong>et</strong></span> <span class='ocrx_word' id='word_1_893' title='bbox 2425 5110 2521 5162; x_wconf 87' lang='lat' dir='ltr'><strong>per</strong></span> <span class='ocrx_word' id='word_1_894' title='bbox 2550 5094 2861 5150; x_wconf 88' lang='lat' dir='ltr'><strong>antithesim</strong></span> <span class='ocrx_word' id='word_1_895' title='bbox 2889 5095 3089 5150; x_wconf 87' lang='lat' dir='ltr'><strong>dicitur</strong></span> <span class='ocrx_word' id='word_1_896' title='bbox 3115 5113 3127 5148; x_wconf 93' lang='lat'>:</span> <span class='ocrx_word' id='word_1_897' title='bbox 3166 5095 3272 5166; x_wconf 75' lang='lat' dir='ltr'><strong>Lex</strong></span> <span class='ocrx_word' id='word_1_898' title='bbox 3298 5112 3386 5164; x_wconf 87' lang='lat' dir='ltr'><strong>per</strong></span> <span class='ocrx_word' id='word_1_899' title='bbox 3417 5094 3637 5166; x_wconf 77' lang='lat' dir='ltr'><strong>Moysen</strong></span> <span class='ocrx_word' id='word_1_900' title='bbox 3669 5099 3794 5152; x_wconf 89' lang='lat' dir='ltr'><strong>da.&#39;a</strong></span> 
     </span>
    </p>
   </div>
   <div class='ocr_carea' id='block_1_124' title="bbox 2195 5165 3790 5238">
    <p class='ocr_par' dir='ltr' id='par_1_124' title="bbox 2195 5165 3790 5238">
     <span class='ocr_line' id='line_1_124' title="bbox 2195 5165 3790 5238; baseline 0.001 -18"><span class='ocrx_word' id='word_1_901' title='bbox 2195 5176 2271 5220; x_wconf 86' lang='lat' dir='ltr'><strong>est</strong></span> <span class='ocrx_word' id='word_1_902' title='bbox 2298 5182 2317 5220; x_wconf 91' lang='lat'><strong><em>:</em></strong></span> <span class='ocrx_word' id='word_1_903' title='bbox 2349 5166 2531 5220; x_wconf 74' lang='lat' dir='ltr'><strong>Gratia</strong></span> <span class='ocrx_word' id='word_1_904' title='bbox 2563 5177 2608 5220; x_wconf 89' lang='lat' dir='ltr'><strong>et</strong></span> <span class='ocrx_word' id='word_1_905' title='bbox 2636 5167 2822 5220; x_wconf 87' lang='lat' dir='ltr'><strong>veritas</strong></span> <span class='ocrx_word' id='word_1_906' title='bbox 2866 5184 2957 5238; x_wconf 88' lang='lat' dir='ltr'><strong>per</strong></span> <span class='ocrx_word' id='word_1_907' title='bbox 2985 5166 3168 5221; x_wconf 83' lang='lat' dir='ltr'><strong>Jesum</strong></span> <span class='ocrx_word' id='word_1_908' title='bbox 3201 5165 3460 5222; x_wconf 83' lang='lat' dir='ltr'><strong>Christum</strong></span> <span class='ocrx_word' id='word_1_909' title='bbox 3505 5165 3646 5236; x_wconf 74' lang='lat' dir='ltr'><strong>facta</strong></span> <span class='ocrx_word' id='word_1_910' title='bbox 3693 5179 3790 5234; x_wconf 79' lang='lat' dir='ltr'><strong>est,</strong></span> 
     </span>
    </p>
   </div>
   <div class='ocr_carea' id='block_1_125' title="bbox 2195 5238 2700 5310">
    <p class='ocr_par' dir='ltr' id='par_1_125' title="bbox 2195 5238 2700 5310">
     <span class='ocr_line' id='line_1_125' title="bbox 2195 5238 2700 5310; baseline 0.006 -20"><span class='ocrx_word' id='word_1_911' title='bbox 2195 5251 2304 5310; x_wconf 82' lang='lat' dir='ltr'><strong>non</strong></span> <span class='ocrx_word' id='word_1_912' title='bbox 2336 5253 2430 5306; x_wconf 91' lang='lat' dir='ltr'><strong>per</strong></span> <span class='ocrx_word' id='word_1_913' title='bbox 2460 5238 2700 5310; x_wconf 74' lang='lat' dir='ltr'><strong>Moysen.</strong></span> 
     </span>
    </p>
   </div>
   <div class='ocr_carea' id='block_1_126' title="bbox 2269 5305 3792 5379">
    <p class='ocr_par' dir='ltr' id='par_1_126' title="bbox 2269 5305 3792 5379">
     <span class='ocr_line' id='line_1_126' title="bbox 2269 5305 3792 5379; baseline 0 -17"><span class='ocrx_word' id='word_1_914' title='bbox 2269 5305 2296 5343; x_wconf 74' lang='grc' dir='ltr'>ἀ</span> <span class='ocrx_word' id='word_1_915' title='bbox 2339 5305 2596 5374; x_wconf 75' lang='lat' dir='ltr'><strong>Quamvis</strong></span> <span class='ocrx_word' id='word_1_916' title='bbox 2643 5308 2935 5364; x_wconf 88' lang='lat' dir='ltr'><strong>Ciaconius</strong></span> <span class='ocrx_word' id='word_1_917' title='bbox 2963 5308 3109 5364; x_wconf 91' lang='lat' dir='ltr'><strong>hunc</strong></span> <span class='ocrx_word' id='word_1_918' title='bbox 3139 5309 3320 5364; x_wconf 88' lang='lat' dir='ltr'><strong>locum</strong></span> <span class='ocrx_word' id='word_1_919' title='bbox 3366 5319 3659 5379; x_wconf 89' lang='lat' dir='ltr'><strong>utcumque</strong></span> <span class='ocrx_word' id='word_1_920' title='bbox 3693 5311 3792 5363; x_wconf 81' lang='lat' dir='ltr'><strong>de-</strong></span> 
     </span>
    </p>
   </div>
   <div class='ocr_carea' id='block_1_127' title="bbox 2197 5378 3787 5442">
    <p class='ocr_par' dir='ltr' id='par_1_127' title="bbox 2197 5378 3787 5442">
     <span class='ocr_line' id='line_1_127' title="bbox 2197 5378 3787 5442; baseline -0.001 -10"><span class='ocrx_word' id='word_1_921' title='bbox 2197 5378 2422 5434; x_wconf 80' lang='lat' dir='ltr'><strong>fendere</strong></span> <span class='ocrx_word' id='word_1_922' title='bbox 2453 5391 2506 5435; x_wconf 87' lang='lat' dir='ltr'><strong>et</strong></span> <span class='ocrx_word' id='word_1_923' title='bbox 2538 5379 2606 5434; x_wconf 92' lang='lat' dir='ltr'><strong>ab</strong></span> <span class='ocrx_word' id='word_1_924' title='bbox 2633 5395 2819 5436; x_wconf 91' lang='lat' dir='ltr'><strong>errore</strong></span> <span class='ocrx_word' id='word_1_925' title='bbox 2855 5390 2910 5434; x_wconf 90' lang='lat' dir='ltr'><strong>et</strong></span> <span class='ocrx_word' id='word_1_926' title='bbox 2942 5381 3172 5434; x_wconf 86' lang='lat' dir='ltr'><strong>falsitate</strong></span> <span class='ocrx_word' id='word_1_927' title='bbox 3203 5380 3483 5435; x_wconf 87' lang='lat' dir='ltr'><strong>vindicare</strong></span> <span class='ocrx_word' id='word_1_928' title='bbox 3523 5378 3787 5442; x_wconf 78' lang='lat' dir='ltr'><strong>conetur,</strong></span> 
     </span>
    </p>
   </div>
   <div class='ocr_carea' id='block_1_128' title="bbox 2198 5450 3792 5521">
    <p class='ocr_par' dir='ltr' id='par_1_128' title="bbox 2198 5450 3792 5521">
     <span class='ocr_line' id='line_1_128' title="bbox 2198 5450 3792 5521; baseline -0.001 -17"><span class='ocrx_word' id='word_1_929' title='bbox 2198 5460 2380 5504; x_wconf 90' lang='lat' dir='ltr'><strong>tamen</strong></span> <span class='ocrx_word' id='word_1_930' title='bbox 2417 5451 2525 5505; x_wconf 90' lang='lat' dir='ltr'><strong>duo</strong></span> <span class='ocrx_word' id='word_1_931' title='bbox 2557 5460 2683 5504; x_wconf 90' lang='lat' dir='ltr'><strong>sunt</strong></span> <span class='ocrx_word' id='word_1_932' title='bbox 2713 5450 2799 5506; x_wconf 92' lang='lat' dir='ltr'><strong>hic</strong></span> <span class='ocrx_word' id='word_1_933' title='bbox 2835 5467 2954 5521; x_wconf 80' lang='lat' dir='ltr'><strong>quae</strong></span> <span class='ocrx_word' id='word_1_934' title='bbox 2982 5453 3112 5506; x_wconf 91' lang='lat' dir='ltr'><strong>mibi</strong></span> <span class='ocrx_word' id='word_1_935' title='bbox 3144 5453 3395 5506; x_wconf 90' lang='lat' dir='ltr'><strong>videntur</strong></span> <span class='ocrx_word' id='word_1_936' title='bbox 3430 5453 3792 5520; x_wconf 77' lang='lat' dir='ltr'><strong>castigatione</strong></span> 
     </span>
    </p>
   </div>
   <div class='ocr_carea' id='block_1_129' title="bbox 2198 5522 3787 5591">
    <p class='ocr_par' dir='ltr' id='par_1_129' title="bbox 2198 5522 3787 5591">
     <span class='ocr_line' id='line_1_129' title="bbox 2198 5522 3787 5591; baseline -0.002 -14"><span class='ocrx_word' id='word_1_937' title='bbox 2198 5522 2372 5591; x_wconf 84' lang='lat' dir='ltr'><strong>magis</strong></span> <span class='ocrx_word' id='word_1_938' title='bbox 2403 5537 2562 5590; x_wconf 89' lang='lat' dir='ltr'><strong>quam</strong></span> <span class='ocrx_word' id='word_1_939' title='bbox 2604 5532 2950 5576; x_wconf 77' lang='lat' dir='ltr'><strong>excusatione</strong></span> <span class='ocrx_word' id='word_1_940' title='bbox 2993 5537 3058 5577; x_wconf 88' lang='lat' dir='ltr'><strong>ac</strong></span> <span class='ocrx_word' id='word_1_941' title='bbox 3093 5522 3408 5577; x_wconf 87' lang='lat' dir='ltr'><strong>defensione</strong></span> <span class='ocrx_word' id='word_1_942' title='bbox 3440 5524 3621 5591; x_wconf 76' lang='lat' dir='ltr'><strong>digna.</strong></span> <span class='ocrx_word' id='word_1_943' title='bbox 3669 5523 3787 5575; x_wconf 82' lang='lat' dir='ltr'><strong>Pri-</strong></span> 
     </span>
    </p>
   </div>
   <div class='ocr_carea' id='block_1_130' title="bbox 2199 5593 3791 5662">
    <p class='ocr_par' dir='ltr' id='par_1_130' title="bbox 2199 5593 3791 5662">
     <span class='ocr_line' id='line_1_130' title="bbox 2199 5593 3791 5662; baseline -0.001 -15"><span class='ocrx_word' id='word_1_944' title='bbox 2199 5608 2369 5652; x_wconf 89' lang='lat' dir='ltr'><strong>mum.</strong></span> <span class='ocrx_word' id='word_1_945' title='bbox 2403 5610 2510 5646; x_wconf 89' lang='lat' dir='ltr'><strong>non</strong></span> <span class='ocrx_word' id='word_1_946' title='bbox 2542 5593 2707 5646; x_wconf 82' lang='lat' dir='ltr'><strong>fuisse</strong></span> <span class='ocrx_word' id='word_1_947' title='bbox 2737 5593 2804 5644; x_wconf 91' lang='lat' dir='ltr'><strong>ab</strong></span> <span class='ocrx_word' id='word_1_948' title='bbox 2839 5595 3098 5659; x_wconf 80' lang='lat' dir='ltr'><strong>aposmlis</strong></span> <span class='ocrx_word' id='word_1_949' title='bbox 3132 5599 3182 5647; x_wconf 89' lang='lat' dir='ltr'><strong>in</strong></span> <span class='ocrx_word' id='word_1_950' title='bbox 3217 5597 3344 5660; x_wconf 88' lang='lat' dir='ltr'><strong>ipsis</strong></span> <span class='ocrx_word' id='word_1_951' title='bbox 3376 5595 3637 5647; x_wconf 72' lang='lat' dir='ltr'><strong>Ecclesia:</strong></span> <span class='ocrx_word' id='word_1_952' title='bbox 3679 5593 3791 5662; x_wconf 86' lang='lat' dir='ltr'><strong>pri-</strong></span> 
     </span>
    </p>
   </div>
   <div class='ocr_carea' id='block_1_131' title="bbox 2199 5664 3788 5733">
    <p class='ocr_par' dir='ltr' id='par_1_131' title="bbox 2199 5664 3788 5733">
     <span class='ocr_line' id='line_1_131' title="bbox 2199 5664 3788 5733; baseline 0.001 -16"><span class='ocrx_word' id='word_1_953' title='bbox 2199 5664 2425 5717; x_wconf 90' lang='lat' dir='ltr'><strong>mordiis</strong></span> <span class='ocrx_word' id='word_1_954' title='bbox 2455 5665 2611 5716; x_wconf 89' lang='lat' dir='ltr'><strong>latam</strong></span> <span class='ocrx_word' id='word_1_955' title='bbox 2637 5664 2808 5733; x_wconf 80' lang='lat' dir='ltr'><strong>legem</strong></span> <span class='ocrx_word' id='word_1_956' title='bbox 2836 5665 2902 5718; x_wconf 83' lang='lat' dir='ltr'><strong>tle</strong></span> <span class='ocrx_word' id='word_1_957' title='bbox 2928 5666 3302 5719; x_wconf 86' lang='lat' dir='ltr'><strong>observatione</strong></span> <span class='ocrx_word' id='word_1_958' title='bbox 3324 5666 3788 5732; x_wconf 68' lang='lat' dir='ltr'><strong>Quadi-agesimzr,</strong></span> 
     </span>
    </p>
   </div>
   <div class='ocr_carea' id='block_1_132' title="bbox 2195 5735 3788 5804">
    <p class='ocr_par' dir='ltr' id='par_1_132' title="bbox 2195 5735 3788 5804">
     <span class='ocr_line' id='line_1_132' title="bbox 2195 5735 3788 5804; baseline 0 -14"><span class='ocrx_word' id='word_1_959' title='bbox 2195 5735 2293 5790; x_wconf 80' lang='lat' dir='ltr'><strong>sed</strong></span> <span class='ocrx_word' id='word_1_960' title='bbox 2325 5735 2717 5804; x_wconf 88' lang='lat' dir='ltr'><strong>posterioribus</strong></span> <span class='ocrx_word' id='word_1_961' title='bbox 2749 5737 3084 5801; x_wconf 77' lang='lat' dir='ltr'><strong>temporibus</strong></span> <span class='ocrx_word' id='word_1_962' title='bbox 3111 5753 3140 5790; x_wconf 87' lang='lat' dir='ltr'><strong>a</strong></span> <span class='ocrx_word' id='word_1_963' title='bbox 3174 5737 3569 5798; x_wconf 85' lang='lat' dir='ltr'><strong>sacerdotibus,</strong></span> <span class='ocrx_word' id='word_1_964' title='bbox 3598 5737 3649 5804; x_wconf 89' lang='lat' dir='ltr'><strong>id</strong></span> <span class='ocrx_word' id='word_1_965' title='bbox 3683 5745 3788 5803; x_wconf 81' lang='lat' dir='ltr'><strong>est,</strong></span> 
     </span>
    </p>
   </div>
   <div class='ocr_carea' id='block_1_133' title="bbox 2193 5803 3789 5879">
    <p class='ocr_par' dir='ltr' id='par_1_133' title="bbox 2193 5803 3789 5879">
     <span class='ocr_line' id='line_1_133' title="bbox 2193 5803 3789 5879; baseline 0.002 -18"><span class='ocrx_word' id='word_1_966' title='bbox 2193 5803 2467 5876; x_wconf 79' lang='lat' dir='ltr'><strong>episcopis</strong></span> <span class='ocrx_word' id='word_1_967' title='bbox 2496 5804 2666 5863; x_wconf 78' lang='lat' dir='ltr'><strong>fuisse</strong></span> <span class='ocrx_word' id='word_1_968' title='bbox 2696 5808 2996 5865; x_wconf 85' lang='lat' dir='ltr'><strong>institutam</strong></span> <span class='ocrx_word' id='word_1_969' title='bbox 3037 5807 3272 5879; x_wconf 89' lang='lat' dir='ltr'><strong>(Bellar.</strong></span> <span class='ocrx_word' id='word_1_970' title='bbox 3315 5808 3405 5862; x_wconf 84' lang='lat' dir='ltr'><strong>tib.</strong></span> <span class='ocrx_word' id='word_1_971' title='bbox 3440 5823 3478 5863; x_wconf 90' lang='grc' dir='ltr'><strong>ιι</strong></span> <span class='ocrx_word' id='word_1_972' title='bbox 3517 5807 3584 5863; x_wconf 90' lang='lat' dir='ltr'><strong>de</strong></span> <span class='ocrx_word' id='word_1_973' title='bbox 3625 5803 3789 5868; x_wconf 78' lang='lat' dir='ltr'><strong>Bonis</strong></span> 
     </span>
    </p>
   </div>
  </div>
