4092 6322
486 352 625 414 1211

1553 356 1834 415 JOANNIS
1870 355 2189 416 CASSIANI
2224 356 2725 419 COLLATIONES.

3645 351 3792 421 1212

484 481 581 540 est,
622 478 677 527 ut
712 476 761 528 et
798 474 885 540 qui
930 470 1116 528 habent
1156 484 1360 537 uxores,
1395 480 1657 545 tamquam
1686 490 1791 528 non
1837 471 2083 531 habentes
2110 481 2157 541 Α
2188 475 2381 551 (Rom.
2412 473 2500 551 v),
2534 491 2752 536 omnem
2782 477 3005 541 alterius
3032 478 3296 551 cuiusque
3323 475 3415 541 rei
3434 475 3673 541 excludit
3697 475 3789 536 af-

484 568 589 623 sint
616 564 669 639 (I
697 565 818 623 Cor.
851 576 981 637 vn).
1016 558 1127 622 Lex
1154 564 1288 621 dicit
1315 582 1329 621 :
1360 561 1598 622 Decimus
1620 576 1732 622 tuas
1754 575 1803 621 et
1828 567 2084 639 primitias

487 679 592 719 non
629 663 859 718 tardabis
888 660 1074 730 oﬂ'erre
1103 654 1309 735 (Exod.
1341 660 1500 731 xxtt).
1530 660 1734 733 Gratia,
1773 661 1833 718 Si
1860 662 1935 717 vis
1962 678 2110 736 ριν--⁴

484 759 651 827 fectus
676 772 804 825 esse,
839 756 964 809 vade
993 763 1042 809 et
1070 755 1229 809 vende
1255 755 1427 808 omnia
1448 771 1564 826 qua?
1586 754 1763 822 habes,
1787 764 1834 809 et
1861 753 1929 808 da
1953 772 2087 829 pau-

484 850 691 919 paribus
730 840 959 920 (Matth.
1009 848 1147 919 xix).
1179 858 1203 885 ι
1250 846 1363 903 Lex
1404 850 1664 904 talionem
1719 848 2085 904 conviciorum

482 951 539 997 et
567 940 883 1011 iniuriarum
917 956 1023 995 non
1068 940 1315 1010 prohibet
1346 938 1612 995 ultionem
1638 981 1652 1005 ,
1694 938 1883 995 dicens
1912 958 1925 993 :
1952 939 2088 995 Ocu-

481 1036 590 1090 lum
620 1050 715 1101 pro
747 1036 919 1102 oculo,
942 1038 1146 1091 dentem
1174 1050 1267 1103 pro
1292 1034 1447 1089 dente
1476 1032 1686 1106 (Exod.
1718 1033 1866 1107 χιι).
1899 1033 2087 1090 Gratia

483 1128 1015 1198 congeminationem
1046 1128 1367 1197 injuriaruin
1416 1128 1498 1182 vel
1544 1126 1708 1182 cmdis
1734 1143 1855 1198 qum
1888 1124 2089 1184 fuerint

481 1217 751 1289 irrogata,
785 1228 968 1274 nostra
1004 1218 1259 1287 patientia
1303 1220 1413 1273 vult
1453 1217 1704 1288 probari,
1738 1226 1792 1274 et
1831 1217 1899 1274 ad
1927 1216 1955 1257 ³
1984 1219 2087 1273 du-

482 1313 643 1385 plicis
671 1311 941 1385 dispendii
976 1313 1321 1369 tolerantiam
1356 1324 1578 1391 paratos
1610 1330 1733 1371 esse
1768 1329 1867 1370 nos
1890 1313 2085 1387 princi-

483 1406 566 1479 pit
593 1426 605 1460 :
634 1406 739 1474 Qui
764 1416 813 1462 te
841 1409 1172 1478 percusserit,
1200 1408 1473 1479 inquiens,
1504 1408 1561 1462 in
1589 1410 1859 1463 dexteram
1895 1408 2086 1462 maxil-

485 1501 610 1567 lam,
642 1501 810 1570 prtebe
840 1502 884 1555 ei
916 1511 961 1556 et
989 1501 1241 1568 alteram;
1271 1512 1317 1555 et
1345 1498 1424 1555 illi
1444 1500 1534 1572 qui
1561 1501 1672 1555 vult
1703 1509 1871 1556 tecum
1885 1500 2088 1573 judicio

485 1595 819 1662 contendere,
837 1603 884 1649 et
903 1596 1127 1649 tunicam
1149 1604 1292 1649 tuam
1314 1595 1512 1661 tollere,
1537 1594 1733 1649 dimitte
1748 1596 1793 1648 ei
1809 1603 1855 1648 et
1871 1595 2090 1664 pallium

485 1688 719 1761 (Matth.
761 1690 849 1759 v).
904 1689 998 1744 Illa
1032 1700 1055 1728 ε
1103 1689 1355 1745 inimicos
1394 1689 1519 1744 odio
1566 1688 1846 1744 habendos
1883 1687 2085 1763 (Levit.

489 1798 581 1839 ιιι
603 1785 622 1855 )
648 1799 663 1837 ;
694 1782 809 1838 haec
837 1782 912 1837 ita
958 1780 1263 1851 diligendus
1293 1796 1413 1837 esse
1444 1782 1709 1847 decernit,
1741 1792 1797 1835 ut
1827 1796 1924 1852 pro
1954 1780 2088 1851 ipsis

2189 570 2423 639 fectum;
2462 586 2562 628 nec
2594 580 2769 644 potest
2795 582 2890 628 aut
2916 572 3084 628 vetita
3113 571 3524 642 concupiscere.
3557 582 3653 631 aut
3680 572 3788 628 im-

2190 674 2381 739 perata
2406 674 2798 733 contemnere;
2829 664 2988 737 cujus
3032 672 3206 721 totum
3234 663 3477 721 studium
3503 671 3791 733 totumque

2189 759 2525 817 desiderium
2571 759 2756 815 divino
2795 758 2971 815 amori
2997 772 3220 829 semper
3266 757 3535 819 intentum
3559 796 3577 823 ,
3612 770 3791 828 usque

2187 853 2325 911 adeo
2346 854 2529 910 vilium
2553 867 2735 908 rerum
2755 851 3125 909 oblectatione
3146 864 3256 907 non
3275 848 3512 920 capitur,
3541 857 3605 911 ut
3621 851 3791 907 etiam

2188 944 2274 1001 his
2300 960 2422 1016 qua:
2449 958 2710 1003 concessa
2741 951 2889 1011 sunt,
2928 958 3037 1001 non
3068 952 3249 1003 utatur
3270 939 3320 996 ἀ.
3348 941 3408 1000 In
3453 940 3574 1015 lege
3602 951 3789 997 autem

2188 1039 2244 1095 in
2277 1054 2378 1109 qua
2408 1038 2781 1111 coniugiorum
2815 1036 2940 1109 jura
2988 1043 3298 1103 servantur,
3340 1035 3591 1106 quamvis
3629 1033 3792 1091 cohi-

2188 1130 2298 1187 bita
2345 1130 2572 1189 luxuria:
2603 1132 2849 1201 evagatio
2894 1129 2986 1189 uni
3017 1136 3223 1185 tantum
3257 1127 3471 1185 femina
3508 1127 3792 1195 mancipa-

2189 1230 2296 1292 tur,
2348 1229 2529 1281 tamen
2578 1238 2916 1297 nequaquam
2965 1230 3192 1295 possunt
3241 1221 3482 1281 carnalis
3521 1222 3793 1290 concupi-

2189 1315 2413 1373 scentis:
2435 1316 2612 1371 aculei
2639 1331 2746 1375 non
2777 1316 2981 1389 vigere,
3005 1323 3062 1372 et
3081 1312 3304 1371 difficile
3320 1322 3408 1370 est
3438 1320 3499 1367 ut
3522 1314 3662 1384 ignis
3697 1311 3793 1367 cui

2189 1410 2353 1467 etiam
2415 1411 2658 1466 studiose
2722 1409 2920 1481 pabulo
2977 1416 3373 1481 suggeruntur,
3421 1405 3496 1461 ita
3551 1404 3796 1476 praefixis

2192 1502 2439 1560 terminis
2480 1502 2823 1570 includatur,
2869 1509 2928 1556 ut
2968 1515 3078 1557 non
3125 1502 3288 1556 etiam
3330 1505 3485 1555 extra
3532 1508 3799 1565 evagatus

2190 1597 2441 1653 amburat
2466 1595 2643 1670 [Lips.
2677 1598 2731 1651 in
2762 1612 2932 1669 marg.
2966 1592 3192 1666 adurat]
3228 1592 3491 1665 quidquid
3527 1592 3796 1663 attigerit.

2189 1686 2290 1745 Cui
2314 1689 2478 1745 etiam
2502 1688 2548 1744 si
2573 1704 2676 1744 sua
2695 1686 2784 1744 illa
2809 1687 2884 1743 ita
2915 1703 3134 1758 semper
3161 1694 3418 1743 occurrat
3444 1684 3705 1754 obiectio,
3732 1691 3801 1738 ut

2190 1794 2496 1839 exaestuare
2522 1783 2860 1838 extrinsecus
2882 1795 2991 1836 non
3013 1780 3247 1850 sinatur,
3270 1788 3451 1835 tamen
3477 1777 3640 1833 etiam
3664 1775 3803 1831 dum

488 1877 648 1933 etiam
682 1876 793 1932 Deo
818 1890 1037 1945 semper
1059 1886 1281 1930 censeat
1307 1874 1723 1944 supplicandum
1748 1871 1968 1946 (Matth.
2004 1873 2084 1945 v).
2118 1866 2167 1933 Β
2192 1875 2501 1943 cohibetur,
2527 1874 2796 1941 incendit;
2822 1875 2947 1946 quia
2965 1875 3215 1929 voluntas
3242 1870 3352 1947 [AL
3382 1867 3654 1942 voluptas]
3675 1869 3802 1940 ipsa

1030 1964 1259 2023 CAPUT
1299 1964 1542 2023 XXXIII.

636 2060 788 2127 Quod
815 2060 1009 2115 leviora
1040 2056 1305 2131 Evangelii
1331 2068 1590 2132 praecepta
1613 2075 1766 2131 quam
1791 2060 1941 2131 legis.

564 2152 819 2223 Quisquis
852 2156 1011 2223 igitur
1045 2153 1148 2208 hoc
1194 2153 1532 2223 Evangelicm
1577 2152 1923 2223 perfecﬁonis
1968 2150 2087 2207 cul—

493 2261 617 2301 tnen
659 2245 988 2312 ascenderit,
1041 2246 1143 2301 iste
1174 2244 1416 2315 profecto
1456 2260 1615 2315 supra
1656 2259 1871 2300 omnem
1914 2244 2087 2315 legem

490 2346 760 2392 tantarum
806 2339 1063 2393 virtutum
1109 2339 1323 2394 meritis
1352 2338 1698 2404 sublimatus,
1739 2350 1795 2394 et
1837 2339 2089 2394 universa

491 2445 609 2503 qua:
640 2446 735 2500 per
762 2432 981 2503 Moysen
1028 2437 1305 2503 praecepta
1335 2441 1462 2486 sunt
1506 2431 1661 2502 quasi
1710 2446 1873 2502 parva
1906 2430 2089 2502 despi-

491 2525 667 2588 ciens,
698 2533 902 2580 tantum
928 2526 1029 2580 sub
1048 2526 1220 2596 gratia
1242 2525 1537 2583 Salvatoris
1563 2541 1623 2582 se
1645 2541 1768 2583 esse
1788 2528 2088 2599 cognoscit,

493 2618 649 2687 cujus
693 2619 966 2689 adjutorio
997 2632 1055 2674 se
1098 2619 1164 2674 ad
1195 2620 1342 2674 illum
1391 2619 1841 2675 snblimissimnm
1890 2630 2090 2675 statum

494 2710 751 2783 intelligit
780 2711 1114 2781 pervenisse.
1150 2712 1264 2768 Non
1295 2728 1424 2783 ergo
1452 2714 1765 2769 dominatur
1791 2715 1843 2768 in
1872 2729 1937 2770 eo
1967 2729 2092 2785 pce-

496 2815 698 2871 catum,
729 2807 851 2878 quia
874 2806 1113 2860 Charitas
1140 2805 1237 2863 Dei
1263 2821 1384 2878 qua:
1405 2806 1607 2863 diﬁ‘usa
1637 2817 1720 2862 est
1751 2808 1805 2862 in
1834 2807 2091 2865 cordibus

496 2898 722 2966 nostris,
755 2907 844 2968 per
882 2896 1144 2962 Spiritum
1177 2907 1456 2967 sanctum,
1489 2899 1580 2971 qui
1612 2898 1771 2954 datus
1813 2908 1895 2954 est
1936 2898 2094 2956 nobis

2195 1977 2485 2049 culpabilis
2506 1986 2610 2042 est,
2631 1986 2687 2034 et
2706 1975 2773 2031 ad
2798 1976 3172 2033 velocissimos
3190 1973 3583 2031 adulteriorum
3611 1982 3805 2042 rapta-

2196 2088 2287 2141 tur
2315 2093 2575 2137 excessus
2612 2077 2954 2137 consuetudo
2980 2076 3323 2134 concubitus.
3353 2075 3620 2132 Catonum
3654 2088 3804 2145 quos

2194 2184 2368 2253 gratis
2401 2184 2704 2242 Salvatoris
2732 2191 2922 2247 sancto
2958 2178 3387 2252 incorruptionis
3425 2192 3617 2235 amore
3641 2177 3803 2233 Batn-

2196 2286 2459 2355 moverit,
2495 2286 2571 2344 ita
2609 2299 2801 2341 omnes
2837 2283 3135 2341 carnalium
3171 2282 3571 2340 desideriorum
3607 2280 3804 2351 spinas

2194 2388 2494 2445 Dominicae
2524 2387 2803 2444 charitatis
2833 2386 2957 2457 igne
2984 2393 3331 2451 consumunt,
3360 2391 3418 2439 ut
3458 2395 3561 2437 nec
3603 2389 3803 2451 tepens

2194 2489 2375 2546 favilla
2416 2490 2671 2545 vitiorum
2722 2488 3064 2559 refrigerium
3118 2485 3441 2556 integritatis
3487 2484 3797 2539 imminuat.

2195 2592 2353 2665 Legis
2384 2608 2512 2665 ergo
2545 2591 2728 2648 famuli
2756 2591 3033 2647 licitorum
3055 2605 3155 2645 usu
3180 2589 3248 2644 ad
3279 2587 3470 2644 illicita
3499 2585 3804 2657 prolabun-

2196 2708 2305 2767 tur,
2338 2696 2525 2767 gratize
2556 2694 2847 2766 participes
2871 2693 2998 2749 dum
3026 2691 3170 2748 licita
3196 2698 3576 2756 contemnunt,
3609 2686 3804 2745 illicita

2197 2814 2304 2857 non
2335 2806 2629 2854 noverunt.
2660 2796 2812 2854 Sicut
2841 2803 3022 2850 autem
3052 2793 3190 2850 vivit
3214 2794 3266 2848 in
3289 2791 3524 2865 coniugii
3553 2801 3806 2846 amatore

2195 2909 2503 2971 peccatum,
2536 2900 2607 2955 ita
2630 2897 2794 2954 etiam
2822 2898 2880 2953 in
2908 2910 2975 2954 eo
3003 2905 3026 2933 ο
3056 2894 3150 2968 qui
3171 2893 3409 2953 decimas
3438 2906 3568 2953 suas
3597 2901 3657 2950 et
3681 2891 3807 2962 pri.

1534 2998 1830 3073 autem
1866 3012 2097 3073 GAZ/El
2135 3010 2689 3073 conuenumus

581 3115 609 3143 ἰ
640 3107 810 3189 [nimo
852 3122 984 3167 sane
1012 3106 1271 3231 prohibet
1302 3110 1501 3179 cuique
1535 3110 1769 3180 privato,
1798 3117 1855 3165 et
1887 3109 2093 3177 privata

581 3187 848 3231 ctorttate.
894 3189 951 3231 ιιι
996 3178 1133 3231 aias
1180 3179 1385 3231 dictum
1427 3187 1532 3231 est.
1578 3179 1751 3231 Levit.
1808 3196 1896 3231 xtx
1928 3199 1941 3231 :
1972 3178 2093 3231 Non

503 3180 848 3242 auctoritate,
894 3189 951 3233 nt
996 3178 1133 3233 alias
1180 3179 1385 3235 dictum
1414 3178 1551 3236 ’est.‘
1578 3179 1751 3235 Levit.
1808 3196 1896 3234 xix
1928 3199 1941 3234 :
1972 3178 2097 3234 Non

503 3253 604 3307 eris
625 3265 817 3304 memor
846 3251 1058 3322 injuria:
1097 3252 1285 3307 civium
1311 3262 1538 3306 tuorum.
1584 3251 1649 3305 Et
1677 3250 1938 3322 Proverb.
1971 3266 2045 3305 ιιι
2079 3268 2094 3304 :

504 3322 706 3379 Itinera
745 3321 925 3376 eorum
970 3322 1057 3391 qui
1106 3324 1412 3377 memoriam
1462 3324 1680 3377 minent
1727 3321 1992 3394 malefacti
2041 3323 2099 3376 in

507 3401 740 3448 mortem.
793 3394 855 3446 Et
883 3408 1139 3462 quorsum
1183 3394 1310 3449 illud
1357 3395 1760 3449 lieuteronomii
1806 3394 1863 3449 in
1914 3403 2096 3449 nostra

509 3466 763 3536 versione
796 3482 808 3517 :
849 3463 974 3536 Mea
1016 3473 1089 3519 est
1122 3464 1271 3531 ultio,
1316 3476 1362 3520 et
1400 3482 1491 3536 ego
1526 3466 1802 3536 retribuam
1840 3466 1857 3536 (
1889 3463 2096 3520 Denter.

508 3535 719 3605 xxxii)?
741 3534 884 3603 mind
910 3535 1203 3599 Apostolus
1230 3537 1305 3591 ita
1333 3534 1556 3591 retulit:
1588 3534 1723 3589 Mihi
1749 3534 2027 3591 vindictam
2054 3545 2102 3589 et

508 3623 601 3678 ego
644 3606 920 3678 retribuam
965 3605 1152 3675 (Rom.
1184 3610 1311 3676 xit).
1355 3608 1465 3664 Sed
1496 3618 1551 3663 et
1596 3609 1786 3678 quinto
1833 3616 2103 3677 praecepto

558 3677 764 3747 ecalogi
796 3696 809 3732 :
840 3676 961 3731 Non
992 3678 1216 3747 occides,
1250 3679 1570 3748 prohibetur
1597 3676 1704 3734 non
1735 3676 1909 3732 solum
1941 3676 2103 3735 omne

510 3758 920 3814 nocumentum,
963 3747 1105 3817 mind
1133 3747 1346 3819 corpori
1382 3749 1608 3817 proximi
1659 3748 1839 3805 all‘erri
1889 3758 2100 3819 potest,

510 3820 607 3875 sed
622 3828 676 3875 et
693 3822 946 3875 voluntas
965 3820 1079 3889 ipsa
1097 3820 1348 3876 nocendi.
1365 3820 1518 3876 Unde
1533 3821 1825 3875 Cassianus
1841 3820 1959 3888 ipse
1976 3820 2103 3874 alibi

512 3906 578 3946 ex
607 3892 797 3947 iisdem
824 3890 1121 3962 scripturis
1152 3892 1340 3961 probat
1368 3892 1507 3959 quod
1537 3890 1644 3945 Lex
1672 3902 1815 3947 vetus
1842 3892 1973 3944 iram
2002 3904 2106 3944 non

514 3971 715 4016 tantum
742 3963 804 4016 de
843 3960 1051 4029 electu,
1097 3962 1187 4017 sed
1214 3963 1370 4017 etiam
1418 3965 1481 4017 de
1506 3963 1823 4029 cogitatione
1849 3963 2107 4017 convellat

516 4030 669 4104 (Lib.
718 4049 811 4087 vut
857 4031 1099 4087 lnstitut.
1131 4049 1248 4103 cap.
1286 4033 1407 4102 ιι).
1438 4030 1591 4101 Quod
1621 4033 1747 4104 quid
1790 4034 1932 4089 aliud
1971 4043 2054 4087 est
2087 4073 2104 4098 ,

516 4118 676 4172 quam
718 4105 1087 4160 conviciorum
1121 4114 1176 4159 et
1207 4106 1521 4175 injuriarutu
1568 4106 1827 4160 ultionem
1867 4120 1965 4160 seu
2007 4118 2106 4173 ap-

522 4178 748 4245 petitum
776 4175 1028 4230 vindictae
1055 4177 1376 4245 prohiberet
1409 4177 1503 4232 Est
1532 4186 1712 4233 tamen
1743 4176 1842 4231 hac
1870 4175 1926 4230 in
1958 4186 2111 4243 parte

516 4247 680 4301 etiam
713 4263 819 4302 non
862 4260 1024 4315 parva
1072 4245 1377 4303 differentia
1410 4249 1548 4303 inter
1580 4248 1753 4317 legem
1782 4257 2023 4302 veterem
2052 4254 2110 4300 et

520 4332 739 4387 novam.
781 4317 915 4373 Nam
944 4328 1096 4372 vetus
1130 4318 1217 4373 illa
1249 4318 1333 4374 lex
1363 4320 1581 4374 talionis
1609 4320 1725 4374 solo
1756 4331 1931 4387 ptenm
1958 4323 2109 4372 metu

518 4386 771 4444 homines
818 4389 1166 4456 continebat,
1207 4406 1275 4446 ne
1311 4391 1433 4446 aliis
1474 4405 1668 4446 manus
1706 4386 2006 4456 inferrent,
2055 4399 2113 4445 ut

520 4458 941 4531 Chrysostomus
962 4462 1289 4517 observavit.
1321 4465 1391 4519 At
1414 4460 1660 4517 Christus
1688 4475 1861 4516 novus
1899 4460 2113 4529 legisla-

519 4537 606 4586 tor
631 4530 802 4587 voluit
822 4547 919 4604 nos
948 4546 1055 4604 non
1084 4542 1227 4588 metu
1253 4543 1522 4604 tamquam
1555 4546 1745 4604 servos
1755 4574 1771 4604 ε
1802 4533 1894 4587 sed
1924 4546 2112 4604 amore

521 4610 794 4670 tamquam
822 4602 966 4657 ﬁlios
988 4603 1110 4658 duci
1138 4603 1204 4658 ad
1233 4602 1687 4671 benebgendnm:
1721 4602 1841 4657 Non
1864 4603 1998 4658 enim
2022 4618 2111 4656 ac-

521 4677 751 4747 cepimus
772 4675 1013 4746 spiritum
1031 4676 1290 4747 servitutis
1314 4679 1499 4729 iterum
1522 4674 1785 4747 intimare
1815 4690 1833 4729 :
1856 4675 1944 4729 sed
1971 4690 2116 4747 acce-

519 4743 691 4818 pimus
716 4743 955 4818 spiritum
978 4746 1274 4818 adoptionis
1298 4747 1526 4817 ﬁliorum
1562 4745 1655 4800 Dei
1682 4750 1699 4813 (
1722 4743 1877 4799 Rom.
1914 4743 2017 4816 tv).
2052 4745 2115 4800 Et

522 4817 629 4873 non
662 4817 833 4872 solum
861 4817 1048 4873 docuit
1078 4817 1177 4874 nos
1209 4833 1312 4875 n0n
1347 4831 1610 4886 expetere
1644 4817 1973 4885 vindictam,
2022 4832 2116 4871 ve-

521 4904 641 4943 rum
676 4891 836 4943 etiam
870 4892 1140 4958 patienter
1171 4889 1425 4956 iniuriam
1459 4889 1721 4954 tolerare;
1766 4902 1868 4943 nec
1904 4897 2114 4944 tantum

523 4959 782 5031 tolerare,
813 4959 908 5014 sed
937 4968 1147 5029 optare,
1187 4969 1242 5015 et
1284 4960 1351 5015 iis
1376 4960 1617 5030 glmiari.
1649 4959 1891 5026 Denique
1919 4974 2115 5031 percu—

521 5029 677 5101 tienti
700 5045 802 5085 nos
831 5033 885 5084 in
913 5046 1016 5085 una
1046 5032 1262 5085 maxilla
1296 5031 1538 5101 praebere
1559 5040 1614 5085 et
1636 5030 1893 5087 alteram:
1915 5029 2112 5086 volenti

519 5100 754 5174 tunicam
799 5101 955 5174 nobis
976 5101 1211 5174 auferre,
1235 5112 1289 5156 et
1316 5101 1536 5171 pallium
1562 5101 1868 5174 relinquere
1896 5100 2113 5173 (Matth.

516 5173 609 5245 v).
645 5171 769 5226 Non
798 5171 1525 5245 solum,_inquitgApostolus
1554 5171 1747 5244 (supp.
1791 5171 2114 5245 gloriamur)

515 5244 687 5382 spe
713 5245 945 5382 filiorum
973 5242 1095 5311 Dei,
1128 5243 1220 5299 sed
1241 5252 1289 5299 et
1314 5242 1602 5316 gloriamur
1626 5245 1680 5298 in
1702 5242 2117 5300 tribulationibus

601 5332 702 5368 οιιι.
735 5332 765 5366 ν
808 5356 820 5368 .

601 5332 702 5368 om.
735 5332 765 5366 ν
786 5332 820 5368 ι.

590 5318 595 5365 ἶ
636 5332 664 5365 ιι
692 5356 702 5367 .
808 5356 820 5368 .

590 5332 630 5423 ξ
659 5318 886 5442 'I‘u‘nica:
919 5386 1169 5442 videlicet
1205 5395 1260 5443 et
1290 5386 1459 5457 pallii,
1492 5398 1551 5442 ut
1582 5386 1741 5443 modo
1772 5386 1975 5442 dictum
2006 5397 2113 5456 eat,

519 5470 586 5511 ex
622 5457 859 5512 Malthmi
887 5460 1077 5527 quinto
1104 5474 1224 5528 cap.

594 5538 617 5567 ο
661 5528 776 5601 Non
817 5530 904 5585 lex
947 5531 1083 5598 ipsa,
1127 5531 1223 5585 sed
1269 5530 1401 5601 legis
1436 5546 1691 5598 perversa
1739 5531 2116 5598 interpretatio

517 5598 856 5666 Pharisaica,
889 5617 1049 5670 quam
1079 5598 1401 5669 explosit'et
1437 5604 1703 5659 abdicavit
1732 5601 1982 5657 Christus
2027 5603 2113 5658 di-

517 5686 651 5745 cens
684 5671 953 5727 :Audistis
990 5674 1116 5743 quia
1145 5674 1343 5728 dictum
1380 5684 1455 5728 est
1485 5674 1748 5742 antiquis:
1772 5672 1969 5745 Diliges
1992 5692 2115 5745 pro-

520 5744 716 5796 simum
746 5754 913 5811 tuum,
938 5755 990 5799 et
1007 5745 1126 5798 odio
1154 5746 1362 5799 habebis
1387 5747 1651 5798 inimicum
1680 5757 1842 5799 tuum.
1878 5744 2001 5811 Ego
2019 5762 2116 5798 au-

522 5822 622 5867 tem
647 5814 763 5886 dico
786 5816 923 5870 vobis
945 5832 964 5870 :
987 5817 1187 5886 diligite
1209 5817 1443 5870 inimicos
1462 5828 1688 5882 vestros;
1715 5817 1991 5884 benefacite
2008 5816 2111 5884 his,

521 5888 608 5954 qui
636 5885 852 5943 oderunt
882 5904 1001 5955 vos;
1030 5885 1248 5943 et’orate
1272 5902 1365 5957 pro
1393 5888 1827 5960 persequentibus,
1850 5898 1899 5944 et
1923 5890 2114 5945 calum-

2138 4570 2195 4632 D

2203 3111 2460 3171 niantibus
2488 3124 2616 3165 vos:
2646 3119 2703 3165 ut
2731 3110 2846 3165 sitis
2884 3107 2987 3179 lilii
3033 3105 3210 3163 Patris
3241 3106 3418 3174 vestri,
3457 3106 3546 3176 qui
3573 3105 3631 3160 ius
3655 3106 3807 3161 catis

2121 3182 2168 3251 α
2201 3192 2299 3255 est,
2334 3194 2439 3255 etc.
2474 3179 2706 3255 (Matth.
2729 3182 2811 3252 v).

2274 3251 2301 3292 ἀ
2329 3247 2500 3308 Totus
2532 3252 2619 3309 hic
2649 3247 2800 3308 locus
2831 3252 2962 3309 satis
2991 3253 3253 3307 obscurus
3281 3264 3388 3305 non
3420 3250 3517 3304 abs
3557 3262 3615 3305 re
3644 3247 3809 3303 vide-

2203 3334 2293 3380 tur
2333 3324 2543 3380 Gallica
2585 3324 2877 3380 Lavardini
2922 3323 3369 3392 interpretatione
3419 3319 3688 3392 iuvandus
3744 3329 3809 3374 et

2203 3395 2585 3459 elucidaldus,
2616 3411 2737 3465 qua:
2757 3395 2835 3449 sic
2867 3396 3030 3450 habet
3052 3391 3077 3446 :7
3104 3391 3178 3448 0r
3200 3409 3264 3447 en
3296 3393 3346 3446 la
3382 3391 3468 3464 lay
3505 3392 3807 3465 montique,

2203 3485 2267 3523 en
2298 3468 2519 3537 laqucIle
2545 3465 2603 3521 la
2631 3461 2719 3537 [ag
2745 3477 2792 3519 et
2813 3466 2885 3521 les
2912 3466 3110 3520 droicts
3133 3464 3208 3519 du
3238 3461 3600 3537 mariagesont
3622 3461 3811 3515 obser-

2204 3554 2312 3603 ves.
2347 3531 2388 3592 il
2420 3555 2481 3594 ne
2508 3555 2560 3610 se
2587 3531 2708 3610 peni
2736 3538 2869 3608 faire
2896 3554 2992 3608 que
3032 3540 3104 3593 tes
3127 3531 3423 3610 aiguillons
3443 3536 3509 3589 de
3526 3531 3582 3586 la
3601 3549 3810 3610 concu-

2241 3613 2442 3665 iscence
2469 3607 2735 3664 charnelle
2760 3625 2823 3662 ne
2859 3607 3149 3664 retiennent
3178 3607 3294 3662 leur
3316 3607 3529 3677 vigueur
3551 3614 3599 3659 et
3626 3608 3803 3677 force,

2241 3628 2442 3665 iscence
2469 3628 2735 3664 cnarneue
2760 3628 2823 3662 ne
2859 3628 3148 3664 reuennent
3178 3628 3294 3662 teur
3316 3628 3529 3677 urguent
3551 3628 3598 3659 et
3626 3628 3803 3675 (arce,

2205 3628 2324 3737 gica
2360 3682 2484 3753 gu’il
2522 3681 2626 3753 snit
2661 3680 2976 3753 communale
2997 3695 3092 3752 par
3125 3687 3260 3753 ceste
3287 3694 3475 3753 mean
3510 3677 3614 3746 lay,
3653 3676 3717 3728 de
3740 3692 3811 3730 se

2206 3749 2394 3822 borner
2414 3769 2505 3807 sur
2526 3751 2579 3805 la
2601 3750 2690 3822 [ον
2715 3751 2938 3822 promise
2957 3749 3113 3822 dune
3136 3750 3278 3805 settle
3292 3749 3475 3822 [emitte
3490 3757 3538 3802 et
3557 3761 3809 3822 espouse;

2207 3821 2417 3894 diﬁicile
2442 3832 2530 3905 .est
2566 3818 2680 3893 φιβ’
2699 3818 2862 3905 [cfea
2893 3820 3113 3948 (auquel
3153 3822 3207 3874 la
3232 3818 3406 3875 meclse
3427 3827 3476 3873 et
3502 3818 3813 3875 nourriture

2207 3906 2285 3948 est
2312 3892 2665 3948 almtmstréel
2694 3901 2792 3947 sont
2822 3894 2891 3948 tel
2913 3900 3085 3948 ement
3116 3890 3293 3948 borné.
3322 3890 3498 3945 caelos
3524 3898 3573 3945 et
3599 3890 3813 3943 arresté

2207 3890 2288 3951 es?
2312 3890 2665 3964 alministfée)
2694 3890 2792 3947 scit
2822 3890 3085 3964 tellement
3116 3890 3293 3964 borné,
3322 3890 3498 3964 caelos
3524 3898 3573 3945 et
3593 3890 3814 3964 arresté

2206 3983 2271 4020 en
2301 3982 2381 4019 ses
2411 3965 2597 4020 limites
2634 3958 2805 4034 preﬁx
2825 3963 2896 4018 du
2927 3963 3357 4035 mariage,_gu‘en
3376 3958 3697 4035 _s‘estettdant
3726 3976 3814 4035 ass

2209 4036 2425 4099 dehors,
2454 4035 2495 4090 il
2532 4053 2594 4089 ne
2634 4030 2809 4091 brusie
2849 4044 2958 4092 tant
2989 4051 3045 4089 ce
3087 4030 3225 4103 gu'il'
3246 4031 3497 4091 touchera
3523 4047 3544 4088 :
3570 4030 3811 4097 ttuquel,

2209 4106 2443 4163 combien
2488 4123 2586 4177 que
2616 4122 2708 4161 son
2736 4108 2901 4172 obiect
2944 4104 3306 4177 (c’est-t‘t-dire,
3338 4120 3433 4158 son
3460 4110 3722 4177 espousei
3745 4117 3812 4156 sc

2207 4170 2511 4244 represente
2533 4170 3003 4233 tousioursdevant
3025 4193 3140 4247 soy,
3188 4176 3251 4232 de
3280 4177 3433 4247 {agon
3458 4174 3683 4247 qu‘ilue
3703 4170 3813 4247 Iug

2212 4243 2287 4320 est
2318 4250 2504 4320 peruris
2534 4250 2600 4304 de
2632 4249 2831 4305 brusler
2858 4266 2928 4303 au
2968 4243 3190 4320 dehors,
3229 4243 3499 4320 to'utesfois
3592 4243 3811 4310 brusle',

2214 4317 2326 4375 ιον-ε’
2340 4337 2525 4375 mesnte
2546 4320 2669 4387 qu‘il
2689 4337 2749 4376 en
2776 4330 2852 4377 est
2872 4317 3138 4386 empesché
3159 4334 3278 4372 :car
3298 4317 3563 4373 lavoloutd
3583 4330 3815 4370 meantes

2213 4404 2286 4446 est
2314 4391 2589 4466 coulpable
2626 4401 2673 4466 et
2708 4388 3121 4466 reprehensible,
3156 4396 3205 4445 et
3241 4387 3705 4466 _l'_acconstumtmce
3732 4387 3818 4466 de

2216 4459 2586 4518 coucher'avec
2624 4464 2675 4518 la
2705 4459 2910 4533 femine,
2956 4478 3009 4515 se
3052 4459 3450 4533 laisserbientost
3479 4464 3817 4533 transportat

2217 4550 2327 4590 vers
2357 4533 2431 4590 les
2469 4550 2621 4590 exces
2658 4529 2745 4589 des
2789 4529 3090 4588 adulteres:
3120 4532 3253 4587 mnis
3295 4547 3424 4587 ctua:
3449 4547 3544 4598 que
3566 4529 3619 4582 la
3648 4544 3817 4597 grue

2219 4606 2288 4659 dn
2321 4605 2554 4660 Sauveur
2573 4623 2706 4661 aura
2730 4608 3035 4676 enﬂammes
3063 4602 3133 4657 du
3157 4603 3319 4676 soinct
3345 4601 3481 4676 desit
3505 4601 3568 4655 de
3589 4600 3667 4657 vis
3695 4615 3814 4676 non

2219 4693 2539 4750 crorrompue,
2577 4671 2970 4750 consument-get
2988 4675 3297 4750 destruiseat
3326 4671 3578 4750 tellemmt
3601 4686 3698 4750 par

2216 4741 2448 4819 ﬂammei
2478 4747 2541 4804 de
2568 4747 2620 4802 la
2646 4748 2841 4807 Charite
2866 4746 3057 4812 divine,
3090 4754 3253 4819 tantes
3274 4744 3571 4819 lesespines
3589 4741 3681 4797 des
3706 4742 3817 4819 tle-

2217 4812 2318 4893 sirs
2364 4820 2647 4893 charnels,‘
2699 4836 2797 4890 que
2840 4834 3053 4893 meantes
3099 4817 3172 4871 les
3225 4815 3438 4893 ceitdrcs

2219 4890 2445 4944 chaudes
2469 4898 2516 4944 et
2547 4882 2794 4945 tiedes'ne
2820 4889 3109 4943 diminuent
3134 4903 3198 4941 en
3227 4886 3340 4941 rien
3363 4884 3411 4940 le
3438 4882 3816 4954 ralraic'hisse—

2219 4971 2359 5017 ment
2403 4960 2468 5015 de
2496 4959 2610 5017 leur
2637 4962 2811 5017 nureté
2844 4969 2893 5016 et
2930 4961 3224 5013 innocence.
3255 4956 3354 5012 Les
3390 4957 3612 5011 esclares
3638 4953 3818 5009 dauc-

2218 5049 2344 5102 ques
2365 5043 2415 5087 et
2442 5037 2575 5102 serfs
2612 5025 2675 5086 de
2704 5032 2756 5085 la
2792 5034 2877 5102 lay
2910 5031 3131 5102 tombent
3170 5045 3230 5083 en
3256 5027 3435 5102 choses
3463 5025 3672 5102 illicitas
3706 5042 3817 5094 par

2220 5097 2339 5158 ἁδει-
2362 5105 2454 5159 des
2476 5097 2638 5159 licites
2664 5120 2730 5157 ou
2755 5097 3031 5158 licentiées.
3062 5098 3318 5171 Ceuaiqui
3341 5107 3456 5152 sont
3479 5097 3814 5171 paticipasu

2220 5174 2285 5230 de
2327 5176 2379 5231 la
2421 5192 2592 5247 grace,
2645 5190 2713 5247 ou
2743 5174 3000 5229 ministres
3030 5172 3093 5247 de
3135 5165 3446 5243 (frangite,
3479 5165 3606 5224 'lors
3653 5165 3814 5238 qu'ils

2220 5241 2522 5315 niespris'ent
2545 5247 2614 5300 les
2643 5243 2826 5312 licites,
2865 5262 2927 5299 ne.
2956 5241 3171 5315 voulans
3200 5241 3537 5315 aucunemenl
3567 5256 3632 5296 est
3659 5254 3807 5315 uter,

2219 5334 2284 5371 ne
2308 5311 2691 5373 reconnoissent
2719 5334 2782 5371 en
2808 5317 2919 5370 rien
2947 5314 3019 5370 les
3048 5314 3282 5378 illicites,
3310 5320 3359 5367 et
3388 5311 3473 5384 n’g
3510 5311 3814 5384 communi:

2216 5400 2371 5460 queat
2392 5396 2757 5460 raucunement.
2790 5387 2865 5440 θι-
2890 5402 3084 5460 eamme
3113 5385 3161 5460 le
3179 5385 3422 5460 péchevit
3446 5382 3509 5438 en
3537 5384 3682 5460 celug
3712 5382 3813 5449 qui

2218 5454 2352 5515 ainte
2381 5459 2429 5515 le
2456 5460 2723 5535 mariage;
2753 5475 2815 5513 en
2842 5457 3008 5523 pareil
3033 5457 3070 5511 il
3095 5454 3251 5535 einen
3277 5454 3442 5525 celug,
3480 5454 3568 5535 qui
3595 5470 3648 5507 se
3677 5467 3813 5535 con-

2219 5541 2354 5588 tente
2380 5529 2659 5586 settlement
2689 5532 2751 5584 de
2780 5546 2938 5601 payer
2966 5545 3045 5584 ses
3071 5529 3289 5601 decimas
3316 5535 3362 5582 et
3385 5529 3653 5594 prentices,
3689 5533 3805 5601 etc.

2218 5604 2508 5672 [lucusque
2549 5594 3267 5668 Lavardini'interpretatio
3296 5613 3418 5672 non
3465 5594 3802 5667 spernenda,

2216 5690 2317 5731 nec
2347 5669 2575 5743 ingrata,
2604 5680 2667 5727 ut
2687 5688 2885 5741 spero,
2915 5673 3091 5727 futura
3123 5669 3332 5726 lectori.

2292 5755 2315 5783 θ
2342 5738 2429 5801 Ita
2450 5738 2738 5801 Cist-unius
2770 5738 3034 5798 redhibere
3065 5743 3264 5813 posuit,
3292 5756 3394 5812 pro
3422 5755 3531 5809 quo
3565 5738 3657 5813 alii
3676 5738 3809 5813 pcla-

2214 5818 2328 5875 [ius
2348 5833 2470 5873 cum
2498 5818 2777 5886 Dionysio,
2795 5816 3007 5870 reddere
3028 5831 3047 5869 :
3065 5811 3336 5869 manuscr.
3356 5811 3633 5876 nonnulli,
3649 5811 3803 5867 dm.

2216 5888 2313 5946 Est
2341 5900 2522 5945 autem
2564 5885 2846 5945 redhibere
2874 5886 3015 5958 apud
3052 5886 3471 5958 jureconsultos,
3518 5894 3570 5940 ut
3605 5892 3806 5940 auctor
