4092 6322
245 353 390 412 “l3

949 347 1288 404 COLLATIO
1331 345 1472 404 “lt
1503 375 1573 396 --ρ-
1601 345 1694 402 DE
1731 343 2144 404 BEIHSSIONE
2183 344 2768 413 QUINQUAGESlllzﬁ

3361 342 3502 402 {illo

247 467 428 524 mitias
467 473 678 522 tantum
699 464 990 522 adbibere
1023 471 1314 522 cantemus.
1341 472 1464 520 est:
1494 477 1720 520 necesse
1737 464 1906 526 esti;
1925 461 2238 518 rosistedo
2263 477 2544 534 superans,
2573 461 2670 518 sed
2710 461 3018 518 suderendo
3061 461 3340 517 dexteram
3379 475 3506 532 per-

246 561 390 616 enim
417 575 540 614 eum
573 559 696 612 dum
731 558 906 612 tardat
935 565 1028 612 aut
1053 558 1304 628 negligit,
1346 565 1438 612 aut
1467 557 1520 612 in
1565 557 1834 628 qualitate,

246 670 454 725 earum,
485 660 578 708 aut
603 653 658 708 in
682 652 998 722 quantitate,
1025 661 1116 710 aut
1139 653 1194 708 in
1221 651 1529 722 quotidiana
1559 652 1822 706 distribu-

247 750 398 804 tione
425 760 674 818 peccare.
699 745 800 814 Qui
829 745 972 800 enim
991 745 1212 816 jubetur
1234 759 1296 800 ea
1317 760 1436 814 qua:
1467 758 1562 800 sua
1590 752 1714 798 sunt
1743 743 1826 810 in-

246 839 598 910 fatigabiliter
647 837 1010 908 indigentibus
1047 836 1388 902 ministrare,
1419 836 1717 906 quamlibet
1760 849 1822 890 ea

246 947 456 988 summa
485 931 590 988 (ide
629 945 692 988 ac
717 931 1010 988 devotione
1039 929 1338 1000 dispenset.
1381 937 1562 986 tamen
1607 927 1824 984 difﬁcile

245 1036 332 1082 est
359 1036 419 1084 ut
445 1041 550 1084 non
587 1026 818 1096 laqueos
841 1035 1182 1096 peccatorum
1219 1026 1530 1094 frequenter
1559 1023 1820 1080 incurrat.

247 1118 305 1174 In
335 1119 460 1178 illos
478 1133 610 1176 vero
645 1119 738 1190 qui
769 1119 1056 1176 cottsilium
1089 1119 1302 1176 Domini
1325 1133 1434 1174 non
1475 1126 1820 1186 spreverunt,

245 1211 342 1266 sed
373 1227 590 1268 omnem
613 1209 966 1268 substantiam
985 1225 1138 1268 suam
1158 1209 1482 1280 pauperibus
1501 1207 1642 1264 forte
1685 1223 1826 1278 prte—

246 1313 556 1376 erogantes,
579 1311 792 1373 sumpta
815 1317 1094 1364 suaesuce
1115 1301 1426 1372 largitorem
1445 1301 1824 1372 cmlestisgrs-

247 1400 338 1454 tia:
375 1399 798 1468 subsequuntur,
837 1405 1122 1468 peccatum
1175 1411 1282 1452 non
1319 1405 1498 1466 potest
1531 1395 1820 1450 dominari.

243 1491 364 1548 Non
393 1493 538 1546 enim
582 1507 706 1548 cum
737 1491 1138 1561 dispensantem
1185 1499 1425 1548 sacratas
1461 1490 1580 1558 jam
1605 1487 1824 1544 Christo

245 1602 379 1656 opes
407 1599 464 1644 et
493 1586 644 1656 quasi
671 1585 876 1642 alienas
907 1585 994 1654 pia
1017 1583 1402 1638 distributione
1431 1583 1705 1652 pecunias,
1741 1582 1822 1636 iu-

241 1678 424 1734 ﬁdelis
451 1678 706 1736 servandi
735 1677 908 1730 victus
931 1693 1056 1730 cura
1081 1675 1368 1741 mordebit,
1398 1689 1500 1730 nec
1525 1674 1826 1744 eleeosy-

239 1787 328 1828 nae
355 1770 684 1826 hilaritatem
727 1769 908 1838 abiget
939 1777 1132 1824 utresta
1159 1766 1428 1822 cunctatio
1459 1783 1472 1818 :
1521 1766 1648 1836 quia
1679 1765 1822 1836 quod

1926 553 2156 608 cutieuti
2185 554 2500 621 maxillam,
2530 555 2692 609 etiam
2721 555 2944 609 alteram
2975 555 3222 625 praebere
3247 555 3502 610 volunt»

1923 643 2040 700 rius
2061 659 2174 700 non
2195 655 2458 713 moretur,
2487 653 2544 700 et
2567 645 2778 700 volenti
2803 646 3090 701 adversum
3119 660 3178 702 se
3222 647 3290 702 de
3325 645 3502 700 tunica

1925 738 2156 808 litigium
2183 753 2552 808 commovere,
2581 739 2814 794 remittit
2841 749 2894 794 et
2921 739 3163 808 pallium,
3193 738 3392 808 quique
3423 739 3504 792 di-

1925 829 2318 900 ligitiuiuiens
2349 845 2500 896 suos,
2529 840 2588 886 et
2609 841 2734 887 orat
2777 847 2876 902 pro
2918 831 3378 886 calumniantibus
3419 847 3499 896 se,

1926 921 2014 977 hic
2037 923 2244 990 peccati
2273 923 2478 991 pepulit
2495 923 2706 994 jugum,
2731 937 2796 978 ac
2817 923 3032 978 vincula
3057 922 3262 992 dirupit
3283 920 3498 993 (Matth.

1923 1031 1982 1080 γ,
2013 1014 2174 1070 Hebr.
2209 1013 2330 1085 vti).
2357 1015 2474 1072 Non
2495 1016 2652 1078 eui.
2670 1017 2804 1071 vivit
2829 1016 2930 1072 sub
2961 1017 3110 1085 lege,
3135 1029 3258 1086 qua:
3287 1029 3398 1070 non
3421 1013 3502 1067 in-

1925 1106 2126 1166 terimit
2177 1106 2470 1164 seminaria
2509 1117 2854 1176 peccatorum
2899 1107 3066 1179 (unde
3095 1121 3206 1162 non
3231 1105 3502 1160 immerito

1925 1199 1994 1255 de
2043 1199 2158 1268 ipsa
2203 1199 2394 1254 beatus
2445 1199 2762 1268 Apostolus,
2811 1201 3144 1270 reprobatio,
3200 1198 3396 1270 inquit,
3442 1197 3504 1252 ﬁt

1925 1292 2279 1363 precedetttis
2329 1292 2568 1350 mandati
2617 1303 2834 1364 prepter
2880 1293 3254 1350 infirmitatem
3285 1293 3406 1362 ejus
3445 1301 3503 1347 et

1925 1383 2308 1450 inutilitatem;
2361 1385 2496 1440 nihil
2527 1385 2672 1440 enim
2697 1385 2764 1440 ad
2797 1387 3094 1454 perfectum
3128 1385 3354 1440 adduxit
3383 1384 3497 1438 lex.

1924 1477 1994 1534 Et
2019 1477 2276 1534 Dominus
2303 1493 2399 1547 per
2429 1477 2784 1548 prophetam:
2831 1479 2898 1534 Et
2925 1477 2951 1516 ιι
2983 1477 3138 1545 dedi,
3179 1479 3376 1548 inquit,
3421 1477 3503 1532 eis

1925 1581 2190 1640 praecepta
2219 1585 2330 1624 non
2352 1569 2524 1634 bona,
2554 1579 2608 1626 et
2631 1569 3048 1639 just'tlicationes
3085 1569 3138 1624 in
3165 1569 3360 1638 quibus
3395 1582 3500 1622 non

1925 1666 2108 1720 vivent
2147 1663 2206 1718 in
2231 1662 2358 1734 eis).
2391 1663 2487 1718 sed
2517 1663 2618 1718 sub
2653 1661 2848 1734 gratia,
2883 1679 3002 1741 quae
3027 1678 3132 1718 non
3163 1676 3344 1717 ramos
3379 1671 3500 1714 tan-

1925 1763 2038 1810 tum
2085 1755 2338 1825 nequitiae
2383 1761 2648 1824 amputat,
2691 1753 2790 1812 sed
2841 1753 2986 1823 ipsas
3031 1753 3244 1824 penitus
3293 1751 3502 1809 radices

235 1865 416 1919 semel
446 1872 614 1918 totum
648 1861 844 1916 obtulit
881 1862 1013 1926 Deo,
1045 1861 1095 1916 id
1124 1860 1236 1930 jam
1277 1860 1508 1914 alienum
1549 1859 1666 1914 sine
1697 1875 1826 1929 pro-
1849 1849 1900 1910 Β
1929 1847 2104 1904 noxia!
2132 1847 2422 1904 voluntatis
2447 1847 2654 1904 evellit.

233 1957 374 2025 prim
401 1955 738 2012 necessitatis
769 1953 1144 2010 recordatione
1171 1959 1264 2006 aut
1297 1952 1506 2020 angusti
1542 1951 1717 2006 vietus
1751 1950 1820 2006 ti-

229 2063 394 2102 more
415 2047 697 2116 dispergit,
731 2047 822 2116 qui
851 2053 1034 2104 certus
1063 2053 1177 2110 est,
1209 2059 1330 2100 cum
1361 2043 1426 2098 ad
1457 2043 1818 2102 desideratam

229 2141 552 2210 pervenerit
603 2139 922 2204 nuditatem,
954 2138 1124 2196 multo
1163 2138 1336 2208 magis
1365 2153 1394 2192 a
1421 2137 1534 2192 Deo
1573 2151 1631 2192 se
1659 2153 1818 2207 quam

229 2231 516 2286 volucrem
558 2231 678 2288 coeli
723 2245 844 2286 esse
891 2229 1240 2300 pascendum.
1287 2229 1604 2284 Econtrario
1647 2229 1692 2284 is
1727 2231 1816 2298 qui

227 2321 600 2378 substantiam
655 2325 896 2378 retinens
925 2322 1276 2388 mundialem,
1311 2331 1406 2378 aut
1434 2321 1672 2378 decimas
1703 2323 1820 2378 fru-

227 2426 416 2470 csuum
445 2430 668 2470 suorum
699 2425 858 2486 atque
889 2416 1172 2482 primitias,
1207 2425 1300 2474 aut
1323 2425 1534 2486 partem
1562 2417 1818 2486 pecunia-

227 2521 356 2562 rum
405 2508 734 2562 constrictus
775 2507 906 2578 legis
947 2508 1182 2578 antiqua:
1207 2509 1491 2566 sandicae
1519 2509 1816 2580 distribuit,

227 2600 364 2654 licet
387 2609 730 2670 peccatorum
753 2615 974 2656 suorum
997 2601 1178 2671 ignem
1201 2602 1436 2658 maxime
1459 2601 1564 2658 hoc
1583 2605 1821 2658 eleemo—

223 2707 386 2764 synm
413 2707 535 2748 rore
559 2694 888 2764 exstinguat,
935 2695 1270 2762 impossibile
1301 2704 1478 2752 tamen
1509 2705 1618 2764 est,
1648 2712 1820 2768 quan-

227 2785 374 2840 lavis
421 2799 550 2854 opes
575 2800 704 2842 suas
731 2787 1170 2856 magnanimitate
1209 2786 1506 2856 diSpenset,
1551 2798 1608 2842 ut
1647 2803 1708 2846 se
1751 2789 1818 2844 ad

225 2877 450 2948 plenum
480 2885 634 2932 eruat
660 2893 690 2932 a
737 2878 1106 2934 dominatione
1147 2881 1378 2950 peccati,
1409 2881 1516 2938 nisi
1555 2881 1694 2938 forte
1723 2897 1820 2952 per

225 2969 462 3039 gratiam
510 2969 826 3037 Salvatoris,
877 2987 998 3026 cum
1043 2987 1104 3028 re
1147 2973 1308 3032 etiam
1357 2974 1534 3044 ipsum
1565 2973 1816 3030 allectum

225 3062 550 3132 deposuerit
593 3062 930 3134 possidendi.
981 3062 1104 3118 Pari
1149 3064 1310 3120 modo
1339 3081 1446 3119 nou
1485 3075 1660 3134 potest
1709 3081 1820 3122 non

225 3164 460 3212 cruento
483 3157 688 3226 peccati
713 3156 940 3226 imperio
961 3159 1226 3226 famulari,
1251 3161 1576 3230 quicumque
1601 3161 1818 3216 oculum

225 3263 330 3318 pro
349 3249 534 3314 oculo,
551 3247 766 3306 dentem
779 3265 880 3320 pro
897 3249 1060 3316 dente
1081 3249 1280 3322 (Exod.
1299 3252 1438 3324 ut),
1453 3269 1522 3308 ex
1541 3263 1816 3324 praecepto
1845 3235 1889 3300 (ἶ

224 3345 370 3416 legis
395 3360 590 3402 eruere
607 3387 623 3414 ,
655 3355 682 3382 ι
705 3357 796 3400 aut
833 3346 1112 3402 inimicum
1141 3363 1296 3402 suum
1323 3348 1452 3408 odio
1478 3349 1686 3404 mavult
1711 3349 1814 3404 ha-

225 3436 401 3502 bere;
433 3436 559 3508 quia
607 3453 832 3496 necesse
857 3453 984 3494 eum
1023 3439 1150 3494 dum
1181 3438 1402 3496 talionis
1448 3440 1824 3498 vicissitudine

223 3529 428 3586 ulcisci
457 3545 608 3588 suam
661 3540 814 3600 optat
847 3531 1120 3601 injuriam,
1173 3531 1300 3592 dum
1329 3541 1520 3594 contra
1567 3533 1816 3590 inimicos

226 3621 344 3678 odii
373 3623 792 3678 amaritudinem
819 3633 1020 3692 servat,
1053 3624 1254 3680 furoris
1279 3635 1442 3695 atque
1473 3625 1566 3682 irae
1603 3637 1818 3695 pertun-

223 3715 457 3772 batione
482 3730 700 3788 semper
725 3717 966 3772 accendi.
996 3717 1332 3788 Quicumque
1351 3733 1488 3776 vero
1515 3719 1618 3776 sub
1639 3719 1820 3778 Erate-

223 3809 426 3879 gelica:
455 3811 644 3880 gratiae
671 3811 1066 3872 illuminatione
1098 3821 1368 3880 versatur,
1401 3827 1465 3868 ac
1488 3814 1684 3868 malum
1711 3828 1816 3868 non

2461 1981 2690 2038 CAPUT
2731 1979 2970 2036 XXXIV.

2041 2096 2488 2166 Quemadmodum
2515 2097 2626 2167 quis
2658 2095 2908 2167 probetur
2933 2111 3039 2149 esse
3067 2093 3160 2150 sub
3191 2096 3384 2166 gratia.

1993 2235 2246 2306 Quisquis
2273 2250 2402 2306 ergo
2435 2234 2822 2304 perfectionem
2854 2233 3194 2304 Evngelicaa
3221 2233 3496 2288 studuerit

1923 2337 2110 2384 tenere
2135 2329 2418 2390 doctrinis,
2461 2327 2548 2382 hic
2591 2328 2694 2382 sub
2723 2325 2893 2398 gratia
2925 2331 3252 2382 constitutus
3295 2327 3505 2397 peccati

1920 2421 2290 2478 dominatione
2333 2439 2442 2478 non
2485 2423 2762 2492 premitur.
2795 2423 2914 2478 Hoc
2953 2433 3040 2478 est
3065 2423 3210 2478 enim
3255 2437 3378 2477 esse
3403 2423 3504 2478 sub

1920 2519 2114 2589 gratia,
2145 2533 2210 2572 ea
2253 2533 2374 2588 quae
2405 2517 2578 2586 gratia
2619 2517 2846 2574 mandat.
2891 2517 3138 2587 implere.
3171 2515 3504 2587 Quicumque

1921 2627 2052 2667 vero
2097 2611 2444 2682 perfectionis
2485 2611 2824 2682 Evangelicae
2867 2609 3190 2680 plenitudini
3227 2609 3504 2679 subjectus

1921 2721 2046 2764 esse
2085 2707 2344 2772 uoluerit,
2375 2721 2480 2762 non
2533 2709 2740 2776 ignoret
2787 2722 2866 2772 se,
2899 2705 3146 2776 quamvis
3197 2705 3502 2773 baptizatus

1921 2799 2028 2854 sibi
2059 2799 2304 2854 videatur
2325 2813 2390 2854 ac
2421 2801 2736 2867 monachus,
2769 2815 2874 2852 non
2896 2813 3020 2854 esse
3049 2797 3152 2852 sub
3177 2797 3372 2866 gratia,
3403 2796 3500 2852 sed

1921 2890 2024 2944 sub
2053 2889 2186 2959 legis
2223 2891 2401 2945 adhuc
2431 2891 2664 2946 vinculis
2703 2891 3080 2960 praepeditum,
3119 2891 3324 2959 peccati
3363 2903 3503 2960 pon-

1921 2981 2048 3036 dere
2079 2983 2428 3052 pracgravari.
2463 2981 2805 3049 Propositum
2837 2997 3076 3052 namque
3103 2991 3186 3037 est
3233 2983 3382 3052 ejus,
3414 2984 3503 3051 qui

1921 3087 2110 3128 omnes
2149 3089 2180 3128 a
2211 3073 2411 3143 quibus
2450 3083 2698 3144 receptus
2731 3073 2930 3138 fuerit,
2978 3074 3152 3154 gratia
3195 3073 3506 3143 adoptionis

1923 3163 2170 3230 assumit,
2221 3179 2326 3218 non
2376 3163 2678 3230 destruere,
2730 3165 2824 3219 sed
2854 3164 3319 3234 superaedificare;
3355 3175 3376 3202 ο
3405 3178 3504 3220 nec

1921 3269 2208 3324 evacuare,
2241 3257 2336 3312 sed
2363 3257 2662 3326 adimplere
2693 3255 2952 3310 Mesaicus
2981 3257 3312 3311 sanctiones.
3349 3253 3504 3324 Quod

1921 3351 2172 3406 noonulli
2205 3352 2418 3420 penitus
2471 3351 2811 3419 ignorantes,
2860 3360 2917 3404 et
2961 3351 3312 3404 consiliorum
3344 3361 3504 3420 atque

1924 3443 2364 3498 exhortatiouum
2395 3439 2598 3496 Christi
2639 3441 3096 3510 magniﬁcentiam
3141 3442 3499 3510 negligentes,

1923 3535 1998 3590 ita
2035 3532 2430 3604 praesumptivaa
2461 3532 2731 3588 libertatis
2766 3533 3064 3588 securitate
3099 3533 3404 3598 solvuntur,
3448 3539 3504 3586 ut

1923 3641 2032 3682 non
2059 3625 2236 3682 solum
2264 3622 2464 3680 Christi
2495 3633 2761 3694 prun-cpta
2795 3632 3068 3693 tamquam
3092 3623 3254 3676 ardua
3285 3635 3390 3676 non
3419 3631 3502 3676 at-

1923 3723 2153 3792 tingant,
2188 3735 2372 3778 verum
2400 3721 2562 3775 etiam
2585 3719 2702 3790 ipsa
2727 3719 2812 3774 illa
2841 3733 2962 3788 quin
2987 3718 3092 3772 illis
3120 3717 3504 3786 incipientibus

1922 3813 2274 3886 parvulisque
2302 3809 2332 3858 ἀ
2361 3813 2596 3868 Mosaica
2629 3811 2745 3882 lege
2775 3810 3028 3868 mandata
3051 3819 3196 3876 sunt,
3227 3809 3374 3864 velut
3410 3823 3504 3864 an-

1309 3905 1566 3962 ALABDI
1603 3907 1830 3966 GAZAEI
1865 3906 2434 3965 COMMENTARIUS.

222 3999 496 4070 Ulpianus
521 3999 614 4070 (In
641 4001 682 4056 l.
708 4016 798 4058 ut
829 4001 894 4062 de
917 3999 1092 4056 Edil.
1121 3999 1306 4070 odia),
1335 4001 1514 4058 facere
1544 4013 1594 4056 ttt
1631 4019 1818 4059 rursus

221 4069 434 4126 habeat
459 4069 748 4142 venditor,
795 4072 938 4142 quod
987 4072 1226 4128 vendidit
1251 4069 1271 4126 :7
1307 4081 1362 4128 et
1401 4073 1526 4138 quia
1571 4073 1622 4128 id
1655 4075 1818 4132 fiebat

221 4141 513 4198 reddendo
566 4159 628 4196 ac
681 4141 1038 4210 restituendo,
1087 4143 1292 4198 idcirco
1341 4144 1632 4198 redhibitio
1675 4145 1818 4199 dicta

221 4224 334 4278 est,
371 4215 524 4282 quasi
570 4214 802 4269 redditio
847 4226 899 4268 et
941 4215 994 4268 in
1026 4213 1292 4282 integrum
1319 4215 1618 4270 restitutio.
1659 4215 1818 4280 Nam,

220 4295 286 4338 ut
319 4285 400 4338 ait
429 4283 652 4348 Festus,
684 4284 1010 4340 redltibitum
1039 4287 1252 4354 proprie
1282 4285 1503 4346 dicitur.
1529 4285 1669 4352 quod
1693 4287 1819 4341 red-

219 4357 406 4408 ditum
454 4364 560 4426 est.
593 4357 836 4411 Sumitur
871 4371 1000 4426 ergo
1028 4356 1130 4426 hic
1171 4356 1457 4412 redhibere
1495 4357 1818 4426 simpliciter

221 4425 618 4498 pro_redtlere,
647 4425 1210 4498 esltibere,’st)lvet'e:
1240 4437 1298 4498 ut
1323 4439 1376 4480 et
1399 4427 1538 4494 apud
1569 4425 1816 4482 Plautum

221 4496 281 4550 in
319 4496 584 4550 Mentech.
615 4515 627 4549 :
665 4496 882 4552 Salvum
913 4497 1026 4562 tibi,
1061 4507 1114 4550 ut
1167 4497 1295 4552 mihi
1325 4498 1532 4562 dedisti,
1581 4499 1822 4552 redhibeo

221 4567 578 4634 marsupium.
615 4567 796 4624 Utitur
823 4568 1008 4624 eadem
1040 4583 1170 4624 voce
1205 4569 1587 4626 redhibitionis
1613 4569 1820 4625 Cassia-

221 4652 338 4692 nus
373 4637 468 4708 lib.
502 4653 554 4692 tv
583 4637 818 4693 lnstitut.
846 4654 966 4708 cap.
999 4637 1054 4692 4.

301 4715 333 4746 ιι
367 4707 484 4780 lloc
511 4724 616 4762 non
658 4725 726 4765 ex
765 4707 925 4780 Legis
957 4709 1294 4780 praescripto,
1331 4709 1424 4766 sed
1465 4727 1530 4766 ex
1572 4727 1822 4780 perversa

220 4779 637 4834 Pharisaeorum
669 4789 726 4834 et
761 4779 1070 4836 Scribarum
1121 4779 1587 4850 ittterprelatimie,
1640 4792 1696 4838 ut
1742 4783 1824 4838 di-

219 4861 388 4906 ctum
421 4827 1070 4920 est:
1850 4827 1906 4890 D

219 4923 284 4976 in
315 4931 428 4976 toto
458 4938 672 4992 corpore
694 4922 846 4992 Legis
869 4939 974 4992 non
1002 4939 1111 4978 esse
1127 4924 1376 4992 scriptum
1401 4940 1420 4978 :
1449 4923 1581 4978 Odia
1611 4923 1826 4980 habebis

219 4993 508 5064 inimicum
549 4991 718 5048 tuum.
752 4991 858 5052 Sed
885 4991 980 5050 hoc
1025 4991 1241 5061 dicitur,
1269 5005 1516 5064 quantum
1553 4997 1620 5048 ad
1661 4996 1825 5049 tradi-

219 5066 441 5134 tionem?
468 5063 798 5132 Scribarum,
844 5066 1027 5134 quibus
1061 5065 1228 5134 visum
1266 5063 1340 5118 est
1379 5065 1472 5119 hoc
1506 5067 1822 5131 addendum,

221 5137 364 5204 quia
407 5133 657 5208 Dominus
697 5133 1100 5208 prtecept'tﬁlit's
1129 5133 1296 5192 Israel
1329 5138 1564 5208 persequi
1591 5137 1825 5208 inimicos

219 5222 365 5278 suos
391 5213 444 5278 et
475 5207 642 5260 ἄμμ-νε
663 5204 904 5262 Amalech
927 5204 991 5264 de
1017 5207 1110 5262 sub
1137 5204 1668 5278 satellitem—xvii).

301 5275 336 5314 ι)
377 5273 626 5348 Loquitur
645 5279 714 5332 ibi
743 5279 1014 5346 Dominus,
1043 5281 1118 5332 ait
1138 5277 1195 5332 S.
1221 5273 1460 5334 Tltorttas
1483 5273 1700 5348 (υἱέι).
1731 5277 1824 5344 98,

221 5355 342 5402 nrt.
385 5345 461 5416 l),
489 5349 552 5402 de
575 5352 844 5422 prwcepn's
873 5349 1334 5416 cwremom'alibus,
1364 5345 1722 5422 quiequide'm
1748 5351 1825 5402 di-

221 5427 566 5492 cuntur_non
609 5419 760 5486 bona,
793 5425 914 5490 quia
947 5421 1169 5492 gratiam
1211 5439 1313 5474 non
1356 5419 1704 5490 conferebant,
1741 5437 1830 5492 per

257 5507 399 5542 uam
424 5489 655 5544 bantiues
679 5508 709 5544 a
741 5489 1370 5560 peccato,mundurentur,
1394 5509 1510 5544 cum
1538 5502 1705 5544 tamen
1738 5489 1829 5560 per

237 5561 554 5634 ὶζιλιιεηιοάέ
586 5577 641 5614 se
675 5571 964 5634 peccatores
998 5563 1358 5634 ostenderent;
1390 5563 1534 5634 unde
1566 5563 1830 5634 signnnter

220 5631 440 5706 dicitur
465 5650 478 5684 :
507 5631 575 5684 Et
591 5631 799 5706 judicia
837 5633 890 5688 in
917 5631 1104 5706 quibus
1135 5650 1237 5706 non
1269 5635 1429 5687 vivent
1464 5631 1678 5706 (Esse—It.
1707 5631 1822 5703 xx),

113 5691 138 5776 ίξ
219 5703 264 5756 ἰ.
303 5719 364 5758 e.
404 5717 490 5769 per
527 5691 640 5776 quin
683 5705 840 5776 vitam
877 5691 1060 5776 gratio:
1095 5705 1316 5758 obtinere
1359 5691 1752 5776 uou‘possunt;

216 5783 426 5846 postea
472 5773 749 5828 subditur:
780 5774 846 5846 Et
871 5773 1036 5846 pollui
1061 5790 1146 5830 eos
1184 5777 1237 5830 in
1275 5773 1570 5830 muneribus
1617 5777 1746 5842 suis,
1774 5775 1828 5828 id

217 5845 336 5912 est,
377 5846 605 5912 pollutos
635 5845 850 5902 ostendi.

1996 4015 2020 4043 ο
2047 4005 2140 4060 Sic
2175 4007 2318 4058 enim
2350 4002 2594 4058 Christus
2625 4001 2780 4056 initio
2811 4001 2922 4056 fere
2957 4015 3070 4056 sum
3105 4001 3504 4070 praedicationis

1921 4085 2256 4146 protestatus
2301 4085 2420 4146 est;
2467 4073 2646 4128 Nolite
2683 4083 2864 4139 putare
2879 4074 3138 4146 quoniam
3165 4074 3278 4146 verti
3312 4074 3507 4146 solvere

1921 4147 2084 4218 legem
2114 4156 2216 4218 ,aut
2263 4145 2574 4218 prapbetas:
2625 4161 2728 4218 non
2775 4145 2891 4218 veni
2940 4146 3136 4198 solvere
3187 4145 3369 4216 legem,
3415 4145 3505 4198 sed

1921 4215 2206 4288 adimplere
2235 4215 2455 4282 (Matth.
2479 4215 2556 4284 v).
2591 4215 2914 4288 Adimplevil
2941 4225 3118 4268 autem
3156 4215 3258 4268 non
3301 4225 3502 4271 tantum

1921 4287 2379 4342 subtniniStrando
2409 4288 2658 4356 spiritum
2688 4287 2872 4355 gratiae
2902 4301 2996 4354 per
3025 4301 3183 4356 quam
3213 4288 3294 4339 lett
3346 4303 3374 4339 a
3402 4303 3502 4340 no-

1924 4359 2009 4414 bis
2040 4361 2346 4428 impleatur,
2387 4357 2481 4412 sed
2512 4369 2564 4412 et
2586 4357 2988 4428 euntirmando,
3037 4367 3088 4410 et
3121 4357 3310 4410 melius
3343 4357 3504 4411 inter-

1925 4427 2194 4500 pretando
2234 4438 2288 4481 ιιι
2338 4427 2658 4496 SUpplendo,
2691 4443 2810 4497 qum
2837 4431 2902 4500 Ain
2953 4427 3118 4500 veteri
3141 4429 3286 4500 __lege
3307 4430 3506 4500 minus

1923 4497 2080 4554 erant
2107 4515 2384 4566 expressa,
2421 4507 2476 4552 ut
2503 4507 2646 4565 patet
2665 4514 2730 4552 ex
2749 4497 2939 4552 eodem
2961 4498 3082 4552 loco
3109 4497 3271 4568 (Vide
3295 4497 3504 4554 S.Tlto.

1923 4572 2037 4635 1-2,
2061 4589 2116 4637 q.
2147 4571 2269 4635 107,
2301 4579 2402 4622 art.
2430 4571 2512 4636 9.).

1997 4637 2024 4680 ἀ
2056 4643 2310 4710 Quamvis
2345 4649 2611 4710 praecepta
2647 4641 2775 4710 sive,
2805 4641 3054 4694 mandata
3087 4639 3222 4706 legis
3261 4640 3508 4696 Mosaicte

1925 4709 2200 4783 judicialia
2229 4721 2284 4768 et
2308 4709 2704 4766 caeremonialia
2737 4709 2844 4783 sint
2891 4711 3162 4778 antiquata
3209 4723 3262 4766 et
3311 4712 3508 4765 abolita

1929 4782 2026 4854 per
2053 4785 2224 4852 legem
2259 4798 2446 4838 novatn
2487 4791 2542 4836 et
2575 4782 2966 4850 Evangelicam,
3001 4797 3117 4854 non
3149 4789 3326 4836 tamen
3374 4798 3508 4849 pra:-

1929 4851 2082 4924 ceptu
2102 4851 2124 4918 ,ί
2145 4870 2268 4924 quin
2297 4855 2547 4908 dicuntur
2579 4855 2796 4906 moralia
2827 4861 2882 4906 et
2913 4851 3212 4917 tiatur-alia;
3243 4869 3362 4922 quae
3403 4855 3506 4906 vim

1929 4925 2130 4980 habent
2160 4925 2428 4992 obligandi
2457 4941 2524 4978 ex
2551 4925 2670 4993 ipso
2695 4925 2984 4978 dictamiue
3015 4925 3235 4978 rat-iouis
3267 4940 3281 4976 :
3325 4925 3384 4976 iu.
3405 4939 3510 4993 quo

1929 5011 2128 5068 genere
2157 4997 2418 5066 praecipua
2451 5005 2575 5050 sunt
2595 5012 2716 5065 quae
2745 4997 3004 5068 decalogo
3024 4997 3400 5068 continentur.
3424 4995 3508 5068 ad

1931 5063 2050 5137 qua:
2097 5063 2262 5137 etiam
2305 5063 2501 5120 cratera
2543 5063 2874 5122 reducuntur
2903 5067 2988 5136 (S.
3023 5063 3150 5118 Tito.
3185 5067 3304 5132 1-2,
3331 5083 3382 5134 q.
3416 5066 3508 5132 98,

1931 5135 1986 5192 ἀ.
2015 5137 2068 5196 4.
2099 5146 2212 5207 elq.
2246 5135 2367 5200 107,
2399 5146 2499 5191 art.
2531 5138 2612 5204 2).
2641 5135 3056 5202 Pt‘oittde,licet
3075 5137 3370 5190 Christiani
3405 5151 3509 5188 non

1932 5219 2216 5264 teneantur
2243 5211 2360 5278 lege
2379 5209 2914 5278 Mosaica,quatenus
2927 5207 3214 5276 ejusmodi,
3239 5209 3276 5260 i.
3303 5223 3352 5262 e.
3383 5222 3512 5278 qua-

1931 5289 2088 5335 tenus
2137 5295 2230 5346 per
2279 5277 2494 5350 Moysen
2541 5281 2645 5334 lata
2670 5277 2766 5333 est
2800 5279 3270 5350 (quandoquidem
3313 5277 3510 5350 Moysis

1933 5351 2196 5420 legislutiu
2239 5349 2448 5404 tantum
2491 5352 2815 5420 pertinuerit
2857 5349 2922 5402 ad
2973 5350 3226 5417 populum
3257 5349 3510 5402 Israeliti-

1932 5419 2076 5486 cutn,
2121 5421 2282 5490 idque
2313 5419 2574 5490 usquead
2603 5421 2894 5474 adventum
2922 5419 3126 5474 Christi
3169 5433 3218 5474 et
3253 5421 3511 5487 pturdira-

1933 5495 2131 5547 lionetn
2181 5493 2456 5560 Evangelii
2511 5494 2822 5560 dumtaxat;
2875 5491 2924 5544 in
2981 5507 3084 5558 qua
3119 5503 3226 5544 tota
3279 5491 3510 5544 Mos-alca

1930 5564 2244 5619 constitutio
2283 5559 2439 5617 liuent
2483 5559 2734 5630 accepit),
2766 5571 3015 5614 tenentur
3049 5573 3223 5616 tamen
3265 5563 3511 5614 absolute

1932 5639 2218 5704 praeceptis
2265 5634 2560 5702 ὀρθωθεὶς
2605 5635 2762 5704 idque
2803 5633 3002 5700 duplici
3049 5634 3275 5686 ratione.
3329 5631 3511 5704 Primo

1933 5702 2059 5775 quia
2085 5702 2370 5774 decalogus
2415 5721 2523 5758 non
2567 5703 2709 5756 aliud
2742 5711 2826 5758 est
2865 5719 3025 5772 quam
3057 5705 3340 5772 oxjtlicatio
3379 5702 3510 5772 legis

1937 5791 2162 5842 naturae,
2195 5791 2313 5844 qua:
2343 5775 2434 5828 loti
2467 5775 2650 5844 generi
2683 5775 2916 5828 humano
2937 5776 3240 5828 counnuuis
3267 5783 3380 5830 est:
3417 5789 3508 5827 ne-

1939 5861 2046 5917 que
2083 5848 2148 5900 ad
2183 5847 2284 5902 hoc
2317 5857 2374 5900 ut
2400 5860 2722 5916 quemquam
2754 5846 2985 5916 obliget,
3017 5857 3239 5904 extenta
3269 5847 3506 5916 promul-
