  <div class='ocr_page' id='page_1' title='image "/cluster/home/n/w/nwhite01/storage/ocr_20150623/49/hvd.32044015471543/619.png"; bbox 0 0 4092 6322; ppageno 0'>
   <div class='ocr_carea' id='block_1_1' title="bbox 429 301 3825 440">
    <p class='ocr_par' dir='ltr' id='par_1_1' title="bbox 429 301 3825 440">
     <span class='ocr_line' id='line_1_1' title="bbox 429 301 3825 440; baseline -0.001 -68"><span class='ocrx_word' id='word_1_1' title='bbox 429 401 450 440; x_wconf 31' lang='grc' dir='ltr'><em>ζ</em></span> <span class='ocrx_word' id='word_1_2' title='bbox 521 316 665 372; x_wconf 69' lang='lat'><strong>{‘215</strong></span> <span class='ocrx_word' id='word_1_3' title='bbox 1589 313 1871 375; x_wconf 77' lang='lat' dir='ltr'><strong>JOANNIS</strong></span> <span class='ocrx_word' id='word_1_4' title='bbox 1905 311 2221 370; x_wconf 76' lang='lat' dir='ltr'><strong>CASSIANI</strong></span> <span class='ocrx_word' id='word_1_5' title='bbox 2259 311 2750 371; x_wconf 77' lang='lat' dir='ltr'><strong>COLLATIONES.</strong></span> <span class='ocrx_word' id='word_1_6' title='bbox 3668 301 3825 368; x_wconf 63' lang='grc' dir='ltr'><strong>ίῖίῦ</strong></span> 
     </span>
    </p>
   </div>
   <div class='ocr_carea' id='block_1_2' title="bbox 423 419 3816 706">
    <p class='ocr_par' dir='ltr' id='par_1_2' title="bbox 423 419 3816 706">
     <span class='ocr_line' id='line_1_2' title="bbox 423 419 3816 706; baseline -0.001 -219"><span class='ocrx_word' id='word_1_7' title='bbox 429 419 488 706; x_wconf 50' lang='lat'><strong>1‘</strong></span> <span class='ocrx_word' id='word_1_8' title='bbox 517 433 719 504; x_wconf 84' lang='lat' dir='ltr'><strong>liquata</strong></span> <span class='ocrx_word' id='word_1_9' title='bbox 761 441 1140 502; x_wconf 89' lang='lat' dir='ltr'><strong>contemnant,</strong></span> <span class='ocrx_word' id='word_1_10' title='bbox 1172 432 1313 490; x_wconf 80' lang='lat' dir='ltr'><strong>illud.</strong></span> <span class='ocrx_word' id='word_1_11' title='bbox 1361 444 1507 506; x_wconf 71' lang='lat' dir='ltr'><strong>unco</strong></span> <span class='ocrx_word' id='word_1_12' title='bbox 1533 430 1831 504; x_wconf 59' lang='lat' dir='ltr'><strong>apostolus</strong></span> <span class='ocrx_word' id='word_1_13' title='bbox 1859 444 2111 488; x_wconf 79' lang='lat' dir='ltr'><strong>exsecra-</strong></span> <span class='ocrx_word' id='word_1_14' title='bbox 2135 431 2435 503; x_wconf 73' lang='lat' dir='ltr'><strong>Aquidem</strong></span> <span class='ocrx_word' id='word_1_15' title='bbox 2481 429 2787 486; x_wconf 89' lang='lat' dir='ltr'><strong>orationem</strong></span> <span class='ocrx_word' id='word_1_16' title='bbox 2851 440 3187 498; x_wconf 72' lang='lat' dir='ltr'><strong>consurgere</strong></span> <span class='ocrx_word' id='word_1_17' title='bbox 3225 420 3551 482; x_wconf 73' lang='lat' dir='ltr'><strong>ﬁducialiter</strong></span> <span class='ocrx_word' id='word_1_18' title='bbox 3603 419 3816 482; x_wconf 73' lang='lat' dir='ltr'><strong>audeti-</strong></span> 
     </span>
     <span class='ocr_line' id='line_1_3' title="bbox 439 523 2354 594; baseline 0 -14"><span class='ocrx_word' id='word_1_19' title='bbox 439 523 450 574; x_wconf 77' lang='grc' dir='ltr'>ὶ</span> <span class='ocrx_word' id='word_1_20' title='bbox 516 534 600 580; x_wconf 93' lang='lat' dir='ltr'><strong>tur</strong></span> <span class='ocrx_word' id='word_1_21' title='bbox 631 525 794 581; x_wconf 83' lang='lat' dir='ltr'><strong>noxia</strong></span> <span class='ocrx_word' id='word_1_22' title='bbox 827 526 1080 584; x_wconf 73' lang='lat' dir='ltr'><strong>libertate</strong></span> <span class='ocrx_word' id='word_1_23' title='bbox 1111 526 1396 583; x_wconf 90' lang='lat' dir='ltr'><strong>dicentes:</strong></span> <span class='ocrx_word' id='word_1_24' title='bbox 1428 524 1802 592; x_wconf 86' lang='lat' dir='ltr'><strong>Peccabimus,</strong></span> <span class='ocrx_word' id='word_1_25' title='bbox 1842 524 1969 594; x_wconf 88' lang='lat' dir='ltr'><strong>quia</strong></span> <span class='ocrx_word' id='word_1_26' title='bbox 2005 526 2112 576; x_wconf 85' lang='lat' dir='ltr'><strong>non</strong></span> <span class='ocrx_word' id='word_1_27' title='bbox 2178 539 2354 584; x_wconf 87' lang='lat' dir='ltr'><strong>-mus.</strong></span> 
     </span>
     <span class='ocr_line' id='line_1_4' title="bbox 462 614 3259 691; baseline -0.001 -19"><span class='ocrx_word' id='word_1_28' title='bbox 462 645 464 648; x_wconf 55' lang='grc' dir='ltr'>ν</span> <span class='ocrx_word' id='word_1_29' title='bbox 513 635 693 672; x_wconf 80' lang='lat' dir='ltr'><strong>sumus</strong></span> <span class='ocrx_word' id='word_1_30' title='bbox 720 618 812 673; x_wconf 84' lang='lat' dir='ltr'><strong>sub</strong></span> <span class='ocrx_word' id='word_1_31' title='bbox 858 619 990 690; x_wconf 85' lang='lat' dir='ltr'><strong>lege,</strong></span> <span class='ocrx_word' id='word_1_32' title='bbox 1024 619 1114 673; x_wconf 89' lang='lat' dir='ltr'><strong>sed</strong></span> <span class='ocrx_word' id='word_1_33' title='bbox 1156 622 1250 673; x_wconf 78' lang='lat' dir='ltr'><strong>sub</strong></span> <span class='ocrx_word' id='word_1_34' title='bbox 1275 618 1450 691; x_wconf 86' lang='lat' dir='ltr'><strong>gratia</strong></span> <span class='ocrx_word' id='word_1_35' title='bbox 1482 617 1662 689; x_wconf 86' lang='lat' dir='ltr'><strong>(Rom.</strong></span> <span class='ocrx_word' id='word_1_36' title='bbox 1698 615 1797 688; x_wconf 83' lang='lat' dir='ltr'><strong>vt).</strong></span> <span class='ocrx_word' id='word_1_37' title='bbox 1828 616 1931 684; x_wconf 87' lang='lat' dir='ltr'><strong>Qui</strong></span> <span class='ocrx_word' id='word_1_38' title='bbox 1975 629 2109 685; x_wconf 86' lang='lat' dir='ltr'><strong>ergo</strong></span> <span class='ocrx_word' id='word_1_39' title='bbox 2745 614 2974 673; x_wconf 80' lang='lat' dir='ltr'><strong>CAPUT</strong></span> <span class='ocrx_word' id='word_1_40' title='bbox 3017 614 3259 672; x_wconf 78' lang='lat' dir='ltr'><strong>XXXVI.</strong></span> 
     </span>
    </p>
   </div>
   <div class='ocr_carea' id='block_1_3' title="bbox 439 523 2354 594">
    <p class='ocr_par' dir='ltr' id='par_1_3' title="bbox 439 523 2354 594">
     <span class='ocr_line' id='line_1_5' title="bbox 439 523 2354 594; baseline -0.002 -14"><span class='ocrx_word' id='word_1_41' title='bbox 439 523 486 594; x_wconf 70' lang='grc' dir='ltr'><strong>ἱ]</strong></span> <span class='ocrx_word' id='word_1_42' title='bbox 516 534 600 580; x_wconf 93' lang='lat' dir='ltr'><strong>tur</strong></span> <span class='ocrx_word' id='word_1_43' title='bbox 631 525 794 581; x_wconf 83' lang='lat' dir='ltr'><strong>noxia</strong></span> <span class='ocrx_word' id='word_1_44' title='bbox 827 526 1080 584; x_wconf 73' lang='lat' dir='ltr'><strong>libertate</strong></span> <span class='ocrx_word' id='word_1_45' title='bbox 1111 526 1396 583; x_wconf 85' lang='lat' dir='ltr'><strong>dicentes:</strong></span> <span class='ocrx_word' id='word_1_46' title='bbox 1428 524 1802 592; x_wconf 86' lang='lat' dir='ltr'><strong>Peccabimus,</strong></span> <span class='ocrx_word' id='word_1_47' title='bbox 1842 524 1969 594; x_wconf 88' lang='lat' dir='ltr'><strong>quia</strong></span> <span class='ocrx_word' id='word_1_48' title='bbox 2005 526 2112 576; x_wconf 85' lang='lat' dir='ltr'><strong>non</strong></span> <span class='ocrx_word' id='word_1_49' title='bbox 2178 539 2354 584; x_wconf 81' lang='lat' dir='ltr'><strong>~mus.</strong></span> 
     </span>
    </p>
   </div>
   <div class='ocr_carea' id='block_1_4' title="bbox 462 614 3259 691">
    <p class='ocr_par' dir='ltr' id='par_1_4' title="bbox 462 614 3259 691">
     <span class='ocr_line' id='line_1_6' title="bbox 462 614 3259 691; baseline -0.001 -19"><span class='ocrx_word' id='word_1_50' title='bbox 462 614 693 691; x_wconf 75' lang='lat' dir='ltr'><strong>1sumus</strong></span> <span class='ocrx_word' id='word_1_51' title='bbox 720 618 812 673; x_wconf 84' lang='lat' dir='ltr'><strong>sub</strong></span> <span class='ocrx_word' id='word_1_52' title='bbox 858 619 990 690; x_wconf 85' lang='lat' dir='ltr'><strong>lege,</strong></span> <span class='ocrx_word' id='word_1_53' title='bbox 1024 619 1114 673; x_wconf 89' lang='lat' dir='ltr'><strong>sed</strong></span> <span class='ocrx_word' id='word_1_54' title='bbox 1156 622 1250 673; x_wconf 78' lang='lat' dir='ltr'><strong>sub</strong></span> <span class='ocrx_word' id='word_1_55' title='bbox 1275 618 1450 691; x_wconf 86' lang='lat' dir='ltr'><strong>gratia</strong></span> <span class='ocrx_word' id='word_1_56' title='bbox 1482 617 1662 689; x_wconf 86' lang='lat' dir='ltr'><strong>(Rom.</strong></span> <span class='ocrx_word' id='word_1_57' title='bbox 1698 615 1797 688; x_wconf 83' lang='lat' dir='ltr'><strong>vt).</strong></span> <span class='ocrx_word' id='word_1_58' title='bbox 1828 616 1931 684; x_wconf 87' lang='lat' dir='ltr'><strong>Qui</strong></span> <span class='ocrx_word' id='word_1_59' title='bbox 1975 629 2109 685; x_wconf 86' lang='lat' dir='ltr'><strong>ergo</strong></span> <span class='ocrx_word' id='word_1_60' title='bbox 2745 614 2974 673; x_wconf 80' lang='lat' dir='ltr'><strong>CAPUT</strong></span> <span class='ocrx_word' id='word_1_61' title='bbox 3017 614 3259 672; x_wconf 78' lang='lat' dir='ltr'><strong>XXXVI.</strong></span> 
     </span>
    </p>
   </div>
   <div class='ocr_carea' id='block_1_5' title="bbox 479 708 2109 781">
    <p class='ocr_par' dir='ltr' id='par_1_5' title="bbox 479 708 2109 781">
     <span class='ocr_line' id='line_1_7' title="bbox 479 708 2109 781; baseline -0.001 -17"><span class='ocrx_word' id='word_1_62' title='bbox 479 726 614 781; x_wconf 57' lang='lat' dir='ltr'><strong>inec</strong></span> <span class='ocrx_word' id='word_1_63' title='bbox 641 711 742 766; x_wconf 88' lang='lat' dir='ltr'><strong><em>sub</em></strong></span> <span class='ocrx_word' id='word_1_64' title='bbox 790 710 961 781; x_wconf 89' lang='lat' dir='ltr'><strong>gratia</strong></span> <span class='ocrx_word' id='word_1_65' title='bbox 1007 720 1120 779; x_wconf 90' lang='lat' dir='ltr'><strong>est,</strong></span> <span class='ocrx_word' id='word_1_66' title='bbox 1163 711 1286 781; x_wconf 86' lang='lat' dir='ltr'><strong>quia</strong></span> <span class='ocrx_word' id='word_1_67' title='bbox 1319 725 1661 781; x_wconf 86' lang='lat' dir='ltr'><strong>nequaquam</strong></span> <span class='ocrx_word' id='word_1_68' title='bbox 1702 708 1769 764; x_wconf 92' lang='lat' dir='ltr'><strong>ad</strong></span> <span class='ocrx_word' id='word_1_69' title='bbox 1810 708 2109 764; x_wconf 72' lang='lat' dir='ltr'><strong>Domintca:</strong></span> 
     </span>
    </p>
   </div>
   <div class='ocr_carea' id='block_1_6' title="bbox 476 778 2108 871">
    <p class='ocr_par' dir='ltr' id='par_1_6' title="bbox 476 778 2108 871">
     <span class='ocr_line' id='line_1_8' title="bbox 476 778 2108 871; baseline -0.001 -16"><span class='ocrx_word' id='word_1_70' title='bbox 513 802 778 857; x_wconf 80' lang='lat' dir='ltr'><strong>doctrina:</strong></span> <span class='ocrx_word' id='word_1_71' title='bbox 795 778 1021 858; x_wconf 72' lang='lat' dir='ltr'><strong>culmen</strong></span> <span class='ocrx_word' id='word_1_72' title='bbox 1052 778 1329 868; x_wconf 73' lang='lat' dir='ltr'><strong>ascendit;</strong></span> <span class='ocrx_word' id='word_1_73' title='bbox 1367 778 1470 857; x_wconf 79' lang='lat' dir='ltr'><strong>nec</strong></span> <span class='ocrx_word' id='word_1_74' title='bbox 1499 778 1598 856; x_wconf 77' lang='lat' dir='ltr'><strong>sub</strong></span> <span class='ocrx_word' id='word_1_75' title='bbox 1621 801 1761 871; x_wconf 91' lang='lat' dir='ltr'><strong>lege,</strong></span> <span class='ocrx_word' id='word_1_76' title='bbox 1791 799 1918 871; x_wconf 83' lang='lat' dir='ltr'><strong>quia</strong></span> <span class='ocrx_word' id='word_1_77' title='bbox 1942 797 2108 855; x_wconf 89' lang='lat' dir='ltr'><strong>etiam</strong></span> 
     </span>
    </p>
   </div>
   <div class='ocr_carea' id='block_1_7' title="bbox 483 875 2110 966">
    <p class='ocr_par' dir='ltr' id='par_1_7' title="bbox 483 875 2110 966">
     <span class='ocr_line' id='line_1_9' title="bbox 483 875 2110 966; baseline -0.001 -20"><span class='ocrx_word' id='word_1_78' title='bbox 483 875 488 885; x_wconf 73' lang='grc'><em>’</em></span> <span class='ocrx_word' id='word_1_79' title='bbox 514 893 630 961; x_wconf 85' lang='lat' dir='ltr'><strong>ipsa</strong></span> <span class='ocrx_word' id='word_1_80' title='bbox 665 894 755 948; x_wconf 92' lang='lat' dir='ltr'><strong>illa</strong></span> <span class='ocrx_word' id='word_1_81' title='bbox 789 895 1011 963; x_wconf 90' lang='lat' dir='ltr'><strong>parvula</strong></span> <span class='ocrx_word' id='word_1_82' title='bbox 1040 894 1176 966; x_wconf 91' lang='lat' dir='ltr'><strong>legis</strong></span> <span class='ocrx_word' id='word_1_83' title='bbox 1203 894 1457 949; x_wconf 88' lang='lat' dir='ltr'><strong>mandata</strong></span> <span class='ocrx_word' id='word_1_84' title='bbox 1479 909 1586 949; x_wconf 93' lang='lat' dir='ltr'><strong>non</strong></span> <span class='ocrx_word' id='word_1_85' title='bbox 1626 891 1872 962; x_wconf 84' lang='lat' dir='ltr'><strong>suscipit,</strong></span> <span class='ocrx_word' id='word_1_86' title='bbox 1896 890 1986 946; x_wconf 89' lang='lat' dir='ltr'><strong>hic</strong></span> <span class='ocrx_word' id='word_1_87' title='bbox 2010 890 2110 946; x_wconf 92' lang='lat' dir='ltr'><strong>du-</strong></span> 
     </span>
    </p>
   </div>
   <div class='ocr_carea' id='block_1_8' title="bbox 513 987 2108 1060">
    <p class='ocr_par' dir='ltr' id='par_1_8' title="bbox 513 987 2108 1060">
     <span class='ocr_line' id='line_1_10' title="bbox 513 987 2108 1060; baseline 0.002 -21"><span class='ocrx_word' id='word_1_88' title='bbox 513 987 643 1054; x_wconf 90' lang='lat' dir='ltr'><strong>plici</strong></span> <span class='ocrx_word' id='word_1_89' title='bbox 688 996 1035 1058; x_wconf 90' lang='lat' dir='ltr'><strong>peccatorum</strong></span> <span class='ocrx_word' id='word_1_90' title='bbox 1076 1003 1375 1060; x_wconf 89' lang='lat' dir='ltr'><strong>oppressus</strong></span> <span class='ocrx_word' id='word_1_91' title='bbox 1404 989 1668 1060; x_wconf 90' lang='lat' dir='ltr'><strong>imperio,</strong></span> <span class='ocrx_word' id='word_1_92' title='bbox 1696 989 1766 1042; x_wconf 88' lang='lat' dir='ltr'><strong>ob</strong></span> <span class='ocrx_word' id='word_1_93' title='bbox 1795 987 1900 1042; x_wconf 88' lang='lat' dir='ltr'><strong>hoc</strong></span> <span class='ocrx_word' id='word_1_94' title='bbox 1929 987 2108 1042; x_wconf 89' lang='lat' dir='ltr'><strong>solum</strong></span> 
     </span>
    </p>
   </div>
   <div class='ocr_carea' id='block_1_9' title="bbox 514 1082 2108 1154">
    <p class='ocr_par' dir='ltr' id='par_1_9' title="bbox 514 1082 2108 1154">
     <span class='ocr_line' id='line_1_11' title="bbox 514 1082 2108 1154; baseline 0.001 -19"><span class='ocrx_word' id='word_1_95' title='bbox 514 1083 743 1150; x_wconf 80' lang='lat' dir='ltr'><strong>gratiam</strong></span> <span class='ocrx_word' id='word_1_96' title='bbox 776 1082 985 1138; x_wconf 86' lang='lat' dir='ltr'><strong><em>Christi</em></strong></span> <span class='ocrx_word' id='word_1_97' title='bbox 1016 1085 1327 1154; x_wconf 82' lang='lat' dir='ltr'><strong>percepisse</strong></span> <span class='ocrx_word' id='word_1_98' title='bbox 1353 1099 1412 1139; x_wconf 87' lang='lat' dir='ltr'><strong>se</strong></span> <span class='ocrx_word' id='word_1_99' title='bbox 1439 1083 1636 1151; x_wconf 84' lang='lat' dir='ltr'><strong>credit,</strong></span> <span class='ocrx_word' id='word_1_100' title='bbox 1670 1090 1731 1138; x_wconf 94' lang='lat' dir='ltr'><strong>ut</strong></span> <span class='ocrx_word' id='word_1_101' title='bbox 1757 1098 1854 1152; x_wconf 88' lang='lat' dir='ltr'><strong>per</strong></span> <span class='ocrx_word' id='word_1_102' title='bbox 1882 1083 2108 1138; x_wconf 80' lang='lat' dir='ltr'><strong>noxiam</strong></span> 
     </span>
    </p>
   </div>
   <div class='ocr_carea' id='block_1_10' title="bbox 511 1175 2109 1247">
    <p class='ocr_par' dir='ltr' id='par_1_10' title="bbox 511 1175 2109 1247">
     <span class='ocr_line' id='line_1_12' title="bbox 511 1175 2109 1247; baseline 0.003 -17"><span class='ocrx_word' id='word_1_103' title='bbox 511 1175 821 1232; x_wconf 90' lang='lat' dir='ltr'><strong>libertatem</strong></span> <span class='ocrx_word' id='word_1_104' title='bbox 867 1178 935 1233; x_wconf 91' lang='lat' dir='ltr'><strong>ab</strong></span> <span class='ocrx_word' id='word_1_105' title='bbox 981 1193 1047 1234; x_wconf 92' lang='lat' dir='ltr'><strong>eo</strong></span> <span class='ocrx_word' id='word_1_106' title='bbox 1092 1178 1249 1234; x_wconf 86' lang='lat' dir='ltr'><strong>fieret</strong></span> <span class='ocrx_word' id='word_1_107' title='bbox 1295 1179 1527 1247; x_wconf 89' lang='lat' dir='ltr'><strong>alienus,</strong></span> <span class='ocrx_word' id='word_1_108' title='bbox 1581 1180 1635 1233; x_wconf 93' lang='lat' dir='ltr'><strong>in</strong></span> <span class='ocrx_word' id='word_1_109' title='bbox 1682 1178 1815 1233; x_wconf 93' lang='lat' dir='ltr'><strong>illud</strong></span> <span class='ocrx_word' id='word_1_110' title='bbox 1861 1178 2109 1235; x_wconf 85' lang='lat' dir='ltr'><strong>incidens</strong></span> 
     </span>
    </p>
   </div>
   <div class='ocr_carea' id='block_1_11' title="bbox 510 1269 2106 1340">
    <p class='ocr_par' dir='ltr' id='par_1_11' title="bbox 510 1269 2106 1340">
     <span class='ocr_line' id='line_1_13' title="bbox 510 1269 2106 1340; baseline 0.002 -18"><span class='ocrx_word' id='word_1_111' title='bbox 510 1269 656 1339; x_wconf 85' lang='lat' dir='ltr'><strong>quod</strong></span> <span class='ocrx_word' id='word_1_112' title='bbox 706 1271 988 1340; x_wconf 86' lang='lat' dir='ltr'><strong>apostolus</strong></span> <span class='ocrx_word' id='word_1_113' title='bbox 1031 1270 1229 1326; x_wconf 89' lang='lat' dir='ltr'><strong>Petrus</strong></span> <span class='ocrx_word' id='word_1_114' title='bbox 1285 1286 1356 1326; x_wconf 89' lang='lat' dir='ltr'><strong>ne</strong></span> <span class='ocrx_word' id='word_1_115' title='bbox 1408 1272 1754 1326; x_wconf 91' lang='lat' dir='ltr'><strong>incurramus</strong></span> <span class='ocrx_word' id='word_1_116' title='bbox 1808 1274 2106 1326; x_wconf 87' lang='lat' dir='ltr'><strong>enuntiat:</strong></span> 
     </span>
    </p>
   </div>
   <div class='ocr_carea' id='block_1_12' title="bbox 517 1362 2109 1435">
    <p class='ocr_par' dir='ltr' id='par_1_12' title="bbox 517 1362 2109 1435">
     <span class='ocr_line' id='line_1_14' title="bbox 517 1362 2109 1435; baseline 0.002 -20"><span class='ocrx_word' id='word_1_117' title='bbox 517 1362 681 1428; x_wconf 84' lang='lat' dir='ltr'><strong>Quasi</strong></span> <span class='ocrx_word' id='word_1_118' title='bbox 710 1362 883 1431; x_wconf 81' lang='lat' dir='ltr'><strong>liberi,</strong></span> <span class='ocrx_word' id='word_1_119' title='bbox 916 1364 1112 1434; x_wconf 88' lang='lat' dir='ltr'><strong>inquit,</strong></span> <span class='ocrx_word' id='word_1_120' title='bbox 1142 1364 1303 1435; x_wconf 87' lang='lat' dir='ltr'><strong>agite,</strong></span> <span class='ocrx_word' id='word_1_121' title='bbox 1354 1373 1406 1418; x_wconf 89' lang='lat' dir='ltr'><strong>et</strong></span> <span class='ocrx_word' id='word_1_122' title='bbox 1437 1380 1540 1418; x_wconf 84' lang='lat' dir='ltr'><strong>non</strong></span> <span class='ocrx_word' id='word_1_123' title='bbox 1569 1363 1718 1433; x_wconf 88' lang='lat' dir='ltr'><strong>quasi</strong></span> <span class='ocrx_word' id='word_1_124' title='bbox 1747 1363 1978 1426; x_wconf 81' lang='lat' dir='ltr'><strong>uelamen</strong></span> <span class='ocrx_word' id='word_1_125' title='bbox 2009 1363 2109 1418; x_wconf 87' lang='lat' dir='ltr'><strong>Ita-</strong></span> 
     </span>
    </p>
   </div>
   <div class='ocr_carea' id='block_1_13' title="bbox 513 1453 2110 1528">
    <p class='ocr_par' dir='ltr' id='par_1_13' title="bbox 513 1453 2110 1528">
     <span class='ocr_line' id='line_1_15' title="bbox 513 1453 2110 1528; baseline 0.001 -19"><span class='ocrx_word' id='word_1_126' title='bbox 513 1455 689 1510; x_wconf 84' lang='lat' dir='ltr'><strong>bentes</strong></span> <span class='ocrx_word' id='word_1_127' title='bbox 720 1455 937 1509; x_wconf 73' lang='lat' dir='ltr'><strong>malitiae</strong></span> <span class='ocrx_word' id='word_1_128' title='bbox 977 1456 1266 1510; x_wconf 84' lang='lat' dir='ltr'><strong>libertatem</strong></span> <span class='ocrx_word' id='word_1_129' title='bbox 1295 1455 1350 1528; x_wconf 84' lang='grc' dir='ltr'><strong>(Ι</strong></span> <span class='ocrx_word' id='word_1_130' title='bbox 1381 1453 1502 1510; x_wconf 85' lang='lat' dir='ltr'><strong>Pet.</strong></span> <span class='ocrx_word' id='word_1_131' title='bbox 1529 1454 1616 1525; x_wconf 89' lang='grc' dir='ltr'><strong><em>ιι).</em></strong></span> <span class='ocrx_word' id='word_1_132' title='bbox 1658 1455 1858 1511; x_wconf 85' lang='lat' dir='ltr'><strong>Beatus</strong></span> <span class='ocrx_word' id='word_1_133' title='bbox 1896 1470 2110 1526; x_wconf 84' lang='lat' dir='ltr'><strong>quoque</strong></span> 
     </span>
    </p>
   </div>
   <div class='ocr_carea' id='block_1_14' title="bbox 513 1547 2111 1620">
    <p class='ocr_par' dir='ltr' id='par_1_14' title="bbox 513 1547 2111 1620">
     <span class='ocr_line' id='line_1_16' title="bbox 513 1547 2111 1620; baseline 0.001 -19"><span class='ocrx_word' id='word_1_134' title='bbox 513 1547 796 1618; x_wconf 90' lang='lat' dir='ltr'><strong>apostolus</strong></span> <span class='ocrx_word' id='word_1_135' title='bbox 845 1549 1083 1604; x_wconf 82' lang='lat' dir='ltr'><strong>Paulus:</strong></span> <span class='ocrx_word' id='word_1_136' title='bbox 1121 1547 1246 1616; x_wconf 85' lang='lat' dir='ltr'><strong>Vos,</strong></span> <span class='ocrx_word' id='word_1_137' title='bbox 1296 1549 1464 1616; x_wconf 90' lang='lat' dir='ltr'><strong>enim,</strong></span> <span class='ocrx_word' id='word_1_138' title='bbox 1494 1549 1684 1620; x_wconf 77' lang='lat' dir='ltr'><strong>inquit,</strong></span> <span class='ocrx_word' id='word_1_139' title='bbox 1726 1549 1780 1602; x_wconf 91' lang='lat' dir='ltr'><strong>in</strong></span> <span class='ocrx_word' id='word_1_140' title='bbox 1820 1547 2111 1602; x_wconf 84' lang='lat' dir='ltr'><strong>libertatem</strong></span> 
     </span>
    </p>
   </div>
   <div class='ocr_carea' id='block_1_15' title="bbox 511 1641 2111 1714">
    <p class='ocr_par' dir='ltr' id='par_1_15' title="bbox 511 1641 2111 1714">
     <span class='ocr_line' id='line_1_17' title="bbox 511 1641 2111 1714; baseline 0.004 -22"><span class='ocrx_word' id='word_1_141' title='bbox 511 1642 676 1695; x_wconf 69' lang='lat' dir='ltr'><strong>vocati</strong></span> <span class='ocrx_word' id='word_1_142' title='bbox 710 1642 858 1709; x_wconf 80' lang='lat' dir='ltr'><strong>estis,</strong></span> <span class='ocrx_word' id='word_1_143' title='bbox 894 1645 1083 1712; x_wconf 77' lang='lat' dir='ltr'><strong>fratres</strong></span> <span class='ocrx_word' id='word_1_144' title='bbox 1117 1641 1320 1712; x_wconf 84' lang='lat' dir='ltr'><strong>(Galat.</strong></span> <span class='ocrx_word' id='word_1_145' title='bbox 1355 1643 1434 1714; x_wconf 77' lang='grc' dir='ltr'><strong>ν),</strong></span> <span class='ocrx_word' id='word_1_146' title='bbox 1463 1643 1516 1697; x_wconf 90' lang='lat' dir='ltr'><strong>id</strong></span> <span class='ocrx_word' id='word_1_147' title='bbox 1548 1653 1652 1712; x_wconf 89' lang='lat' dir='ltr'><strong>est,</strong></span> <span class='ocrx_word' id='word_1_148' title='bbox 1687 1652 1744 1698; x_wconf 94' lang='lat' dir='ltr'><strong><em>ut</em></strong></span> <span class='ocrx_word' id='word_1_149' title='bbox 1770 1643 2005 1698; x_wconf 85' lang='lat' dir='ltr'><strong>absoluti</strong></span> <span class='ocrx_word' id='word_1_150' title='bbox 2035 1643 2111 1698; x_wconf 85' lang='lat' dir='ltr'><strong>si-</strong></span> 
     </span>
    </p>
   </div>
   <div class='ocr_carea' id='block_1_16' title="bbox 513 1733 2107 1806">
    <p class='ocr_par' dir='ltr' id='par_1_16' title="bbox 513 1733 2107 1806">
     <span class='ocr_line' id='line_1_18' title="bbox 513 1733 2107 1806; baseline 0.003 -19"><span class='ocrx_word' id='word_1_151' title='bbox 513 1733 584 1788; x_wconf 91' lang='lat' dir='ltr'><strong>tis</strong></span> <span class='ocrx_word' id='word_1_152' title='bbox 614 1750 643 1786; x_wconf 91' lang='lat' dir='ltr'><strong>a</strong></span> <span class='ocrx_word' id='word_1_153' title='bbox 684 1734 1057 1791; x_wconf 86' lang='lat' dir='ltr'><strong>dominatione</strong></span> <span class='ocrx_word' id='word_1_154' title='bbox 1097 1737 1329 1806; x_wconf 87' lang='lat' dir='ltr'><strong>peccati,</strong></span> <span class='ocrx_word' id='word_1_155' title='bbox 1363 1746 1570 1792; x_wconf 90' lang='lat' dir='ltr'><strong>tantum</strong></span> <span class='ocrx_word' id='word_1_156' title='bbox 1612 1752 1681 1792; x_wconf 90' lang='lat' dir='ltr'><strong>ne</strong></span> <span class='ocrx_word' id='word_1_157' title='bbox 1716 1737 2023 1794; x_wconf 88' lang='lat' dir='ltr'><strong>libertatem</strong></span> <span class='ocrx_word' id='word_1_158' title='bbox 2053 1738 2107 1793; x_wconf 92' lang='lat' dir='ltr'><strong>in</strong></span> 
     </span>
    </p>
   </div>
   <div class='ocr_carea' id='block_1_17' title="bbox 2212 727 3816 859">
    <p class='ocr_par' dir='ltr' id='par_1_17' title="bbox 2212 727 3816 859">
     <span class='ocr_line' id='line_1_19' title="bbox 2212 727 3816 859; baseline -0.002 -68"><span class='ocrx_word' id='word_1_159' title='bbox 2212 735 2524 808; x_wconf 81' lang='lat' dir='ltr'><strong>Responsio,</strong></span> <span class='ocrx_word' id='word_1_160' title='bbox 2553 732 2692 805; x_wconf 88' lang='lat' dir='ltr'><strong>quod</strong></span> <span class='ocrx_word' id='word_1_161' title='bbox 2722 732 2831 788; x_wconf 65' lang='lat' dir='ltr'><strong>hinc</strong></span> <span class='ocrx_word' id='word_1_162' title='bbox 2857 732 3289 859; x_wconf 50' lang='lat' dir='ltr'><strong>qticest&#39;izréutum</strong></span> <span class='ocrx_word' id='word_1_163' title='bbox 3307 728 3600 788; x_wconf 84' lang='lat' dir='ltr'><strong>Collationi</strong></span> <span class='ocrx_word' id='word_1_164' title='bbox 3627 727 3816 788; x_wconf 73' lang='lat' dir='ltr'><strong>debeat</strong></span> 
     </span>
    </p>
   </div>
   <div class='ocr_carea' id='block_1_18' title="bbox 2283 894 3815 969">
    <p class='ocr_par' dir='ltr' id='par_1_18' title="bbox 2283 894 3815 969">
     <span class='ocr_line' id='line_1_20' title="bbox 2283 894 3815 969; baseline -0.003 -13"><span class='ocrx_word' id='word_1_165' title='bbox 2283 901 2578 958; x_wconf 88' lang='lat' dir='ltr'><strong>Theonas:</strong></span> <span class='ocrx_word' id='word_1_166' title='bbox 2613 899 2862 957; x_wconf 91' lang='lat' dir='ltr'><strong>Studium</strong></span> <span class='ocrx_word' id='word_1_167' title='bbox 2908 898 3128 969; x_wconf 89' lang='lat' dir='ltr'><strong>quidem</strong></span> <span class='ocrx_word' id='word_1_168' title='bbox 3176 905 3439 964; x_wconf 90' lang='lat' dir='ltr'><strong>vestrum,</strong></span> <span class='ocrx_word' id='word_1_169' title='bbox 3488 911 3598 968; x_wconf 90' lang='lat' dir='ltr'><strong>quo</strong></span> <span class='ocrx_word' id='word_1_170' title='bbox 3629 894 3815 965; x_wconf 77' lang='lat' dir='ltr'><strong>perle-</strong></span> 
     </span>
    </p>
   </div>
   <div class='ocr_carea' id='block_1_19' title="bbox 2211 989 3814 1061">
    <p class='ocr_par' dir='ltr' id='par_1_19' title="bbox 2211 989 3814 1061">
     <span class='ocr_line' id='line_1_21' title="bbox 2211 989 3814 1061; baseline -0.004 -11"><span class='ocrx_word' id='word_1_171' title='bbox 2211 995 2410 1050; x_wconf 83' lang='lat' dir='ltr'><strong>ctionis</strong></span> <span class='ocrx_word' id='word_1_172' title='bbox 2438 996 2578 1050; x_wconf 89' lang='lat' dir='ltr'><strong>viam</strong></span> <span class='ocrx_word' id='word_1_173' title='bbox 2608 1009 2714 1050; x_wconf 93' lang='lat' dir='ltr'><strong>non</strong></span> <span class='ocrx_word' id='word_1_174' title='bbox 2743 991 3074 1057; x_wconf 88' lang='lat' dir='ltr'><strong>transitorie,</strong></span> <span class='ocrx_word' id='word_1_175' title='bbox 3107 989 3204 1046; x_wconf 88' lang='lat' dir='ltr'><strong>sed</strong></span> <span class='ocrx_word' id='word_1_176' title='bbox 3235 989 3612 1061; x_wconf 84' lang='lat' dir='ltr'><strong>principaliter</strong></span> <span class='ocrx_word' id='word_1_177' title='bbox 3645 997 3814 1060; x_wconf 87' lang='lat' dir='ltr'><strong>atque</strong></span> 
     </span>
    </p>
   </div>
   <div class='ocr_carea' id='block_1_20' title="bbox 2211 1082 3814 1160">
    <p class='ocr_par' dir='ltr' id='par_1_20' title="bbox 2211 1082 3814 1160">
     <span class='ocr_line' id='line_1_22' title="bbox 2211 1082 3814 1160; baseline -0.005 -16"><span class='ocrx_word' id='word_1_178' title='bbox 2211 1089 2458 1160; x_wconf 83' lang='lat' dir='ltr'><strong>perfecte</strong></span> <span class='ocrx_word' id='word_1_179' title='bbox 2506 1087 2836 1144; x_wconf 86' lang='lat' dir='ltr'><strong>desideratis</strong></span> <span class='ocrx_word' id='word_1_180' title='bbox 2881 1089 3180 1156; x_wconf 73' lang='lat' dir='ltr'><strong>attingere,</strong></span> <span class='ocrx_word' id='word_1_181' title='bbox 3232 1083 3640 1155; x_wconf 87' lang='lat' dir='ltr'><strong>infatigabiliter</strong></span> <span class='ocrx_word' id='word_1_182' title='bbox 3684 1082 3814 1137; x_wconf 85' lang='lat' dir='ltr'><strong>huic</strong></span> 
     </span>
    </p>
   </div>
   <div class='ocr_carea' id='block_1_21' title="bbox 2211 1175 3812 1251">
    <p class='ocr_par' dir='ltr' id='par_1_21' title="bbox 2211 1175 3812 1251">
     <span class='ocr_line' id='line_1_23' title="bbox 2211 1175 3812 1251; baseline -0.003 -16"><span class='ocrx_word' id='word_1_183' title='bbox 2211 1180 2563 1251; x_wconf 88' lang='lat' dir='ltr'><strong>disputationi</strong></span> <span class='ocrx_word' id='word_1_184' title='bbox 2609 1195 2708 1235; x_wconf 91' lang='lat' dir='ltr'><strong>nos</strong></span> <span class='ocrx_word' id='word_1_185' title='bbox 2750 1187 3008 1250; x_wconf 80' lang='lat' dir='ltr'><strong>provocat</strong></span> <span class='ocrx_word' id='word_1_186' title='bbox 3038 1177 3345 1234; x_wconf 66' lang='lat' dir='ltr'><strong>inhaerere:</strong></span> <span class='ocrx_word' id='word_1_187' title='bbox 3399 1191 3502 1232; x_wconf 92' lang='lat' dir='ltr'><strong>nec</strong></span> <span class='ocrx_word' id='word_1_188' title='bbox 3549 1177 3696 1231; x_wconf 89' lang='lat' dir='ltr'><strong>enim</strong></span> <span class='ocrx_word' id='word_1_189' title='bbox 3738 1175 3812 1230; x_wconf 88' lang='lat' dir='ltr'><strong>de</strong></span> 
     </span>
    </p>
   </div>
   <div class='ocr_carea' id='block_1_22' title="bbox 2213 1268 3810 1336">
    <p class='ocr_par' dir='ltr' id='par_1_22' title="bbox 2213 1268 3810 1336">
     <span class='ocr_line' id='line_1_24' title="bbox 2213 1268 3810 1336; baseline -0.003 -8"><span class='ocrx_word' id='word_1_190' title='bbox 2213 1274 2484 1329; x_wconf 84' lang='lat' dir='ltr'><strong>exteriore</strong></span> <span class='ocrx_word' id='word_1_191' title='bbox 2512 1272 2834 1329; x_wconf 84' lang='lat' dir='ltr'><strong>castimonia</strong></span> <span class='ocrx_word' id='word_1_192' title='bbox 2860 1281 2917 1328; x_wconf 90' lang='lat' dir='ltr'><strong>et</strong></span> <span class='ocrx_word' id='word_1_193' title='bbox 2937 1271 3354 1327; x_wconf 88' lang='lat' dir='ltr'><strong>circumcisione</strong></span> <span class='ocrx_word' id='word_1_194' title='bbox 3375 1268 3685 1336; x_wconf 87' lang='lat' dir='ltr'><strong>manifesta,</strong></span> <span class='ocrx_word' id='word_1_195' title='bbox 3708 1269 3810 1324; x_wconf 88' lang='lat' dir='ltr'><strong>sed</strong></span> 
     </span>
    </p>
   </div>
   <div class='ocr_carea' id='block_1_23' title="bbox 2213 1362 3806 1437">
    <p class='ocr_par' dir='ltr' id='par_1_23' title="bbox 2213 1362 3806 1437">
     <span class='ocr_line' id='line_1_25' title="bbox 2213 1362 3806 1437; baseline -0.001 -17"><span class='ocrx_word' id='word_1_196' title='bbox 2213 1366 2282 1422; x_wconf 91' lang='lat' dir='ltr'><strong>de</strong></span> <span class='ocrx_word' id='word_1_197' title='bbox 2329 1366 2416 1421; x_wconf 91' lang='lat' dir='ltr'><strong>illa</strong></span> <span class='ocrx_word' id='word_1_198' title='bbox 2465 1381 2584 1437; x_wconf 71' lang='lat' dir='ltr'><strong>qua:</strong></span> <span class='ocrx_word' id='word_1_199' title='bbox 2631 1367 2688 1421; x_wconf 92' lang='lat' dir='ltr'><strong>in</strong></span> <span class='ocrx_word' id='word_1_200' title='bbox 2734 1365 2949 1420; x_wconf 91' lang='lat' dir='ltr'><strong>occulto</strong></span> <span class='ocrx_word' id='word_1_201' title='bbox 3008 1373 3114 1430; x_wconf 90' lang='lat' dir='ltr'><strong>est,</strong></span> <span class='ocrx_word' id='word_1_202' title='bbox 3160 1364 3453 1434; x_wconf 78' lang='lat' dir='ltr'><strong>diligenter</strong></span> <span class='ocrx_word' id='word_1_203' title='bbox 3506 1362 3806 1432; x_wconf 88' lang='lat' dir='ltr'><strong>inquiritis,</strong></span> 
     </span>
    </p>
   </div>
   <div class='ocr_carea' id='block_1_24' title="bbox 2213 1456 3813 1526">
    <p class='ocr_par' dir='ltr' id='par_1_24' title="bbox 2213 1456 3813 1526">
     <span class='ocr_line' id='line_1_26' title="bbox 2213 1456 3813 1526; baseline -0.004 -10"><span class='ocrx_word' id='word_1_204' title='bbox 2213 1462 2448 1517; x_wconf 79' lang='lat' dir='ltr'><strong>scientes</strong></span> <span class='ocrx_word' id='word_1_205' title='bbox 2478 1461 2531 1516; x_wconf 93' lang='lat' dir='ltr'><strong>in</strong></span> <span class='ocrx_word' id='word_1_206' title='bbox 2566 1461 2664 1516; x_wconf 89' lang='lat' dir='ltr'><strong>hac</strong></span> <span class='ocrx_word' id='word_1_207' title='bbox 2695 1459 2896 1516; x_wconf 90' lang='lat' dir='ltr'><strong>visibili</strong></span> <span class='ocrx_word' id='word_1_208' title='bbox 2925 1457 3103 1515; x_wconf 89' lang='lat' dir='ltr'><strong>carnis</strong></span> <span class='ocrx_word' id='word_1_209' title='bbox 3125 1457 3484 1521; x_wconf 89' lang='lat' dir='ltr'><strong>continentia,</strong></span> <span class='ocrx_word' id='word_1_210' title='bbox 3512 1456 3813 1526; x_wconf 80' lang='lat' dir='ltr'><strong>perfectio-</strong></span> 
     </span>
    </p>
   </div>
   <div class='ocr_carea' id='block_1_25' title="bbox 2212 1549 3813 1626">
    <p class='ocr_par' dir='ltr' id='par_1_25' title="bbox 2212 1549 3813 1626">
     <span class='ocr_line' id='line_1_27' title="bbox 2212 1549 3813 1626; baseline -0.004 -15"><span class='ocrx_word' id='word_1_211' title='bbox 2212 1556 2297 1611; x_wconf 89' lang='lat' dir='ltr'><strong>nis</strong></span> <span class='ocrx_word' id='word_1_212' title='bbox 2334 1555 2728 1626; x_wconf 89' lang='lat' dir='ltr'><strong>plenitudinem</strong></span> <span class='ocrx_word' id='word_1_213' title='bbox 2778 1569 2884 1608; x_wconf 93' lang='lat' dir='ltr'><strong>non</strong></span> <span class='ocrx_word' id='word_1_214' title='bbox 2916 1553 3117 1621; x_wconf 90' lang='lat' dir='ltr'><strong>inesse,</strong></span> <span class='ocrx_word' id='word_1_215' title='bbox 3160 1566 3283 1621; x_wconf 69' lang='lat' dir='ltr'><strong>quae</strong></span> <span class='ocrx_word' id='word_1_216' title='bbox 3327 1549 3550 1616; x_wconf 87' lang='lat' dir='ltr'><strong>haberi,</strong></span> <span class='ocrx_word' id='word_1_217' title='bbox 3582 1549 3667 1602; x_wconf 90' lang='lat' dir='ltr'><strong>vel</strong></span> <span class='ocrx_word' id='word_1_218' title='bbox 3712 1563 3813 1619; x_wconf 87' lang='lat' dir='ltr'><strong>per</strong></span> 
     </span>
    </p>
   </div>
   <div class='ocr_carea' id='block_1_26' title="bbox 2213 1639 3814 1717">
    <p class='ocr_par' dir='ltr' id='par_1_26' title="bbox 2213 1639 3814 1717">
     <span class='ocr_line' id='line_1_28' title="bbox 2213 1639 3814 1717; baseline -0.005 -14"><span class='ocrx_word' id='word_1_219' title='bbox 2213 1647 2616 1717; x_wconf 85' lang='lat' dir='ltr'><strong>necessitatem,</strong></span> <span class='ocrx_word' id='word_1_220' title='bbox 2665 1647 2750 1702; x_wconf 90' lang='lat' dir='ltr'><strong>vel</strong></span> <span class='ocrx_word' id='word_1_221' title='bbox 2787 1661 2884 1715; x_wconf 90' lang='lat' dir='ltr'><strong>per</strong></span> <span class='ocrx_word' id='word_1_222' title='bbox 2907 1643 3242 1716; x_wconf 85' lang='lat' dir='ltr'><strong>bypocrisim</strong></span> <span class='ocrx_word' id='word_1_223' title='bbox 3275 1643 3436 1697; x_wconf 90' lang='lat' dir='ltr'><strong>etiam</strong></span> <span class='ocrx_word' id='word_1_224' title='bbox 3469 1640 3538 1695; x_wconf 88' lang='lat' dir='ltr'><strong>ab</strong></span> <span class='ocrx_word' id='word_1_225' title='bbox 3569 1639 3814 1695; x_wconf 81' lang='lat' dir='ltr'><strong>inﬁdeli-</strong></span> 
     </span>
    </p>
   </div>
   <div class='ocr_carea' id='block_1_27' title="bbox 2213 1734 3815 1812">
    <p class='ocr_par' dir='ltr' id='par_1_27' title="bbox 2213 1734 3815 1812">
     <span class='ocr_line' id='line_1_29' title="bbox 2213 1734 3815 1812; baseline -0.006 -14"><span class='ocrx_word' id='word_1_226' title='bbox 2213 1741 2316 1798; x_wconf 89' lang='lat' dir='ltr'><strong>bus</strong></span> <span class='ocrx_word' id='word_1_227' title='bbox 2347 1751 2554 1812; x_wconf 86' lang='lat' dir='ltr'><strong>potest:</strong></span> <span class='ocrx_word' id='word_1_228' title='bbox 2587 1741 2686 1797; x_wconf 90' lang='lat' dir='ltr'><strong>sed</strong></span> <span class='ocrx_word' id='word_1_229' title='bbox 2738 1740 2887 1796; x_wconf 88' lang='lat' dir='ltr'><strong>illam</strong></span> <span class='ocrx_word' id='word_1_230' title='bbox 2917 1738 3102 1794; x_wconf 91' lang='lat' dir='ltr'><strong>cordis</strong></span> <span class='ocrx_word' id='word_1_231' title='bbox 3139 1735 3500 1791; x_wconf 88' lang='lat' dir='ltr'><strong>voluntariam</strong></span> <span class='ocrx_word' id='word_1_232' title='bbox 3537 1742 3597 1789; x_wconf 92' lang='lat' dir='ltr'><strong>et</strong></span> <span class='ocrx_word' id='word_1_233' title='bbox 3620 1734 3815 1788; x_wconf 89' lang='lat' dir='ltr'><strong>invisi-</strong></span> 
     </span>
    </p>
   </div>
   <div class='ocr_carea' id='block_1_28' title="bbox 511 1827 3816 1906">
    <p class='ocr_par' dir='ltr' id='par_1_28' title="bbox 511 1827 3816 1906">
     <span class='ocr_line' id='line_1_30' title="bbox 511 1827 3816 1906; baseline 0.001 -26"><span class='ocrx_word' id='word_1_234' title='bbox 511 1827 862 1883; x_wconf 87' lang='lat' dir='ltr'><strong>occasionem</strong></span> <span class='ocrx_word' id='word_1_235' title='bbox 895 1829 1032 1884; x_wconf 89' lang='lat' dir='ltr'><strong>detis</strong></span> <span class='ocrx_word' id='word_1_236' title='bbox 1061 1831 1264 1896; x_wconf 88' lang='lat' dir='ltr'><strong>carnis,</strong></span> <span class='ocrx_word' id='word_1_237' title='bbox 1293 1830 1347 1885; x_wconf 90' lang='lat' dir='ltr'><strong>id</strong></span> <span class='ocrx_word' id='word_1_238' title='bbox 1375 1839 1478 1897; x_wconf 91' lang='lat' dir='ltr'><strong>est,</strong></span> <span class='ocrx_word' id='word_1_239' title='bbox 1510 1829 1919 1888; x_wconf 80' lang='lat' dir='ltr'><strong>frustrationem</strong></span> <span class='ocrx_word' id='word_1_240' title='bbox 1959 1832 2106 1902; x_wconf 86' lang='lat' dir='ltr'><strong>lega-</strong></span> <span class='ocrx_word' id='word_1_241' title='bbox 2135 1839 2184 1901; x_wconf 76' lang='grc' dir='ltr'>Β</span> <span class='ocrx_word' id='word_1_242' title='bbox 2210 1836 2376 1894; x_wconf 88' lang='lat' dir='ltr'><strong>bilem</strong></span> <span class='ocrx_word' id='word_1_243' title='bbox 2407 1837 2694 1906; x_wconf 88' lang='lat' dir='ltr'><strong>puritatem</strong></span> <span class='ocrx_word' id='word_1_244' title='bbox 2750 1849 2912 1906; x_wconf 86' lang='lat' dir='ltr'><strong>quam</strong></span> <span class='ocrx_word' id='word_1_245' title='bbox 2949 1833 3140 1889; x_wconf 90' lang='lat' dir='ltr'><strong>beatus</strong></span> <span class='ocrx_word' id='word_1_246' title='bbox 3170 1830 3469 1902; x_wconf 84' lang='lat' dir='ltr'><strong>Apostolus</strong></span> <span class='ocrx_word' id='word_1_247' title='bbox 3504 1830 3580 1884; x_wconf 89' lang='lat' dir='ltr'><strong>ita</strong></span> <span class='ocrx_word' id='word_1_248' title='bbox 3613 1830 3816 1899; x_wconf 66' lang='lat' dir='ltr'><strong>prmdi-</strong></span> 
     </span>
    </p>
   </div>
   <div class='ocr_carea' id='block_1_29' title="bbox 511 1917 2104 1980">
    <p class='ocr_par' dir='ltr' id='par_1_29' title="bbox 511 1917 2104 1980">
     <span class='ocr_line' id='line_1_31' title="bbox 511 1917 2104 1980; baseline 0.005 -8"><span class='ocrx_word' id='word_1_249' title='bbox 511 1917 645 1972; x_wconf 89' lang='lat' dir='ltr'><strong>lium</strong></span> <span class='ocrx_word' id='word_1_250' title='bbox 678 1920 1057 1975; x_wconf 89' lang='lat' dir='ltr'><strong>mandatorum</strong></span> <span class='ocrx_word' id='word_1_251' title='bbox 1094 1921 1333 1977; x_wconf 86' lang='lat' dir='ltr'><strong>credatis</strong></span> <span class='ocrx_word' id='word_1_252' title='bbox 1359 1937 1482 1977; x_wconf 89' lang='lat' dir='ltr'><strong>esse</strong></span> <span class='ocrx_word' id='word_1_253' title='bbox 1513 1922 1788 1978; x_wconf 83' lang='lat' dir='ltr'><strong>licentiam</strong></span> <span class='ocrx_word' id='word_1_254' title='bbox 1824 1926 2104 1980; x_wconf 84' lang='lat' dir='ltr'><strong>vitiorum.</strong></span> 
     </span>
    </p>
   </div>
   <div class='ocr_carea' id='block_1_30' title="bbox 512 2008 2106 2083">
    <p class='ocr_par' dir='ltr' id='par_1_30' title="bbox 512 2008 2106 2083">
     <span class='ocr_line' id='line_1_32' title="bbox 512 2008 2106 2083; baseline 0.005 -20"><span class='ocrx_word' id='word_1_255' title='bbox 512 2008 643 2063; x_wconf 76' lang='lat' dir='ltr'><strong>Haec</strong></span> <span class='ocrx_word' id='word_1_256' title='bbox 672 2025 802 2065; x_wconf 90' lang='lat' dir='ltr'><strong>vero</strong></span> <span class='ocrx_word' id='word_1_257' title='bbox 831 2011 1077 2078; x_wconf 91' lang='lat' dir='ltr'><strong>libertas,</strong></span> <span class='ocrx_word' id='word_1_258' title='bbox 1107 2012 1230 2082; x_wconf 87' lang='lat' dir='ltr'><strong>quia</strong></span> <span class='ocrx_word' id='word_1_259' title='bbox 1265 2028 1532 2083; x_wconf 86' lang='lat' dir='ltr'><strong>nusquam</strong></span> <span class='ocrx_word' id='word_1_260' title='bbox 1564 2015 1670 2070; x_wconf 91' lang='lat' dir='ltr'><strong>nisi</strong></span> <span class='ocrx_word' id='word_1_261' title='bbox 1698 2015 1770 2070; x_wconf 86' lang='lat' dir='ltr'><strong>ibi</strong></span> <span class='ocrx_word' id='word_1_262' title='bbox 1803 2015 1874 2072; x_wconf 91' lang='lat' dir='ltr'><strong>sit</strong></span> <span class='ocrx_word' id='word_1_263' title='bbox 1902 2024 2106 2071; x_wconf 86' lang='lat' dir='ltr'><strong>tantum</strong></span> 
     </span>
    </p>
   </div>
   <div class='ocr_carea' id='block_1_31' title="bbox 511 2101 2105 2178">
    <p class='ocr_par' dir='ltr' id='par_1_31' title="bbox 511 2101 2105 2178">
     <span class='ocr_line' id='line_1_33' title="bbox 511 2101 2105 2178; baseline 0.007 -23"><span class='ocrx_word' id='word_1_264' title='bbox 511 2101 606 2156; x_wconf 90' lang='lat' dir='ltr'><strong>ubi</strong></span> <span class='ocrx_word' id='word_1_265' title='bbox 629 2101 892 2158; x_wconf 87' lang='lat' dir='ltr'><strong>Dominus</strong></span> <span class='ocrx_word' id='word_1_266' title='bbox 928 2115 1326 2174; x_wconf 90' lang='lat' dir='ltr'><strong>commoratur,</strong></span> <span class='ocrx_word' id='word_1_267' title='bbox 1362 2105 1560 2163; x_wconf 85' lang='lat' dir='ltr'><strong>Paulus</strong></span> <span class='ocrx_word' id='word_1_268' title='bbox 1593 2110 1876 2178; x_wconf 86' lang='lat' dir='ltr'><strong>apostolus</strong></span> <span class='ocrx_word' id='word_1_269' title='bbox 1909 2109 2105 2166; x_wconf 87' lang='lat' dir='ltr'><strong>docet:</strong></span> 
     </span>
    </p>
   </div>
   <div class='ocr_carea' id='block_1_32' title="bbox 511 2194 2107 2276">
    <p class='ocr_par' dir='ltr' id='par_1_32' title="bbox 511 2194 2107 2276">
     <span class='ocr_line' id='line_1_34' title="bbox 511 2194 2107 2276; baseline 0.005 -26"><span class='ocrx_word' id='word_1_270' title='bbox 511 2194 793 2266; x_wconf 83' lang='lat' dir='ltr'><strong>Dominus,</strong></span> <span class='ocrx_word' id='word_1_271' title='bbox 827 2197 1101 2269; x_wconf 87' lang='lat' dir='ltr'><strong>inquiens,</strong></span> <span class='ocrx_word' id='word_1_272' title='bbox 1133 2200 1348 2270; x_wconf 85' lang='lat' dir='ltr'><strong>spiritus</strong></span> <span class='ocrx_word' id='word_1_273' title='bbox 1389 2211 1498 2267; x_wconf 88' lang='lat' dir='ltr'><strong>est;</strong></span> <span class='ocrx_word' id='word_1_274' title='bbox 1546 2202 1634 2255; x_wconf 86' lang='lat' dir='ltr'><strong>ubi</strong></span> <span class='ocrx_word' id='word_1_275' title='bbox 1675 2212 1847 2257; x_wconf 89' lang='lat' dir='ltr'><strong>autem</strong></span> <span class='ocrx_word' id='word_1_276' title='bbox 1891 2204 2107 2276; x_wconf 81' lang='lat' dir='ltr'><strong>spiritus</strong></span> 
     </span>
    </p>
   </div>
   <div class='ocr_carea' id='block_1_33' title="bbox 512 2287 2109 2364">
    <p class='ocr_par' dir='ltr' id='par_1_33' title="bbox 512 2287 2109 2364">
     <span class='ocr_line' id='line_1_35' title="bbox 512 2287 2109 2364; baseline 0.006 -23"><span class='ocrx_word' id='word_1_277' title='bbox 512 2287 749 2355; x_wconf 86' lang='lat' dir='ltr'><strong>Domini,</strong></span> <span class='ocrx_word' id='word_1_278' title='bbox 796 2289 868 2343; x_wconf 84' lang='lat' dir='ltr'><strong>ibi</strong></span> <span class='ocrx_word' id='word_1_279' title='bbox 913 2290 1122 2345; x_wconf 87' lang='lat' dir='ltr'><strong>libertas</strong></span> <span class='ocrx_word' id='word_1_280' title='bbox 1152 2291 1232 2363; x_wconf 92' lang='lat' dir='ltr'><strong>(ll</strong></span> <span class='ocrx_word' id='word_1_281' title='bbox 1261 2291 1384 2346; x_wconf 90' lang='lat' dir='ltr'><strong>Cor.</strong></span> <span class='ocrx_word' id='word_1_282' title='bbox 1410 2293 1513 2363; x_wconf 92' lang='grc' dir='ltr'><strong><em>ιιι).</em></strong></span> <span class='ocrx_word' id='word_1_283' title='bbox 1555 2293 1896 2364; x_wconf 88' lang='lat' dir='ltr'><strong>Quapropter</strong></span> <span class='ocrx_word' id='word_1_284' title='bbox 1924 2295 2109 2352; x_wconf 89' lang='lat' dir='ltr'><strong>nescio</strong></span> 
     </span>
    </p>
   </div>
   <div class='ocr_carea' id='block_1_34' title="bbox 511 2384 2110 2462">
    <p class='ocr_par' dir='ltr' id='par_1_34' title="bbox 511 2384 2110 2462">
     <span class='ocr_line' id='line_1_36' title="bbox 511 2384 2110 2462; baseline 0.006 -25"><span class='ocrx_word' id='word_1_285' title='bbox 511 2395 691 2438; x_wconf 91' lang='lat' dir='ltr'><strong>utrum</strong></span> <span class='ocrx_word' id='word_1_286' title='bbox 719 2384 866 2440; x_wconf 88' lang='lat' dir='ltr'><strong>hunc</strong></span> <span class='ocrx_word' id='word_1_287' title='bbox 898 2386 1043 2442; x_wconf 86' lang='lat' dir='ltr'><strong>beati</strong></span> <span class='ocrx_word' id='word_1_288' title='bbox 1072 2388 1306 2459; x_wconf 91' lang='lat' dir='ltr'><strong>apostoli</strong></span> <span class='ocrx_word' id='word_1_289' title='bbox 1339 2403 1585 2456; x_wconf 90' lang='lat' dir='ltr'><strong>sensum,</strong></span> <span class='ocrx_word' id='word_1_290' title='bbox 1614 2391 1756 2445; x_wconf 85' lang='lat' dir='ltr'><strong>sicut</strong></span> <span class='ocrx_word' id='word_1_291' title='bbox 1792 2390 1844 2444; x_wconf 80' lang='lat' dir='ltr'><strong>Ili</strong></span> <span class='ocrx_word' id='word_1_292' title='bbox 1883 2392 1975 2462; x_wconf 92' lang='lat' dir='ltr'><strong>qui</strong></span> <span class='ocrx_word' id='word_1_293' title='bbox 2014 2407 2110 2446; x_wconf 83' lang='lat' dir='ltr'><strong>ex-</strong></span> 
     </span>
    </p>
   </div>
   <div class='ocr_carea' id='block_1_35' title="bbox 513 2477 2110 2554">
    <p class='ocr_par' dir='ltr' id='par_1_35' title="bbox 513 2477 2110 2554">
     <span class='ocr_line' id='line_1_37' title="bbox 513 2477 2110 2554; baseline 0.006 -24"><span class='ocrx_word' id='word_1_294' title='bbox 513 2477 651 2544; x_wconf 90' lang='lat' dir='ltr'><strong>perti</strong></span> <span class='ocrx_word' id='word_1_295' title='bbox 681 2487 810 2532; x_wconf 92' lang='lat' dir='ltr'><strong>sunt</strong></span> <span class='ocrx_word' id='word_1_296' title='bbox 863 2479 1104 2549; x_wconf 89' lang='lat' dir='ltr'><strong>sapiunt,</strong></span> <span class='ocrx_word' id='word_1_297' title='bbox 1149 2482 1456 2553; x_wconf 84' lang='lat' dir='ltr'><strong>exprimere</strong></span> <span class='ocrx_word' id='word_1_298' title='bbox 1487 2491 1652 2553; x_wconf 88' lang='lat' dir='ltr'><strong>atque</strong></span> <span class='ocrx_word' id='word_1_299' title='bbox 1694 2484 1976 2539; x_wconf 84' lang='lat' dir='ltr'><strong>elucidare</strong></span> <span class='ocrx_word' id='word_1_300' title='bbox 2011 2499 2110 2554; x_wconf 88' lang='lat' dir='ltr'><strong>po-</strong></span> 
     </span>
    </p>
   </div>
   <div class='ocr_carea' id='block_1_36' title="bbox 511 2569 2110 2643">
    <p class='ocr_par' dir='ltr' id='par_1_36' title="bbox 511 2569 2110 2643">
     <span class='ocr_line' id='line_1_38' title="bbox 511 2569 2110 2643; baseline 0.008 -22"><span class='ocrx_word' id='word_1_301' title='bbox 511 2569 745 2623; x_wconf 87' lang='lat' dir='ltr'><strong>tuerim:</strong></span> <span class='ocrx_word' id='word_1_302' title='bbox 790 2586 954 2626; x_wconf 90' lang='lat' dir='ltr'><strong>unum</strong></span> <span class='ocrx_word' id='word_1_303' title='bbox 1003 2573 1117 2628; x_wconf 90' lang='lat' dir='ltr'><strong>scio</strong></span> <span class='ocrx_word' id='word_1_304' title='bbox 1165 2575 1512 2643; x_wconf 89' lang='lat' dir='ltr'><strong>apertissime</strong></span> <span class='ocrx_word' id='word_1_305' title='bbox 1568 2575 1721 2630; x_wconf 92' lang='lat' dir='ltr'><strong>illum</strong></span> <span class='ocrx_word' id='word_1_306' title='bbox 1771 2578 1936 2632; x_wconf 87' lang='lat' dir='ltr'><strong>etiam</strong></span> <span class='ocrx_word' id='word_1_307' title='bbox 1990 2578 2110 2635; x_wconf 90' lang='lat' dir='ltr'><strong>sine</strong></span> 
     </span>
    </p>
   </div>
   <div class='ocr_carea' id='block_1_37' title="bbox 511 2662 2106 2743">
    <p class='ocr_par' dir='ltr' id='par_1_37' title="bbox 511 2662 2106 2743">
     <span class='ocr_line' id='line_1_39' title="bbox 511 2662 2106 2743; baseline 0.008 -28"><span class='ocrx_word' id='word_1_308' title='bbox 511 2662 854 2731; x_wconf 82' lang='lat' dir='ltr'><strong>expositione</strong></span> <span class='ocrx_word' id='word_1_309' title='bbox 911 2665 1232 2738; x_wconf 87' lang='lat' dir='ltr'><strong>cujusquam</strong></span> <span class='ocrx_word' id='word_1_310' title='bbox 1295 2667 1549 2724; x_wconf 88' lang='lat' dir='ltr'><strong>omnibus</strong></span> <span class='ocrx_word' id='word_1_311' title='bbox 1607 2671 1884 2736; x_wconf 89' lang='lat' dir='ltr'><strong>reserari,</strong></span> <span class='ocrx_word' id='word_1_312' title='bbox 1938 2679 1964 2708; x_wconf 72' lang='grc' dir='ltr'><strong><em>ει</em></strong></span> <span class='ocrx_word' id='word_1_313' title='bbox 2016 2672 2106 2743; x_wconf 91' lang='lat' dir='ltr'><strong>qui</strong></span> 
     </span>
    </p>
   </div>
   <div class='ocr_carea' id='block_1_38' title="bbox 513 2755 2110 2830">
    <p class='ocr_par' dir='ltr' id='par_1_38' title="bbox 513 2755 2110 2830">
     <span class='ocr_line' id='line_1_40' title="bbox 513 2755 2110 2830; baseline 0.007 -22"><span class='ocrx_word' id='word_1_314' title='bbox 513 2759 818 2827; x_wconf 76' lang='grc' dir='ltr'><strong>πρακτικήν,</strong></span> <span class='ocrx_word' id='word_1_315' title='bbox 854 2755 905 2810; x_wconf 94' lang='lat' dir='ltr'><strong>id</strong></span> <span class='ocrx_word' id='word_1_316' title='bbox 937 2768 1040 2823; x_wconf 93' lang='lat' dir='ltr'><strong>est,</strong></span> <span class='ocrx_word' id='word_1_317' title='bbox 1072 2758 1338 2814; x_wconf 87' lang='lat' dir='ltr'><strong>actualem</strong></span> <span class='ocrx_word' id='word_1_318' title='bbox 1371 2759 1614 2830; x_wconf 80' lang='lat' dir='ltr'><strong>perfecte</strong></span> <span class='ocrx_word' id='word_1_319' title='bbox 1642 2765 1917 2818; x_wconf 92' lang='lat' dir='ltr'><strong>tenuerint</strong></span> <span class='ocrx_word' id='word_1_320' title='bbox 1945 2762 2110 2819; x_wconf 88' lang='lat' dir='ltr'><strong>disci-</strong></span> 
     </span>
    </p>
   </div>
   <div class='ocr_carea' id='block_1_39' title="bbox 514 2847 2110 2927">
    <p class='ocr_par' dir='ltr' id='par_1_39' title="bbox 514 2847 2110 2927">
     <span class='ocr_line' id='line_1_41' title="bbox 514 2847 2110 2927; baseline 0.01 -29"><span class='ocrx_word' id='word_1_321' title='bbox 514 2851 742 2914; x_wconf 71' lang='lat' dir='ltr'><strong>plinam.</strong></span> <span class='ocrx_word' id='word_1_322' title='bbox 775 2847 893 2902; x_wconf 86' lang='lat' dir='ltr'><strong>Non</strong></span> <span class='ocrx_word' id='word_1_323' title='bbox 919 2852 1064 2906; x_wconf 91' lang='lat' dir='ltr'><strong>enim</strong></span> <span class='ocrx_word' id='word_1_324' title='bbox 1090 2851 1416 2908; x_wconf 91' lang='lat' dir='ltr'><strong>laborabunt</strong></span> <span class='ocrx_word' id='word_1_325' title='bbox 1443 2866 1504 2909; x_wconf 95' lang='lat' dir='ltr'><strong>ut</strong></span> <span class='ocrx_word' id='word_1_326' title='bbox 1530 2855 1673 2925; x_wconf 93' lang='lat' dir='ltr'><strong>quod</strong></span> <span class='ocrx_word' id='word_1_327' title='bbox 1694 2855 1804 2926; x_wconf 91' lang='lat' dir='ltr'><strong>jam</strong></span> <span class='ocrx_word' id='word_1_328' title='bbox 1830 2857 2110 2927; x_wconf 88' lang='lat' dir='ltr'><strong>operando</strong></span> 
     </span>
    </p>
   </div>
   <div class='ocr_carea' id='block_1_40' title="bbox 515 2937 1541 3014">
    <p class='ocr_par' dir='ltr' id='par_1_40' title="bbox 515 2937 1541 3014">
     <span class='ocr_line' id='line_1_42' title="bbox 515 2937 1541 3014; baseline 0.012 -24"><span class='ocrx_word' id='word_1_329' title='bbox 515 2937 846 3006; x_wconf 86' lang='lat' dir='ltr'><strong>didicerunt,</strong></span> <span class='ocrx_word' id='word_1_330' title='bbox 874 2940 1181 3011; x_wconf 88' lang='lat' dir='ltr'><strong>intelligant</strong></span> <span class='ocrx_word' id='word_1_331' title='bbox 1211 2944 1541 3014; x_wconf 88' lang='lat' dir='ltr'><strong>disputando</strong></span> 
     </span>
    </p>
   </div>
   <div class='ocr_carea' id='block_1_41' title="bbox 1071 3093 1555 3190">
    <p class='ocr_par' dir='ltr' id='par_1_41' title="bbox 1071 3093 1555 3190">
     <span class='ocr_line' id='line_1_43' title="bbox 1071 3093 1555 3190; baseline 0.01 -39"><span class='ocrx_word' id='word_1_332' title='bbox 1071 3093 1298 3190; x_wconf 81' lang='lat' dir='ltr'><strong>CAPUT</strong></span> <span class='ocrx_word' id='word_1_333' title='bbox 1335 3099 1555 3156; x_wconf 83' lang='lat' dir='ltr'><strong>XXXV.</strong></span> 
     </span>
    </p>
   </div>
   <div class='ocr_carea' id='block_1_42' title="bbox 2211 1923 3816 2000">
    <p class='ocr_par' dir='ltr' id='par_1_42' title="bbox 2211 1923 3816 2000">
     <span class='ocr_line' id='line_1_44' title="bbox 2211 1923 3816 2000; baseline -0.006 -15"><span class='ocrx_word' id='word_1_334' title='bbox 2211 1939 2298 1985; x_wconf 86' lang='lat' dir='ltr'><strong>cat</strong></span> <span class='ocrx_word' id='word_1_335' title='bbox 2326 1948 2340 1985; x_wconf 87' lang='lat'><strong>:</strong></span> <span class='ocrx_word' id='word_1_336' title='bbox 2377 1940 2398 1969; x_wconf 78' lang='grc' dir='ltr'><strong><em>ο</em></strong></span> <span class='ocrx_word' id='word_1_337' title='bbox 2425 1929 2549 1984; x_wconf 85' lang='grc' dir='ltr'><strong>Νοη</strong></span> <span class='ocrx_word' id='word_1_338' title='bbox 2566 1931 2704 1983; x_wconf 90' lang='lat' dir='ltr'><strong>enim</strong></span> <span class='ocrx_word' id='word_1_339' title='bbox 2735 1929 2824 2000; x_wconf 88' lang='lat' dir='ltr'><strong>qui</strong></span> <span class='ocrx_word' id='word_1_340' title='bbox 2850 1929 2903 1982; x_wconf 91' lang='lat' dir='ltr'><strong>in</strong></span> <span class='ocrx_word' id='word_1_341' title='bbox 2927 1927 3205 1996; x_wconf 78' lang='lat' dir='ltr'><strong>manifesto</strong></span> <span class='ocrx_word' id='word_1_342' title='bbox 3229 1923 3476 1990; x_wconf 64' lang='lat' dir='ltr'><strong>Iudaeus,</strong></span> <span class='ocrx_word' id='word_1_343' title='bbox 3505 1939 3675 1994; x_wconf 87' lang='lat' dir='ltr'><strong>neque</strong></span> <span class='ocrx_word' id='word_1_344' title='bbox 3696 1936 3816 1992; x_wconf 73' lang='lat' dir='ltr'><strong>qua:</strong></span> 
     </span>
    </p>
   </div>
   <div class='ocr_carea' id='block_1_43' title="bbox 2210 2015 3814 2092">
    <p class='ocr_par' dir='ltr' id='par_1_43' title="bbox 2210 2015 3814 2092">
     <span class='ocr_line' id='line_1_45' title="bbox 2210 2015 3814 2092; baseline -0.007 -15"><span class='ocrx_word' id='word_1_345' title='bbox 2210 2024 2266 2077; x_wconf 89' lang='lat' dir='ltr'><strong>in</strong></span> <span class='ocrx_word' id='word_1_346' title='bbox 2292 2023 2568 2092; x_wconf 74' lang='lat' dir='ltr'><strong>manifesto</strong></span> <span class='ocrx_word' id='word_1_347' title='bbox 2601 2023 2656 2076; x_wconf 87' lang='lat' dir='ltr'><strong>in</strong></span> <span class='ocrx_word' id='word_1_348' title='bbox 2689 2037 2844 2074; x_wconf 87' lang='lat' dir='ltr'><strong>carne</strong></span> <span class='ocrx_word' id='word_1_349' title='bbox 2889 2028 2964 2074; x_wconf 90' lang='lat' dir='ltr'><strong>est</strong></span> <span class='ocrx_word' id='word_1_350' title='bbox 2996 2017 3355 2082; x_wconf 85' lang='lat' dir='ltr'><strong>circumcisio,</strong></span> <span class='ocrx_word' id='word_1_351' title='bbox 3385 2018 3475 2070; x_wconf 86' lang='lat' dir='ltr'><strong>sed</strong></span> <span class='ocrx_word' id='word_1_352' title='bbox 3502 2017 3593 2087; x_wconf 86' lang='lat' dir='ltr'><strong>qui</strong></span> <span class='ocrx_word' id='word_1_353' title='bbox 3631 2015 3685 2069; x_wconf 89' lang='lat' dir='ltr'><strong>in</strong></span> <span class='ocrx_word' id='word_1_354' title='bbox 3720 2030 3814 2067; x_wconf 89' lang='lat' dir='ltr'><strong>oc-</strong></span> 
     </span>
    </p>
   </div>
   <div class='ocr_carea' id='block_1_44' title="bbox 2210 2109 3815 2182">
    <p class='ocr_par' dir='ltr' id='par_1_44' title="bbox 2210 2109 3815 2182">
     <span class='ocr_line' id='line_1_46' title="bbox 2210 2109 3815 2182; baseline -0.006 -12"><span class='ocrx_word' id='word_1_355' title='bbox 2210 2117 2352 2170; x_wconf 84' lang='lat' dir='ltr'><strong>culto</strong></span> <span class='ocrx_word' id='word_1_356' title='bbox 2397 2114 2636 2182; x_wconf 76' lang='lat' dir='ltr'><strong>Judwus,</strong></span> <span class='ocrx_word' id='word_1_357' title='bbox 2678 2123 2727 2168; x_wconf 89' lang='lat' dir='ltr'><strong>et</strong></span> <span class='ocrx_word' id='word_1_358' title='bbox 2772 2111 3102 2166; x_wconf 86' lang='lat' dir='ltr'><strong>circumcisio</strong></span> <span class='ocrx_word' id='word_1_359' title='bbox 3145 2110 3318 2163; x_wconf 87' lang='lat' dir='ltr'><strong>cordis</strong></span> <span class='ocrx_word' id='word_1_360' title='bbox 3348 2110 3402 2162; x_wconf 88' lang='lat' dir='ltr'><strong>in</strong></span> <span class='ocrx_word' id='word_1_361' title='bbox 3443 2109 3659 2180; x_wconf 84' lang='lat' dir='ltr'><strong>spiritu,</strong></span> <span class='ocrx_word' id='word_1_362' title='bbox 3704 2124 3815 2161; x_wconf 81' lang='lat' dir='ltr'><strong>nou</strong></span> 
     </span>
    </p>
   </div>
   <div class='ocr_carea' id='block_1_45' title="bbox 2211 2200 3816 2278">
    <p class='ocr_par' dir='ltr' id='par_1_45' title="bbox 2211 2200 3816 2278">
     <span class='ocr_line' id='line_1_47' title="bbox 2211 2200 3816 2278; baseline -0.004 -18"><span class='ocrx_word' id='word_1_363' title='bbox 2211 2208 2406 2276; x_wconf 77' lang='lat' dir='ltr'><strong>littera,</strong></span> <span class='ocrx_word' id='word_1_364' title='bbox 2437 2209 2588 2278; x_wconf 84' lang='lat' dir='ltr'><strong>cujus</strong></span> <span class='ocrx_word' id='word_1_365' title='bbox 2619 2207 2736 2261; x_wconf 89' lang='lat' dir='ltr'><strong>laus</strong></span> <span class='ocrx_word' id='word_1_366' title='bbox 2772 2221 2875 2259; x_wconf 90' lang='lat' dir='ltr'><strong>non</strong></span> <span class='ocrx_word' id='word_1_367' title='bbox 2914 2221 2977 2258; x_wconf 79' lang='lat' dir='ltr'><strong>ea:</strong></span> <span class='ocrx_word' id='word_1_368' title='bbox 3006 2203 3320 2266; x_wconf 82' lang='lat' dir='ltr'><strong>hominibus,</strong></span> <span class='ocrx_word' id='word_1_369' title='bbox 3363 2203 3452 2256; x_wconf 87' lang='lat' dir='ltr'><strong>sed</strong></span> <span class='ocrx_word' id='word_1_370' title='bbox 3492 2217 3556 2256; x_wconf 81' lang='lat' dir='ltr'><strong>ea;</strong></span> <span class='ocrx_word' id='word_1_371' title='bbox 3594 2200 3709 2254; x_wconf 91' lang='lat' dir='ltr'><strong>Deo</strong></span> <span class='ocrx_word' id='word_1_372' title='bbox 3737 2209 3816 2254; x_wconf 81' lang='lat' dir='ltr'><strong>est</strong></span> 
     </span>
    </p>
   </div>
   <div class='ocr_carea' id='block_1_46' title="bbox 2212 2278 3813 2375">
    <p class='ocr_par' dir='ltr' id='par_1_46' title="bbox 2212 2278 3813 2375">
     <span class='ocr_line' id='line_1_48' title="bbox 2212 2278 3813 2375; baseline -0.005 -18"><span class='ocrx_word' id='word_1_373' title='bbox 2212 2278 2394 2375; x_wconf 69' lang='lat' dir='ltr'><strong>(Rom.</strong></span> <span class='ocrx_word' id='word_1_374' title='bbox 2423 2302 2506 2371; x_wconf 84' lang='grc' dir='ltr'><strong><em>ιι),</em></strong></span> <span class='ocrx_word' id='word_1_375' title='bbox 2538 2301 2632 2372; x_wconf 88' lang='lat' dir='ltr'><strong>qui</strong></span> <span class='ocrx_word' id='word_1_376' title='bbox 2659 2300 2812 2356; x_wconf 90' lang='lat' dir='ltr'><strong>solus</strong></span> <span class='ocrx_word' id='word_1_377' title='bbox 2840 2299 2959 2354; x_wconf 88' lang='lat' dir='ltr'><strong>scil.</strong></span> <span class='ocrx_word' id='word_1_378' title='bbox 2992 2297 3240 2354; x_wconf 92' lang='lat' dir='ltr'><strong>cordium</strong></span> <span class='ocrx_word' id='word_1_379' title='bbox 3280 2306 3490 2352; x_wconf 91' lang='lat' dir='ltr'><strong>secreta</strong></span> <span class='ocrx_word' id='word_1_380' title='bbox 3530 2296 3813 2350; x_wconf 88' lang='lat' dir='ltr'><strong>rimatur:</strong></span> 
     </span>
    </p>
   </div>
   <div class='ocr_carea' id='block_1_47' title="bbox 2212 2389 3816 2464">
    <p class='ocr_par' dir='ltr' id='par_1_47' title="bbox 2212 2389 3816 2464">
     <span class='ocr_line' id='line_1_49' title="bbox 2212 2389 3816 2464; baseline -0.004 -16"><span class='ocrx_word' id='word_1_381' title='bbox 2212 2403 2393 2450; x_wconf 90' lang='lat' dir='ltr'><strong>tamen</strong></span> <span class='ocrx_word' id='word_1_382' title='bbox 2419 2394 2544 2464; x_wconf 90' lang='lat' dir='ltr'><strong>quia</strong></span> <span class='ocrx_word' id='word_1_383' title='bbox 2565 2392 2818 2448; x_wconf 85' lang='lat' dir='ltr'><strong>satisfieri</strong></span> <span class='ocrx_word' id='word_1_384' title='bbox 2845 2389 3121 2446; x_wconf 89' lang='lat' dir='ltr'><strong>desiderio</strong></span> <span class='ocrx_word' id='word_1_385' title='bbox 3146 2396 3332 2445; x_wconf 89' lang='lat' dir='ltr'><strong>vestro</strong></span> <span class='ocrx_word' id='word_1_386' title='bbox 3355 2389 3422 2444; x_wconf 91' lang='lat' dir='ltr'><strong>ad</strong></span> <span class='ocrx_word' id='word_1_387' title='bbox 3450 2389 3662 2456; x_wconf 89' lang='lat' dir='ltr'><strong>plenum</strong></span> <span class='ocrx_word' id='word_1_388' title='bbox 3695 2402 3816 2442; x_wconf 90' lang='lat' dir='ltr'><strong>non</strong></span> 
     </span>
    </p>
   </div>
   <div class='ocr_carea' id='block_1_48' title="bbox 2210 2481 3818 2560">
    <p class='ocr_par' dir='ltr' id='par_1_48' title="bbox 2210 2481 3818 2560">
     <span class='ocr_line' id='line_1_50' title="bbox 2210 2481 3818 2560; baseline -0.006 -14"><span class='ocrx_word' id='word_1_389' title='bbox 2210 2499 2414 2560; x_wconf 86' lang='lat' dir='ltr'><strong>potest,</strong></span> <span class='ocrx_word' id='word_1_390' title='bbox 2449 2489 2613 2544; x_wconf 83' lang='lat' dir='ltr'><strong>breve</strong></span> <span class='ocrx_word' id='word_1_391' title='bbox 2650 2487 2795 2543; x_wconf 90' lang='lat' dir='ltr'><strong>enim</strong></span> <span class='ocrx_word' id='word_1_392' title='bbox 2837 2485 2982 2557; x_wconf 93' lang='lat' dir='ltr'><strong>quod</strong></span> <span class='ocrx_word' id='word_1_393' title='bbox 3021 2494 3274 2555; x_wconf 86' lang='lat' dir='ltr'><strong>superest</strong></span> <span class='ocrx_word' id='word_1_394' title='bbox 3322 2483 3554 2554; x_wconf 90' lang='lat' dir='ltr'><strong>spatium</strong></span> <span class='ocrx_word' id='word_1_395' title='bbox 3601 2481 3818 2548; x_wconf 81' lang='lat' dir='ltr'><strong>noctis,</strong></span> 
     </span>
    </p>
   </div>
   <div class='ocr_carea' id='block_1_49' title="bbox 2211 2574 3822 2654">
    <p class='ocr_par' dir='ltr' id='par_1_49' title="bbox 2211 2574 3822 2654">
     <span class='ocr_line' id='line_1_51' title="bbox 2211 2574 3822 2654; baseline -0.006 -16"><span class='ocrx_word' id='word_1_396' title='bbox 2211 2584 2281 2640; x_wconf 91' lang='lat' dir='ltr'><strong>ad</strong></span> <span class='ocrx_word' id='word_1_397' title='bbox 2328 2583 2689 2654; x_wconf 88' lang='lat' dir='ltr'><strong>indagandam</strong></span> <span class='ocrx_word' id='word_1_398' title='bbox 2743 2581 2884 2635; x_wconf 86' lang='lat' dir='ltr'><strong>hanc</strong></span> <span class='ocrx_word' id='word_1_399' title='bbox 2936 2579 3380 2636; x_wconf 89' lang='lat' dir='ltr'><strong>obscurissimam</strong></span> <span class='ocrx_word' id='word_1_400' title='bbox 3441 2592 3547 2632; x_wconf 90' lang='lat' dir='ltr'><strong>non</strong></span> <span class='ocrx_word' id='word_1_401' title='bbox 3606 2574 3822 2631; x_wconf 77' lang='lat' dir='ltr'><strong>sufﬁcit</strong></span> 
     </span>
    </p>
   </div>
   <div class='ocr_carea' id='block_1_50' title="bbox 2213 2669 3815 2750">
    <p class='ocr_par' dir='ltr' id='par_1_50' title="bbox 2213 2669 3815 2750">
     <span class='ocr_line' id='line_1_52' title="bbox 2213 2669 3815 2750; baseline -0.006 -17"><span class='ocrx_word' id='word_1_402' title='bbox 2213 2679 2588 2750; x_wconf 70' lang='lat' dir='ltr'><strong>quazstionem,</strong></span> <span class='ocrx_word' id='word_1_403' title='bbox 2637 2689 2932 2746; x_wconf 81' lang='lat' dir='ltr'><strong>congruum</strong></span> <span class='ocrx_word' id='word_1_404' title='bbox 2961 2688 3086 2729; x_wconf 88' lang='lat' dir='ltr'><strong>reor</strong></span> <span class='ocrx_word' id='word_1_405' title='bbox 3145 2680 3206 2728; x_wconf 92' lang='lat' dir='ltr'><strong><em>ut</em></strong></span> <span class='ocrx_word' id='word_1_406' title='bbox 3252 2672 3473 2728; x_wconf 91' lang='lat' dir='ltr'><strong>interim</strong></span> <span class='ocrx_word' id='word_1_407' title='bbox 3501 2669 3815 2726; x_wconf 84' lang='lat' dir='ltr'><strong>differatur.</strong></span> 
     </span>
    </p>
   </div>
   <div class='ocr_carea' id='block_1_51' title="bbox 2213 2763 3818 2834">
    <p class='ocr_par' dir='ltr' id='par_1_51' title="bbox 2213 2763 3818 2834">
     <span class='ocr_line' id='line_1_53' title="bbox 2213 2763 3818 2834; baseline -0.007 -8"><span class='ocrx_word' id='word_1_408' title='bbox 2213 2769 2430 2826; x_wconf 90' lang='lat' dir='ltr'><strong>Sensim</strong></span> <span class='ocrx_word' id='word_1_409' title='bbox 2478 2770 2624 2825; x_wconf 91' lang='lat' dir='ltr'><strong>enim</strong></span> <span class='ocrx_word' id='word_1_410' title='bbox 2657 2768 2776 2824; x_wconf 65' lang='lat' dir='ltr'><strong>haec</strong></span> <span class='ocrx_word' id='word_1_411' title='bbox 2818 2777 2874 2821; x_wconf 91' lang='lat' dir='ltr'><strong>et</strong></span> <span class='ocrx_word' id='word_1_412' title='bbox 2916 2763 3084 2821; x_wconf 89' lang='lat' dir='ltr'><strong>corde</strong></span> <span class='ocrx_word' id='word_1_413' title='bbox 3130 2765 3198 2821; x_wconf 90' lang='lat' dir='ltr'><strong>ab</strong></span> <span class='ocrx_word' id='word_1_414' title='bbox 3224 2766 3376 2820; x_wconf 91' lang='lat' dir='ltr'><strong>omni</strong></span> <span class='ocrx_word' id='word_1_415' title='bbox 3415 2764 3818 2834; x_wconf 85' lang='lat' dir='ltr'><strong>cogitationum</strong></span> 
     </span>
    </p>
   </div>
   <div class='ocr_carea' id='block_1_52' title="bbox 2211 2855 3815 2934">
    <p class='ocr_par' dir='ltr' id='par_1_52' title="bbox 2211 2855 3815 2934">
     <span class='ocr_line' id='line_1_54' title="bbox 2211 2855 3815 2934; baseline -0.006 -15"><span class='ocrx_word' id='word_1_416' title='bbox 2211 2864 2440 2934; x_wconf 89' lang='lat' dir='ltr'><strong>strepitu</strong></span> <span class='ocrx_word' id='word_1_417' title='bbox 2489 2865 2704 2934; x_wconf 87' lang='lat' dir='ltr'><strong>penitus</strong></span> <span class='ocrx_word' id='word_1_418' title='bbox 2735 2863 3015 2928; x_wconf 87' lang='lat' dir='ltr'><strong>absoluto,</strong></span> <span class='ocrx_word' id='word_1_419' title='bbox 3069 2871 3128 2916; x_wconf 93' lang='lat' dir='ltr'><strong>ut</strong></span> <span class='ocrx_word' id='word_1_420' title='bbox 3176 2876 3206 2914; x_wconf 91' lang='lat' dir='ltr'><strong>a</strong></span> <span class='ocrx_word' id='word_1_421' title='bbox 3254 2859 3416 2914; x_wconf 91' lang='lat' dir='ltr'><strong>nobis</strong></span> <span class='ocrx_word' id='word_1_422' title='bbox 3446 2855 3702 2928; x_wconf 90' lang='lat' dir='ltr'><strong>proferri,</strong></span> <span class='ocrx_word' id='word_1_423' title='bbox 3731 2855 3815 2910; x_wconf 89' lang='lat' dir='ltr'><strong>ita</strong></span> 
     </span>
    </p>
   </div>
   <div class='ocr_carea' id='block_1_53' title="bbox 2215 2951 3817 3022">
    <p class='ocr_par' dir='ltr' id='par_1_53' title="bbox 2215 2951 3817 3022">
     <span class='ocr_line' id='line_1_55' title="bbox 2215 2951 3817 3022; baseline -0.006 -12"><span class='ocrx_word' id='word_1_424' title='bbox 2215 2955 2418 3012; x_wconf 85' lang='lat' dir='ltr'><strong>vestris</strong></span> <span class='ocrx_word' id='word_1_425' title='bbox 2439 2957 2638 3011; x_wconf 90' lang='lat' dir='ltr'><strong>debent</strong></span> <span class='ocrx_word' id='word_1_426' title='bbox 2662 2957 2937 3012; x_wconf 87' lang='lat' dir='ltr'><strong>mentibus</strong></span> <span class='ocrx_word' id='word_1_427' title='bbox 2965 2954 3241 3018; x_wconf 84' lang='lat' dir='ltr'><strong>intimari;</strong></span> <span class='ocrx_word' id='word_1_428' title='bbox 3271 2965 3395 3022; x_wconf 79' lang='lat' dir='ltr'><strong>qua:</strong></span> <span class='ocrx_word' id='word_1_429' title='bbox 3419 2951 3558 3006; x_wconf 91' lang='lat' dir='ltr'><strong>sicut</strong></span> <span class='ocrx_word' id='word_1_430' title='bbox 3588 2956 3817 3018; x_wconf 89' lang='lat' dir='ltr'><strong>propter</strong></span> 
     </span>
    </p>
   </div>
   <div class='ocr_carea' id='block_1_54' title="bbox 2214 3038 3818 3118">
    <p class='ocr_par' dir='ltr' id='par_1_54' title="bbox 2214 3038 3818 3118">
     <span class='ocr_line' id='line_1_56' title="bbox 2214 3038 3818 3118; baseline -0.006 -14"><span class='ocrx_word' id='word_1_431' title='bbox 2214 3049 2566 3104; x_wconf 67' lang='lat' dir='ltr'><strong>conscientiae</strong></span> <span class='ocrx_word' id='word_1_432' title='bbox 2603 3047 3036 3118; x_wconf 85' lang='lat' dir='ltr'><strong>purificationem</strong></span> <span class='ocrx_word' id='word_1_433' title='bbox 3075 3053 3291 3116; x_wconf 83' lang='lat' dir='ltr'><strong>Oportet</strong></span> <span class='ocrx_word' id='word_1_434' title='bbox 3334 3041 3558 3113; x_wconf 88' lang='lat' dir='ltr'><strong>inquiri,</strong></span> <span class='ocrx_word' id='word_1_435' title='bbox 3597 3042 3671 3095; x_wconf 91' lang='lat' dir='ltr'><strong>ita</strong></span> <span class='ocrx_word' id='word_1_436' title='bbox 3703 3038 3818 3095; x_wconf 82' lang='lat' dir='ltr'><strong>nisi</strong></span> 
     </span>
    </p>
   </div>
   <div class='ocr_carea' id='block_1_55' title="bbox 2214 3129 3822 3210">
    <p class='ocr_par' dir='ltr' id='par_1_55' title="bbox 2214 3129 3822 3210">
     <span class='ocr_line' id='line_1_57' title="bbox 2214 3129 3822 3210; baseline -0.007 -16"><span class='ocrx_word' id='word_1_437' title='bbox 2214 3140 2285 3195; x_wconf 91' lang='lat' dir='ltr'><strong>ab</strong></span> <span class='ocrx_word' id='word_1_438' title='bbox 2311 3155 2378 3196; x_wconf 91' lang='lat' dir='ltr'><strong>eo</strong></span> <span class='ocrx_word' id='word_1_439' title='bbox 2408 3140 2498 3209; x_wconf 90' lang='lat' dir='ltr'><strong>qui</strong></span> <span class='ocrx_word' id='word_1_440' title='bbox 2528 3139 2728 3194; x_wconf 92' lang='lat' dir='ltr'><strong>donum</strong></span> <span class='ocrx_word' id='word_1_441' title='bbox 2756 3137 3086 3210; x_wconf 88' lang='lat' dir='ltr'><strong>integritatis</strong></span> <span class='ocrx_word' id='word_1_442' title='bbox 3108 3142 3367 3205; x_wconf 79' lang='lat' dir='ltr'><strong>expertus</strong></span> <span class='ocrx_word' id='word_1_443' title='bbox 3395 3143 3499 3198; x_wconf 90' lang='lat' dir='ltr'><strong>est,</strong></span> <span class='ocrx_word' id='word_1_444' title='bbox 3525 3129 3822 3186; x_wconf 87' lang='lat' dir='ltr'><strong>tradiassi-</strong></span> 
     </span>
    </p>
   </div>
   <div class='ocr_carea' id='block_1_56' title="bbox 523 3199 3821 3304">
    <p class='ocr_par' dir='ltr' id='par_1_56' title="bbox 523 3199 3821 3304">
     <span class='ocr_line' id='line_1_58' title="bbox 523 3199 3821 3304; baseline 0 -27"><span class='ocrx_word' id='word_1_445' title='bbox 523 3203 877 3278; x_wconf 67' lang='grc' dir='ltr'><strong>Ῑητεννοθατεο</strong></span> <span class='ocrx_word' id='word_1_446' title='bbox 918 3199 1655 3304; x_wconf 12' lang='grc' dir='ltr'><strong>οξιξμιξζιτιξνλιιιιξηξιςιυηαηιεε</strong></span> <span class='ocrx_word' id='word_1_447' title='bbox 1699 3217 1996 3273; x_wconf 48' lang='lat' dir='ltr'><strong>“malum</strong></span> <span class='ocrx_word' id='word_1_448' title='bbox 2032 3236 2116 3274; x_wconf 74' lang='grc' dir='ltr'><strong>³η·</strong></span> <span class='ocrx_word' id='word_1_449' title='bbox 2139 3233 2185 3296; x_wconf 87' lang='lat' dir='ltr'><strong>C</strong></span> <span class='ocrx_word' id='word_1_450' title='bbox 2218 3199 2484 3304; x_wconf 80' lang='lat' dir='ltr'><strong>gnarique</strong></span> <span class='ocrx_word' id='word_1_451' title='bbox 2514 3247 2623 3288; x_wconf 89' lang='lat' dir='ltr'><strong>non</strong></span> <span class='ocrx_word' id='word_1_452' title='bbox 2657 3199 2909 3303; x_wconf 59' lang='grc' dir='ltr'><strong><em>ροεειιιιῖ.</em></strong></span> <span class='ocrx_word' id='word_1_453' title='bbox 2925 3231 3042 3287; x_wconf 81' lang='lat' dir='ltr'><strong>Non</strong></span> <span class='ocrx_word' id='word_1_454' title='bbox 3076 3199 3221 3286; x_wconf 81' lang='lat' dir='ltr'><strong>enim</strong></span> <span class='ocrx_word' id='word_1_455' title='bbox 3251 3227 3510 3298; x_wconf 84' lang='lat' dir='ltr'><strong>quaeritur</strong></span> <span class='ocrx_word' id='word_1_456' title='bbox 3539 3224 3666 3294; x_wconf 84' lang='lat' dir='ltr'><strong>quid</strong></span> <span class='ocrx_word' id='word_1_457' title='bbox 3691 3224 3821 3279; x_wconf 81' lang='lat' dir='ltr'><strong>ina-</strong></span> 
     </span>
    </p>
   </div>
   <div class='ocr_carea' id='block_1_57' title="bbox 943 3283 1689 3358">
    <p class='ocr_par' dir='ltr' id='par_1_57' title="bbox 943 3283 1689 3358">
     <span class='ocr_line' id='line_1_59' title="bbox 943 3283 1689 3358; baseline 0.011 -23"><span class='ocrx_word' id='word_1_458' title='bbox 943 3283 1155 3337; x_wconf 84' lang='lat' dir='ltr'><strong>centivis</strong></span> <span class='ocrx_word' id='word_1_459' title='bbox 1185 3283 1364 3340; x_wconf 81' lang='lat' dir='ltr'><strong>acrius</strong></span> <span class='ocrx_word' id='word_1_460' title='bbox 1391 3283 1689 3358; x_wconf 80' lang='lat' dir='ltr'><strong>urgeamur.</strong></span> 
     </span>
    </p>
   </div>
   <div class='ocr_carea' id='block_1_58' title="bbox 595 3399 2112 3475">
    <p class='ocr_par' dir='ltr' id='par_1_58' title="bbox 595 3399 2112 3475">
     <span class='ocr_line' id='line_1_60' title="bbox 595 3399 2112 3475; baseline 0.009 -21"><span class='ocrx_word' id='word_1_461' title='bbox 595 3399 900 3456; x_wconf 86' lang='lat' dir='ltr'><strong>Germanus</strong></span> <span class='ocrx_word' id='word_1_462' title='bbox 925 3418 937 3456; x_wconf 90' lang='lat'><strong>:</strong></span> <span class='ocrx_word' id='word_1_463' title='bbox 965 3401 1418 3459; x_wconf 89' lang='lat' dir='ltr'><strong>Obscurissimam</strong></span> <span class='ocrx_word' id='word_1_464' title='bbox 1449 3407 1808 3475; x_wconf 57' lang='lat' dir='ltr'><strong>quaestionem</strong></span> <span class='ocrx_word' id='word_1_465' title='bbox 1837 3418 1893 3464; x_wconf 91' lang='lat' dir='ltr'><strong>et</strong></span> <span class='ocrx_word' id='word_1_466' title='bbox 1921 3411 2112 3468; x_wconf 90' lang='lat' dir='ltr'><strong>multis</strong></span> 
     </span>
    </p>
   </div>
   <div class='ocr_carea' id='block_1_59' title="bbox 518 3491 2108 3569">
    <p class='ocr_par' dir='ltr' id='par_1_59' title="bbox 518 3491 2108 3569">
     <span class='ocr_line' id='line_1_61' title="bbox 518 3491 2108 3569; baseline 0.008 -22"><span class='ocrx_word' id='word_1_467' title='bbox 518 3491 706 3557; x_wconf 88' lang='lat' dir='ltr'><strong>etiam,</strong></span> <span class='ocrx_word' id='word_1_468' title='bbox 743 3503 798 3547; x_wconf 91' lang='lat' dir='ltr'><strong>ut</strong></span> <span class='ocrx_word' id='word_1_469' title='bbox 817 3503 1064 3562; x_wconf 86' lang='lat' dir='ltr'><strong>putamus</strong></span> <span class='ocrx_word' id='word_1_470' title='bbox 1092 3496 1440 3568; x_wconf 67' lang='lat' dir='ltr'><strong>incognitam,</strong></span> <span class='ocrx_word' id='word_1_471' title='bbox 1463 3501 1807 3569; x_wconf 87' lang='lat' dir='ltr'><strong>apertissime</strong></span> <span class='ocrx_word' id='word_1_472' title='bbox 1830 3504 2108 3560; x_wconf 89' lang='lat' dir='ltr'><strong>revelasti.</strong></span> 
     </span>
    </p>
   </div>
   <div class='ocr_carea' id='block_1_60' title="bbox 520 3585 2108 3665">
    <p class='ocr_par' dir='ltr' id='par_1_60' title="bbox 520 3585 2108 3665">
     <span class='ocr_line' id='line_1_62' title="bbox 520 3585 2108 3665; baseline 0.008 -26"><span class='ocrx_word' id='word_1_473' title='bbox 520 3585 676 3641; x_wconf 87' lang='lat' dir='ltr'><strong>Unde</strong></span> <span class='ocrx_word' id='word_1_474' title='bbox 701 3586 802 3641; x_wconf 87' lang='lat' dir='ltr'><strong>hoc</strong></span> <span class='ocrx_word' id='word_1_475' title='bbox 828 3603 1042 3658; x_wconf 89' lang='lat' dir='ltr'><strong>quoque</strong></span> <span class='ocrx_word' id='word_1_476' title='bbox 1071 3590 1336 3660; x_wconf 86' lang='lat' dir='ltr'><strong>profectui</strong></span> <span class='ocrx_word' id='word_1_477' title='bbox 1375 3601 1565 3646; x_wconf 91' lang='lat' dir='ltr'><strong>nostro</strong></span> <span class='ocrx_word' id='word_1_478' title='bbox 1595 3593 1820 3662; x_wconf 76' lang='lat' dir='ltr'><strong>adjicias</strong></span> <span class='ocrx_word' id='word_1_479' title='bbox 1846 3595 2108 3665; x_wconf 88' lang='lat' dir='ltr'><strong>depreca-</strong></span> 
     </span>
    </p>
   </div>
   <div class='ocr_carea' id='block_1_61' title="bbox 521 3681 2110 3758">
    <p class='ocr_par' dir='ltr' id='par_1_61' title="bbox 521 3681 2110 3758">
     <span class='ocr_line' id='line_1_63' title="bbox 521 3681 2110 3758; baseline 0.008 -26"><span class='ocrx_word' id='word_1_480' title='bbox 521 3693 665 3745; x_wconf 85' lang='lat' dir='ltr'><strong>mur,</strong></span> <span class='ocrx_word' id='word_1_481' title='bbox 696 3689 752 3734; x_wconf 93' lang='lat' dir='ltr'><strong>ut</strong></span> <span class='ocrx_word' id='word_1_482' title='bbox 778 3696 876 3736; x_wconf 92' lang='lat' dir='ltr'><strong>cur</strong></span> <span class='ocrx_word' id='word_1_483' title='bbox 897 3681 1166 3736; x_wconf 88' lang='lat' dir='ltr'><strong>interdum</strong></span> <span class='ocrx_word' id='word_1_484' title='bbox 1197 3683 1359 3738; x_wconf 89' lang='lat' dir='ltr'><strong>etiam</strong></span> <span class='ocrx_word' id='word_1_485' title='bbox 1393 3687 1709 3755; x_wconf 88' lang='lat' dir='ltr'><strong>propensius</strong></span> <span class='ocrx_word' id='word_1_486' title='bbox 1733 3687 2110 3758; x_wconf 84' lang='lat' dir='ltr'><strong>jejunantibus</strong></span> 
     </span>
    </p>
   </div>
   <div class='ocr_carea' id='block_1_62' title="bbox 519 3775 2109 3850">
    <p class='ocr_par' dir='ltr' id='par_1_62' title="bbox 519 3775 2109 3850">
     <span class='ocr_line' id='line_1_64' title="bbox 519 3775 2109 3850; baseline 0.009 -24"><span class='ocrx_word' id='word_1_487' title='bbox 519 3775 680 3828; x_wconf 87' lang='lat' dir='ltr'><strong>nobis</strong></span> <span class='ocrx_word' id='word_1_488' title='bbox 727 3783 784 3830; x_wconf 92' lang='lat' dir='ltr'><strong>et</strong></span> <span class='ocrx_word' id='word_1_489' title='bbox 828 3775 1110 3834; x_wconf 81' lang='lat' dir='ltr'><strong>exhaustis</strong></span> <span class='ocrx_word' id='word_1_490' title='bbox 1155 3787 1317 3849; x_wconf 88' lang='lat' dir='ltr'><strong>atque</strong></span> <span class='ocrx_word' id='word_1_491' title='bbox 1364 3780 1624 3850; x_wconf 81' lang='lat' dir='ltr'><strong>defeciis,</strong></span> <span class='ocrx_word' id='word_1_492' title='bbox 1673 3783 2109 3840; x_wconf 87' lang='lat' dir='ltr'><strong>vehementiores</strong></span> 
     </span>
    </p>
   </div>
   <div class='ocr_carea' id='block_1_63' title="bbox 520 3871 2111 3944">
    <p class='ocr_par' dir='ltr' id='par_1_63' title="bbox 520 3871 2111 3944">
     <span class='ocr_line' id='line_1_65' title="bbox 520 3871 2111 3944; baseline 0.011 -27"><span class='ocrx_word' id='word_1_493' title='bbox 520 3881 714 3937; x_wconf 83' lang='lat' dir='ltr'><strong>pugnae</strong></span> <span class='ocrx_word' id='word_1_494' title='bbox 735 3871 981 3939; x_wconf 92' lang='lat' dir='ltr'><strong>corporis</strong></span> <span class='ocrx_word' id='word_1_495' title='bbox 1006 3872 1335 3938; x_wconf 79' lang='lat' dir='ltr'><strong>excitentur,</strong></span> <span class='ocrx_word' id='word_1_496' title='bbox 1351 3873 1641 3944; x_wconf 91' lang='lat' dir='ltr'><strong>diligenter</strong></span> <span class='ocrx_word' id='word_1_497' title='bbox 1661 3876 1954 3933; x_wconf 90' lang='lat' dir='ltr'><strong>edisseras.</strong></span> <span class='ocrx_word' id='word_1_498' title='bbox 1977 3879 2111 3936; x_wconf 86' lang='lat' dir='ltr'><strong>Nam</strong></span> 
     </span>
    </p>
   </div>
   <div class='ocr_carea' id='block_1_64' title="bbox 523 3959 2114 4042">
    <p class='ocr_par' dir='ltr' id='par_1_64' title="bbox 523 3959 2114 4042">
     <span class='ocr_line' id='line_1_66' title="bbox 523 3959 2114 4042; baseline 0.012 -33"><span class='ocrx_word' id='word_1_499' title='bbox 523 3959 846 4029; x_wconf 88' lang='lat' dir='ltr'><strong>plerumque</strong></span> <span class='ocrx_word' id='word_1_500' title='bbox 873 3963 1036 4016; x_wconf 88' lang='lat' dir='ltr'><strong>etiam</strong></span> <span class='ocrx_word' id='word_1_501' title='bbox 1072 3964 1434 4035; x_wconf 78' lang='lat' dir='ltr'><strong>expergefaCIi</strong></span> <span class='ocrx_word' id='word_1_502' title='bbox 1465 3983 1495 4021; x_wconf 91' lang='lat' dir='ltr'><strong>e</strong></span> <span class='ocrx_word' id='word_1_503' title='bbox 1523 3981 1736 4034; x_wconf 86' lang='lat' dir='ltr'><strong>somno,</strong></span> <span class='ocrx_word' id='word_1_504' title='bbox 1767 3985 1889 4025; x_wconf 93' lang='lat' dir='ltr'><strong>cum</strong></span> <span class='ocrx_word' id='word_1_505' title='bbox 1919 3971 2114 4042; x_wconf 80' lang='lat' dir='ltr'><strong>depre-</strong></span> 
     </span>
    </p>
   </div>
   <div class='ocr_carea' id='block_1_65' title="bbox 522 4047 2116 4136">
    <p class='ocr_par' dir='ltr' id='par_1_65' title="bbox 522 4047 2116 4136">
     <span class='ocr_line' id='line_1_67' title="bbox 522 4047 2116 4136; baseline 0.013 -34"><span class='ocrx_word' id='word_1_506' title='bbox 522 4047 879 4109; x_wconf 80' lang='lat' dir='ltr'><strong>lienderinius</strong></span> <span class='ocrx_word' id='word_1_507' title='bbox 907 4069 1009 4110; x_wconf 89' lang='lat' dir='ltr'><strong>nos</strong></span> <span class='ocrx_word' id='word_1_508' title='bbox 1035 4054 1064 4094; x_wconf 69' lang='grc' dir='ltr'>δ</span> <span class='ocrx_word' id='word_1_509' title='bbox 1094 4059 1394 4128; x_wconf 90' lang='lat' dir='ltr'><strong>corporalis</strong></span> <span class='ocrx_word' id='word_1_510' title='bbox 1420 4060 1616 4116; x_wconf 83' lang='lat' dir='ltr'><strong>veneni</strong></span> <span class='ocrx_word' id='word_1_511' title='bbox 1647 4066 1954 4134; x_wconf 88' lang='lat' dir='ltr'><strong>contagium</strong></span> <span class='ocrx_word' id='word_1_512' title='bbox 1991 4082 2116 4136; x_wconf 91' lang='lat' dir='ltr'><strong>per-</strong></span> 
     </span>
    </p>
   </div>
   <div class='ocr_carea' id='block_1_66' title="bbox 524 4139 2114 4229">
    <p class='ocr_par' dir='ltr' id='par_1_66' title="bbox 524 4139 2114 4229">
     <span class='ocr_line' id='line_1_68' title="bbox 524 4139 2114 4229; baseline 0.013 -36"><span class='ocrx_word' id='word_1_513' title='bbox 524 4139 736 4210; x_wconf 88' lang='lat' dir='ltr'><strong>tulisse,</strong></span> <span class='ocrx_word' id='word_1_514' title='bbox 787 4142 862 4198; x_wconf 89' lang='lat' dir='ltr'><strong>ita</strong></span> <span class='ocrx_word' id='word_1_515' title='bbox 911 4145 1196 4216; x_wconf 89' lang='lat' dir='ltr'><strong>dejicimur</strong></span> <span class='ocrx_word' id='word_1_516' title='bbox 1225 4153 1577 4219; x_wconf 90' lang='lat' dir='ltr'><strong>conscientia,</strong></span> <span class='ocrx_word' id='word_1_517' title='bbox 1633 4165 1684 4210; x_wconf 71' lang='lat' dir='ltr'><strong>at</strong></span> <span class='ocrx_word' id='word_1_518' title='bbox 1715 4171 1784 4211; x_wconf 91' lang='lat' dir='ltr'><strong>ne</strong></span> <span class='ocrx_word' id='word_1_519' title='bbox 1825 4157 1891 4212; x_wconf 91' lang='lat' dir='ltr'><strong>ad</strong></span> <span class='ocrx_word' id='word_1_520' title='bbox 1942 4159 2114 4229; x_wconf 87' lang='lat' dir='ltr'><strong>ipsam</strong></span> 
     </span>
    </p>
   </div>
   <div class='ocr_carea' id='block_1_67' title="bbox 2217 3318 3820 3394">
    <p class='ocr_par' dir='ltr' id='par_1_67' title="bbox 2217 3318 3820 3394">
     <span class='ocr_line' id='line_1_69' title="bbox 2217 3318 3820 3394; baseline -0.006 -16"><span class='ocrx_word' id='word_1_521' title='bbox 2217 3323 2366 3378; x_wconf 92' lang='lat' dir='ltr'><strong>nium</strong></span> <span class='ocrx_word' id='word_1_522' title='bbox 2396 3332 2714 3394; x_wconf 89' lang='lat' dir='ltr'><strong>argumenta</strong></span> <span class='ocrx_word' id='word_1_523' title='bbox 2742 3324 3060 3388; x_wconf 88' lang='lat' dir='ltr'><strong>verborum,</strong></span> <span class='ocrx_word' id='word_1_524' title='bbox 3108 3319 3207 3375; x_wconf 88' lang='lat' dir='ltr'><strong>sed</strong></span> <span class='ocrx_word' id='word_1_525' title='bbox 3253 3318 3384 3389; x_wconf 92' lang='lat' dir='ltr'><strong>quid</strong></span> <span class='ocrx_word' id='word_1_526' title='bbox 3428 3318 3639 3372; x_wconf 90' lang='lat' dir='ltr'><strong>interna</strong></span> <span class='ocrx_word' id='word_1_527' title='bbox 3668 3328 3820 3369; x_wconf 78' lang='lat' dir='ltr'><strong>con-</strong></span> 
     </span>
    </p>
   </div>
   <div class='ocr_carea' id='block_1_68' title="bbox 2216 3407 3823 3485">
    <p class='ocr_par' dir='ltr' id='par_1_68' title="bbox 2216 3407 3823 3485">
     <span class='ocr_line' id='line_1_70' title="bbox 2216 3407 3823 3485; baseline -0.006 -13"><span class='ocrx_word' id='word_1_528' title='bbox 2216 3417 2462 3472; x_wconf 83' lang='lat' dir='ltr'><strong>scientiae</strong></span> <span class='ocrx_word' id='word_1_529' title='bbox 2517 3416 2655 3472; x_wconf 83' lang='lat' dir='ltr'><strong>fides</strong></span> <span class='ocrx_word' id='word_1_530' title='bbox 2699 3426 2756 3472; x_wconf 90' lang='lat' dir='ltr'><strong>et</strong></span> <span class='ocrx_word' id='word_1_531' title='bbox 2792 3415 2969 3485; x_wconf 87' lang='lat' dir='ltr'><strong>major</strong></span> <span class='ocrx_word' id='word_1_532' title='bbox 3025 3414 3108 3469; x_wconf 91' lang='lat' dir='ltr'><strong>vis</strong></span> <span class='ocrx_word' id='word_1_533' title='bbox 3137 3413 3387 3469; x_wconf 88' lang='lat' dir='ltr'><strong>veritatis</strong></span> <span class='ocrx_word' id='word_1_534' title='bbox 3439 3410 3689 3467; x_wconf 90' lang='lat' dir='ltr'><strong>inculcet.</strong></span> <span class='ocrx_word' id='word_1_535' title='bbox 3741 3407 3823 3463; x_wconf 88' lang='lat' dir='ltr'><strong>Et</strong></span> 
     </span>
    </p>
   </div>
   <div class='ocr_carea' id='block_1_69' title="bbox 2218 3504 3821 3580">
    <p class='ocr_par' dir='ltr' id='par_1_69' title="bbox 2218 3504 3821 3580">
     <span class='ocr_line' id='line_1_71' title="bbox 2218 3504 3821 3580; baseline -0.004 -14"><span class='ocrx_word' id='word_1_536' title='bbox 2218 3511 2420 3567; x_wconf 90' lang='lat' dir='ltr'><strong>idcirco</strong></span> <span class='ocrx_word' id='word_1_537' title='bbox 2441 3511 2509 3566; x_wconf 85' lang='lat' dir='ltr'><strong>de</strong></span> <span class='ocrx_word' id='word_1_538' title='bbox 2537 3511 2944 3567; x_wconf 88' lang='lat' dir='ltr'><strong>emundationis</strong></span> <span class='ocrx_word' id='word_1_539' title='bbox 2971 3510 3132 3580; x_wconf 87' lang='lat' dir='ltr'><strong>hujus</strong></span> <span class='ocrx_word' id='word_1_540' title='bbox 3152 3507 3380 3564; x_wconf 92' lang='lat' dir='ltr'><strong>scientia</strong></span> <span class='ocrx_word' id='word_1_541' title='bbox 3409 3516 3572 3576; x_wconf 89' lang='lat' dir='ltr'><strong>atque</strong></span> <span class='ocrx_word' id='word_1_542' title='bbox 3600 3504 3821 3560; x_wconf 88' lang='lat' dir='ltr'><strong>doctri-</strong></span> 
     </span>
    </p>
   </div>
   <div class='ocr_carea' id='block_1_70' title="bbox 2218 3603 3794 3675">
    <p class='ocr_par' dir='ltr' id='par_1_70' title="bbox 2218 3603 3794 3675">
     <span class='ocr_line' id='line_1_72' title="bbox 2218 3603 3794 3675; baseline -0.004 -15"><span class='ocrx_word' id='word_1_543' title='bbox 2218 3620 2309 3672; x_wconf 89' lang='lat' dir='ltr'><strong>na,</strong></span> <span class='ocrx_word' id='word_1_544' title='bbox 2345 3620 2444 3660; x_wconf 90' lang='lat' dir='ltr'><strong>nec</strong></span> <span class='ocrx_word' id='word_1_545' title='bbox 2475 3605 2709 3675; x_wconf 88' lang='lat' dir='ltr'><strong>proferri</strong></span> <span class='ocrx_word' id='word_1_546' title='bbox 2739 3604 2943 3674; x_wconf 88' lang='lat' dir='ltr'><strong>aliquid</strong></span> <span class='ocrx_word' id='word_1_547' title='bbox 2976 3604 3080 3659; x_wconf 90' lang='lat' dir='ltr'><strong>nisi</strong></span> <span class='ocrx_word' id='word_1_548' title='bbox 3121 3603 3188 3657; x_wconf 89' lang='lat' dir='ltr'><strong>ab</strong></span> <span class='ocrx_word' id='word_1_549' title='bbox 3219 3609 3466 3670; x_wconf 80' lang='lat' dir='ltr'><strong>experto,</strong></span> <span class='ocrx_word' id='word_1_550' title='bbox 3498 3613 3596 3654; x_wconf 94' lang='lat' dir='ltr'><strong>nec</strong></span> <span class='ocrx_word' id='word_1_551' title='bbox 3632 3609 3794 3654; x_wconf 84' lang='lat' dir='ltr'><strong>trans</strong></span> 
     </span>
    </p>
   </div>
   <div class='ocr_carea' id='block_1_71' title="bbox 2219 3688 3826 3767">
    <p class='ocr_par' dir='ltr' id='par_1_71' title="bbox 2219 3688 3826 3767">
     <span class='ocr_line' id='line_1_73' title="bbox 2219 3688 3826 3767; baseline -0.004 -16"><span class='ocrx_word' id='word_1_552' title='bbox 2219 3696 2373 3751; x_wconf 92' lang='lat' dir='ltr'><strong>fundi</strong></span> <span class='ocrx_word' id='word_1_553' title='bbox 2421 3696 2713 3767; x_wconf 89' lang='lat' dir='ltr'><strong>quidquam</strong></span> <span class='ocrx_word' id='word_1_554' title='bbox 2739 3705 2941 3765; x_wconf 90' lang='lat' dir='ltr'><strong>potest,</strong></span> <span class='ocrx_word' id='word_1_555' title='bbox 2976 3695 3081 3750; x_wconf 90' lang='lat' dir='ltr'><strong>nisi</strong></span> <span class='ocrx_word' id='word_1_556' title='bbox 3111 3694 3165 3748; x_wconf 93' lang='lat' dir='ltr'><strong>in</strong></span> <span class='ocrx_word' id='word_1_557' title='bbox 3185 3692 3596 3764; x_wconf 89' lang='lat' dir='ltr'><strong>cupidissimum</strong></span> <span class='ocrx_word' id='word_1_558' title='bbox 3627 3688 3826 3744; x_wconf 80' lang='lat' dir='ltr'><strong>valde-</strong></span> 
     </span>
    </p>
   </div>
   <div class='ocr_carea' id='block_1_72' title="bbox 2218 3784 3824 3859">
    <p class='ocr_par' dir='ltr' id='par_1_72' title="bbox 2218 3784 3824 3859">
     <span class='ocr_line' id='line_1_74' title="bbox 2218 3784 3824 3859; baseline -0.001 -17"><span class='ocrx_word' id='word_1_559' title='bbox 2218 3804 2323 3859; x_wconf 88' lang='lat' dir='ltr'><strong>que</strong></span> <span class='ocrx_word' id='word_1_560' title='bbox 2371 3789 2666 3844; x_wconf 88' lang='lat' dir='ltr'><strong>sollicitum</strong></span> <span class='ocrx_word' id='word_1_561' title='bbox 2713 3789 2934 3846; x_wconf 86' lang='lat' dir='ltr'><strong>virtutis</strong></span> <span class='ocrx_word' id='word_1_562' title='bbox 2984 3787 3156 3859; x_wconf 88' lang='lat' dir='ltr'><strong>ipsius</strong></span> <span class='ocrx_word' id='word_1_563' title='bbox 3202 3795 3520 3852; x_wconf 86' lang='lat' dir='ltr'><strong>amatorem,</strong></span> <span class='ocrx_word' id='word_1_564' title='bbox 3563 3784 3656 3856; x_wconf 91' lang='lat' dir='ltr'><strong>qui</strong></span> <span class='ocrx_word' id='word_1_565' title='bbox 3700 3800 3824 3840; x_wconf 85' lang='lat' dir='ltr'><strong>non</strong></span> 
     </span>
    </p>
   </div>
   <div class='ocr_carea' id='block_1_73' title="bbox 2218 3875 3824 3952">
    <p class='ocr_par' dir='ltr' id='par_1_73' title="bbox 2218 3875 3824 3952">
     <span class='ocr_line' id='line_1_75' title="bbox 2218 3875 3824 3952; baseline -0.004 -16"><span class='ocrx_word' id='word_1_566' title='bbox 2218 3896 2338 3936; x_wconf 91' lang='lat' dir='ltr'><strong>eam</strong></span> <span class='ocrx_word' id='word_1_567' title='bbox 2395 3881 2576 3936; x_wconf 88' lang='lat' dir='ltr'><strong>vacuis</strong></span> <span class='ocrx_word' id='word_1_568' title='bbox 2626 3881 2894 3952; x_wconf 90' lang='lat' dir='ltr'><strong>nudisque</strong></span> <span class='ocrx_word' id='word_1_569' title='bbox 2943 3879 3290 3935; x_wconf 89' lang='lat' dir='ltr'><strong>sermonibus</strong></span> <span class='ocrx_word' id='word_1_570' title='bbox 3320 3877 3657 3942; x_wconf 91' lang='lat' dir='ltr'><strong>suscitando,</strong></span> <span class='ocrx_word' id='word_1_571' title='bbox 3711 3875 3824 3930; x_wconf 87' lang='lat' dir='ltr'><strong>sed</strong></span> 
     </span>
    </p>
   </div>
   <div class='ocr_carea' id='block_1_74' title="bbox 2220 3968 3827 4042">
    <p class='ocr_par' dir='ltr' id='par_1_74' title="bbox 2220 3968 3827 4042">
     <span class='ocr_line' id='line_1_76' title="bbox 2220 3968 3827 4042; baseline -0.004 -14"><span class='ocrx_word' id='word_1_572' title='bbox 2220 3974 2348 4028; x_wconf 92' lang='lat' dir='ltr'><strong>totis</strong></span> <span class='ocrx_word' id='word_1_573' title='bbox 2377 3973 2542 4028; x_wconf 89' lang='lat' dir='ltr'><strong>animi</strong></span> <span class='ocrx_word' id='word_1_574' title='bbox 2570 3973 2774 4028; x_wconf 89' lang='lat' dir='ltr'><strong>viribus</strong></span> <span class='ocrx_word' id='word_1_575' title='bbox 2796 3974 3096 4028; x_wconf 89' lang='lat' dir='ltr'><strong>annitcndo</strong></span> <span class='ocrx_word' id='word_1_576' title='bbox 3136 3981 3287 4042; x_wconf 93' lang='lat' dir='ltr'><strong>optet</strong></span> <span class='ocrx_word' id='word_1_577' title='bbox 3314 3973 3620 4041; x_wconf 77' lang='lat' dir='ltr'><strong>attingere:</strong></span> <span class='ocrx_word' id='word_1_578' title='bbox 3663 3968 3827 4022; x_wconf 86' lang='lat' dir='ltr'><strong>scili-</strong></span> 
     </span>
    </p>
   </div>
   <div class='ocr_carea' id='block_1_75' title="bbox 2218 4064 3827 4138">
    <p class='ocr_par' dir='ltr' id='par_1_75' title="bbox 2218 4064 3827 4138">
     <span class='ocr_line' id='line_1_77' title="bbox 2218 4064 3827 4138; baseline -0.002 -15"><span class='ocrx_word' id='word_1_579' title='bbox 2218 4079 2310 4125; x_wconf 91' lang='lat' dir='ltr'><strong>cet</strong></span> <span class='ocrx_word' id='word_1_580' title='bbox 2339 4086 2446 4125; x_wconf 91' lang='lat' dir='ltr'><strong>non</strong></span> <span class='ocrx_word' id='word_1_581' title='bbox 2475 4069 2652 4125; x_wconf 76' lang='lat' dir='ltr'><strong>studio</strong></span> <span class='ocrx_word' id='word_1_582' title='bbox 2689 4069 3031 4138; x_wconf 89' lang='lat' dir='ltr'><strong>loquacitatis</strong></span> <span class='ocrx_word' id='word_1_583' title='bbox 3062 4069 3436 4137; x_wconf 62' lang='lat' dir='ltr'><strong>infructuosae,</strong></span> <span class='ocrx_word' id='word_1_584' title='bbox 3471 4067 3565 4124; x_wconf 89' lang='lat' dir='ltr'><strong>sed</strong></span> <span class='ocrx_word' id='word_1_585' title='bbox 3596 4064 3827 4122; x_wconf 86' lang='lat' dir='ltr'><strong>deside-</strong></span> 
     </span>
    </p>
   </div>
   <div class='ocr_carea' id='block_1_76' title="bbox 2221 4161 2861 4233">
    <p class='ocr_par' dir='ltr' id='par_1_76' title="bbox 2221 4161 2861 4233">
     <span class='ocr_line' id='line_1_78' title="bbox 2221 4161 2861 4233; baseline 0 -15"><span class='ocrx_word' id='word_1_586' title='bbox 2221 4163 2304 4218; x_wconf 90' lang='lat' dir='ltr'><strong>rio</strong></span> <span class='ocrx_word' id='word_1_587' title='bbox 2332 4162 2585 4233; x_wconf 90' lang='lat' dir='ltr'><strong>puritatis</strong></span> <span class='ocrx_word' id='word_1_588' title='bbox 2615 4161 2861 4218; x_wconf 68' lang='lat' dir='ltr'><strong>internae.</strong></span> 
     </span>
    </p>
   </div>
   <div class='ocr_carea' id='block_1_77' title="bbox 1594 4366 2722 4426">
    <p class='ocr_par' dir='ltr' id='par_1_77' title="bbox 1594 4366 2722 4426">
     <span class='ocr_line' id='line_1_79' title="bbox 1594 4366 2722 4426; baseline 0.002 -5"><span class='ocrx_word' id='word_1_589' title='bbox 1594 4366 1847 4424; x_wconf 79' lang='lat' dir='ltr'><strong>ALARDI</strong></span> <span class='ocrx_word' id='word_1_590' title='bbox 1887 4367 2123 4425; x_wconf 67' lang='lat' dir='ltr'><strong>GAZEI</strong></span> <span class='ocrx_word' id='word_1_591' title='bbox 2159 4368 2722 4426; x_wconf 79' lang='lat' dir='ltr'><strong>COMMENTARIUS.</strong></span> 
     </span>
    </p>
   </div>
   <div class='ocr_carea' id='block_1_78' title="bbox 525 4551 2108 4626">
    <p class='ocr_par' dir='ltr' id='par_1_78' title="bbox 525 4551 2108 4626">
     <span class='ocr_line' id='line_1_80' title="bbox 525 4551 2108 4626; baseline 0.006 -22"><span class='ocrx_word' id='word_1_592' title='bbox 525 4551 741 4626; x_wconf 82' lang='lat' dir='ltr'><strong>gatione</strong></span> <span class='ocrx_word' id='word_1_593' title='bbox 782 4552 1017 4626; x_wconf 76' lang='lat' dir='ltr'><strong>indiget;</strong></span> <span class='ocrx_word' id='word_1_594' title='bbox 1069 4568 1192 4610; x_wconf 90' lang='lat' dir='ltr'><strong>cum</strong></span> <span class='ocrx_word' id='word_1_595' title='bbox 1248 4555 1582 4626; x_wconf 89' lang='lat' dir='ltr'><strong>singulorum</strong></span> <span class='ocrx_word' id='word_1_596' title='bbox 1613 4557 1866 4612; x_wconf 74' lang='lat' dir='ltr'><strong>cornibus</strong></span> <span class='ocrx_word' id='word_1_597' title='bbox 1911 4558 1981 4612; x_wconf 90' lang='lat' dir='ltr'><strong>sit</strong></span> <span class='ocrx_word' id='word_1_598' title='bbox 2022 4558 2108 4613; x_wconf 87' lang='lat' dir='ltr'><strong>in-</strong></span> 
     </span>
    </p>
   </div>
   <div class='ocr_carea' id='block_1_79' title="bbox 524 4624 2108 4697">
    <p class='ocr_par' dir='ltr' id='par_1_79' title="bbox 524 4624 2108 4697">
     <span class='ocr_line' id='line_1_81' title="bbox 524 4624 2108 4697; baseline 0.005 -22"><span class='ocrx_word' id='word_1_599' title='bbox 524 4624 744 4697; x_wconf 79' lang='lat' dir='ltr'><strong>§_cripta.</strong></span> <span class='ocrx_word' id='word_1_600' title='bbox 775 4624 1046 4692; x_wconf 89' lang='lat' dir='ltr'><strong>Secundo,</strong></span> <span class='ocrx_word' id='word_1_601' title='bbox 1094 4629 1217 4697; x_wconf 89' lang='lat' dir='ltr'><strong>quia</strong></span> <span class='ocrx_word' id='word_1_602' title='bbox 1263 4624 1439 4696; x_wconf 75' lang='lat' dir='ltr'><strong>legem</strong></span> <span class='ocrx_word' id='word_1_603' title='bbox 1482 4628 1720 4697; x_wconf 87' lang='lat' dir='ltr'><strong>decalogi</strong></span> <span class='ocrx_word' id='word_1_604' title='bbox 1765 4629 2010 4684; x_wconf 79' lang='lat' dir='ltr'><strong>Christus</strong></span> <span class='ocrx_word' id='word_1_605' title='bbox 2057 4630 2108 4683; x_wconf 93' lang='lat' dir='ltr'><strong>in</strong></span> 
     </span>
    </p>
   </div>
   <div class='ocr_carea' id='block_1_80' title="bbox 525 4693 2110 4768">
    <p class='ocr_par' dir='ltr' id='par_1_80' title="bbox 525 4693 2110 4768">
     <span class='ocr_line' id='line_1_82' title="bbox 525 4693 2110 4768; baseline 0.004 -19"><span class='ocrx_word' id='word_1_606' title='bbox 525 4693 818 4768; x_wconf 85' lang='lat' dir='ltr'><strong>Evangelio</strong></span> <span class='ocrx_word' id='word_1_607' title='bbox 856 4693 1231 4764; x_wconf 78' lang='lat' dir='ltr'><strong>confirmavit,</strong></span> <span class='ocrx_word' id='word_1_608' title='bbox 1269 4693 1422 4754; x_wconf 50' lang='lat' dir='ltr'><strong>et&#39;ad</strong></span> <span class='ocrx_word' id='word_1_609' title='bbox 1456 4701 1629 4754; x_wconf 76' lang='lat' dir='ltr'><strong>vitam</strong></span> <span class='ocrx_word' id='word_1_610' title='bbox 1671 4693 2110 4768; x_wconf 80' lang='lat' dir='ltr'><strong>consequendam</strong></span> 
     </span>
    </p>
   </div>
   <div class='ocr_carea' id='block_1_81' title="bbox 521 4767 2114 4836">
    <p class='ocr_par' dir='ltr' id='par_1_81' title="bbox 521 4767 2114 4836">
     <span class='ocr_line' id='line_1_83' title="bbox 521 4767 2114 4836; baseline 0.004 -16"><span class='ocrx_word' id='word_1_611' title='bbox 521 4767 884 4821; x_wconf 87' lang='lat' dir='ltr'><strong>necessariam</strong></span> <span class='ocrx_word' id='word_1_612' title='bbox 913 4783 1036 4824; x_wconf 63' lang='lat' dir='ltr'><strong>esse</strong></span> <span class='ocrx_word' id='word_1_613' title='bbox 1065 4769 1274 4836; x_wconf 93' lang='lat' dir='ltr'><strong>docuit,</strong></span> <span class='ocrx_word' id='word_1_614' title='bbox 1306 4771 1529 4825; x_wconf 89' lang='lat' dir='ltr'><strong>dicens:</strong></span> <span class='ocrx_word' id='word_1_615' title='bbox 1563 4771 1623 4826; x_wconf 89' lang='lat' dir='ltr'><strong>Si</strong></span> <span class='ocrx_word' id='word_1_616' title='bbox 1652 4772 1728 4826; x_wconf 82' lang='lat' dir='ltr'><strong>vis</strong></span> <span class='ocrx_word' id='word_1_617' title='bbox 1755 4772 1823 4824; x_wconf 87' lang='lat' dir='ltr'><strong>ad</strong></span> <span class='ocrx_word' id='word_1_618' title='bbox 1848 4767 2002 4825; x_wconf 76' lang='lat' dir='ltr'><strong>uitam</strong></span> <span class='ocrx_word' id='word_1_619' title='bbox 2031 4773 2114 4826; x_wconf 88' lang='lat' dir='ltr'><strong>in-</strong></span> 
     </span>
    </p>
   </div>
   <div class='ocr_carea' id='block_1_82' title="bbox 523 4838 2110 4913">
    <p class='ocr_par' dir='ltr' id='par_1_82' title="bbox 523 4838 2110 4913">
     <span class='ocr_line' id='line_1_84' title="bbox 523 4838 2110 4913; baseline 0.007 -26"><span class='ocrx_word' id='word_1_620' title='bbox 523 4838 686 4908; x_wconf 85' lang='lat' dir='ltr'><strong>gredi,</strong></span> <span class='ocrx_word' id='word_1_621' title='bbox 716 4854 859 4892; x_wconf 82' lang='lat' dir='ltr'><strong>serua</strong></span> <span class='ocrx_word' id='word_1_622' title='bbox 884 4840 1134 4913; x_wconf 89' lang='lat' dir='ltr'><strong>mandata</strong></span> <span class='ocrx_word' id='word_1_623' title='bbox 1155 4841 1373 4910; x_wconf 77' lang='lat' dir='ltr'><strong>(Matth.</strong></span> <span class='ocrx_word' id='word_1_624' title='bbox 1409 4841 1555 4908; x_wconf 79' lang='lat' dir='ltr'><strong>xix);</strong></span> <span class='ocrx_word' id='word_1_625' title='bbox 1585 4852 1746 4912; x_wconf 89' lang='lat' dir='ltr'><strong>atque</strong></span> <span class='ocrx_word' id='word_1_626' title='bbox 1777 4843 1916 4897; x_wconf 88' lang='lat' dir='ltr'><strong>adeo</strong></span> <span class='ocrx_word' id='word_1_627' title='bbox 1938 4843 2110 4913; x_wconf 87' lang='lat' dir='ltr'><strong>legem</strong></span> 
     </span>
    </p>
   </div>
   <div class='ocr_carea' id='block_1_83' title="bbox 521 4912 2112 4984">
    <p class='ocr_par' dir='ltr' id='par_1_83' title="bbox 521 4912 2112 4984">
     <span class='ocr_line' id='line_1_85' title="bbox 521 4912 2112 4984; baseline 0.004 -21"><span class='ocrx_word' id='word_1_628' title='bbox 521 4923 673 4984; x_wconf 85' lang='lat' dir='ltr'><strong>suam</strong></span> <span class='ocrx_word' id='word_1_629' title='bbox 705 4923 828 4984; x_wconf 89' lang='lat' dir='ltr'><strong>esse</strong></span> <span class='ocrx_word' id='word_1_630' title='bbox 858 4912 1049 4978; x_wconf 88' lang='lat' dir='ltr'><strong>voluit,</strong></span> <span class='ocrx_word' id='word_1_631' title='bbox 1083 4922 1143 4966; x_wconf 93' lang='lat' dir='ltr'><strong>ut</strong></span> <span class='ocrx_word' id='word_1_632' title='bbox 1182 4915 1377 4968; x_wconf 91' lang='lat' dir='ltr'><strong>merito</strong></span> <span class='ocrx_word' id='word_1_633' title='bbox 1399 4913 1675 4982; x_wconf 87' lang='lat' dir='ltr'><strong>legislator</strong></span> <span class='ocrx_word' id='word_1_634' title='bbox 1709 4912 2112 4984; x_wconf 32' lang='lat' dir='ltr'><strong>propterea’di-</strong></span> 
     </span>
    </p>
   </div>
   <div class='ocr_carea' id='block_1_84' title="bbox 2219 4552 3838 4622">
    <p class='ocr_par' dir='ltr' id='par_1_84' title="bbox 2219 4552 3838 4622">
     <span class='ocr_line' id='line_1_86' title="bbox 2219 4552 3838 4622; baseline -0.005 -8"><span class='ocrx_word' id='word_1_635' title='bbox 2219 4575 2359 4614; x_wconf 84' lang='lat' dir='ltr'><strong>cesse</strong></span> <span class='ocrx_word' id='word_1_636' title='bbox 2403 4567 2478 4613; x_wconf 89' lang='lat' dir='ltr'><strong>est</strong></span> <span class='ocrx_word' id='word_1_637' title='bbox 2523 4567 2579 4610; x_wconf 88' lang='lat' dir='ltr'><strong>ut</strong></span> <span class='ocrx_word' id='word_1_638' title='bbox 2611 4557 2750 4611; x_wconf 85' lang='lat' dir='ltr'><strong>omni</strong></span> <span class='ocrx_word' id='word_1_639' title='bbox 2791 4557 2966 4611; x_wconf 88' lang='lat' dir='ltr'><strong>studio</strong></span> <span class='ocrx_word' id='word_1_640' title='bbox 3015 4565 3165 4622; x_wconf 89' lang='lat' dir='ltr'><strong>atque</strong></span> <span class='ocrx_word' id='word_1_641' title='bbox 3191 4555 3377 4608; x_wconf 83' lang='lat' dir='ltr'><strong>virtute</strong></span> <span class='ocrx_word' id='word_1_642' title='bbox 3405 4552 3655 4607; x_wconf 87' lang='lat' dir='ltr'><strong>actunlent</strong></span> <span class='ocrx_word' id='word_1_643' title='bbox 3705 4555 3838 4620; x_wconf 80' lang='lat' dir='ltr'><strong>pri-</strong></span> 
     </span>
    </p>
   </div>
   <div class='ocr_carea' id='block_1_85' title="bbox 2220 4623 3837 4696">
    <p class='ocr_par' dir='ltr' id='par_1_85' title="bbox 2220 4623 3837 4696">
     <span class='ocr_line' id='line_1_87' title="bbox 2220 4623 3837 4696; baseline -0.002 -13"><span class='ocrx_word' id='word_1_644' title='bbox 2220 4647 2361 4683; x_wconf 82' lang='lat' dir='ltr'><strong>munt</strong></span> <span class='ocrx_word' id='word_1_645' title='bbox 2391 4629 2653 4683; x_wconf 82' lang='lat' dir='ltr'><strong>scientiam</strong></span> <span class='ocrx_word' id='word_1_646' title='bbox 2678 4636 3047 4696; x_wconf 83' lang='lat' dir='ltr'><strong>consequatur.</strong></span> <span class='ocrx_word' id='word_1_647' title='bbox 3083 4626 3225 4680; x_wconf 86' lang='lat' dir='ltr'><strong>Nam</strong></span> <span class='ocrx_word' id='word_1_648' title='bbox 3258 4626 3364 4678; x_wconf 76' lang='lat' dir='ltr'><strong>lucc</strong></span> <span class='ocrx_word' id='word_1_649' title='bbox 3387 4625 3593 4694; x_wconf 85' lang='lat' dir='ltr'><strong>quidem</strong></span> <span class='ocrx_word' id='word_1_650' title='bbox 3621 4623 3837 4691; x_wconf 69' lang='lat' dir='ltr'><strong>absque</strong></span> 
     </span>
    </p>
   </div>
   <div class='ocr_carea' id='block_1_86' title="bbox 2221 4697 3837 4771">
    <p class='ocr_par' dir='ltr' id='par_1_86' title="bbox 2221 4697 3837 4771">
     <span class='ocr_line' id='line_1_88' title="bbox 2221 4697 3837 4771; baseline -0.002 -17"><span class='ocrx_word' id='word_1_651' title='bbox 2221 4701 2448 4755; x_wconf 85' lang='lat' dir='ltr'><strong>theorica</strong></span> <span class='ocrx_word' id='word_1_652' title='bbox 2493 4701 2751 4771; x_wconf 87' lang='lat' dir='ltr'><strong>possideri</strong></span> <span class='ocrx_word' id='word_1_653' title='bbox 2794 4708 3001 4770; x_wconf 88' lang='lat' dir='ltr'><strong>potest:</strong></span> <span class='ocrx_word' id='word_1_654' title='bbox 3056 4697 3281 4771; x_wconf 63' lang='lat' dir='ltr'><strong>theorire</strong></span> <span class='ocrx_word' id='word_1_655' title='bbox 3316 4712 3432 4750; x_wconf 77' lang='lat' dir='ltr'><strong>vero</strong></span> <span class='ocrx_word' id='word_1_656' title='bbox 3461 4697 3576 4750; x_wconf 87' lang='lat' dir='ltr'><strong>sine</strong></span> <span class='ocrx_word' id='word_1_657' title='bbox 3616 4698 3837 4771; x_wconf 68' lang='lat' dir='ltr'><strong>actuali</strong></span> 
     </span>
    </p>
   </div>
   <div class='ocr_carea' id='block_1_87' title="bbox 2221 4765 3838 4844">
    <p class='ocr_par' dir='ltr' id='par_1_87' title="bbox 2221 4765 3838 4844">
     <span class='ocr_line' id='line_1_89' title="bbox 2221 4765 3838 4844; baseline -0.001 -21"><span class='ocrx_word' id='word_1_658' title='bbox 2221 4774 2432 4844; x_wconf 81' lang='lat' dir='ltr'><strong>omnino</strong></span> <span class='ocrx_word' id='word_1_659' title='bbox 2480 4765 2823 4844; x_wconf 24' lang='lat' dir='ltr'><strong>apprehendi:</strong></span> <span class='ocrx_word' id='word_1_660' title='bbox 2847 4787 2949 4844; x_wconf 90' lang='lat' dir='ltr'><strong>non</strong></span> <span class='ocrx_word' id='word_1_661' title='bbox 2999 4778 3185 4844; x_wconf 68' lang='lat' dir='ltr'><strong>potest.</strong></span> <span class='ocrx_word' id='word_1_662' title='bbox 3243 4768 3309 4822; x_wconf 87' lang='lat' dir='ltr'><strong>Et</strong></span> <span class='ocrx_word' id='word_1_663' title='bbox 3338 4783 3456 4834; x_wconf 90' lang='lat' dir='ltr'><strong>cap.</strong></span> <span class='ocrx_word' id='word_1_664' title='bbox 3501 4765 3838 4844; x_wconf 81' lang='lat' dir='ltr'><strong>seq._docet</strong></span> 
     </span>
    </p>
   </div>
   <div class='ocr_carea' id='block_1_88' title="bbox 2223 4836 3834 4912">
    <p class='ocr_par' dir='ltr' id='par_1_88' title="bbox 2223 4836 3834 4912">
     <span class='ocr_line' id='line_1_90' title="bbox 2223 4836 3834 4912; baseline -0.002 -16"><span class='ocrx_word' id='word_1_665' title='bbox 2223 4842 2364 4897; x_wconf 84' lang='lat' dir='ltr'><strong>hanc</strong></span> <span class='ocrx_word' id='word_1_666' title='bbox 2397 4836 2671 4912; x_wconf 82' lang='lat' dir='ltr'><strong>practicen</strong></span> <span class='ocrx_word' id='word_1_667' title='bbox 2699 4842 2753 4896; x_wconf 89' lang='lat' dir='ltr'><strong>in</strong></span> <span class='ocrx_word' id='word_1_668' title='bbox 2794 4836 3008 4896; x_wconf 79' lang='lat' dir='ltr'><strong>duobus</strong></span> <span class='ocrx_word' id='word_1_669' title='bbox 3033 4840 3357 4901; x_wconf 89' lang='lat' dir='ltr'><strong>consistere,</strong></span> <span class='ocrx_word' id='word_1_670' title='bbox 3382 4851 3583 4912; x_wconf 77' lang='lat' dir='ltr'><strong>nempe</strong></span> <span class='ocrx_word' id='word_1_671' title='bbox 3629 4836 3683 4891; x_wconf 90' lang='lat' dir='ltr'><strong>in</strong></span> <span class='ocrx_word' id='word_1_672' title='bbox 3713 4851 3834 4892; x_wconf 80' lang='lat' dir='ltr'><strong>ex-</strong></span> 
     </span>
    </p>
   </div>
   <div class='ocr_carea' id='block_1_89' title="bbox 2226 4909 3467 4985">
    <p class='ocr_par' dir='ltr' id='par_1_89' title="bbox 2226 4909 3467 4985">
     <span class='ocr_line' id='line_1_91' title="bbox 2226 4909 3467 4985; baseline -0.005 -16"><span class='ocrx_word' id='word_1_673' title='bbox 2226 4909 2493 4985; x_wconf 80' lang='lat' dir='ltr'><strong>pellendis</strong></span> <span class='ocrx_word' id='word_1_674' title='bbox 2523 4914 2669 4969; x_wconf 87' lang='lat' dir='ltr'><strong>vitiis</strong></span> <span class='ocrx_word' id='word_1_675' title='bbox 2696 4923 2750 4968; x_wconf 93' lang='lat' dir='ltr'><strong>et</strong></span> <span class='ocrx_word' id='word_1_676' title='bbox 2777 4913 3067 4968; x_wconf 88' lang='lat' dir='ltr'><strong>virtutibus</strong></span> <span class='ocrx_word' id='word_1_677' title='bbox 3095 4909 3467 4985; x_wconf 83' lang='lat' dir='ltr'><strong>acquirendis.</strong></span> 
     </span>
    </p>
   </div>
   <div class='ocr_carea' id='block_1_90' title="bbox 523 4975 3835 5054">
    <p class='ocr_par' dir='ltr' id='par_1_90' title="bbox 523 4975 3835 5054">
     <span class='ocr_line' id='line_1_92' title="bbox 523 4975 3835 5054; baseline 0.001 -22"><span class='ocrx_word' id='word_1_678' title='bbox 523 4979 730 5054; x_wconf 69' lang='lat' dir='ltr'><strong>centius</strong></span> <span class='ocrx_word' id='word_1_679' title='bbox 776 4982 864 5045; x_wconf 90' lang='lat' dir='ltr'><strong>sit,</strong></span> <span class='ocrx_word' id='word_1_680' title='bbox 915 4975 1043 5037; x_wconf 47' lang='lat' dir='ltr'><strong>non&#39;</strong></span> <span class='ocrx_word' id='word_1_681' title='bbox 1075 4993 1280 5038; x_wconf 87' lang='lat' dir='ltr'><strong>tantum</strong></span> <span class='ocrx_word' id='word_1_682' title='bbox 1343 4975 1656 5053; x_wconf 74' lang='lat' dir='ltr'><strong>redemptor</strong></span> <span class='ocrx_word' id='word_1_683' title='bbox 1703 4975 1766 5039; x_wconf 78' lang='lat' dir='ltr'><strong>ac</strong></span> <span class='ocrx_word' id='word_1_684' title='bbox 1814 4975 2108 5041; x_wconf 70' lang='lat' dir='ltr'><strong>mediator.</strong></span> <span class='ocrx_word' id='word_1_685' title='bbox 2137 4975 2191 5038; x_wconf 88' lang='lat' dir='ltr'><strong>D</strong></span> <span class='ocrx_word' id='word_1_686' title='bbox 2227 4975 2240 4985; x_wconf 87' lang='grc'><em>’</em></span> <span class='ocrx_word' id='word_1_687' title='bbox 2288 4984 2316 5023; x_wconf 77' lang='lat' dir='ltr'><strong>b</strong></span> <span class='ocrx_word' id='word_1_688' title='bbox 2348 4985 2487 5053; x_wconf 85' lang='lat' dir='ltr'><strong>Quid</strong></span> <span class='ocrx_word' id='word_1_689' title='bbox 2516 5000 2613 5054; x_wconf 83' lang='lat' dir='ltr'><strong>per</strong></span> <span class='ocrx_word' id='word_1_690' title='bbox 2638 4985 2936 5054; x_wconf 89' lang='lat' dir='ltr'><strong>corporalis</strong></span> <span class='ocrx_word' id='word_1_691' title='bbox 2962 4983 3156 5038; x_wconf 83' lang='lat' dir='ltr'><strong>veneni</strong></span> <span class='ocrx_word' id='word_1_692' title='bbox 3179 4975 3492 5052; x_wconf 72' lang='lat' dir='ltr'><strong>contagium</strong></span> <span class='ocrx_word' id='word_1_693' title='bbox 3522 4978 3835 5050; x_wconf 83' lang='lat' dir='ltr'><strong>intelligat,</strong></span> 
     </span>
    </p>
   </div>
   <div class='ocr_carea' id='block_1_91' title="bbox 522 5049 2112 5129">
    <p class='ocr_par' dir='ltr' id='par_1_91' title="bbox 522 5049 2112 5129">
     <span class='ocr_line' id='line_1_93' title="bbox 522 5049 2112 5129; baseline 0.004 -25"><span class='ocrx_word' id='word_1_694' title='bbox 522 5049 675 5129; x_wconf 83' lang='lat' dir='ltr'><strong>Unde</strong></span> <span class='ocrx_word' id='word_1_695' title='bbox 707 5051 900 5129; x_wconf 82' lang='lat' dir='ltr'><strong>Patres</strong></span> <span class='ocrx_word' id='word_1_696' title='bbox 920 5053 1471 5129; x_wconf 87' lang='lat' dir='ltr'><strong>conciliiTridentini</strong></span> <span class='ocrx_word' id='word_1_697' title='bbox 1498 5049 1773 5129; x_wconf 79' lang='lat' dir='ltr'><strong>anathema</strong></span> <span class='ocrx_word' id='word_1_698' title='bbox 1793 5059 1845 5110; x_wconf 87' lang='lat' dir='ltr'><strong>in</strong></span> <span class='ocrx_word' id='word_1_699' title='bbox 1873 5074 1960 5129; x_wconf 82' lang='lat' dir='ltr'><strong>eos</strong></span> <span class='ocrx_word' id='word_1_700' title='bbox 1989 5075 2112 5129; x_wconf 83' lang='lat' dir='ltr'><strong>pro-</strong></span> 
     </span>
    </p>
   </div>
   <div class='ocr_carea' id='block_1_92' title="bbox 520 5123 2113 5198">
    <p class='ocr_par' dir='ltr' id='par_1_92' title="bbox 520 5123 2113 5198">
     <span class='ocr_line' id='line_1_94' title="bbox 520 5123 2113 5198; baseline 0.005 -24"><span class='ocrx_word' id='word_1_701' title='bbox 520 5123 790 5198; x_wconf 61' lang='lat' dir='ltr'><strong>nuntiant,</strong></span> <span class='ocrx_word' id='word_1_702' title='bbox 811 5124 901 5190; x_wconf 91' lang='lat' dir='ltr'><strong>qui</strong></span> <span class='ocrx_word' id='word_1_703' title='bbox 931 5125 1110 5178; x_wconf 84' lang='lat' dir='ltr'><strong>dicunt</strong></span> <span class='ocrx_word' id='word_1_704' title='bbox 1134 5127 1266 5198; x_wconf 75' lang='lat' dir='ltr'><strong>legis</strong></span> <span class='ocrx_word' id='word_1_705' title='bbox 1303 5136 1560 5196; x_wconf 76' lang='lat' dir='ltr'><strong>prwcepta</strong></span> <span class='ocrx_word' id='word_1_706' title='bbox 1589 5127 1719 5181; x_wconf 83' lang='lat' dir='ltr'><strong>nihil</strong></span> <span class='ocrx_word' id='word_1_707' title='bbox 1757 5130 1822 5182; x_wconf 90' lang='lat' dir='ltr'><strong>ad</strong></span> <span class='ocrx_word' id='word_1_708' title='bbox 1861 5123 2113 5183; x_wconf 77' lang='lat' dir='ltr'><strong>Christia-</strong></span> 
     </span>
    </p>
   </div>
   <div class='ocr_carea' id='block_1_93' title="bbox 521 5195 2113 5262">
    <p class='ocr_par' dir='ltr' id='par_1_93' title="bbox 521 5195 2113 5262">
     <span class='ocr_line' id='line_1_95' title="bbox 521 5195 2113 5262; baseline 0.006 -16"><span class='ocrx_word' id='word_1_709' title='bbox 521 5208 614 5246; x_wconf 88' lang='lat' dir='ltr'><strong>nos</strong></span> <span class='ocrx_word' id='word_1_710' title='bbox 659 5195 948 5262; x_wconf 86' lang='lat' dir='ltr'><strong>pertinere;</strong></span> <span class='ocrx_word' id='word_1_711' title='bbox 978 5207 1069 5250; x_wconf 91' lang='lat' dir='ltr'><strong>aut</strong></span> <span class='ocrx_word' id='word_1_712' title='bbox 1101 5195 1359 5251; x_wconf 72' lang='lat' dir='ltr'><strong>Christum</strong></span> <span class='ocrx_word' id='word_1_713' title='bbox 1390 5214 1422 5251; x_wconf 91' lang='lat' dir='ltr'><strong>a</strong></span> <span class='ocrx_word' id='word_1_714' title='bbox 1467 5195 1571 5251; x_wconf 84' lang='lat' dir='ltr'><strong>Deo</strong></span> <span class='ocrx_word' id='word_1_715' title='bbox 1610 5200 1906 5254; x_wconf 78' lang='lat' dir='ltr'><strong>hominibus</strong></span> <span class='ocrx_word' id='word_1_716' title='bbox 1933 5203 2113 5254; x_wconf 89' lang='lat' dir='ltr'><strong>datum</strong></span> 
     </span>
    </p>
   </div>
   <div class='ocr_carea' id='block_1_94' title="bbox 520 5262 2112 5342">
    <p class='ocr_par' dir='ltr' id='par_1_94' title="bbox 520 5262 2112 5342">
     <span class='ocr_line' id='line_1_96' title="bbox 520 5262 2112 5342; baseline 0.007 -27"><span class='ocrx_word' id='word_1_717' title='bbox 520 5270 578 5315; x_wconf 89' lang='lat' dir='ltr'><strong>ut</strong></span> <span class='ocrx_word' id='word_1_718' title='bbox 611 5262 1010 5342; x_wconf 73' lang='lat' dir='ltr'><strong>Redemptorem</strong></span> <span class='ocrx_word' id='word_1_719' title='bbox 1057 5269 1141 5321; x_wconf 88' lang='lat' dir='ltr'><strong>cui</strong></span> <span class='ocrx_word' id='word_1_720' title='bbox 1165 5270 1365 5342; x_wconf 74' lang='lat' dir='ltr'><strong>ﬁdunt;</strong></span> <span class='ocrx_word' id='word_1_721' title='bbox 1411 5286 1513 5342; x_wconf 80' lang='lat' dir='ltr'><strong>non</strong></span> <span class='ocrx_word' id='word_1_722' title='bbox 1561 5272 1715 5324; x_wconf 89' lang='lat' dir='ltr'><strong>etiam</strong></span> <span class='ocrx_word' id='word_1_723' title='bbox 1745 5283 1800 5325; x_wconf 86' lang='lat' dir='ltr'><strong>ut</strong></span> <span class='ocrx_word' id='word_1_724' title='bbox 1844 5273 2112 5342; x_wconf 78' lang='lat' dir='ltr'><strong>legislatu-</strong></span> 
     </span>
    </p>
   </div>
   <div class='ocr_carea' id='block_1_95' title="bbox 521 5338 2113 5415">
    <p class='ocr_par' dir='ltr' id='par_1_95' title="bbox 521 5338 2113 5415">
     <span class='ocr_line' id='line_1_97' title="bbox 521 5338 2113 5415; baseline 0.008 -30"><span class='ocrx_word' id='word_1_725' title='bbox 521 5349 631 5415; x_wconf 80' lang='lat' dir='ltr'><strong>rem</strong></span> <span class='ocrx_word' id='word_1_726' title='bbox 658 5343 743 5388; x_wconf 80' lang='lat' dir='ltr'><strong>cui</strong></span> <span class='ocrx_word' id='word_1_727' title='bbox 774 5338 1016 5415; x_wconf 68' lang='lat' dir='ltr'><strong>obediant</strong></span> <span class='ocrx_word' id='word_1_728' title='bbox 1043 5355 1060 5415; x_wconf 68' lang='grc' dir='ltr'><strong><em>ς</em></strong></span> <span class='ocrx_word' id='word_1_729' title='bbox 1091 5349 1180 5393; x_wconf 86' lang='grc' dir='ltr'><strong><em>αιιι</em></strong></span> <span class='ocrx_word' id='word_1_730' title='bbox 1229 5340 1449 5409; x_wconf 85' lang='lat' dir='ltr'><strong>denique</strong></span> <span class='ocrx_word' id='word_1_731' title='bbox 1482 5340 1740 5415; x_wconf 74' lang='lat' dir='ltr'><strong>hominem</strong></span> <span class='ocrx_word' id='word_1_732' title='bbox 1762 5338 2113 5415; x_wconf 47' lang='lat' dir='ltr'><strong>justi&#39;ﬁcatum</strong></span> 
     </span>
    </p>
   </div>
   <div class='ocr_carea' id='block_1_96' title="bbox 520 5408 2114 5481">
    <p class='ocr_par' dir='ltr' id='par_1_96' title="bbox 520 5408 2114 5481">
     <span class='ocr_line' id='line_1_98' title="bbox 520 5408 2114 5481; baseline 0.006 -22"><span class='ocrx_word' id='word_1_733' title='bbox 520 5413 570 5459; x_wconf 86' lang='lat' dir='ltr'><strong>et</strong></span> <span class='ocrx_word' id='word_1_734' title='bbox 613 5408 894 5481; x_wconf 81' lang='lat' dir='ltr'><strong>quamlibet</strong></span> <span class='ocrx_word' id='word_1_735' title='bbox 941 5411 1224 5481; x_wconf 78' lang='lat' dir='ltr'><strong>perfectum</strong></span> <span class='ocrx_word' id='word_1_736' title='bbox 1256 5408 1368 5466; x_wconf 85' lang='lat' dir='ltr'><strong>non</strong></span> <span class='ocrx_word' id='word_1_737' title='bbox 1416 5414 1578 5466; x_wconf 86' lang='lat' dir='ltr'><strong>teneri</strong></span> <span class='ocrx_word' id='word_1_738' title='bbox 1620 5413 1690 5466; x_wconf 88' lang='lat' dir='ltr'><strong>ad</strong></span> <span class='ocrx_word' id='word_1_739' title='bbox 1739 5408 2114 5468; x_wconf 73' lang='lat' dir='ltr'><strong>obseruantiam</strong></span> 
     </span>
    </p>
   </div>
   <div class='ocr_carea' id='block_1_97' title="bbox 521 5477 2116 5554">
    <p class='ocr_par' dir='ltr' id='par_1_97' title="bbox 521 5477 2116 5554">
     <span class='ocr_line' id='line_1_99' title="bbox 521 5477 2116 5554; baseline 0.008 -26"><span class='ocrx_word' id='word_1_740' title='bbox 521 5477 885 5554; x_wconf 74' lang='lat' dir='ltr'><strong>mandatorum</strong></span> <span class='ocrx_word' id='word_1_741' title='bbox 936 5477 1043 5535; x_wconf 82' lang='lat' dir='ltr'><strong>Dei</strong></span> <span class='ocrx_word' id='word_1_742' title='bbox 1083 5492 1130 5537; x_wconf 86' lang='lat' dir='ltr'><strong>et</strong></span> <span class='ocrx_word' id='word_1_743' title='bbox 1175 5483 1425 5539; x_wconf 72' lang='lat' dir='ltr'><strong>Ecclesia:</strong></span> <span class='ocrx_word' id='word_1_744' title='bbox 1478 5483 1663 5554; x_wconf 81' lang='lat' dir='ltr'><strong>(Cone.</strong></span> <span class='ocrx_word' id='word_1_745' title='bbox 1704 5485 1853 5539; x_wconf 85' lang='lat' dir='ltr'><strong>Trid.</strong></span> <span class='ocrx_word' id='word_1_746' title='bbox 1905 5503 2034 5542; x_wconf 83' lang='lat' dir='ltr'><strong>sess.</strong></span> <span class='ocrx_word' id='word_1_747' title='bbox 2082 5485 2116 5540; x_wconf 89' lang='grc'>6</span> 
     </span>
    </p>
   </div>
   <div class='ocr_carea' id='block_1_98' title="bbox 521 5549 1079 5624">
    <p class='ocr_par' dir='ltr' id='par_1_98' title="bbox 521 5549 1079 5624">
     <span class='ocr_line' id='line_1_100' title="bbox 521 5549 1079 5624; baseline 0.014 -24"><span class='ocrx_word' id='word_1_748' title='bbox 521 5549 764 5624; x_wconf 56' lang='lat' dir='ltr'><strong>can._19,</strong></span> <span class='ocrx_word' id='word_1_749' title='bbox 791 5550 862 5604; x_wconf 72' lang='lat'><strong>20</strong></span> <span class='ocrx_word' id='word_1_750' title='bbox 888 5563 935 5605; x_wconf 88' lang='lat' dir='ltr'><strong>et</strong></span> <span class='ocrx_word' id='word_1_751' title='bbox 964 5554 1079 5624; x_wconf 77' lang='lat' dir='ltr'><strong>2i).</strong></span> 
     </span>
    </p>
   </div>
   <div class='ocr_carea' id='block_1_99' title="bbox 598 5619 2113 5693">
    <p class='ocr_par' dir='ltr' id='par_1_99' title="bbox 598 5619 2113 5693">
     <span class='ocr_line' id='line_1_101' title="bbox 598 5619 2113 5693; baseline 0.007 -20"><span class='ocrx_word' id='word_1_752' title='bbox 598 5619 801 5693; x_wconf 47' lang='lat' dir='ltr'><strong>{Hanc</strong></span> <span class='ocrx_word' id='word_1_753' title='bbox 849 5624 919 5676; x_wconf 87' lang='lat' dir='ltr'><strong>ita</strong></span> <span class='ocrx_word' id='word_1_754' title='bbox 977 5619 1236 5682; x_wconf 82' lang='lat' dir='ltr'><strong>describit</strong></span> <span class='ocrx_word' id='word_1_755' title='bbox 1277 5627 1445 5681; x_wconf 87' lang='lat' dir='ltr'><strong>abbas</strong></span> <span class='ocrx_word' id='word_1_756' title='bbox 1492 5626 1750 5683; x_wconf 87' lang='lat' dir='ltr'><strong>Nesteros</strong></span> <span class='ocrx_word' id='word_1_757' title='bbox 1794 5627 1978 5683; x_wconf 86' lang='lat' dir='ltr'><strong>collat.</strong></span> <span class='ocrx_word' id='word_1_758' title='bbox 2026 5629 2113 5693; x_wconf 71' lang='grc'><strong>14,</strong></span> 
     </span>
    </p>
   </div>
   <div class='ocr_carea' id='block_1_100' title="bbox 527 5691 2117 5768">
    <p class='ocr_par' dir='ltr' id='par_1_100' title="bbox 527 5691 2117 5768">
     <span class='ocr_line' id='line_1_102' title="bbox 527 5691 2117 5768; baseline 0.005 -24"><span class='ocrx_word' id='word_1_759' title='bbox 527 5704 579 5743; x_wconf 91' lang='lat' dir='ltr'><strong>c.</strong></span> <span class='ocrx_word' id='word_1_760' title='bbox 613 5691 663 5755; x_wconf 76' lang='grc'><strong>1,</strong></span> <span class='ocrx_word' id='word_1_761' title='bbox 697 5701 972 5768; x_wconf 55' lang='grc' dir='ltr'><strong>πρακτικὴ,</strong></span> <span class='ocrx_word' id='word_1_762' title='bbox 1005 5696 1058 5748; x_wconf 79' lang='lat' dir='ltr'><strong>id</strong></span> <span class='ocrx_word' id='word_1_763' title='bbox 1084 5708 1182 5763; x_wconf 80' lang='lat' dir='ltr'><strong>est,</strong></span> <span class='ocrx_word' id='word_1_764' title='bbox 1213 5697 1453 5758; x_wconf 79' lang='lat' dir='ltr'><strong>actualis.</strong></span> <span class='ocrx_word' id='word_1_765' title='bbox 1483 5716 1598 5768; x_wconf 73' lang='lat' dir='ltr'><strong>qum</strong></span> <span class='ocrx_word' id='word_1_766' title='bbox 1627 5700 1980 5754; x_wconf 77' lang='lat' dir='ltr'><strong>emendatione</strong></span> <span class='ocrx_word' id='word_1_767' title='bbox 2008 5691 2117 5752; x_wconf 74' lang='grc' dir='ltr'><strong><em>ιιιοέ</em></strong></span> 
     </span>
    </p>
   </div>
   <div class='ocr_carea' id='block_1_101' title="bbox 524 5765 2112 5894">
    <p class='ocr_par' dir='ltr' id='par_1_101' title="bbox 524 5765 2112 5894">
     <span class='ocr_line' id='line_1_103' title="bbox 524 5765 2112 5894; baseline 0.006 -82"><span class='ocrx_word' id='word_1_768' title='bbox 524 5776 640 5814; x_wconf 85' lang='lat' dir='ltr'><strong>rum</strong></span> <span class='ocrx_word' id='word_1_769' title='bbox 685 5765 749 5815; x_wconf 78' lang='grc' dir='ltr'><strong>ρι’</strong></span> <span class='ocrx_word' id='word_1_770' title='bbox 775 5765 1016 5820; x_wconf 83' lang='lat' dir='ltr'><strong>uitiorum</strong></span> <span class='ocrx_word' id='word_1_771' title='bbox 1066 5771 1376 5838; x_wconf 83' lang='lat' dir='ltr'><strong>purgatione</strong></span> <span class='ocrx_word' id='word_1_772' title='bbox 1425 5765 1710 5894; x_wconf 65' lang='lat' dir='ltr'><strong>per/icitur.</strong></span> <span class='ocrx_word' id='word_1_773' title='bbox 1766 5772 1830 5824; x_wconf 82' lang='lat' dir='ltr'><strong>Et</strong></span> <span class='ocrx_word' id='word_1_774' title='bbox 1873 5785 1991 5838; x_wconf 88' lang='lat' dir='ltr'><strong>cap.</strong></span> <span class='ocrx_word' id='word_1_775' title='bbox 2035 5771 2112 5825; x_wconf 64' lang='grc' dir='ltr'><strong><em>ἓξ</em></strong></span> 
     </span>
     <span class='ocr_line' id='line_1_104' title="bbox 531 5831 2112 5894; baseline 0 0"><span class='ocrx_word' id='word_1_776' title='bbox 531 5831 772 5894; x_wconf 79' lang='lat' dir='ltr'><strong>Quisquis</strong></span> <span class='ocrx_word' id='word_1_777' title='bbox 810 5837 972 5894; x_wconf 82' lang='lat' dir='ltr'><strong>igitur</strong></span> <span class='ocrx_word' id='word_1_778' title='bbox 1021 5840 1090 5892; x_wconf 79' lang='lat' dir='ltr'><strong>ad</strong></span> <span class='ocrx_word' id='word_1_779' title='bbox 1120 5837 1407 5894; x_wconf 72' lang='lat' dir='ltr'><strong>Theoriceu</strong></span> <span class='ocrx_word' id='word_1_780' title='bbox 1445 5859 1506 5894; x_wconf 83' lang='lat' dir='ltr'><strong>uo</strong></span> <span class='ocrx_word' id='word_1_781' title='bbox 1535 5845 1662 5894; x_wconf 87' lang='lat' dir='ltr'><strong>uerit</strong></span> <span class='ocrx_word' id='word_1_782' title='bbox 1698 5843 1982 5894; x_wconf 70' lang='lat' dir='ltr'><strong>pervenire.</strong></span> <span class='ocrx_word' id='word_1_783' title='bbox 2027 5857 2112 5894; x_wconf 89' lang='lat' dir='ltr'><strong>ne-</strong></span> 
     </span>
    </p>
   </div>
   <div class='ocr_carea' id='block_1_102' title="bbox 531 5831 2117 5905">
    <p class='ocr_par' dir='ltr' id='par_1_102' title="bbox 531 5831 2117 5905">
     <span class='ocr_line' id='line_1_105' title="bbox 531 5831 2117 5905; baseline 0.008 -20"><span class='ocrx_word' id='word_1_784' title='bbox 531 5831 772 5900; x_wconf 81' lang='lat' dir='ltr'><strong>Quisquis</strong></span> <span class='ocrx_word' id='word_1_785' title='bbox 810 5837 972 5900; x_wconf 87' lang='lat' dir='ltr'><strong>igitur</strong></span> <span class='ocrx_word' id='word_1_786' title='bbox 1021 5831 1090 5892; x_wconf 79' lang='lat' dir='ltr'><strong>ad</strong></span> <span class='ocrx_word' id='word_1_787' title='bbox 1120 5831 1662 5896; x_wconf 49' lang='lat' dir='ltr'><strong>Titeoriceu&#39;uoiuerit</strong></span> <span class='ocrx_word' id='word_1_788' title='bbox 1693 5831 1982 5905; x_wconf 71' lang='lat' dir='ltr'><strong>pervenire,</strong></span> <span class='ocrx_word' id='word_1_789' title='bbox 2027 5857 2117 5897; x_wconf 83' lang='lat' dir='ltr'><strong>ne-</strong></span> 
     </span>
    </p>
   </div>
   <div class='ocr_carea' id='block_1_103' title="bbox 2223 5054 3206 5126">
    <p class='ocr_par' dir='ltr' id='par_1_103' title="bbox 2223 5054 3206 5126">
     <span class='ocr_line' id='line_1_106' title="bbox 2223 5054 3206 5126; baseline -0.002 -16"><span class='ocrx_word' id='word_1_790' title='bbox 2223 5057 2470 5126; x_wconf 87' lang='lat' dir='ltr'><strong>sequenti</strong></span> <span class='ocrx_word' id='word_1_791' title='bbox 2504 5056 2793 5111; x_wconf 85' lang='lat' dir='ltr'><strong>collatione</strong></span> <span class='ocrx_word' id='word_1_792' title='bbox 2825 5054 3206 5120; x_wconf 80' lang='lat' dir='ltr'><strong>explicabitur.</strong></span> 
     </span>
    </p>
   </div>
   <div class='ocr_carea' id='block_1_104' title="bbox 2297 5123 3841 5196">
    <p class='ocr_par' dir='ltr' id='par_1_104' title="bbox 2297 5123 3841 5196">
     <span class='ocr_line' id='line_1_107' title="bbox 2297 5123 3841 5196; baseline -0.002 -14"><span class='ocrx_word' id='word_1_793' title='bbox 2297 5123 2319 5166; x_wconf 69' lang='lat'><strong><em>5</em></strong></span> <span class='ocrx_word' id='word_1_794' title='bbox 2352 5127 2406 5182; x_wconf 91' lang='lat' dir='ltr'><strong>Id</strong></span> <span class='ocrx_word' id='word_1_795' title='bbox 2435 5137 2538 5194; x_wconf 84' lang='lat' dir='ltr'><strong>est,</strong></span> <span class='ocrx_word' id='word_1_796' title='bbox 2571 5143 2676 5182; x_wconf 91' lang='lat' dir='ltr'><strong>non</strong></span> <span class='ocrx_word' id='word_1_797' title='bbox 2709 5128 2800 5196; x_wconf 90' lang='lat' dir='ltr'><strong>qui</strong></span> <span class='ocrx_word' id='word_1_798' title='bbox 2830 5127 3004 5196; x_wconf 82' lang='lat' dir='ltr'><strong>palam</strong></span> <span class='ocrx_word' id='word_1_799' title='bbox 3032 5141 3093 5181; x_wconf 90' lang='lat' dir='ltr'><strong>ac</strong></span> <span class='ocrx_word' id='word_1_800' title='bbox 3130 5124 3416 5180; x_wconf 86' lang='lat' dir='ltr'><strong>manifeste</strong></span> <span class='ocrx_word' id='word_1_801' title='bbox 3443 5139 3503 5179; x_wconf 88' lang='lat' dir='ltr'><strong>se</strong></span> <span class='ocrx_word' id='word_1_802' title='bbox 3531 5139 3695 5180; x_wconf 84' lang='lat' dir='ltr'><strong>carne</strong></span> <span class='ocrx_word' id='word_1_803' title='bbox 3722 5123 3841 5179; x_wconf 84' lang='lat' dir='ltr'><strong>Ju-</strong></span> 
     </span>
    </p>
   </div>
   <div class='ocr_carea' id='block_1_105' title="bbox 2221 5197 3845 5268">
    <p class='ocr_par' dir='ltr' id='par_1_105' title="bbox 2221 5197 3845 5268">
     <span class='ocr_line' id='line_1_108' title="bbox 2221 5197 3845 5268; baseline -0.002 -14"><span class='ocrx_word' id='word_1_804' title='bbox 2221 5199 2396 5255; x_wconf 64' lang='lat' dir='ltr'><strong>daeum</strong></span> <span class='ocrx_word' id='word_1_805' title='bbox 2426 5214 2547 5255; x_wconf 90' lang='lat' dir='ltr'><strong>esse</strong></span> <span class='ocrx_word' id='word_1_806' title='bbox 2571 5200 2761 5268; x_wconf 78' lang='lat' dir='ltr'><strong>jactat,</strong></span> <span class='ocrx_word' id='word_1_807' title='bbox 2789 5198 2879 5251; x_wconf 89' lang='lat' dir='ltr'><strong>sed</strong></span> <span class='ocrx_word' id='word_1_808' title='bbox 2901 5198 2987 5266; x_wconf 89' lang='lat' dir='ltr'><strong>qui</strong></span> <span class='ocrx_word' id='word_1_809' title='bbox 3016 5200 3070 5250; x_wconf 89' lang='lat' dir='ltr'><strong>in</strong></span> <span class='ocrx_word' id='word_1_810' title='bbox 3095 5197 3418 5261; x_wconf 85' lang='lat' dir='ltr'><strong>abscondito,</strong></span> <span class='ocrx_word' id='word_1_811' title='bbox 3445 5197 3496 5250; x_wconf 94' lang='lat' dir='ltr'><strong>id</strong></span> <span class='ocrx_word' id='word_1_812' title='bbox 3529 5207 3631 5261; x_wconf 81' lang='grc' dir='ltr'><strong><em>εει,</em></strong></span> <span class='ocrx_word' id='word_1_813' title='bbox 3655 5197 3845 5268; x_wconf 71' lang='lat' dir='ltr'><strong>corde</strong></span> 
     </span>
    </p>
   </div>
   <div class='ocr_carea' id='block_1_106' title="bbox 2222 5265 3846 5338">
    <p class='ocr_par' dir='ltr' id='par_1_106' title="bbox 2222 5265 3846 5338">
     <span class='ocr_line' id='line_1_109' title="bbox 2222 5265 3846 5338; baseline -0.004 -12"><span class='ocrx_word' id='word_1_814' title='bbox 2222 5287 2286 5326; x_wconf 92' lang='lat' dir='ltr'><strong>ac</strong></span> <span class='ocrx_word' id='word_1_815' title='bbox 2316 5270 2507 5338; x_wconf 81' lang='lat' dir='ltr'><strong>spiritu</strong></span> <span class='ocrx_word' id='word_1_816' title='bbox 2541 5265 2637 5334; x_wconf 81' lang='lat' dir='ltr'><strong>per</strong></span> <span class='ocrx_word' id='word_1_817' title='bbox 2664 5270 2824 5324; x_wconf 87' lang='lat' dir='ltr'><strong>fidem</strong></span> <span class='ocrx_word' id='word_1_818' title='bbox 2853 5268 3127 5323; x_wconf 88' lang='lat' dir='ltr'><strong>Christum</strong></span> <span class='ocrx_word' id='word_1_819' title='bbox 3160 5269 3468 5332; x_wconf 84' lang='lat' dir='ltr'><strong>conﬁtetur,</strong></span> <span class='ocrx_word' id='word_1_820' title='bbox 3501 5269 3545 5322; x_wconf 93' lang='lat' dir='ltr'><strong>is</strong></span> <span class='ocrx_word' id='word_1_821' title='bbox 3572 5282 3696 5321; x_wconf 76' lang='lat' dir='ltr'><strong>vere</strong></span> <span class='ocrx_word' id='word_1_822' title='bbox 3726 5265 3846 5320; x_wconf 81' lang='lat' dir='ltr'><strong>Ju-</strong></span> 
     </span>
    </p>
   </div>
   <div class='ocr_carea' id='block_1_107' title="bbox 2222 5338 3847 5412">
    <p class='ocr_par' dir='ltr' id='par_1_107' title="bbox 2222 5338 3847 5412">
     <span class='ocr_line' id='line_1_110' title="bbox 2222 5338 3847 5412; baseline -0.002 -16"><span class='ocrx_word' id='word_1_823' title='bbox 2222 5341 2373 5396; x_wconf 74' lang='lat' dir='ltr'><strong>dtnus</strong></span> <span class='ocrx_word' id='word_1_824' title='bbox 2394 5351 2494 5396; x_wconf 87' lang='lat' dir='ltr'><strong>est.</strong></span> <span class='ocrx_word' id='word_1_825' title='bbox 2526 5341 2707 5412; x_wconf 86' lang='lat' dir='ltr'><strong>Neque</strong></span> <span class='ocrx_word' id='word_1_826' title='bbox 2730 5357 2842 5409; x_wconf 75' lang='lat' dir='ltr'><strong>qua:</strong></span> <span class='ocrx_word' id='word_1_827' title='bbox 2866 5341 2919 5392; x_wconf 89' lang='lat' dir='ltr'><strong>in</strong></span> <span class='ocrx_word' id='word_1_828' title='bbox 2942 5341 3213 5409; x_wconf 77' lang='lat' dir='ltr'><strong>manifesto</strong></span> <span class='ocrx_word' id='word_1_829' title='bbox 3237 5341 3290 5393; x_wconf 86' lang='lat' dir='ltr'><strong>in</strong></span> <span class='ocrx_word' id='word_1_830' title='bbox 3313 5356 3469 5412; x_wconf 81' lang='lat' dir='ltr'><strong>carne</strong></span> <span class='ocrx_word' id='word_1_831' title='bbox 3496 5338 3847 5412; x_wconf 73' lang='lat' dir='ltr'><strong>circumcisio</strong></span> 
     </span>
    </p>
   </div>
   <div class='ocr_carea' id='block_1_108' title="bbox 2222 5411 3843 5480">
    <p class='ocr_par' dir='ltr' id='par_1_108' title="bbox 2222 5411 3843 5480">
     <span class='ocr_line' id='line_1_111' title="bbox 2222 5411 3843 5480; baseline -0.007 -11"><span class='ocrx_word' id='word_1_832' title='bbox 2222 5425 2318 5478; x_wconf 87' lang='lat' dir='ltr'><strong>est,</strong></span> <span class='ocrx_word' id='word_1_833' title='bbox 2346 5413 2399 5466; x_wconf 93' lang='lat' dir='ltr'><strong>id</strong></span> <span class='ocrx_word' id='word_1_834' title='bbox 2429 5423 2533 5480; x_wconf 89' lang='lat' dir='ltr'><strong>est,</strong></span> <span class='ocrx_word' id='word_1_835' title='bbox 2565 5411 2671 5469; x_wconf 84' lang='lat' dir='ltr'><strong>nun</strong></span> <span class='ocrx_word' id='word_1_836' title='bbox 2703 5423 2928 5468; x_wconf 81' lang='lat' dir='ltr'><strong>externa</strong></span> <span class='ocrx_word' id='word_1_837' title='bbox 2957 5415 3158 5476; x_wconf 87' lang='lat' dir='ltr'><strong>carnis,</strong></span> <span class='ocrx_word' id='word_1_838' title='bbox 3199 5411 3293 5466; x_wconf 92' lang='lat' dir='ltr'><strong>sed</strong></span> <span class='ocrx_word' id='word_1_839' title='bbox 3345 5411 3607 5480; x_wconf 80' lang='lat' dir='ltr'><strong>Spiritalis</strong></span> <span class='ocrx_word' id='word_1_840' title='bbox 3661 5411 3843 5462; x_wconf 74' lang='lat' dir='ltr'><strong>Viliu-</strong></span> 
     </span>
    </p>
   </div>
   <div class='ocr_carea' id='block_1_109' title="bbox 2226 5481 3843 5549">
    <p class='ocr_par' dir='ltr' id='par_1_109' title="bbox 2226 5481 3843 5549">
     <span class='ocr_line' id='line_1_112' title="bbox 2226 5481 3843 5549; baseline 0 -11"><span class='ocrx_word' id='word_1_841' title='bbox 2226 5500 2344 5538; x_wconf 83' lang='lat' dir='ltr'><strong>rum</strong></span> <span class='ocrx_word' id='word_1_842' title='bbox 2367 5484 2736 5548; x_wconf 88' lang='lat' dir='ltr'><strong>circumcisio,</strong></span> <span class='ocrx_word' id='word_1_843' title='bbox 2754 5498 2815 5539; x_wconf 90' lang='lat' dir='ltr'><strong>ea</strong></span> <span class='ocrx_word' id='word_1_844' title='bbox 2842 5498 2966 5537; x_wconf 91' lang='lat' dir='ltr'><strong>vera</strong></span> <span class='ocrx_word' id='word_1_845' title='bbox 2989 5482 3331 5537; x_wconf 88' lang='lat' dir='ltr'><strong>circumcisio</strong></span> <span class='ocrx_word' id='word_1_846' title='bbox 3353 5493 3459 5536; x_wconf 90' lang='lat' dir='ltr'><strong>est.</strong></span> <span class='ocrx_word' id='word_1_847' title='bbox 3483 5481 3578 5538; x_wconf 89' lang='lat' dir='ltr'><strong>Sic</strong></span> <span class='ocrx_word' id='word_1_848' title='bbox 3607 5495 3715 5536; x_wconf 92' lang='lat' dir='ltr'><strong>non</strong></span> <span class='ocrx_word' id='word_1_849' title='bbox 3734 5484 3843 5549; x_wconf 73' lang='lat' dir='ltr'><strong>qui</strong></span> 
     </span>
    </p>
   </div>
   <div class='ocr_carea' id='block_1_110' title="bbox 2224 5555 3845 5625">
    <p class='ocr_par' dir='ltr' id='par_1_110' title="bbox 2224 5555 3845 5625">
     <span class='ocr_line' id='line_1_113' title="bbox 2224 5555 3845 5625; baseline -0.004 -15"><span class='ocrx_word' id='word_1_850' title='bbox 2224 5572 2285 5611; x_wconf 92' lang='lat' dir='ltr'><strong>se</strong></span> <span class='ocrx_word' id='word_1_851' title='bbox 2300 5565 2506 5610; x_wconf 84' lang='lat' dir='ltr'><strong>castum</strong></span> <span class='ocrx_word' id='word_1_852' title='bbox 2524 5565 2579 5611; x_wconf 91' lang='lat' dir='ltr'><strong>et</strong></span> <span class='ocrx_word' id='word_1_853' title='bbox 2605 5556 2918 5625; x_wconf 88' lang='lat' dir='ltr'><strong>religiosum</strong></span> <span class='ocrx_word' id='word_1_854' title='bbox 2935 5555 3174 5610; x_wconf 80' lang='lat' dir='ltr'><strong>exterius</strong></span> <span class='ocrx_word' id='word_1_855' title='bbox 3200 5555 3542 5609; x_wconf 89' lang='lat' dir='ltr'><strong>demonstrat</strong></span> <span class='ocrx_word' id='word_1_856' title='bbox 3558 5557 3791 5608; x_wconf 81' lang='lat' dir='ltr'><strong>continu</strong></span> <span class='ocrx_word' id='word_1_857' title='bbox 3807 5573 3845 5604; x_wconf 79' lang='grc' dir='ltr'>ο</span> 
     </span>
    </p>
   </div>
   <div class='ocr_carea' id='block_1_111' title="bbox 2225 5626 3844 5697">
    <p class='ocr_par' dir='ltr' id='par_1_111' title="bbox 2225 5626 3844 5697">
     <span class='ocr_line' id='line_1_114' title="bbox 2225 5626 3844 5697; baseline -0.003 -16"><span class='ocrx_word' id='word_1_858' title='bbox 2225 5643 2406 5681; x_wconf 87' lang='lat' dir='ltr'><strong>coram</strong></span> <span class='ocrx_word' id='word_1_859' title='bbox 2439 5629 2549 5682; x_wconf 87' lang='lat' dir='ltr'><strong>Deo</strong></span> <span class='ocrx_word' id='word_1_860' title='bbox 2577 5641 2630 5683; x_wconf 87' lang='lat' dir='ltr'><strong>et</strong></span> <span class='ocrx_word' id='word_1_861' title='bbox 2655 5643 2783 5683; x_wconf 89' lang='lat' dir='ltr'><strong>vere</strong></span> <span class='ocrx_word' id='word_1_862' title='bbox 2805 5635 2983 5681; x_wconf 90' lang='lat' dir='ltr'><strong>castus</strong></span> <span class='ocrx_word' id='word_1_863' title='bbox 3014 5636 3067 5682; x_wconf 93' lang='lat' dir='ltr'><strong>et</strong></span> <span class='ocrx_word' id='word_1_864' title='bbox 3089 5628 3373 5697; x_wconf 83' lang='lat' dir='ltr'><strong>religiosus</strong></span> <span class='ocrx_word' id='word_1_865' title='bbox 3396 5633 3500 5690; x_wconf 86' lang='lat' dir='ltr'><strong>est,</strong></span> <span class='ocrx_word' id='word_1_866' title='bbox 3531 5626 3620 5678; x_wconf 87' lang='lat' dir='ltr'><strong>sed</strong></span> <span class='ocrx_word' id='word_1_867' title='bbox 3650 5626 3739 5690; x_wconf 82' lang='lat' dir='ltr'><strong>qui</strong></span> <span class='ocrx_word' id='word_1_868' title='bbox 3777 5628 3844 5676; x_wconf 76' lang='lat' dir='ltr'><strong>in</strong></span> 
     </span>
    </p>
   </div>
   <div class='ocr_carea' id='block_1_112' title="bbox 2226 5699 3814 5766">
    <p class='ocr_par' dir='ltr' id='par_1_112' title="bbox 2226 5699 3814 5766">
     <span class='ocr_line' id='line_1_115' title="bbox 2226 5699 3814 5766; baseline -0.003 -14"><span class='ocrx_word' id='word_1_869' title='bbox 2226 5699 2450 5764; x_wconf 86' lang='lat' dir='ltr'><strong>occulto,</strong></span> <span class='ocrx_word' id='word_1_870' title='bbox 2486 5700 2536 5754; x_wconf 93' lang='lat' dir='ltr'><strong>id</strong></span> <span class='ocrx_word' id='word_1_871' title='bbox 2561 5711 2662 5761; x_wconf 86' lang='lat' dir='ltr'><strong>cst,</strong></span> <span class='ocrx_word' id='word_1_872' title='bbox 2696 5699 2859 5752; x_wconf 87' lang='lat' dir='ltr'><strong>corde</strong></span> <span class='ocrx_word' id='word_1_873' title='bbox 2899 5713 2962 5751; x_wconf 89' lang='lat' dir='ltr'><strong>ac</strong></span> <span class='ocrx_word' id='word_1_874' title='bbox 3002 5708 3181 5753; x_wconf 90' lang='lat' dir='ltr'><strong>mente</strong></span> <span class='ocrx_word' id='word_1_875' title='bbox 3211 5713 3375 5766; x_wconf 92' lang='lat' dir='ltr'><strong>purus</strong></span> <span class='ocrx_word' id='word_1_876' title='bbox 3407 5707 3460 5750; x_wconf 87' lang='lat' dir='ltr'><strong>ct</strong></span> <span class='ocrx_word' id='word_1_877' title='bbox 3491 5705 3700 5766; x_wconf 67' lang='lat' dir='ltr'><strong>castus,</strong></span> <span class='ocrx_word' id='word_1_878' title='bbox 3734 5711 3814 5748; x_wconf 67' lang='lat' dir='ltr'><strong>ea</strong></span> 
     </span>
    </p>
   </div>
   <div class='ocr_carea' id='block_1_113' title="bbox 2216 5765 3844 5843">
    <p class='ocr_par' dir='ltr' id='par_1_113' title="bbox 2216 5765 3844 5843">
     <span class='ocr_line' id='line_1_116' title="bbox 2216 5765 3844 5843; baseline 0.001 -19"><span class='ocrx_word' id='word_1_879' title='bbox 2216 5773 2311 5843; x_wconf 88' lang='lat' dir='ltr'><strong>jus</strong></span> <span class='ocrx_word' id='word_1_880' title='bbox 2339 5773 2453 5826; x_wconf 88' lang='lat' dir='ltr'><strong>laus</strong></span> <span class='ocrx_word' id='word_1_881' title='bbox 2493 5787 2596 5826; x_wconf 86' lang='lat' dir='ltr'><strong>non</strong></span> <span class='ocrx_word' id='word_1_882' title='bbox 2623 5787 2684 5826; x_wconf 82' lang='lat' dir='ltr'><strong>ea:</strong></span> <span class='ocrx_word' id='word_1_883' title='bbox 2711 5769 3021 5837; x_wconf 84' lang='lat' dir='ltr'><strong>hominibus,</strong></span> <span class='ocrx_word' id='word_1_884' title='bbox 3059 5769 3150 5824; x_wconf 87' lang='lat' dir='ltr'><strong>sed</strong></span> <span class='ocrx_word' id='word_1_885' title='bbox 3181 5765 3244 5824; x_wconf 74' lang='lat' dir='ltr'><strong>ea:</strong></span> <span class='ocrx_word' id='word_1_886' title='bbox 3273 5767 3386 5824; x_wconf 90' lang='lat' dir='ltr'><strong>Deo</strong></span> <span class='ocrx_word' id='word_1_887' title='bbox 3415 5777 3491 5823; x_wconf 85' lang='lat' dir='ltr'><strong>est</strong></span> <span class='ocrx_word' id='word_1_888' title='bbox 3522 5765 3704 5840; x_wconf 77' lang='lat' dir='ltr'><strong>(Rom.</strong></span> <span class='ocrx_word' id='word_1_889' title='bbox 3735 5765 3844 5840; x_wconf 81' lang='grc' dir='ltr'><strong><em>ιι).</em></strong></span> 
     </span>
    </p>
   </div>
  </div>
