4092 6322
251 235 386 296 1217

273 341 3166 374 _———————————‘——_—'__—-_—.‘

1033 226 1381 285 COLLATIO
1423 223 1588 282 XXII.
1613 253 1686 269 --
1714 223 1804 280 DE
1845 221 2234 281 NOCTURNIS
2273 191 2779 281 ILLUSIONIBUS.

3389 221 3531 280 1218

3167 343 3528 363 ῃ

636 452 1415 566 COLLATIO
1491 446 1832 557 VlGl

1931 446 2276 554 ἶΙΜΑ
2348 445 3132 569 SECUNDA.

1276 637 1434 714 Qua)
1457 640 1553 698 est
1589 632 1873 698 secunda
1900 633 2154 698 abbatis
2185 635 2490 698 Theonte.

1389 757 1468 813 DE
1501 757 1862 812 NOCTURNIS
1895 754 2368 807 ILLUSIONIBUS.

1377 903 1486 917 ὐ-

760 1005 987 1066 CAPUT
1028 1003 1305 1068 renutu,

373 1104 503 1160 Post
530 1101 647 1157 dies
675 1101 846 1156 ferme
872 1106 1104 1168 septem,
1131 1097 1604 1165 Quinquagesimae
1630 1091 1829 1147 solem-

243 1197 416 1252 nitate
453 1202 761 1258 transacta,
795 1206 918 1248 cum
956 1191 1011 1246 in
1055 1191 1174 1259 ipso
1219 1188 1392 1244 noctis
1431 1185 1620 1251 initio,
1664 1185 1718 1240 id
1749 1193 1833 1240 est

243 1298 368 1359 post
399 1287 628 1359 synaxin
676 1284 1038 1354 vespertinam
1066 1323 1082 1349 ,
1133 1281 1417 1352 promissa:
1453 1277 1832 1349 disputationis

237 1381 652 1452 exspectatione
680 1375 1134 1448 suspensi,sancti
1159 1373 1394 1429 Tbeonae
1421 1371 1675 1428 cellulam
1700 1369 1832 1424 luis-

235 1490 422 1532 semus
452 1473 708 1545 ingressi,
740 1472 922 1527 alacer
959 1483 1126 1524 senex
1167 1467 1326 1521 hilari
1355 1464 1506 1520 vultu
1537 1477 1602 1518 ac
1631 1461 1833 1518 blando

241 1581 345 1622 nos
371 1567 516 1638 prior
546 1579 798 1621 sermone
828 1562 1166 1632 compellans
1193 1579 1204 1613 :
1236 1557 1490 1625 Mirabar,
1522 1555 1714 1628 inquit,
1746 1571 1835 1611 ar-

236 1660 627 1717 dentissimum
659 1658 894 1715 studium
916 1666 1156 1713 vestrum
1186 1653 1271 1710 bis
1301 1663 1506 1724 septem
1527 1652 1718 1708 diebus
1741 1650 1834 1705 ab-

234 1755 568 1809 solutionem
595 1754 887 1823 propositae
917 1747 1234 1820 quaestionis
1259 1747 1497 1817 potuisse
1517 1743 1756 1808 differre,
1781 1751 1837 1798 et

234 1845 480 1901 debitori
511 1859 609 1900 suo
638 1843 910 1914 praecipue
940 1855 1047 1896 non
1088 1839 1322 1912 roganti,
1355 1838 1671 1895 dilationem
1701 1834 1836 1891 tanti

234 1939 504 2008 temporis
545 1937 887 2008 praestitisse.
941 1933 1314 1990 Justissimum
1365 1930 1594 2002 proinde
1639 1937 1743 1994 est,
1777 1935 1836 1982 ut

231 2031 364 2101 quia
395 2031 539 2086 ultro
573 2030 708 2085 mihi
751 2029 1054 2100 benignitas
1107 2036 1285 2083 vestra
1332 2034 1438 2080 tam
1472 2025 1649 2094 largas
1697 2036 1833 2078 con-

233 2123 410 2177 cessit
436 2121 703 2186 inducias,
738 2135 841 2191 ego
871 2134 1087 2190 quoque
1117 2132 1323 2173 moram
1355 2116 1410 2172 in
1455 2115 1624 2172 debiti
1654 2112 1836 2170 reddi-
1904 2147 1911 2158 ι

232 2212 388 2267 tione
429 2227 534 2268 non
582 2211 799 2268 faciam.
845 2211 1008 2268 Grata
1039 2225 1270 2282 namque
1313 2220 1395 2264 est
1431 2209 1592 2279 hujus
1633 2207 1837 2263 fenoris

233 2306 555 2376 occupatio,
589 2322 708 2376 qua:
737 2306 942 2375 majora
971 2305 1099 2360 dum
1129 2305 1356 2360 solvitur
1389 2310 1675 2374 augmenta
1705 2315 1834 2356 con-

1854 1004 1914 1064 Α
1944 962 1947 965 .

2559 995 2787 1054 CAPUT
2825 996 2890 1053 ll.

1937 1085 2194 1157 Repetitio
2223 1087 2500 1164 proposita
2526 1088 2948 1164 interrogationis
2972 1107 3065 1145 cur
3091 1094 3341 1164 majorem
3370 1093 3528 1149 absti-

2093 1161 2322 1214 nentiam
2350 1159 2518 1228 major
2543 1159 2800 1237 interdum
2825 1165 2999 1218 carnis
3029 1159 3353 1237 inspu'gnatio

2551 1231 2916 1302 subsequatur.

2006 1367 2035 1408 δ
2067 1369 2180 1424 Hoc
2208 1367 2374 1434 enim,
2409 1369 2463 1423 ni
2493 1367 2676 1437 fallor,
2706 1370 2983 1439 inquisitio
3011 1382 3191 1429 vestra
3229 1373 3514 1443 complexa

1934 1473 2041 1529 est,
2073 1479 2173 1518 cur
2201 1462 2472 1518 interdum
2530 1465 2810 1520 remissius
2851 1467 3178 1536 jejunantes,
3223 1468 3517 1523 levioribus

1935 1557 2117 1613 carnis
2151 1557 2312 1627 hujus
2338 1557 2545 1612 aculeis
2575 1558 2878 1625 titillemur,
2908 1568 2962 1615 et
2985 1575 3389 1631 nonnumquam
3421 1561 3530 1616 dis-

1937 1651 2153 1706 trictius
2196 1651 2555 1719 abstinentes,
2613 1651 2816 1708 afllicto
2845 1653 3222 1726 exhaustoque
3271 1670 3527 1726 corpore,

1937 1744 2228 1800 incentivis
2278 1745 2583 1801 acrioribus
2625 1762 2938 1816 urgeamur,
2972 1748 3042 1803 ita
3073 1760 3132 1803 ut
3176 1749 3530 1818 quemadmo-

1937 1838 2066 1893 dum
2099 1837 2354 1909 patefecit
2384 1847 2562 1894 vestra
2599 1839 2898 1907 confessio,
2947 1842 3311 1913 expergefacti
3365 1857 3528 1914 repe-

1938 1932 2144 1988 riamus
2215 1949 2314 1989 nos
2371 1933 2662 1990 humorum
2719 1935 3050 1991 naturalium
3105 1937 3386 2008 egestione
3437 1950 3528 1992 re-

1938 2041 2182 2098 spersos.

2541 2118 2769 2176 CAPUT
2813 2119 2901 2178 Ill.

2047 2211 2133 2266 Ea:
2159 2211 2320 2265 trt‘bus
2350 2211 2522 2265 causis
2555 2211 2846 2281 corporalis
2874 2212 3092 2283 pollutio
3129 2214 3416 2284 provenire.

2014 2303 2183 2374 riujus
2219 2315 2241 2343 ο
2271 2319 2403 2376 ergo
2430 2304 2851 2360 infestiuationis
2873 2305 3137 2376 triplicem
3159 2323 3378 2364 causam
3404 2324 3531 2364 nos—

231 2399 445 2471 quirit;
495 2407 550 2454 et
603 2414 709 2453 non
766 2397 945 2453 solum
990 2397 1387 2468 percipientem
1436 2395 1592 2462 ditat,
1640 2409 1829 2450 verum
1860 2396 2004 2462 Btri
2034 2395 2320 2467 prodidere
2371 2401 2626 2467 majores,
2666 2414 2787 2469 quae
2831 2399 3050 2453 modum
3083 2399 3346 2470 temporis
3399 2415 3531 2456 con-

235 2495 406 2550 etiam
442 2493 574 2548 nihil
607 2493 800 2548 minuit
829 2492 1100 2563 largienti.
1134 2491 1389 2561 Duplices
1411 2488 1681 2560 siquidem
1698 2505 1830 2545 con-

1936 2490 2114 2546 stituti
2144 2491 2539 2561 intempestivis
2587 2493 2838 2562 irrumpa.
2873 2492 3215 2548 excessibus.
3246 2495 3353 2547 Aut
3383 2494 3530 2549 enim

233 2598 432 2658 gregat
473 2595 716 2656 quaestus
759 2600 940 2640 rerum
979 2583 1304 2655 spiritalium
1335 2583 1697 2654 dispensator.
1730 2581 1839 2638 Lu-
1939 2584 2214 2654 superllua
2245 2598 2492 2639 escarum
2526 2584 2805 2640 nimietate
2847 2584 3182 2655 congeritur,
3212 2596 3303 2640 aut
3327 2600 3425 2656 per
3450 2584 3533 2639 in-

231 2695 392 2734 crum
424 2679 569 2733 enim
601 2694 706 2733 non
739 2678 914 2732 solum
962 2677 1015 2731 in
1065 2675 1209 2732 illius
1239 2677 1330 2746 qui
1379 2675 1530 2730 audit
1564 2674 1834 2746 profectu,

233 2757 434 2827 verum
466 2770 628 2827 etiam
661 2771 714 2825 in
747 2784 845 2825 sua
891 2769 1258 2840 disputatione
1307 2768 1680 2839 consequitur,
1727 2783 1836 2825 non

228 2865 420 2920 minus
467 2863 820 2934 semetipsum
875 2862 943 2918 ad
996 2862 1325 2918 desiderium
1362 2859 1715 2932 perfectionis
1747 2875 1837 2916 ac-

230 2961 500 3023 cendens,
535 2957 661 3012 dum
697 2955 920 3011 instruit
948 2955 1276 3010 auditorem.
1321 2953 1686 3022 Quamobrem
1715 2968 1834 3009 ves-

229 3057 312 3106 ter
345 3048 530 3113 ardor,
563 3062 720 3103 meus
762 3046 1043 3117 profectus
1093 3055 1212 3112 est;
1257 3055 1442 3101 vestra
1493 3044 1830 3111 sollicitudo,

227 3157 354 3198 mea
384 3139 730 3210 compunctio
753 3148 858 3194 est.
889 3136 1026 3193 Nam
1053 3137 1240 3208 utique
1268 3146 1324 3193 et
1342 3139 1458 3207 ipse
1480 3152 1623 3192 nunc
1648 3146 1832 3194 mente

231 3243 516 3305 torperem
542 3275 558 3300 ,
589 3232 832 3302 nihilque
861 3231 915 3285 in
948 3244 1071 3285 meo
1096 3229 1264 3284 corde
1292 3228 1361 3284 de
1392 3228 1480 3284 bis
1507 3244 1627 3299 qua;
1657 3243 1832 3298 expe-

229 3329 372 3395 titis,
405 3334 816 3397 pertractarem,
857 3323 962 3378 nisi
990 3337 1077 3376 me
1105 3330 1288 3376 vester
1324 3321 1508 3377 fervor
1549 3330 1709 3391 atque
1739 3335 1834 3375 ex-

229 3420 508 3493 spectatio
541 3419 608 3475 ad
639 3433 821 3474 rerum
850 3415 1169 3486 spiritalium
1191 3413 1624 3470 recordationem
1662 3412 1836 3467 susci-

232 3520 378 3568 taret
407 3509 804 3582 quodammodo
835 3507 1246 3563 dormitantem.
1279 3506 1346 3561 Et
1396 3505 1599 3561 idcirco
1649 3504 1833 3576 profe-

229 3616 390 3660 ratur
440 3605 492 3660 in
540 3603 778 3660 medium
802 3602 1055 3673 quaestio,
1083 3601 1132 3656 si
1173 3599 1405 3667 videtur,
1438 3599 1592 3668 cujus
1625 3598 1834 3670 pridem

231 3717 334 3772 pro
379 3700 630 3770 angustia
682 3697 941 3760 temporis
991 3695 1384 3753 absolutionem
1433 3694 1836 3765 procrastinare

231 3793 543 3848 maluimus.

1936 2676 2140 2731 curiam
2169 2677 2367 2730 mentis
2395 2675 2648 2744 elabitur,
2675 2685 2767 2731 aut
2799 2677 3000 2731 inimici
3025 2676 3302 2732 illudentis
3323 2677 3533 2734 insidiis

1936 2779 2287 2841 provocatur.
2341 2769 2580 2826 Primum
2632 2771 2793 2842 igitur
2840 2771 3254 2841 gastrimargizn,
3315 2769 3372 2826 id
3423 2778 3527 2836 est,

1936 2864 2251 2919 voracitatis
2275 2862 2359 2918 vel
2381 2862 2520 2933 gulae
2549 2861 2760 2928 vitium,
2794 2861 2934 2917 hanc
2965 2861 3388 2917 redundantiam
3435 2860 3534 2916 ob-

1937 2957 2090 3012 sceni
2146 2955 2394 3010 humoris
2442 2953 2705 3010 extrudit.
2739 2952 2874 3008 Nam
2919 2962 2974 3009 et
3021 2969 3142 3009 cum
3185 2953 3534 3009 districtioris

1939 3047 2282 3104 abstinentia
2311 3056 2559 3118 tempore
2586 3056 2787 3104 statum
2822 3047 3019 3118 polluit
3059 3048 3331 3118 puritatis,
3359 3047 3388 3086 ιι
3420 3065 3531 3104 non

1938 3140 2007 3196 de
2029 3141 2310 3210 praesenti,
2333 3149 2394 3196 ut
2416 3141 2640 3211 putatis,
2658 3140 2862 3209 inedia,
2881 3139 2978 3196 sed
3001 3140 3069 3196 de
3096 3142 3376 3198 nimietate
3399 3157 3536 3212 prae-

1943 3235 2120 3288 terita:
2146 3233 2442 3288 saturitatis
2470 3232 2788 3288 effunditur.
2824 3232 2980 3300 Quod
3010 3235 3152 3288 enim
3186 3249 3282 3304 per
3314 3234 3531 3290 voraci-

1939 3325 2067 3378 tatis
2118 3323 2406 3393 ingluviem
2437 3332 2749 3378 concretum
2784 3323 2962 3378 fuerat
3003 3323 3056 3378 in
3105 3325 3381 3392 medullis,
3437 3341 3533 3381 ne-

1937 3430 2092 3472 cesse
2119 3426 2202 3472 est
2231 3425 2289 3472 ut
2313 3431 2409 3485 per
2429 3419 2717 3485 prurltum,
2741 3424 2995 3470 autcerte
3025 3432 3120 3486 per
3141 3418 3529 3486 ignorantiam,

1939 3511 2186 3580 quamvis
2215 3524 2408 3580 magno
2441 3508 2648 3579 jejunio
2679 3508 2935 3564 tabelacti
2964 3509 3212 3578 corporis
3257 3523 3531 3580 egeratur.

1938 3602 2300 3672 Quamobrem
2332 3617 2438 3657 non
2477 3603 2650 3656 solum
2690 3601 3008 3656 lautioribus
3037 3603 3212 3670 epulis
3242 3604 3526 3660 abstinen-

1940 3695 2090 3762 dum,
2125 3696 2219 3752 sed
2265 3696 2428 3752 etiam
2460 3712 2488 3750 a
2520 3695 2801 3751 vilioribus
2845 3696 2987 3751 cibis
3016 3697 3210 3767 aequali
3241 3708 3324 3753 est
3357 3700 3532 3756 conti-

1864 3783 1912 3846 C
1945 3791 2127 3847 nentia
2174 3789 2614 3862 temperandum:
2647 3789 2813 3845 immo
2862 3788 3034 3860 ipsius
3079 3791 3241 3846 etiam
3288 3793 3449 3864 panis
3480 3802 3534 3850 et

1298 3921 1553 3978 AFARDI
1592 3923 1823 3980 GAZIEI
1861 3922 2432 3986 COMMENTARIUS.

301 4057 330 4084 ι
364 4044 638 4100 Credibile
683 4051 767 4099 est
806 4057 895 4113 pet
932 4041 1032 4096 hos
1063 4040 1179 4113 dies
1204 4039 1521 4113 Cassianum
1571 4057 1690 4096 cum
1723 4057 1824 4098 suo

231 4117 514 4174 Germano
540 4117 606 4170 de
638 4115 718 4168 his
770 4112 890 4184 quas
945 4112 1227 4181 superiore
1277 4112 1567 4166 collatione
1599 4122 1824 4168 tractata

230 4201 284 4244 et
308 4191 584 4257 disputata
609 4186 838 4250 fuerant,
869 4184 1125 4257 privatim,
1146 4197 1296 4237 more
1321 4199 1420 4238 suo
1450 4184 1590 4237 inter
1615 4200 1674 4257 se
1694 4200 1824 4239 con-

232 4253 450 4322 tulisse,
499 4273 670 4326 eaque
711 4253 988 4311 memeriie
1032 4253 1345 4323 diligentius
1388 4256 1821 4321 commendasse,

231 4343 326 4386 aut
383 4336 541 4384 etiam
586 4325 919 4397 scriptorum
971 4326 1318 4380 monimentis
1363 4325 1426 4378 ad
1481 4336 1822 4394 posterorum

230 4402 597 4458 eruditionem
627 4409 681 4454 et
708 4397 1144 4458 mdillcationem,
1184 4405 1242 4449 ut
1266 4407 1484 4460 cratera,
1517 4398 1820 4452 tradidisse.

302 4475 329 4512 δ
371 4473 483 4526 Hoc
503 4481 609 4537 est,
632 4469 778 4539 quod
807 4471 1053 4535 Superius
1073 4466 1289 4536 (Collat.
1326 4466 1412 4532 18,
1441 4485 1552 4533 cap.
1590 4469 1680 4537 51)
1703 4469 1825 4522 aliis

229 4545 422 4600 verbis
464 4543 618 4611 dixit,
653 4558 744 4593 nos
771 4539 1057 4607 corporalis
1086 4539 1264 4594 veneni
1318 4541 1609 4610 contagium
1654 4550 1827 4611 pertu-

231 4615 379 4678 lisse,
412 4615 462 4668 id
489 4625 590 4679 est,
629 4613 859 4680 pollutos
889 4627 1028 4665 esse.

304 4698 328 4726 ε
376 4686 452 4739 De
481 4687 658 4740 causis
687 4680 1000 4752 pollutionis
1041 4691 1324 4735 nocturna:
1348 4690 1401 4735 et
1422 4683 1826 4750 involuntarim,

229 4775 356 4830 quae
385 4757 518 4811 alias
547 4755 723 4830 illusio
747 4753 954 4807 dicatur
977 4753 1066 4822 (de
1092 4753 1190 4806 hac
1219 4755 1362 4806 enim
1386 4753 1472 4830 hic
1495 4756 1687 4830 agitur,
1721 4771 1827 4830 non

228 4825 296 4884 de
328 4829 635 4882 voluntaria
679 4835 770 4879 aut
802 4834 1107 4893 procurata,
1151 4838 1273 4892 quae
1324 4825 1578 4881 mollities
1607 4828 1690 4881 vel
1726 4827 1829 4882 im.

230 4901 502 4954 munditia
530 4898 854 4969 appellatur,
907 4909 940 4969 ag
968 4911 1088 4969 qua
1146 4895 1248 4969 viri
1269 4897 1449 4969 sancti
1488 4906 1542 4954 et
1589 4899 1826 4967 religiosi

230 4965 785 5042 longissime'rabsuut
812 4977 865 5020 et
889 4965 1238 5042 abhorrent),
1268 4965 1336 5019 ita
1361 4967 1600 5042 Joannes
1633 4965 1830 5023 Clima-

228 5037 529 5109 cus‘gradu
560 5039 769 5094 decimo
811 5037 1017 5107 quinto,
1053 5051 1204 5089 suam
1250 5047 1304 5090 et
1352 5039 1578 5091 aliorum
1609 5050 1830 5094 senten-

229 5123 362 5166 ῑιτιιιι
407 5120 802 5167 commemorat
833 5124 853 5162 :
881 5109 1016 5162 Sunt
1047 5109 1279 5161 nonnulli
1325 5109 1414 5178 qui
1459 5109 1570 5161 sola
1599 5112 1830 5164 ciborum

229 5201 392 5238 causa
447 5182 746 5256 Itujusntodi
795 5179 1238 5256 bella_adve3'sutit
1284 5195 1374 5232 nos
1425 5181 1640 5233 excitari
1678 5193 1831 5251 atque

228 5257 440 5307 obsceni
474 5251 705 5306 humoris
731 5251 1187 5322 proﬂuvium/ﬁeri
1229 5259 1410 5318 putant
1452 5262 1601 5320 atque
1630 5269 1831 5307 asseve-

223 5335 348 5379 rant
375 5342 393 5379 :
415 5343 508 5396 ego
557 5321 737 5378 autent
770 5335 1000 5396 extrema
1038 5321 1647 5396 fatigatoshtzgritudine
1684 5335 1730 5377 et
1761 5325 1830 5378 ad

229 5392 496 5450 summum
518 5398 812 5466 iejunantes
836 5394 1000 5466 valide
1029 5392 1326 5462 hujusmodi
1349 5392 1621 5461 aspergine
1643 5396 1829 5464 foedari

229 5416 496 5450 summum
543 5416 812 5466 εμιηαηιεδ
836 5416 1000 5448 vanae
1029 5416 1326 5462 IHJJIIHMUUI
1349 5416 1621 5461 aspergine
1643 5416 1828 5464 [waart

229 5470 474 5539 cognovi.
508 5416 830 5538 interrogavi
864 5463 1146 5539 aliquando
1187 5467 1602 5539 peraptissintum
1651 5485 1828 5535 quent-

225 5537 360 5594 dam
400 5551 447 5594 et
499 5537 823 5592 discretionis
851 5538 1299 5610 gratiauo‘rnatum
1344 5537 1668 5610 monachum,
1702 5541 1828 5610 quid

228 5617 296 5665 de
328 5612 410 5664 his
442 5611 766 5666 sentiendum
795 5605 943 5670 esset,
968 5605 1192 5675 mihique
1213 5608 1490 5660 admodum
1523 5609 1693 5663 lucide
1714 5605 1830 5665 bea-

228 5691 319 5754 tus
351 5682 441 5736 ille
461 5681 773 5754 respondit:
803 5677 912 5754 list,
944 5677 1127 5747 inquit,
1160 5679 1366 5754 quidem
1391 5678 1444 5731 in
1466 5683 1659 5754 somnis
1680 5699 1830 5754 quec-

226 5752 362 5822 dam
405 5749 616 5812 seminis
649 5751 878 5824 emissio,
922 5764 1038 5826 quis
1065 5764 1128 5808 ex
1157 5749 1390 5809 ciborum
1426 5749 1754 5812 multitudine
1777 5763 1831 5818 st

1930 4044 2104 4112 requie
2125 4052 2198 4096 est
2218 4059 2236 4106 ,°
2259 4052 2306 4096 et
2333 4043 2439 4096 alia
2465 4057 2582 4104 qua:
2603 4059 2667 4096 ex
2695 4043 2940 4112 superbia
2967 4046 3219 4114 contingit
3243 4061 3262 4099 :
3283 4061 3400 4100 cum
3426 4048 3532 4100 sci-

1930 4115 2047 4168 licet
2097 4115 2290 4167 diutius
2315 4114 2496 4187 mundi
2543 4131 2575 4167 a
2616 4115 2756 4181 {teda
2781 4114 2898 4187 rltac
2931 4117 3534 4187 repersioneperstiteri-

1928 4203 2063 4250 mus,
2096 4194 2144 4239 et
2196 4202 2286 4257 per
2336 4185 2431 4238 hoc
2474 4186 2528 4257 in
2580 4186 2875 4257 superbiam
2905 4185 3185 4252 elferimur.
3223 4185 3311 4241 Fit
3349 4207 3532 4244 rursus

1931 4256 2230 4331 plerumque
2260 4273 2374 4310 cum
2389 4256 2694 4331 judicamus
2721 4267 2872 4326 atque
2903 4261 3307 4331 condemnamus
3349 4261 3534 4331 proxi-

1929 4345 2090 4382 mum.
2134 4328 2359 4393 Horum,
2393 4329 2582 4397 inquit,
2615 4345 2856 4396 generant
2898 4328 3003 4382 duo
3043 4328 3532 4399 contingere'etiam

1929 4399 2148 4466 inﬁrmis
2170 4409 2404 4475 possunt,
2433 4401 2670 4475 fortassis
2703 4409 2751 4451 et
2769 4399 3174 4475 ΔοηιηὶαηΡονιὊ
3195 4402 3240 4456 si
3261 4403 3374 4469 quis
3395 4405 3532 4475 seip-

1928 4487 2043 4525 sum
2073 4470 2336 4540 prtedictis
2377 4470 2609 4542 omnibus
2637 4471 2803 4524 causis
2832 4471 3081 4525 mundum
3118 4489 3225 4526 esse
3254 4470 3527 4542 conspicit,

1931 4545 2015 4594 hic
2033 4557 2094 4594 ex
2118 4543 2274 4612 hujus
2298 4541 2441 4612 modi
2465 4543 2836 4610 tranquillitate
2862 4543 3041 4612 beatus
3073 4554 3167 4598 est.
3199 4544 3299 4608 Qui
3329 4541 3445 4598 vero
3467 4563 3532 4600 ea:

1931 4611 2224 4686 daemonum
2263 4611 2464 4686 invidia
2496 4613 2550 4664 id
2592 4614 2820 4686 patitur,
2854 4611 2963 4665 Deo
2994 4613 3050 4666 id
3082 4615 3197 4681 ﬁeri
3235 4616 3304 4668 ad
3327 4623 3530 4686 tempus

1931 4684 2276 4754 permittente,
2302 4683 2360 4750 ﬁt
2389 4693 2441 4735 ut
2472 4700 2560 4752 per
2581 4683 2715 4737 hanc
2739 4685 3110 4749 calamitatem,
3141 4703 3256 4749 qua:
3276 4689 3385 4741 sine
3413 4683 3528 4754 pec-

1931 4764 2047 4808 cato
2068 4765 2162 4818 est,
2191 4755 2496 4808 altissimam
2541 4764 2650 4808 tuto
2691 4756 2948 4825 possideat
3001 4755 3362 4810 humilitatem.
3401 4761 3525 4812 llac

1932 4827 2040 4901 ille.
2069 4826 2234 4901 Paulo
2257 4827 2414 4901 aliter
2442 4827 2502 4878 D.
2537 4826 2829 4901 Gregorius
2872 4829 2922 4880 in
2958 4825 3334 4901 Responsione
3372 4827 3525 4901 (Cap.

1934 4898 2023 4966 11)
2067 4898 2133 4952 ad
2177 4898 2532 4966 Augustinum
2578 4899 2871 4968 Anglorum
2902 4897 3260 4965 episc0pum:
3300 4897 3522 4965 ln'ha'r,

1930 4969 2398 5039 inquit,illusione,
2427 4970 2576 5021 valde
2604 4970 2895 5022 necessaria
2926 4970 3192 5034 discretio,
3220 4972 3344 5039 quia
3373 4971 3521 5026 valde

1931 5041 2184 5094 subtiliter
2230 5041 2433 5105 pensari
2464 5040 2632 5107 debet,
2668 5057 2732 5094 ex
2758 5058 2859 5109 qua
2890 5057 2943 5094 re
2971 5039 3179 5092 accidat
3213 5042 3373 5095 menti
3400 5044 3519 5096 dor-

1932 5112 2156 5165 mientis.
2193 5111 2484 5177 Aliquando
2507 5113 2642 5164 enim
2673 5129 2737 5166 ea:
2765 5113 3006 5180 crapula,
3031 5112 3314 5181 aliquando
3343 5130 3407 5166 ea:
3437 5131 3528 5166 na-

1934 5191 2066 5236 tura:
2091 5184 2455 5256 superﬂuitate
2486 5184 2562 5256 vel
2586 5183 2887 5252 inﬁrmitate
2907 5223 2922 5247 ,
2955 5181 3242 5250 aliquando
3290 5199 3355 5238 ex
3397 5187 3528 5256 cogi-

1932 5257 2128 5308 tatione
2178 5255 2456 5324 contingit.
2508 5254 2569 5308 Et
2617 5270 2740 5324 quae
2794 5264 3094 5324 sequuntur
3129 5256 3353 5312 inferius
3388 5254 3522 5310 reci-

1858 5349 1910 5408 D
1938 5325 2120 5408 lauda.
2156 5323 2235 5408 llln
2290 5323 2426 5408 Vitis
2484 5323 2881 5408 Patrhuindiazc'
2917 5334 3176 5408 praeterea
3232 5327 3525 5408 leguntur:

1939 5395 2086 5449 Dixit
2115 5397 2273 5450 abbas
2305 5395 2512 5466 Moyses
2537 5413 2556 5450 :
2587 5395 2691 5450 Per
2711 5395 2804 5450 has
2840 5406 3070 5465 quatuor
3097 5413 3177 5452 res
3222 5396 3528 5466 pollutionis

1944 5469 2114 5536 passio
2135 5468 2400 5540 gignitur:
2424 5484 2513 5536 per
2532 5469 2907 5521 abundantiam
2923 5483 3048 5520 esca:
3059 5479 3106 5521 et
3121 5479 3293 5539 potus,
3309 5477 3357 5521 et
3379 5471 3528 5522 satie-

1939 5549 2095 5592 tatem
2138 5539 2334 5604 somni;
2378 5556 2466 5608 per
2495 5541 2656 5592 otium
2695 5549 2742 5594 et
2778 5541 2970 5608 iocum,
2995 5549 3042 5592 et
3071 5542 3265 5594 ornatis
3305 5539 3527 5595 vestibus

1937 5611 2240 5680 incedendo.
2277 5611 2403 5664 Haec
2426 5611 2494 5664 de
2523 5612 2701 5665 causis
2733 5611 3048 5680 pollutionis
3079 5621 3380 5666 nocturnae.

2010 5678 2038 5719 ά
2077 5683 2298 5737 Similes
2329 5683 2612 5736 sententiae
2658 5678 2797 5752 apud
2848 5681 3165 5752 Cassianum
3192 5683 3230 5738 l.
3255 5699 3286 5739 v
3310 5683 3444 5743 Inst.
3469 5697 3525 5744 c.

1936 5753 1993 5832 9,
2023 5761 2079 5813 et
2098 5754 2196 5812 lib.
2219 5767 2273 5812 vr
2301 5766 2352 5810 c.
2385 5753 2449 5810 11
2484 5763 2542 5813 et
2568 5757 2661 5827 23,
2687 5751 2743 5814 et
2769 5755 2954 5813 collat.
2988 5751 3057 5810 12
3083 5768 3202 5830 cap.
3229 5755 3264 5814 7
