4092 6322
632 255 773 316 ωε)
1685 253 1963 316 JOANNIS
1998 257 2308 318 CASSIANI
2343 259 2831 324 COLLATIONES.
3750 266 3908 335 ΒΜ

628 390 784 448 aqua:
813 374 1031 431 satietas
1075 383 1162 431 est
1204 373 1461 441 cavenda,
1505 381 1563 428 ut
1607 375 1777 444 possit
1809 375 1900 430 diu
1951 376 2005 431 in
2050 377 2204 432 nobis
2232 384 2280 441 Α
2309 381 2592 448 spiritalis,
2626 383 2843 438 obsceni
2873 382 3160 440 eliciantur
3216 385 3494 456 humores,
3521 389 3616 458 qui
3644 407 3753 446 non
3786 403 3903 450 tam

628 470 891 540 acquisita
918 469 1164 539 corporis
1193 469 1398 538 puritas
1426 483 1768 537 permanere,
1800 477 1960 539 atque
2003 471 2204 527 imitari
2308 471 2565 530 inanitate
2593 477 2774 530 carnis
2802 491 2958 545 quam
2992 480 3186 532 mentis
3205 479 3695 550 circuntSpectione
3725 493 3902 555 atque

627 562 1026 634 quodammodo
1057 563 1432 616 intemeratum
1461 562 1684 631 spiritus
1705 563 2044 630 castitatem;
2079 563 2205 620 licet

625 673 726 713 nos
745 671 970 712 necesse
994 657 1067 710 sit
1089 655 1358 719 conﬁteri,
1390 655 1656 711 interdum
1676 657 1838 713 etiam
1865 658 2068 729 absque
2093 659 2204 716 ulla

623 751 822 806 mentis
853 749 1135 814 industria,
1170 749 1260 809 ,vel
1290 764 1384 819 per
1402 750 1712 819 temperiem
1745 766 2030 822 corporum
2055 795 2069 820 ,
2116 753 2202 810 vel

621 862 717 916 per
729 847 900 901 :rtatis
914 846 1298 910 maturitatem,
1318 846 1575 916 quosdam
1607 847 1783 901 rarius
1800 847 2086 915 sordidari,
2118 848 2201 903 vel

618 951 770 993 certe
793 940 968 994 ﬂuxus
999 939 1154 993 istius
1175 940 1454 1008 egestione
1484 954 1591 992 non
1627 939 1811 1007 pollui.
1833 938 1938 994 Sed
1979 939 2200 994 alterius

619 1030 793 1086 meriti
809 1042 914 1096 est,
929 1031 1018 1102 qui
1040 1045 1223 1101 pacem
1238 1031 1397 1087 inerti
1417 1030 1668 1086 felicitate
1682 1031 1927 1104 [Dionys.
1943 1033 2202 1088 securita-

619 1131 702 1187 te;
737 1121 882 1191 Lips.
899 1124 954 1180 in
978 1140 1144 1195 marg.
1161 1121 1436 1196 facilitate]
1466 1124 1841 1192 consequitur,
1865 1124 2086 1179 alterius
2106 1124 2198 1194 qui

617 1215 946 1284 triumphum
997 1215 1250 1286 gloriosis
1282 1215 1573 1271 virtutibus
1613 1226 1992 1284 promeretur:
2027 1217 2196 1285 Hujus

613 1307 1012 1378 enintpotentia
1041 1309 1296 1363 vitiorum
1326 1309 2069 1379 omniumdebellatrixdigna
2097 1312 2198 1366 mi-

611 1401 914 1457 raculoest:
934 1401 1085 1458 illum
1099 1419 1258 1473 quem
1277 1403 1498 1458 facultas
1512 1401 1636 1457 boni
1659 1402 1715 1456 in
1737 1417 1830 1456 sua
1849 1405 2194 1473 tueturigna-

612 1494 719 1561 via,
740 1504 766 1531 ιι
787 1495 1117 1552 censendum
1148 1495 1316 1565 magis
1340 1494 1575 1550 dixerim
1599 1495 1888 1549 securitate
1901 1509 2058 1564 quam
2081 1496 2196 1550 lau-

608 1588 694 1643 de.
709 1586 996 1646 hSecunda
1020 1589 1370 1660 impuriillius
1391 1588 1638 1658 profluvii
1659 1603 1823 1643 causa
1847 1598 1949 1655 est,
1971 1590 2017 1644 si
2040 1604 2194 1646 mens

605 1683 978 1752 spiritualibus
1015 1683 1214 1739 studiis
1245 1691 1406 1752 atque
1455 1683 1736 1738 exercitiis
1777 1693 2005 1738 vacuata
2032 1724 2046 1747 ,
2089 1698 2190 1738 nec

2307 565 2504 620 virtute
2529 567 2572 619 si
2605 566 2816 636 penitus
2849 569 3076 624 inhiberi
3100 584 3392 640 nequeunt,
3424 575 3617 628 saltem
3640 576 3707 629 ad
3740 577 3898 632 illam

2304 659 2598 726 egestionis
2635 661 2938 736 simplicem
2987 662 3328 732 qualitatem,
3381 665 3677 720 auxiliante
3717 670 3897 736 gratia

2305 749 2423 818 Dci,
2458 750 2846 818 perducuntur.
2879 753 3112 822 Ideoque
3142 755 3194 809 in
3235 756 3423 825 primis
3455 757 3737 814 discursus
3766 769 3897 816 sunt

2303 857 2554 898 sensuum
2583 844 2893 911 coercendi,
2925 861 2990 900 ne
3025 862 3176 901 mens
3209 849 3324 903 istis
3360 851 3676 905 excessibus
3702 867 3894 908 assue-

2301 932 2478 999 facta,
2533 935 2599 989 ad
2650 935 2878 990 foediora
2929 938 3276 994 incitamenta
3329 941 3556 997 luxuria:
3608 945 3893 1000 somnians

2301 1030 2667 1099 pertraltatur.
2699 1029 2874 1085 Tertia
2918 1046 3078 1086 causa
3119 1042 3223 1101 est,
3272 1049 3395 1089 eum
3453 1051 3546 1105 per
3581 1037 3889 1094 ordinatam

2297 1122 2516 1191 quidem
2556 1133 2719 1191 atque
2775 1124 3059 1180 sollicitam
3117 1128 3463 1182 continentia
3509 1128 3886 1198 disciplinam,

2296 1215 2627 1270 contritione
2651 1215 2830 1272 cordis
2847 1226 2904 1272 et
2929 1219 3176 1287 corporis
3209 1231 3520 1288 perpetuam
3546 1223 3888 1277 castimonia:

2298 1309 2582 1378 puritatem
2608 1317 2860 1379 optamus
2881 1311 3190 1380 acquirere;
3217 1311 3310 1366 sed
3343 1326 3442 1366 nos
3464 1313 3685 1366 utilitati
3707 1315 3884 1369 carnis

2297 1415 2362 1456 ac
2400 1401 2623 1469 spiritus
2661 1403 2878 1472 egregie
2921 1405 3298 1469 consulentes,
3335 1414 3358 1442 ο
3389 1401 3882 1460 fraudulentissimi

2298 1492 2469 1548 hostis
2490 1491 2561 1547 ita
2592 1493 2871 1564 impugnat
2888 1495 3106 1559 invidin,
3131 1504 3189 1550 ut
3209 1495 3336 1550 dum
3359 1495 3597 1565 dejicere
3627 1497 3881 1553 ﬁduciam

2295 1584 2638 1640 conscientiae
2649 1594 2845 1640 nostris
2856 1602 3060 1657 nosque
3072 1587 3378 1642 velutrestu
3392 1589 3574 1658 aliquo
3588 1588 3879 1645 humiliare

2291 1687 2543 1744 conatur,
2568 1678 2672 1734 illis
2700 1681 2969 1750 praecipue
2993 1679 3181 1736 diebus
3201 1681 3398 1750 quibus
3419 1681 3626 1752 majore
3650 1683 3878 1752 integri-

608 1773 908 1843 disciplinis
967 1774 1246 1830 interioris
1303 1773 1538 1830 hominis
1587 1772 1858 1842 instituta,
1895 1773 2180 1844 quemdam
2213 1769 2262 1830 B
2289 1771 2414 1824 tatis
2447 1770 2640 1826 merito
2660 1770 3033 1826 desideramus
3053 1773 3236 1828 divino
3261 1774 3634 1829 tantummodo
3663 1775 3880 1844 placere

601 1863 707 1918 sibi
760 1864 1005 1935 segnitiei
1059 1865 1220 1918 situm
1289 1880 1384 1934 per
1435 1866 1881 1921 consuetudinem
1939 1866 2184 1921 continui

604 1957 838 2028 torporis
889 1957 1194 2021 obduxerit,
1237 1968 1331 2012 aut
1373 1973 1493 2012 cum
1524 1958 1863 2014 sordidarum
1895 1961 2182 2031 cogitatio-

602 2066 730 2104 num
763 2051 1072 2105 iuimicitias
1103 2049 1210 2122 [Αἰ.
1247 2051 1630 2122 impudicitias]
1665 2070 1770 2108 non
1799 2053 2076 2118 cavendo,
2110 2055 2181 2110 ita

604 2143 754 2197 illam
785 2143 968 2198 cordis
994 2144 1435 2198 sublimissimam
1465 2147 1754 2212 puritatem
1784 2147 2022 2218 segniter
2050 2163 2181 2203 con-

601 2235 852 2304 cupiscit,
888 2246 943 2290 ttt
970 2251 1186 2294 omnem
1220 2237 1565 2306 perfectionis
1591 2248 1645 2295 et
1671 2241 2007 2297 castimoniae
2035 2259 2182 2298 sum-

602 2341 742 2379 mam
780 2327 830 2380 in
863 2327 974 2381 sola
1005 2327 1191 2383 credat
1231 2331 1518 2385 exterioris
1549 2330 1786 2388 hominis
1829 2335 2181 2405 castigatione

598 2417 916 2474 consistere.
951 2419 1117 2490 Cujus
1139 2421 1340 2475 erroris
1367 2433 1528 2492 atque
1553 2425 1816 2480 socordia
1840 2427 1969 2482 vitio
1990 2443 2182 2485 conse-

596 2518 824 2580 quenter
851 2512 1092 2580 eveniet,
1127 2521 1319 2568 utnon
1351 2515 1526 2570 solum
1557 2517 1874 2573 multimoda
1899 2521 2178 2589 cogitatio-

597 2620 723 2662 num
756 2609 1065 2676 pervagatio
1094 2609 1461 2664 inverecunde
1484 2618 1647 2679 atque
1673 2615 1974 2680 procaciter
2001 2630 2180 2671 secre-

596 2705 707 2756 tum
758 2698 956 2752 mentis
1008 2699 1292 2770 irrumpat,
1343 2699 1439 2756 sed
1487 2702 1650 2756 etiam
1684 2705 2030 2772 pristinarum
2064 2723 2180 2763 om-

595 2789 742 2845 nium
776 2791 1086 2860 passionum
1117 2793 1254 2848 intra
1279 2807 1399 2848 eam
1423 2795 1627 2850 semina
1653 2807 2022 2864 perseverent.
2045 2801 2178 2867 Quae

595 2882 850 2951 quamdiu
884 2883 937 2938 in
969 2885 1089 2955 ejus
1118 2884 1316 2940 abditis
1359 2885 1703 2955 delitescunt,
1733 2891 1981 2958 quamvis
2003 2891 2178 2962 rigido

591 2991 790 3048 corpus
817 2978 1022 3047 jejunio
1050 2977 1368 3049 castigetur,
1411 2987 1596 3036 tamen
1652 2981 1999 3040 nihilominus
2046 2986 2177 3041 dor-

596 3072 853 3128 mientem
902 3072 1236 3130 illecebrosis
1292 3074 1762 3143 phantasmatibus
1831 3078 2172 3147 inquietant:

2287 1866 2630 1933 conspectui,
2684 1865 2887 1936 absque
2942 1867 3052 1923 ullo
3105 1868 3322 1938 quidem
3380 1868 3566 1923 carnis
3624 1870 3873 1936 pruritu,

2286 1961 2553 2014 mentisve
2578 1973 2874 2022 consensu,
2909 1975 3008 2014 nec
3038 1975 3135 2029 per
3179 1959 3491 2016 illusionem
3523 1961 3877 2030 phantasma-

2281 2052 2354 2107 tis
2385 2051 2611 2120 alicujus
2633 2092 2650 2119 ,
2686 2051 2782 2106 sed
2830 2060 3008 2107 tamen
3049 2053 3283 2123 simplici
3319 2052 3500 2108 ﬂuxus
3530 2053 3674 2108 illius
3723 2069 3871 2124 eges-

2283 2145 2432 2199 tione
2459 2158 2557 2199 nos
2591 2144 2799 2214 polluit,
2833 2153 2948 2199 uta
2977 2155 3318 2201 sacrosancta
3363 2146 3749 2200 communione
3777 2145 3873 2200 de-

2285 2244 2506 2302 ter-reat,
2545 2236 2675 2290 licet
2725 2237 2777 2290 in
2828 2236 3090 2306 quosdam
3137 2235 3513 2305 iucipientium
3553 2246 3865 2306 etquornm

2281 2344 2510 2398 corpora
2557 2329 2784 2386 necdum
2823 2329 2981 2400 longa
3023 2329 3350 2399 jejuniorutn
3391 2331 3749 2400 castigatione
3789 2341 3871 2386 te-

2283 2432 2445 2477 nuata
2489 2431 2640 2488 sunt,
2682 2422 2752 2478 ob
2775 2422 2882 2479 hoc
2908 2423 3176 2478 diabolica
3217 2423 3454 2479 factione
3495 2423 3608 2476 haec
3637 2424 3870 2480 evenire

2282 2517 2538 2573 credatur
2585 2516 2787 2578 illusio.
2826 2525 2882 2570 ut
2930 2530 3054 2570 cum
3085 2531 3180 2572 eos
3211 2516 3598 2570 intcnsioribes
3645 2516 3869 2585 jejuniis

2279 2610 2502 2666 studere
2529 2609 2867 2680 cognoverit,
2899 2623 3092 2664 omnes
3137 2623 3325 2664 eorum
3353 2619 3580 2663 conatus
3612 2609 3714 2663 hac
3751 2619 3868 2665 arte

2277 2703 2594 2766 subvertat;
2628 2710 2686 2756 ut
2713 2701 2838 2756 dum
2869 2716 2928 2756 se
2955 2716 3060 2755 non
3091 2701 3264 2756 solum
3297 2701 3430 2756 nihil
3457 2700 3525 2754 ad
3570 2703 3861 2769 puritatem

2279 2795 2531 2864 corporis
2559 2793 2886 2849 districtiore
2906 2793 3112 2862 jejunio
3141 2793 3456 2863 profecisse,
3487 2808 3678 2847 verum
3695 2794 3858 2848 etiam

2278 2888 2496 2958 gravius
2538 2887 2780 2942 sentiunt
2807 2885 2977 2940 fuisse
3017 2885 3272 2954 pollutos,
3318 2886 3638 2955 magistram
3689 2885 3863 2941 incor-

2281 2983 2548 3052 ruptionis
2579 2996 2644 3036 ac
2673 2981 2922 3050 puritatis
2957 2979 3224 3043 altricem,
3257 2979 3604 3034 abstinentia:
3651 2979 3866 3035 distric-

2282 3079 2482 3133 tionem
2517 3087 2788 3146 tamquam
2814 3074 3066 3130 aemulam
3107 3072 3546 3143 perhorrescant.
3581 3073 3738 3144 (Vide
3770 3074 3859 3128 lib.

593 3166 788 3237 quibus
827 3175 954 3222 ante
984 3166 1207 3236 legitimi
1257 3169 1521 3239 temporis
1565 3184 1808 3240 cursum,
1841 3188 1946 3228 non
1971 3174 2082 3243 jam
2113 3189 2178 3230 ex
2208 3159 2254 3222 C
2284 3189 2342 3243 Il,
2370 3173 2541 3228 lnstit.
2566 3188 2613 3227 c.
2641 3171 2728 3238 i5,
2751 3181 2797 3225 et
2826 3171 2916 3224 tib.
2942 3186 2997 3226 vi
3023 3186 3137 3241 cap.
3165 3171 3296 3238 ult.)
3325 3169 3673 3240 Quapropter
3703 3185 3865 3226 nosse

592 3269 796 3318 naturae
843 3259 1191 3328 necessitate,
1222 3261 1320 3318 sed
1363 3261 1540 3318 adhuc
1571 3278 1637 3318 ex
1686 3262 1875 3320 fraude
1921 3268 2176 3337 nequitiae

2287 3270 2548 3324 debemus
2588 3280 2694 3320 non
2745 3264 2946 3319 idcirco
2991 3277 3088 3318 nos
3135 3270 3342 3320 tantum
3401 3263 3475 3317 ab
3537 3277 3866 3334 unoquoque

1655 3396 1910 3453 ALARDI
1948 3398 2184 3458 (ἶΑΖᾸΞΙ
2221 3397 2780 3461 COMMENTARIUS.

664 3499 690 3526 ι
727 3488 1003 3560 Cuychius
1030 3488 1296 3557 duplicem
1325 3488 1411 3544 hic
1438 3491 1712 3544 annotavit
1733 3491 2018 3552 lectionem
2046 3514 2056 3548 :
2083 3497 2174 3550 AI-

589 3571 782 3626 teram,
812 3561 981 3633 Magis
1010 3562 1227 3615 dixerim
1255 3563 1576 3633 securitatem
1607 3561 1810 3626 habere,
1842 3580 1995 3631 quant
2051 3566 2169 3620 fait-

589 3633 724 3707 dem,
752 3632 980 3707 qum_est
1009 3632 1368 3707 Basiieensis;
1399 3633 1620 3707 alteram
1641 3648 1672 3687 e
1690 3649 1789 3686 ms.
1821 3651 1978 3701 quam
2003 3639 2172 3707 magis

589 3704 804 3825 probat,
856 3702 1178 3758 Censendum
1225 3705 1386 3772 magis
1439 3703 1656 3757 dixerim
1698 3707 1966 3759 securitate
2018 3702 2171 3776 quum

611 3774 760 3825 aude.
795 3790 990 3825 netnne
1017 3775 1256 3825 diuitum.
1289 3773 1379 3825 Sic
1405 3774 1536 3825 inse.
1573 3776 1738 3825 Ouum
1774 3776 2053 3825 lectionem
2087 3780 2171 3825 hic

611 3774 760 3838 aude,
795 3790 990 3843 nempe
1017 3775 1256 3844 dignum.
1289 3773 1379 3830 Sic
1405 3774 1536 3842 ipse.
1573 3776 1738 3841 Quum
1774 3773 2053 3831 lectiOnetn
2087 3780 2172 3834 hic

589 3846 759 3900 secuti
788 3861 998 3911 sumus,
1032 3847 1234 3898 omisso
1266 3853 1442 3899 tamen
1473 3848 1868 3914 supplemento,
1900 3849 2040 3916 qttod
2071 3851 2172 3904 mi-

591 3917 734 3987 nime
765 3917 1130 3970 necessarium
1151 3919 1324 3969 visum
1350 3925 1452 3987 est.
1482 3916 1767 3987 Dionysius
1790 3920 2171 3986 paraphrastes

591 3986 732 4041 hunc
763 3988 938 4041 locum
972 3987 1040 4040 ita
1067 3987 1362 4054 expressit:
1391 3985 1745 4111 Pmniten‘tiaj
1770 3985 1866 4056 pro
1899 3985 2169 4062 potentia)

591 4073 806 4111 namque
829 4059 973 4111 istius
995 4057 1068 4111 sic
1091 4058 1367 4111 nuanando
1398 4059 1674 4111 vincentis.
1747 4060 2019 4111 ebellalria:
2055 4080 2166 4111 oni.

590 4073 806 4127 namque
829 4059 973 4112 istius
995 4057 1068 4112 sic
1090 4058 1367 4128 pugnando
1398 4059 1674 4124 vincentis,
1709 4057 2019 4128 debellatria:
2055 4057 2166 4116 om;

588 4130 732 4181 nium
764 4129 1002 4183 vitiorum
1035 4137 1107 4181 est
1133 4127 1475 4182 admiratione
1503 4127 1680 4196 digna.
1737 4127 1899 4183 Illum
1953 4144 2163 4200 autem,

585 4215 732 4274 quem
757 4199 980 4274 facilitas
1007 4200 1123 4252 boni
1147 4209 1317 4254 tuetur
1348 4200 1399 4251 in
1428 4215 1524 4253 sua
1551 4201 1772 4274 ignavia,
1795 4203 1974 4267 judico
2005 4199 2167 4274 magis

587 4270 868 4342 dicendum
897 4287 1002 4323 esse
1032 4286 1293 4335 securum,
1322 4287 1476 4342 quam
1501 4272 1924 4342 col/audendum.

660 4340 684 4415 εξ
725 4339 798 4394 Ita
831 4343 1118 4415 Cassianus
1144 4342 1180 4394 l.
1210 4357 1260 4415 vi
1291 4339 1357 4415 ei,
1377 4343 1437 4396 11
1463 4361 1474 4415 :
1508 4340 1770 4415 Qualitas,
1798 4343 1990 4410 inquit,
2024 4346 2167 4415 cogi-

587 4413 858 4475 tationum,
900 4428 1014 4481 qua:
1037 4413 1474 4479 distensionibus(
1506 4413 1540 4465 i.
1567 4429 1616 4466 e.
1646 4412 2167 4472 (listractionihus'et

587 4482 816 4551 negotiis
841 4487 999 4535 varii~
1025 4484 1043 4556 )
1073 4484 1173 4556 dici
1202 4485 1541 4556 negligentius
1570 4483 1856 4556 custoditur
1877 4527 1890 4548 ,
1922 4488 2166 4556 probatur

583 4556 747 4621 quiete
778 4565 1044 4608 nocturna.
1099 4555 1167 4624 Et
1215 4555 1404 4607 idiirco
1453 4571 1569 4608 cum
1620 4555 1959 4610 intercesserit
1989 4557 2165 4624 aliqua

583 4625 702 4677 talis
733 4626 931 4688 illusio,
964 4643 1061 4677 non
1086 4623 1237 4691 culpa
1267 4626 1429 4678 somni
1457 4627 1712 4679 credenda
1751 4639 1846 4692 est,
1880 4628 1970 4681 sed
2003 4623 2164 4696 negli-

580 4697 752 4764 gentia
807 4697 1047 4765 temporis
1088 4697 1456 4766 pra'cedentis,
1507 4706 1554 4750 et
1603 4697 1948 4766 manifestatio
2001 4701 2164 4754 morbi

581 4766 790 4819 latentis
819 4767 1152 4830 intrinsecus,
1203 4784 1348 4836 quem
1396 4785 1496 4820 non
1546 4770 1782 4836 primitus
1825 4771 1988 4822 noctis
2037 4773 2162 4824 liora

579 4839 840 4907 parturiit,
874 4837 960 4891 sed
989 4837 1179 4891 intimis
1212 4839 1398 4890 auium:
1427 4839 1746 4892 reconditum
1770 4840 1910 4904 libris
1939 4841 2006 4893 ad
2029 4843 2162 4896 cutis

578 4911 898 4982 superficiem
921 4911 1085 4961 somni
1109 4911 1380 4979 refectione
1401 4909 1669 4982 produxit,
1695 4927 1912 4982 arguens
1934 4913 2156 4966 occultas

577 4988 788 5052 wetuutn
819 4980 1015 5048 febres,
1070 4997 1196 5048 quas
1226 4996 1317 5047 per
1362 4991 1521 5032 totum
1571 4981 1672 5034 diei
1717 4980 1938 5052 spatium
1991 4983 2159 5036 noxiis

575 5051 971 5120 cogitationibus
1007 5054 1141 5118 pasti
1178 5053 1545 5104 contraximus.

652 5130 673 5157 ε
717 5119 994 5174 Adversus
1064 5123 1309 5175 husmodi
1357 5121 1730 5177 infestationes
1775 5132 1829 5178 et
1879 5123 2157 5179 illusiones

577 5190 872 5264 diabolicas
903 5194 1161 5246 solemnis
1186 5204 1266 5247 est
1299 5193 1386 5246 illa
1417 5193 1671 5249 Ecclesiae
1699 5204 1752 5248 et
1778 5199 1980 5264 piarunt
2008 5212 2159 5250 ruen-

576 5263 708 5316 tium
742 5265 1046 5332 vespertina
1086 5265 1324 5336 precatio
1357 5281 1370 5319 :

819 5421 997 5484 Procul
1024 5423 1254 5472 recedant
1277 5424 1480 5484 somnia,

823 5483 883 5548 Et
910 5486 1116 5534 hostium
1135 5487 1490 5548 phantasmata:

817 5545 1121 5612 gestumque
1137 5545 1365 5596 nostrum
1391 5551 1673 5612 comprime,

817 5608 892 5660 Ne
926 5608 1196 5672 polluantur
1227 5623 1445 5674 corpora.

575 5762 706 5822 Item
736 5763 788 5816 ln
821 5762 1171 5832 aliohymno,
1203 5761 1371 5832 quiin
1421 5760 1838 5828 Quadragesima
1893 5758 2152 5820 recitatur

2275 3497 2341 3552 ad
2367 3494 2824 3566 Completorium:

2519 3650 2594 3699 Ne
2615 3652 2776 3712 gravis
2796 3661 2994 3698 somnus
3014 3649 3183 3711 irruat,

2517 3711 2627 3775 Nec
2639 3713 2805 3775 hostis_
2815 3726 2903 3775 nos
2925 3713 3177 3775 surripiat,

2523 3773 2624 3823 Nec.
2648 3789 2757 3822 curo
2778 3772 2842 3820 illi
2869 3772 3181 3822 consentiens

2520 3835 2617 3885 Nos
2637 3835 2724 3886 tibi
2749 3848 2862 3884 reos
2885 3841 3084 3884 statuat.

2273 3986 2331 4042 S.
2395 3985 2704 4040 Alexander
2743 3998 2896 4052 papa,
2945 3984 3034 4052 qui
3077 3984 3291 4052 quintus
3329 3998 3356 4036 a
3386 3982 3448 4036 Β.
3479 3980 3644 4038 Petro
3692 3985 3857 4050 sedit,

2271 4057 2751 4124 ordinavitaqnam
2794 4053 3114 4109 sacerdotali
3148 4053 3523 4110 benedictione
3545 4055 3858 4110 sanctiﬁca-

2273 4137 2378 4183 tam
2428 4129 2480 4181 in
2521 4127 2780 4181 cubiculis
2824 4127 3160 4180 retinendam
3194 4141 3291 4194 pro
3322 4125 3610 4194 elfuganda
3649 4127 3856 4186 diaboli

2273 4199 2499 4262 malitia,
2534 4213 2598 4252 ne
2630 4198 2853 4252 somniis
2875 4199 2957 4251 vel
2978 4196 3440 4266 pltantasntatihus
3459 4197 3615 4252 nobis
3644 4198 3854 4251 illudat.

2271 4271 2365 4324 Est
2395 4285 2522 4324 vero
2551 4269 2822 4336 singulare
2853 4283 2954 4322 nec
2982 4269 3194 4323 silentio
3229 4268 3686 4337 praetereundum,
3711 4269 3854 4332 quod

2271 4339 2394 4396 huic
2425 4337 2750 4394 infestationi
2774 4350 2823 4393 et
2849 4339 3080 4394 illusioni
3109 4340 3398 4394 diabolica:
3432 4339 3755 4392 ann-hemina
3788 4339 3854 4393 Ι).

2270 4411 2574 4466 Bernartius
2624 4411 2862 4479 suggerit
2908 4411 3201 4464 remedium
3245 4411 3616 4477 experimento
3663 4413 3856 4478 proba-

2271 4492 2379 4538 tum
2409 4502 2420 4535 :
2453 4484 2510 4536 Si
2541 4499 2630 4548 per
2657 4494 2873 4544 noctem,
2900 4481 3090 4547 inqttit,
3124 4482 3299 4534 illusio
3331 4481 3422 4534 tibi
3449 4482 3716 4546 acciderit,
3748 4498 3849 4534 non

2269 4556 2600 4610 contristeris.
2654 4555 2744 4606 sed
2793 4553 2846 4604 in
2893 4554 3114 4605 crastino
3161 4554 3440 4618 conﬁtere;
3486 4561 3532 4604 et
3581 4553 3755 4617 aliqua
3805 4562 3854 4605 te

2267 4636 2474 4678 vocante
2507 4628 2573 4676 ad
2614 4623 2827 4676 Missam
2855 4632 2906 4674 ut
2936 4625 3214 4686 ministres,
3244 4633 3386 4676 caute
3411 4637 3585 4675 coram
3615 4624 3854 4678 omnibus

2268 4704 2316 4749 te
2347 4713 2536 4749 excusa
2568 4711 2656 4766 per
2704 4695 2922 4766 signum,
2956 4703 3008 4766 ut
3039 4702 3111 4748 est
3139 4693 3853 4766 consuetudinis,_qu_atenus

2267 4782 2441 4819 omnes
2468 4761 2612 4818 illam
2642 4761 2781 4817 tuam
2807 4764 3146 4834 pollutionem
3192 4764 3500 4833 intelligant.
3544 4761 3702 4834 ecit
3756 4765 3852 4818 hoc

2266 4839 2450 4908 aliquis
2490 4839 2633 4905 apud
2658 4851 2771 4898 nos,
2805 4832 2960 4888 etiam
2991 4832 3370 4908 nullooocante
3413 4835 3481 4908 ad
3510 4832 3743 4908 ῥηθείη,
3796 4845 3852 4887 ut

2267 4905 2428 4978 magis
2467 4909 2805 4971 erubesceret;
2834 4917 2878 4959 et
2906 4925 2937 4959 α
2979 4907 3256 4978 tentatione
3284 4907 3451 4958 carnis
3503 4905 3742 4978 liberatus
3772 4917 3852 4958 est

2265 4979 2317 5031 in
2343 4975 2562 5044 tantum,
2595 4990 2647 5030 ut
2672 4981 2758 5030 ria;
2778 4978 2976 5048 aliquid
3003 4975 3103 5029 tale
3129 4978 3449 5048 postmodum
3473 4976 3708 5048 senserit,
3758 4991 3852 5048 nec

2263 5051 2360 5103 nisi
2389 5051 2543 5103 semel
2572 5049 2648 5102 vel
2679 5046 2902 5101 secundo
2932 5064 3020 5117 per
3042 5046 3232 5100 annum
3266 5046 3852 5117 prut'itunthujusmodi

2266 5121 2575 5191 patiebatur.
2635 5119 2763 5172 Item
2817 5121 2868 5172 in
2903 5114 3008 5171 vita
3036 5118 3094 5171 S.
3125 5117 3409 5191 Malat~ltia:_
3437 5132 3486 5169 c.
3512 5114 3753 5169 Πίθωνι
3785 5115 3848 5169 S.

2267 5185 2555 5245 Malae/tias
2576 5191 2988 5260 archieptswpus
3006 5198 3316 5243 sacramenta
3335 5185 3449 5260 olle:
3465 5198 3564 5252 ret,
3587 5196 3634 5240 et
3657 5201 3851 5260 appro:

2261 5264 2531 5334 pinquaret
2583 5262 2629 5315 ei
2681 5256 2952 5334 diaconus,
3008 5261 3221 5334 intuitus
3255 5275 3372 5312 eum
3415 5259 3683 5334 ingemuit,
3710 5256 3852 5334 quod

2265 5325 2498 5387 sensisset
2531 5349 2682 5400 penes
2721 5348 2781 5384 eu
2807 5350 2834 5382 η
2867 5325 3050 5395 latere,
3086 5330 3220 5399 quod
3251 5347 3350 5382 non
3377 5325 3688 5382 conueniret.
3717 5325 3852 5378 Per-

2266 5414 2381 5458 acto
2427 5403 2706 5470 sacri/icio,
2741 5412 2928 5456 secreto
2951 5411 3274 5472 percontatus
3302 5401 3362 5453 de
3389 5401 3703 5472 conscientia
3725 5414 3848 5472 sua,

2263 5475 2523 5544 confessus
2553 5469 2621 5527 est
2649 5473 2867 5544 illusum
2882 5469 3334 5544 ise'perrsonmiutu
3359 5481 3530 5544 nocte.
3556 5469 3650 5544 Cui
3673 5469 3854 5544 injun-

2261 5539 2386 5616 gens
2420 5547 2764 5616 paenitentiam
2794 5561 2812 5597 :
2843 5539 3250 5616 Non'debueras,
3291 5543 3481 5616 inquit,
3510 5539 3851 5616 Itodiemiui-

2261 5611 2476 5681 Etrusse,
2507 5616 2597 5670 sed
2621 5616 2902 5669 verecunde
2932 5625 2978 5667 te
2993 5613 3312 5681 subtrahere,
3345 5611 3401 5666 ut
3430 5613 3526 5667 hac
3554 5611 3852 5668 humilitate

2260 5697 2527 5759 purgatus,
2559 5687 2765 5757 dignius
2795 5687 2981 5742 exinde
3002 5685 3335 5744 ministrares.
3366 5683 3488 5741 line
3513 5683 3579 5740 D.
3607 5682 3852 5746 Bernar-

2260 5759 2381 5814 dus.
