4092 6322
527 319 675 396 ηαδ

1147 438 1377 500 CAPUT
1416 437 1483 495 ν.

599 561 891 634 Responsio
920 600 938 630 ,
969 557 1174 631 quando
1189 563 1405 634 reatum
1427 556 1709 634 contrahat
1746 553 1857 609 hac
1882 553 2055 624 passio

1163 628 1438 683 dormienti
1454 628 1481 682 2

597 731 896 792 Theonas:
931 724 1091 784 Omni
1120 723 1340 795 quidem
1391 720 1707 791 industria,
1756 729 2017 793 quantum
2066 721 2125 777 in

511 832 676 888 nobis
711 835 818 892 est,
851 825 1075 881 studere
1104 824 1407 891 debemus,
1441 832 1499 879 ut
1529 822 1931 879 immaculatam
1961 819 2127 877 casti-

525 919 727 975 monia:
756 918 1047 989 puritatem
1104 916 1197 973 illo
1239 915 1327 972 vel
1374 916 1611 972 maxime
1657 922 1909 987 tempore
1939 923 2126 970 tenes-

524 1026 667 1072 mus.
700 1026 808 1081 quo
837 1008 1164 1066 venerandis
1213 1008 1472 1064 assistere
1525 1016 1775 1079 Optamus
1819 1008 2120 1075 altaribus;

521 1113 580 1158 et
600 1102 1010 1173 vigilantissima
1039 1101 1528 1171 circumspectione
1551 1099 1963 1172 praecavendum
1994 1108 2119 1165 est,

522 1212 591 1252 ne
618 1196 799 1252 carnis
823 1196 1104 1265 integritas
1149 1195 1494 1266 precedente
1548 1203 1795 1266 tempore
1827 1194 2117 1261 custodita,

522 1290 577 1345 in
594 1305 658 1345 ea
681 1290 953 1361 praecipue
982 1289 1036 1344 in
1059 1303 1163 1358 qua
1186 1302 1286 1345 nos
1307 1288 1374 1343 ad
1405 1290 1845 1345 communionem
1862 1286 2121 1345 salutaris

522 1383 756 1440 convivii
812 1396 1183 1453 praeparamus
1232 1391 1429 1448 nocte,
1488 1380 1790 1438 fraudetur.
1842 1380 2047 1436 Verum
2073 1380 2121 1436 si

522 1474 697 1532 hostis
725 1475 815 1531 ille
837 1475 1202 1545 nequissimus
1229 1482 1289 1529 ut
1309 1474 1466 1529 nobis
1480 1474 1721 1531 cmlestis
1738 1474 1963 1530 remedii
1991 1473 2123 1529 sub-

522 1566 703 1623 trahat
719 1567 1069 1635 medicinam,
1096 1566 1401 1623 custodiam
1425 1567 1617 1637 sopitze
1642 1568 1842 1623 mentis
1862 1567 2117 1637 illuserit,

521 1660 593 1717 ita
621 1660 904 1717 dumtaxat
946 1667 1006 1716 ut
1059 1660 1210 1715 nullo
1238 1659 1662 1729 reprehensibili
1718 1660 2121 1717 interveniente

520 1756 763 1825 pruritu,
793 1754 944 1809 nullo
971 1752 1383 1810 contaminetur'
1430 1752 1812 1808 oblectationis
1866 1767 2113 1823 assensu,

1582 310 1867 379 JOANNIS
1903 317 2223 379 CASSIANI
2258 316 2754 378 COLLATIONES.

2142 444 2199 503 Α
2222 438 2376 497 illum
2404 439 2686 495 ctelestem
2713 436 2893 493 cibum
2920 449 2952 491 a
2981 433 3351 492 communium
3405 448 3657 490 escarum
3704 436 3837 493 vili-

3681 310 3836 378 Im

2231 541 2342 589 tate
2371 545 2684 597 secernens,
2706 542 2815 586 nec
2837 529 3000 586 talem
3022 544 3146 586 esse
3174 528 3496 599 dijudicans,
3526 544 3692 600 quem
3718 544 3833 587 non

2229 627 2337 684 nisi
2365 642 2501 699 pura
2522 627 2685 683 liceat
2705 635 2887 683 mente
2907 624 2994 681 vel
3015 638 3181 680 carne
3200 638 3552 693 praesumere.
3588 624 3834 694 Denique

2229 718 2431 775 inl'ert:
2464 717 2593 773 Ideo
2623 717 2757 771 inter
2784 732 2873 770 tios
2900 715 3052 769 multi
3079 714 3277 784 infirmi
3321 723 3371 769 et
3421 714 3726 781 imbecilles,
3779 720 3835 769 et

2228 812 2491 867 dormiunt
2532 810 2726 877 multi;
2782 817 2809 847 ι
2833 808 3097 880 spiritales
3145 807 3344 863 scilicet
3389 807 3720 878 infirmitates
3762 824 3834 864 ac

2228 915 2417 960 mortes
2437 920 2501 960 ea:
2524 904 2627 958 hac
2654 901 2947 976 specialiter
3001 901 3179 955 dicens
3218 899 3624 973 prtesumptione
3672 914 3830 970 gene-

2226 999 2355 1055 rari.
2387 996 2540 1054 Multi
2559 996 2706 1052 enim
2735 994 2828 1066 qui
2856 1008 2980 1049 eum
3012 991 3203 1066 [Lips.
3245 992 3301 1047 in
3324 1008 3492 1064 marg.
3527 987 3693 1064 cum]
3722 990 3833 1047 illi-

2225 1094 2330 1148 cita
2379 1089 2727 1161 usurpatione
2781 1095 3137 1158 praesumunt,
3193 1087 3539 1142 inﬁrmantur
3583 1084 3715 1155 ﬁde,
3771 1095 3830 1142 et

2226 1185 2485 1242 imbecilli
2530 1193 2657 1239 sunt
2705 1193 2909 1249 mente,
2970 1182 3282 1253 passionum
3331 1182 3543 1237 scilicet
3593 1180 3830 1251 languo-

2224 1279 2376 1334 ribus
2405 1275 2655 1343 involuti,
2707 1284 2761 1332 et
2804 1274 3083 1331 dormiunt
3132 1287 3323 1329 somno
3355 1274 3595 1343 peccati,
3627 1273 3696 1327 ali
3722 1272 3831 1329 hoc

2224 1387 2420 1443 sopore
2442 1370 2629 1428 lethali
2649 1386 2990 1442 nequaquam
3013 1369 3239 1424 salutari
3262 1366 3628 1423 sollicitudine
3642 1382 3832 1423 resur-

2224 1476 2435 1538 gentes.
2469 1465 2673 1521 Deinde
2696 1464 2940 1534 sequitur
2966 1482 2978 1516 :
3015 1461 3169 1528 Quod
3188 1463 3234 1517 si
3254 1464 3599 1535 nosmetipsos
3626 1461 3830 1534 dijudi-

2223 1578 2480 1628 carentus,
2507 1577 2611 1614 non
2636 1560 2809 1630 utique
2830 1558 3191 1631 judicaremur
3210 1573 3229 1611 :
3253 1555 3357 1611 hoc
3382 1567 3488 1627 est,
3512 1557 3558 1611 si
3586 1566 3830 1613 nosmet-

2224 1657 2373 1726 ipsos
2430 1654 2778 1726 perceptione
2820 1661 3317 1719 sacramentorum,
3374 1653 3831 1722 quotiescumque

2224 1751 2429 1820 peccati
2456 1747 3087 1817 vulnere'przevenimur,
3114 1743 3491 1815 jodicaremus
3522 1744 3776 1814 indignos
3809 1789 3826 1813 ,

520 1846 618 1903 sed
644 1847 974 1917 egestionem
1021 1853 1116 1902 aut
1160 1845 1393 1901 naturali
1427 1845 1755 1901 necessitate
1779 1846 2113 1916 pr0pulsam,
2146 1842 2194 1902 B
2220 1843 2656 1913 impenderemus
2696 1843 2883 1911 utique
2909 1839 3151 1895 studium
3201 1848 3258 1893 ut
3314 1853 3413 1907 per
3467 1836 3830 1907 paenitudinis

520 1947 614 1994 aut
642 1949 790 1995 certe
815 1939 1220 2011 impugnatione
1248 1938 1451 1995 diaboli
1481 1938 1689 2010 absque
1731 1953 1892 1995 sensu
1922 1940 2115 2010 volup-

520 2032 646 2088 tatis
668 2032 929 2102 elicitam,
981 2032 1047 2088 ad
1080 2032 1528 2102 impedimentum
1578 2042 1782 2089 nostrae
1813 2034 2119 2089 sanctilica-

520 2125 681 2182 tionis
708 2126 1038 2191 obtenderit,
1068 2141 1357 2198 possumus
1386 2136 1442 2183 et
1467 2127 1730 2184 debemus
1776 2129 1844 2183 ad
1885 2130 2116 2199 gratiam

520 2219 774 2276 salutaris
800 2220 907 2278 cibi
934 2220 1275 2277 conﬁdenter
1317 2220 1600 2278 accedere.
1647 2222 1741 2278 Sin
1770 2237 1901 2278 vero
1928 2232 2118 2278 nostro

521 2313 654 2369 vitio
677 2313 791 2369 hac
815 2312 980 2369 luerit
1010 2323 1195 2384 egesta
1212 2314 1520 2384 concretio,
1554 2315 1949 2372 convenientes
1987 2332 2122 2373 con-

517 2405 800 2460 scientiam
831 2413 1075 2462 nostram
1119 2405 1251 2461 illud
1298 2407 1678 2477 Apostolicum
1724 2407 2116 2465 formidamus:

519 2500 623 2568 Qui
652 2500 1036 2555 manducauerit
1087 2518 1275 2573 panem
1319 2510 1369 2555 et
1413 2500 1596 2557 biberit
1651 2502 1866 2557 calicem
1909 2502 2123 2559 Domini

517 2589 746 2661 indigne,
777 2608 897 2646 reus
921 2593 1020 2647 erit
1033 2594 1270 2663 corporis
1296 2601 1347 2648 et
1367 2592 1637 2664 sanguinis
1670 2592 1902 2648 Domini.
1930 2593 2121 2649 Probet

516 2693 684 2739 autem
706 2686 929 2758 primunt
954 2688 1284 2756 semetipsum
1335 2687 1509 2754 homo,
1556 2696 1605 2742 et
1653 2688 1730 2742 sic
1781 2688 1846 2744 de
1871 2705 2003 2759 pane
2028 2688 2119 2744 illo

517 2777 634 2833 edat
664 2790 711 2834 et
739 2781 802 2834 de
824 2779 986 2835 calice
1014 2780 1153 2835 bibat
1182 2781 1246 2855 (ι
1277 2779 1399 2837 Cor.
1431 2798 1483 2837 ιι
1503 2779 1544 2852 ).
1575 2781 1677 2851 Qui
1714 2784 1857 2839 enim
1892 2784 2120 2840 mandu-

518 2881 604 2928 cat
631 2882 686 2928 et
725 2874 859 2929 bibit
882 2874 1125 2944 indigne,
1148 2874 1412 2944 judicium
1444 2875 1551 2931 sibi
1580 2878 1872 2933 manducat
1901 2886 1956 2933 et
1986 2878 2122 2934 bibit

519 2979 625 3020 non
654 2965 973 3022 discernens
1019 2980 1220 3038 corpus
1253 2969 1501 3025 Domini:
1535 2967 1587 3024 id
1628 2978 1732 3036 est,
1778 2985 2119 3042 nequaquam

2220 1936 2655 1994 emendationem
2690 1934 2756 1989 ad
2797 1949 2861 1990 ea
2891 1933 3054 2005 digne
3096 1945 3382 2003 possemus
3433 1930 3723 1995 accedere,
3771 1938 3832 1984 et

2222 2049 2330 2090 non
2357 2043 2628 2102 tamquam
2650 2029 2857 2099 indigni
2872 2024 3624 2084 severissimisinﬁrmitatum
3642 2024 3831 2094 ﬂagris

2223 2129 2667 2199 castigaremura
2710 2123 2969 2190 Domino,
3020 2130 3080 2178 ut
3129 2122 3218 2177 vel
3272 2119 3351 2176 sic
3404 2121 3721 2190 compuncti
3755 2119 3829 2174 ad

2222 2222 2463 2279 remedia
2489 2230 2799 2277 nostrorum
2828 2218 3113 2272 vulnerum
3155 2228 3525 2279 recurremus,
3558 2230 3628 2268 ne
3675 2212 3829 2284 digni

2224 2317 2510 2390 praesentis
2540 2314 2725 2371 smculi
2755 2313 3074 2369 brevissima
3117 2307 3463 2379 correptione
3491 2324 3601 2363 non
3631 2306 3829 2372 habiti,

2223 2410 2279 2466 in
2307 2412 2487 2464 loturo
2527 2407 2685 2463 simul
2711 2421 2834 2461 cum
2880 2405 3040 2474 hujus
3071 2401 3256 2458 mundi
3291 2402 3668 2472 peccatoribus
3692 2414 3831 2455 con-

2225 2504 2565 2560 demnemur.
2599 2499 2753 2569 Quod
2783 2499 2947 2554 etiam
2979 2497 3035 2552 in
3065 2496 3315 2552 Levitico
3339 2494 3580 2550 evidenti
3609 2494 3828 2548 denun-

2228 2597 2452 2652 tiatione
2503 2594 2856 2665 pmcipitur:
2910 2589 2938 2628 ι’
2988 2588 3169 2644 Omnis
3222 2590 3448 2642 mundus
3490 2585 3834 2640 manducabit

2228 2706 2447 2755 carnes;
2499 2697 2545 2742 et
2584 2687 2759 2741 anima
2787 2699 3124 2755 quiscumque
3159 2680 3439 2737 comederit
3479 2680 3543 2734 de
3583 2679 3832 2734 carnibus

2228 2782 2470 2851 sacrificii
2490 2778 2739 2833 salutaris
2762 2777 2899 2847 quod
2925 2784 3000 2831 est
3024 2775 3259 2838 Domini,
3294 2775 3348 2827 in
3372 2791 3476 2844 qua
3501 2782 3577 2828 est
3601 2774 3834 2827 immun-

2229 2875 2379 2939 ditia,
2411 2871 2595 2944 peribit
2625 2885 2801 2924 coram
2849 2867 3072 2921 Domino
3120 2865 3306 2939 (Leuit.
3333 2865 3416 2935 tt).
3467 2864 3525 2918 In
3566 2863 3833 2919 Deutero-

2229 2966 2415 3024 nomio
2444 2976 2661 3035 quoque
2683 2976 2714 3016 a
2743 2959 3087 3033 spiritalibus
3114 2957 3312 3014 castris
3330 2954 3644 3013 immundus
3680 2955 3832 3011 simi-

1583 3144 1844 3203 ALARDI
1884 3147 2113 3206 GAZEI
2151 3143 2721 3207 COMMENTARIUS.

521 3275 697 3348 fluitas
718 3274 987 3348 sanguinis
1016 3273 1298 3348 secundum
1323 3274 1691 3348 philosophum
1719 3277 1903 3345 (Arist.
1937 3278 1976 3333 ι.
2004 3296 2022 3335 ι
2054 3281 2117 3336 de
2141 3280 2188 3348 C
2220 3297 2282 3335 ac
2305 3279 2486 3334 mentis
2507 3276 2862 3332 hebetudinem
2891 3285 3006 3343 post
3043 3289 3098 3328 se
3126 3290 3426 3348 re.inquere_
3445 3276 3734 3348 consuerit,
3762 3292 3826 3329 ea

522 3345 708 3401 Gener.
728 3345 942 3400 animal.
960 3347 1091 3422 c.18
1112 3355 1160 3400 et
1180 3346 1295 3416 l9).
1318 3345 1642 3422 Quandoque
1658 3360 1730 3402 est
1745 3365 1864 3402 cunt
1885 3360 2119 3422 peccato;

524 3431 646 3489 puta
675 3434 791 3471 cum
817 3419 1046 3490 provenit
1070 3434 1132 3473 ea:
1156 3418 1514 3490 superﬂuitate
1541 3418 1643 3472 cibi
1680 3431 1727 3474 et
1757 3418 1929 3487 potus,
1956 3421 2121 3477 ethoc

524 3488 678 3543 etiam
705 3488 869 3561 potest
894 3505 1003 3543 esse
1025 3497 1291 3557 peccatum
1314 3488 1554 3561 'oeniale,
1586 3491 1665 3544 rel
1694 3493 1913 3546 mortale
1938 3510 1955 3545 :
2002 3494 2121 3549 licet

524 3562 836 3636 frequentius
868 3570 1133 3636 peccatum
1154 3561 1373 3636 mortale
1392 3560 1596 3614 accidat
1621 3562 1759 3616 circa
1782 3573 1956 3629 turpes
1978 3566 2124 3636 cogi-

525 3634 764 3704 tationes,
824 3641 1031 3702 prapter
1089 3632 1392 3704 facilitatem
1439 3647 1743 3704 consensus,
1802 3632 2123 3704 quanieirca

526 3699 874 3775 sumptionem
897 3699 993 3775 cibi
1023 3699 1100 3757 et'
1120 3711 1290 3773 potus.
1327 3699 1548 3775 Undeet
1575 3699 1855 3775 Gregorius
1900 3707 2124 3762 scribens

528 3773 816 3844 Augustino
842 3773 1127 3845 Anglorum
1175 3773 1565 3845 episcOpodicit
1590 3773 1892 3829 cessandum
1940 3794 2047 3832 esse
2090 3795 2125 3833 a

528 3843 881 3897 communione
926 3843 1139 3911 quando
1183 3859 1247 3917 ea:
1296 3843 1531 3917 turpibus
1576 3846 1969 3916 cogitationibus
2002 3866 2127 3917 pro-

531 3918 696 3989 venit;
722 3932 821 3968 non
851 3922 1025 3967 autem
1063 3916 1275 3989 quando
1300 3915 1532 3989 provenit
1557 3931 1620 3989 ea:
1642 3915 2010 3989 superﬂuitate
2026 3921 2126 3976 cibi

528 3987 608 4039 rel
638 3987 1125 4063 potiis,_pi'_tcsertini
1151 3985 1491 4063 sinecessitas
1537 3985 1822 4043 adsit.'Sic
1873 3991 2036 4063 igitur
2063 4007 2128 4046 ea:

531 4053 686 4108 causa
718 4053 1021 4126 pollutionis
1073 4057 1392 4110 considerari
1438 4067 1601 4126 potest
1646 4068 1825 4114 utrum
1873 4053 2127 4117 iiocturna

533 4126 621 4195 pol
626 4125 643 4178 ι
651 4127 755 4205 utio
760 4125 1017 4205 impediat
1033 4144 1097 4183 ea:
1111 4131 1405 4182 necessitate
1419 4130 1758 4205 sumptionem
1776 4130 1847 4205 ltu
1844 4134 1937 4205 jus
1954 4150 2129 4188 sacra-

534 4198 713 4272 menti.
748 4196 832 4250 Ex
861 4197 1082 4264 quadam
1103 4213 1219 4252 vero
1241 4196 1602 4272 congruentia“
1624 4196 2128 4272 impedit'quantum

534 4267 603 4343 ad
626 4269 756 4343 duo,
778 4283 1185 4343 qttoruniunum
1209 4267 1410 4340 semper
1439 4269 1645 4333 accidit,
1671 4267 1868 4326 scilicet
1885 4267 2129 4343 quadam

534 4339 739 4411 foeditas
769 4339 1077 4409 corporalis,
1109 4339 1342 4411 cumqua
1370 4346 1581 4411 propter
1598 4339 1931 4399 reuerentiam
1951 4362 2129 4400 sacra-

534 4410 715 4475 menti,
747 4426 849 4484 noii
884 4412 1023 4484 decet
1052 4412 1119 4465 ad
1149 4410 1314 4465 altare
1344 4410 1590 4484 accedere
1619 4412 1780 4484 (unde
1826 4426 1871 4470 et
1904 4416 2130 4473 uolentes

536 4490 744 4557 tangere
764 4482 963 4557 aliquid
983 4499 1208 4545 sacrum,
1239 4482 1640 4557 manusulavant
1656 4486 1698 4555 ),
1731 4486 1828 4540 nisi
1852 4488 1984 4557 forte
2010 4490 2131 4543 talis

536 4552 869 4631 immunditia
889 4555 952 4607 sit
976 4554 1370 4631 perpetuanvel-
1397 4552 1662 4631 diuturna
1683 4552 1712 4631 ,_
1725 4552 1863 4631 sicut
1886 4568 1961 4631 est
1987 4560 2132 4631 lepra

536 4632 583 4677 et
609 4625 784 4694 ﬂuxus
806 4623 1094 4695 sanguinis,
1117 4626 1192 4678 vel
1208 4623 1406 4695 aliquid
1431 4624 1757 4695 hujusmodi.
1774 4628 1936 4683 Aliud
1957 4623 2132 4684 auiem

538 4705 610 4748 est
640 4695 873 4766 evagatio
902 4694 1087 4749 mentis
1117 4710 1234 4766 qua:
1256 4694 1507 4766 sequitur
1538 4699 1873 4762 pollutionem
1921 4711 2134 4755 noctur-

542 4781 682 4840 nam,
740 4767 1000 4840 prtecipue
1045 4767 1396 4840 quandocum
1428 4766 1568 4833 turpi
1614 4771 1978 4840 imaginatione
2013 4788 2138 4826 con-

542 4784 682 4830 nam,
739 4784 1000 4890 p’rtecipue
1045 4784 1253 4837 quanao
1282 4784 1396 4819 cum
1428 4784 1568 4833 turpi
1614 4784 1978 4840 imaginatione
2013 4788 2138 4826 con-

542 4837 712 4906 tingit.
796 4854 855 4890 oc
888 4848 1057 4909 tamen
1100 4837 1521 4909 impedimentum
1548 4839 1691 4909 quod
1721 4857 1785 4895 ex
1814 4844 2138 4909 congruitate

543 4901 797 4975 provenit,
814 4908 1062 4980 postponi
1087 4901 1230 4962 debet
1264 4917 1483 4980 prapter‘
1502 4901 1730 4978 aliquant
1763 4901 2134 4980 necesi'itatem,

543 4988 689 5056 puta,
722 4990 776 5031 ut
800 4977 1083 5056 Gregorius
1130 4977 1276 5056 dicit,
1314 4994 1429 5056 cum
1460 4977 1677 5050 fortasse
1706 4995 1795 5038 aut
1827 4986 1986 5056 festus
2028 4977 2138 5040 dies

542 5050 838 5122 exigit,aut
863 5051 1101 5105 exhibere
1131 5050 1471 5104 ministerium
1503 5067 1595 5122 pro
1617 5070 1676 5107 eo
1708 5050 1845 5121 quod
1897 5058 2137 5112 sacerdos

544 5120 679 5194 alius
705 5121 862 5184 deest,
881 5123 1009 5194 ipsa
1032 5120 1609 5194 necessitascompellit.
1641 5120 1769 5180 nec
1791 5128 1849 5183 S.
1872 5127 2136 5194 Thomas,

543 5193 739 5261 quibus
762 5192 895 5246 nihil
927 5195 1188 5256 exactius,
1211 5191 1343 5246 nihil
1369 5192 1689 5257 explicatius
1709 5196 1764 5250 in
1788 5198 1890 5254 hac
1912 5191 2139 5254 materia

546 5262 724 5318 afferri
760 5271 974 5331 potest;
1032 5262 1264 5333 ideoque
1297 5270 1354 5317 ut
1401 5262 1525 5317 huic
1556 5264 1676 5320 loco
1724 5278 1778 5323 et
1823 5270 1938 5325 fere
1975 5273 2139 5325 totius

545 5334 852 5407 collationis
878 5344 1199 5402 argumento
1225 5334 1462 5407 maxime
1488 5340 1915 5407 accommodata,
1942 5342 2011 5395 ita
2041 5340 2141 5396 mi-

546 5405 691 5481 nime
722 5407 1185 5481 praetermittenda
1218 5405 1346 5481 visa
1370 5412 1515 5481 sunt.
1546 5407 1751 5481 Quibus
1779 5405 1982 5481 optime
2007 5426 2141 5466 con-

545 5474 1020 5549 sentiuntqumgin
1044 5475 1422 5532 Cmremoniali
1472 5474 1885 5538 Benedicmrum
1916 5474 2142 5549 congre-
2178 5531 2186 5541 .

547 5548 778 5616 gationis
809 5546 1144 5603 Binst‘elden.
1172 5549 1459 5612 habentur,
1485 5562 1608 5618 quae
1633 5551 1720 5605 hic
1744 5557 1905 5607 etiam
1936 5546 2140 5609 referre

552 5619 795 5696 nouerit
825 5619 1059 5674 alienum
1092 5629 1690 5696 autsupervacimeum.
1715 5623 1803 5682 Sic
1833 5626 1991 5696 igitur
2018 5639 2136 5692 cap.

551 5688 620 5764 de.
647 5689 821 5764 illusis
848 5702 1112 5764 nocturno
1150 5686 1344 5746 suinno
1375 5706 1399 5764 εΔ
1440 5688 1507 5743 Et
1535 5692 1580 5746 si
1622 5686 1902 5749 nocturna.
1927 5686 2143 5764 pollutio

555 5761 811 5837 plerisque
842 5763 1076 5837 accidat,
1130 5763 1276 5837 nulla
1316 5759 1483 5837 culpa
1508 5779 1603 5817 sua
1654 5759 1992 5837 prwcedente,
2025 5768 2147 5833 quia

2157 4673 2213 4734 D

2226 3353 2449 3407 durante
2486 3357 2540 3403 tn
2583 3364 2757 3419 passo,
2802 3348 2988 3401 decens
3017 3354 3095 3400 est
3123 3363 3240 3400 eum
3276 3344 3312 3398 α
3350 3344 3693 3400 celebratione
3735 3363 3830 3399 seu

2224 3418 2589 3477 communione
2604 3420 2883 3481 abstinere,
2904 3419 3127 3481 etiamsi,
3147 3428 3202 3470 ut
3223 3421 3517 3486 pra’fertur,
3541 3418 3830 3483 provenerit

2224 3496 2335 3549 sine
2366 3494 2541 3554 culpa.
2574 3488 2646 3544 In
2698 3490 3009 3545 solemnibus
3058 3499 3224 3543 tamen
3279 3488 3679 3554 festivitatibus,
3738 3505 3829 3542 seis

2227 3560 2537 3636 temporibus
2588 3561 2885 3636 prtecipuis,
2916 3569 3127 3636 propter
3155 3569 3339 3636 notam
3366 3560 3575 3636 poterit,
3592 3560 3831 3636 quisquis

2224 3636 2313 3691 ille
2329 3629 2434 3701 est,
2468 3635 2661 3701 praevia
2705 3629 3029 3698 canfessione
3056 3638 3107 3683 et
3132 3629 3310 3684 devota
3340 3629 3704 3685 exercitatione
3733 3648 3827 3696 pro

2228 3723 2378 3776 posse
2408 3706 2729 3768 nobilitatus,
2763 3719 2879 3776 cum
2900 3702 3238 3776 permissione
3256 3702 3456 3776 prielati
3490 3712 3588 3776 aut
3620 3703 3828 3776 confes-

2226 3773 2361 3833 soris
2389 3776 2707 3846 conﬁdenter
2728 3773 2993 3846 accedere,
3028 3774 3132 3827 sive
3152 3773 3221 3846 ad
3256 3773 3675 3846 celebrationem,
3698 3844 3709 3846 _
3725 3775 3831 3828 sive

2227 3848 2297 3903 ad
2337 3844 2772 3903 communionem.
2823 3844 3074 3902 Similiter
3124 3844 3350 3914 faciatis,
3397 3844 3481 3897 cui
3533 3860 3600 3899 ea:
3652 3844 3828 3914 ofﬁcio

2227 3919 2471 3975 incumbit
2493 3936 2555 3972 ea
2582 3919 2664 3972 die
2688 3934 2791 3988 qua
2820 3916 2913 3970 sibi
2944 3915 3245 3985 hujusmodi
3274 3915 3466 3988 accidit
3496 3931 3668 3988 casus,
3696 3914 3829 3969 His-

2228 4007 2344 4046 sam
2370 3990 2651 4045 celebrare.
2702 3984 2896 4057 Siquis
2936 3984 3109 4039 autem
3149 3984 3377 4055 quotidie
3415 3995 3505 4038 aut
3532 3985 3829 4057 frequenta-

2231 4064 2368 4116 tione
2390 4062 2577 4142 _uimia.
2595 4059 2893 4142 hujusmodi
2921 4058 3154 4142 poliatur
3203 4060 3420 4142 fluxum,
3462 4057 3540 4139 uti
3566 4060 3829 4113 nonnullis

2229 4148 2295 4187 ea:
2322 4134 2434 4187 sola
2463 4128 2791 4202 cogitatione,
2815 4146 2903 4184 seu
2934 4128 3124 4202 affatu,
3152 4130 3229 4182 vel
3248 4129 3427 4202 auditu
3449 4128 3692 4202 uitiorum
3716 4146 3831 4184 car-

2232 4206 2432 4258 nalium
2460 4204 2514 4257 in
2529 4199 2859 4326 'cOig’essione
2887 4212 2974 4253 aut
3002 4201 3157 4263 alias,
3190 4203 3341 4253 etiam
3363 4199 3534 4253 invitis
3590 4210 3642 4254 et
3691 4202 3829 4253 renio

2232 4277 2450 4326 tentibus
2472 4290 2590 4326 cum
2660 4274 2961 4326 etestatione
2988 4272 3127 4326 i'itii.
3179 4272 3473 4326 continuere
3525 4272 3829 4326 consuerit:

2232 4277 2450 4330 tentibus
2472 4290 2590 4328 cum
2619 4272 2961 4327 detestatione
2988 4272 3127 4331 ritii.
3160 4272 3473 4342 contingere
3525 4272 3786 4325 consuerit
3808 4287 3830 4337 ;

2233 4362 2335 4401 non
2362 4355 2635 4416 prapterea
2678 4345 2866 4416 rarius,
2898 4340 3187 4397 celebrandi
3217 4350 3308 4396 aut
3338 4340 3487 4416 sacra
3515 4359 3572 4416 se
3596 4359 3829 4396 cominu-

2233 4412 2387 4471 nione
2418 4415 2658 4486 privandi
2700 4415 3019 4470 occasionem
3058 4424 3247 4475 sumat,
3277 4414 3365 4468 sed
3388 4412 3627 4486 consulto
3655 4424 3703 4486 et
3729 4431 3827 4468 an-

2234 4483 2427 4542 nitente
2464 4487 2679 4559 prcelato
2726 4502 2817 4559 seu
2866 4486 3160 4559 confessor-3
3182 4501 3322 4559 suo._
3349 4483 3507 4559 simul
3547 4493 3607 4559 et
3636 4485 3830 4559 a/fectn

2236 4555 2486 4623 trahente,
2522 4557 2832 4625 ﬁducialiter
2855 4555 3086 4610 accedat.
3118 4555 3243 4610 Haec
3288 4556 3363 4611 ibi
3401 4570 3431 4610 a
3474 4557 3827 4625 prudentibus

2235 4639 2291 4686 et
2315 4630 2580 4700 religiosis
2611 4628 2859 4700 Patt'ibus
2886 4626 3051 4700 edita.

2312 4710 2335 4737 ³
2370 4696 2759 4770 Interpretatur
2782 4699 2870 4753 hic
2895 4699 3059 4770 abbas
3082 4697 3240 4753 verba
3265 4696 3351 4752 illa
3384 4699 3629 4767 Apostoli
3660 4717 3673 4750 :
3702 4697 3825 4753 Ideo

2237 4772 2371 4825 inter
2414 4769 2705 4827 uos’multi
2748 4769 2965 4839 inﬁrmi.
3021 4780 3068 4823 et
3117 4770 3418 4836 imbecilles,
3470 4778 3518 4823 et
3561 4771 3828 4824 dormiunt

2239 4841 2414 4908 multi,
2447 4844 2515 4898 de
2544 4842 2856 4897 inﬁrmitate
2886 4840 3140 4910 spiritali,
3181 4856 3275 4895 seu
3316 4842 3505 4894 morbo
3543 4842 3737 4905 animi,
3775 4850 3831 4898 et

2241 4924 2416 4969 morte
2457 4913 2641 4970 itidem
2680 4911 2931 4981 spiritali,
2969 4911 3019 4965 id
3050 4919 3153 4977 est,
3188 4920 3410 4979 peccato
3441 4910 3631 4967 lethali
3665 4931 3677 4965 :
3709 4928 3827 4966 cum

2242 4986 2484 5055 plerique
2516 4984 2703 5039 Patres
2734 4993 2839 5037 tam
2871 4982 3071 5055 Graaci,
3105 4998 3265 5048 quam
3309 4981 3484 5037 Latini
3521 4983 3593 5038 de
3624 4983 3831 5039 morbis

2242 5054 2298 5111 et
2341 5056 2607 5111 mortibus
2650 5055 3024 5124 corporalibus
3061 5054 3510 5124 interpre'entur,
3561 5055 3760 5122 quibus
3798 5070 3833 5107 ι

2245 5127 2356 5182 Deo
2404 5126 2663 5182 immissis
2704 5123 2857 5179 multi
2904 5124 3044 5193 apud
3088 5123 3398 5196 Corinthios
3442 5126 3494 5179 in
3552 5127 3829 5196 primitiva

2243 5197 2489 5254 Ecclesia
2518 5197 2899 5266 puniebantur,
2929 5196 2999 5251 ob
3022 5196 3291 5265 indignam
3322 5195 3680 5252 Eucharistias
3712 5211 3836 5263 per-

2242 5265 2570 5339 ceptionem.
2610 5266 2778 5339 Cujus
2821 5268 2898 5322 rei
2942 5268 3046 5323 alia
3087 5265 3335 5337 quaedam
3375 5268 3839 5339 CXCMPIallab‘BS

2242 5336 2384 5407 apud
2412 5340 2740 5410 Cyprianum
2767 5338 2820 5391 in
2845 5336 3192 5410 sermone’de
3223 5339 3407 5409 lapsis,
3442 5337 3745 5394 Palladium
3774 5336 3837 5392 in

2243 5408 2544 5474 Lausiacis,
2575 5410 2936 5478 Sophronium
2965 5408 3018 5463 in
3047 5409 3207 5464 Prato
3231 5408 3519 5479 spirituali.

2316 5480 2343 5519 δ
2369 5480 2563 5536 Citavit
2589 5483 2753 5538 etiam
2776 5480 2918 5536 hunc
2946 5481 3123 5535 locum
3149 5480 3441 5536 Cassianus
3470 5481 3570 5535 lib.
3592 5496 3646 5535 vr
3670 5479 3836 5535 Insti-

2245 5561 2350 5609 tut.
2390 5568 2511 5621 cap.
2554 5552 2610 5618 8,
2650 5551 2737 5606 ubi
2778 5550 2902 5607 vide
2946 5562 3148 5606 nctata.
3198 5552 3365 5606 Porro
3406 5552 3524 5607 haec
3564 5551 3840 5606 sententia

2250 5623 2390 5693 apud
2420 5622 2565 5679 LXX
2590 5636 2695 5677 non
2727 5625 2995 5691 reperitur
3025 5622 3248 5678 Levitici
3275 5638 3368 5683 vn.
3398 5634 3457 5678 ut
3479 5623 3566 5677 hic
3601 5624 3842 5687 citatur;

2253 5694 2351 5751 sed
2382 5695 2507 5751 huic
2542 5694 2735 5748 similis
2758 5703 2845 5748 est
2870 5694 3093 5749 Levitici
3127 5709 3243 5749 xxii
3283 5710 3301 5749 :
3340 5693 3521 5749 Omnis
3551 5693 3710 5749 homo
3742 5693 3848 5763 qui

2254 5768 2522 5838 accesserit
2559 5766 2626 5818 ad
2658 5780 2722 5838 ea
2752 5780 2868 5835 qua:
2901 5775 3198 5838 consecrata
3234 5775 3380 5836 sunt,
3412 5767 3469 5821 in
3501 5782 3603 5838 quo
3628 5772 3705 5820 est
3732 5766 3850 5821 isl-

558 5830 733 5892 sainen
760 5830 1056 5905 hujusmodi
1082 5834 1255 5907 passio
1292 5830 1567 5905 quamdam
1611 5830 1782 5895 carnis
1827 5830 2149 5911 pruriginem
2258 5836 2539 5906 munditia,
2556 5835 2745 5908 peribit
2766 5830 2950 5895 coram
2979 5835 3218 5899 Domina.
