4092 6322
269 310 411 369 1295

1049 299 1388 361 COLLATIO
1425 298 1594 360 XXII.
1623 325 1698 344 -ι-
1722 294 1812 355 DE
1848 290 2234 356 NOCTURNIS
2271 287 2762 350 ILLUSIONIBUS.

3407 287 3551 348 1226

266 427 394 484 liter
418 432 647 498 mystice
678 422 1030 496 segregatur:
1067 430 1093 459 ι
1125 421 1186 478 Si
1219 421 1414 494 fuerit,
1465 418 1672 491 inquit,
1727 415 1858 470 inter
1883 415 1936 477 Α
1964 412 2202 470 ritalium
2241 411 2574 469 medicorum
2616 407 2858 467 doctrina
2895 405 3211 479 discuteret,
3255 423 3376 480 quae
3411 413 3554 470 solet

269 536 357 576 vos
377 520 531 576 homo
560 520 647 592 qui
673 526 923 575 nocturno
961 517 1189 588 pollutus
1216 517 1282 572 sit
1306 516 1527 583 somnio,
1567 511 1859 588 egredietur

266 626 413 672 extra
441 624 630 682 castra,
669 622 716 670 et
745 630 846 668 non
872 622 1158 680 revertetur.
1174 611 1477 682 priusquam
1503 607 1571 663 ad
1599 621 1861 677 uesperam

267 710 472 765 ablutus
519 725 652 778 aqua
680 709 779 774 sit,
809 714 857 762 et
880 712 996 779 post
1023 704 1148 760 solis
1177 719 1414 759 occasum
1455 701 1773 775 regredietur
1807 698 1861 752 in

266 805 438 853 castra
465 794 702 869 (Deuter.
730 791 844 865 xx).

881 881 1114 941 CAPUT
1153 883 1242 939 Vl.

267 981 419 1049 Quod
459 994 845 1050 nonnumquam
881 976 1100 1050 pollutio
1135 975 1389 1050 corporis_
1413 973 1567 1043 culpa
1606 980 1770 1050 uacet,
1813 981 1862 1026 et

395 1052 592 1106 inimici
621 1044 844 1122 factione
869 1044 1152 1119 contingat,
1186 1044 1421 1116 erremplo
1449 1044 1752 1100 ostenditur.

340 1165 548 1222 Verum
591 1173 648 1220 ut
693 1162 1031 1219 manifestius
1070 1160 1426 1232 approbetur,
1453 1157 1481 1198 ι’
1513 1158 1660 1229 quod
1700 1157 1861 1212 etiam

265 1258 472 1315 inimici
501 1256 738 1313 factione
766 1269 1172 1326 nonnumquam
1200 1253 1319 1308 haec
1347 1251 1594 1308 eliciatur
1631 1249 1862 1321 impuri-

268 1362 351 1409 tas
385 1370 397 1404 :
433 1362 456 1392 ο
487 1349 748 1407 Novimus
775 1351 1021 1417 fratrem,
1054 1347 1150 1419 qui
1177 1362 1300 1402 cum
1338 1346 1715 1402 castimoniam
1743 1359 1864 1400 cor-

266 1445 354 1501 dis
379 1454 434 1501 et
462 1443 708 1517 corporis
740 1459 953 1500 summa
979 1441 1471 1512 circumspectione
1497 1450 1658 1512 atque
1688 1439 1864 1495 humi-

265 1537 423 1595 litate
449 1539 798 1609 promeritam
832 1536 1036 1608 jugiter
1064 1534 1396 1606 possideret,
1424 1547 1489 1588 ac
1522 1547 1862 1604 nequaquam

267 1633 552 1688 nocturnis
580 1630 1042 1689 ludificationibus
1079 1637 1401 1698 tentaretur,
1434 1629 1654 1700 quoties
1682 1637 1863 1684 tamen

262 1740 325 1782 se
354 1727 422 1784 ad
449 1727 854 1798 percipiendam
884 1725 1325 1783 communionem
1351 1724 1688 1780 Dominicam
1721 1739 1864 1795 prae-

1962 524 2028 566 ex
2077 508 2372 565 abundanti
2419 507 2664 564 ciborum
2717 507 3143 578 praesumptione
3189 505 3545 577 descendere,

1961 615 2189 674 eamque
2217 609 2516 658 memorato
2541 599 2691 656 fratri
2715 599 3187 672 deprehenderent
3217 615 3322 657 non
3349 603 3549 671 inesse,

1961 703 2123 766 atque
2165 695 2305 752 hanc
2346 695 2652 751 illusionem
2693 709 3032 767 nequaquam
3078 695 3210 752 vitio
3253 697 3556 754 saturitatis

1962 794 2237 843 constaret
2264 802 2574 860 emergere;
2607 802 2674 844 eo
2700 787 2847 859 quod
2874 803 2974 845 nec
3005 787 3192 844 fratris
3221 797 3348 845 nota
3375 789 3558 844 distri-

1965 882 2144 938 ctione
2174 882 2501 940 solemnium
2532 883 2766 952 dierum,
2807 885 3004 956 quibus
3037 885 3132 941 illa
3163 885 3395 956 pollutio
3424 901 3558 942 con-

1965 976 2228 1048 tingebat,
2257 978 2512 1048 specialis
2538 981 2809 1050 exceptio,
2845 979 2948 1037 hoc
2977 979 3102 1037 illos
3130 989 3409 1051 pateretur
3438 979 3590 1051 opi-i

1964 1071 2081 1128 nari
2113 1089 2125 1123 :
2155 1070 2221 1126 ad
2253 1070 2551 1128 secundam
2581 1069 2609 1110 ἀ
2639 1073 2800 1144 hujus
2824 1074 3146 1132 valetudinis
3171 1089 3388 1131 causam
3414 1074 3594 1134 illicol

1964 1162 2362 1219 transtulerunt
2407 1163 2772 1234 inquisitionis
2824 1166 3160 1239 indaginem,
3205 1166 3560 1223 discutientes

1967 1270 2035 1310 ne
2064 1255 2260 1311 animat
2290 1254 2520 1312 forsitan
2559 1257 2740 1328 culpa,
2777 1274 2906 1316 caro
2934 1260 3198 1317 exhausta
3221 1260 3427 1330 jejunio
3457 1262 3560 1315 im-

1967 1349 2120 1421 puris
2146 1349 2490 1406 illusionibus
2518 1361 2822 1423 urgeretur,
2853 1355 3050 1426 quibus
3081 1358 3243 1412 etiam
3273 1356 3563 1412 districtis-

1967 1442 2089 1498 simi
2117 1443 2239 1508 viri,
2273 1443 2549 1512 paululum
2577 1445 2706 1501 elati
2737 1446 2804 1501 de
2832 1447 2916 1502 sui
2948 1449 3194 1519 corporis
3226 1447 3426 1504 fuerint
3455 1465 3560 1521 pu-

1967 1536 2150 1603 ritate,
2180 1552 2277 1606 per
2306 1538 2579 1608 superbia:
2602 1538 2791 1594 vitium
2821 1539 3156 1610 polluuntur,
3181 1541 3326 1612 quod
3353 1541 3564 1598 scilicet

1968 1628 2170 1686 donum
2201 1631 2538 1700 praecipuum
2582 1631 2696 1698 Dei,
2733 1631 2785 1686 id
2815 1642 2918 1701 est,
2950 1635 3197 1704 corporis
3223 1635 3558 1701 castitatem,

1969 1722 2220 1779 humanis
2265 1737 2327 1780 se
2365 1723 2576 1780 viribus
2612 1724 2914 1782 obtinuisse
2946 1727 3294 1784 crediderint.
3329 1728 3566 1783 Interro-

263 1833 538 1894 parasset,
575 1821 855 1879 immundo
894 1820 1040 1877 fluxu
1075 1820 1354 1876 dormiens
1391 1819 1716 1876 fmdabatur.
1761 1818 1865 1886 Qui
1894 1823 2125 1886 Bgatus
2174 1815 2335 1886 igitur
2387 1823 2569 1871 utrum
2616 1816 2936 1872 industriam
2984 1831 3135 1874 suam
3187 1820 3258 1875 ita
3312 1833 3566 1890 capacem

262 1930 394 1972 cum
423 1916 594 1972 multo
621 1930 682 1971 se
711 1924 959 1986 tempore
994 1929 1024 1968 a
1063 1913 1428 1970 sacrosanctis
1453 1913 1728 1984 mysteriis
1759 1920 1866 1968 tre-

261 2007 428 2078 pidus
471 2005 794 2072 abstineret,
840 2004 1058 2060 tandem
1099 2003 1242 2060 hanc
1284 2004 1354 2059 ad
1394 2003 1636 2060 seniores
1672 2003 1870 2060 detulit

257 2099 650 2169 quaestionem,
683 2097 985 2155 remedium
1012 2097 1438 2169 impugnationis
1463 2112 1527 2152 ac
1551 2097 1761 2154 doloris
1785 2098 1871 2154 sui

257 2191 577 2246 medicabili
627 2205 820 2246 eorum
873 2190 1105 2248 consilio
1160 2196 1580 2246 consecuturum
1630 2204 1693 2247 se
1746 2203 1870 2246 esse

259 2281 570 2339 confidens.
605 2281 714 2339 Sed
741 2297 866 2338 cum
899 2283 1127 2352 primam
1151 2296 1375 2338 causam
1405 2283 1581 2338 morbi
1608 2281 1727 2352 ejus
1753 2283 1868 2353 spi-

1969 1911 2132 1981 hujus
2154 1910 2407 1967 crederet
2432 1925 2554 1968 esse
2575 1911 2810 1982 virtutis,
2841 1923 2900 1968 ut
2921 1927 3024 1983 ope
3051 1911 3220 1969 divini
3246 1927 3356 1970 non
3383 1922 3570 1985 egeret

1970 2003 2180 2070 auxilii,
2225 2018 2438 2059 summa
2481 2004 2624 2060 hunc
2663 2006 2886 2076 impium
2931 2021 3151 2063 sensum
3191 2008 3570 2064 exsecratiOne

1973 2097 2272 2167 detestans,
2307 2113 2431 2154 cum
2473 2113 2533 2154 se
2574 2098 2858 2156 humiliter
2893 2101 3215 2157 astruxisset
3249 2115 3318 2157 ne
3355 2099 3570 2156 caeteris

1972 2193 2192 2264 quidem
2225 2191 2420 2249 diebus
2442 2193 2691 2264 corporis
2719 2194 3011 2262 puritatem
3041 2195 3278 2252 retinere
3305 2194 3567 2264 potuisse,

1975 2285 2080 2342 nisi
2123 2285 2302 2340 divina
2348 2285 2405 2340 in
2453 2285 2706 2343 omnibus
2748 2287 2921 2358 gratia
2965 2287 3161 2344 fuisset
3200 2287 3442 2358 adjutus,
3491 2285 3572 2343 illi

1348 2391 1610 2451 ALARDI
1650 2395 1886 2454 GAZ/El
1924 2396 2492 2456 COMMENTARIUS.

346 2505 375 2532 ⁸
406 2494 488 2549 Ad
520 2495 662 2550 hunc
703 2493 876 2548 locum
905 2492 1155 2547 alludens
1186 2492 1246 2546 Ι).
1276 2492 1572 2561 Gregorius
1621 2509 1636 2549 :
1685 2492 1858 2547 Testru

265 2577 523 2632 mentum,
549 2564 742 2632 inquit,
767 2566 946 2618 ueteris
968 2563 1096 2634 legis
1115 2562 1374 2634 pollutum
1397 2561 1618 2616 Domino
1639 2563 1798 2622 dicit:
1815 2575 1864 2620 et

261 2641 371 2693 nisi
424 2637 590 2691 lotum
636 2653 799 2706 aqua,
844 2637 998 2690 etiam
1042 2651 1201 2702 usque
1245 2636 1314 2687 ad
1359 2649 1622 2703 uesperam
1670 2637 1866 2693 intrare

260 2710 563 2765 Ecclesiam
589 2724 692 2761 non
720 2707 971 2779 concedit.
1005 2706 1358 2779 Quod_tamen
1391 2706 1542 2779 aliter
1573 2707 1865 2779 intelligens

263 2781 498 2852 populus
545 2777 968 2852 spiritalis,ﬂ(id
1022 2786 1108 2832 est
1152 2776 1531 2852 Christianus)
1575 2776 1864 2848 quasi'per

262 2849 535 2908 somnium
560 2849 677 2903 eum
697 2850 853 2903 illudi
884 2849 1122 2919 reputat;
1153 2849 1240 2918 qui
1265 2857 1488 2902 tentatus
1510 2851 1861 2920 inimunditia,

262 2924 419 2979 vanis
441 2920 753 2993 imaginibus
780 2921 832 2974 in
853 2921 1163 2993 cogitatione
1193 2920 1520 2993 inquinatur.
1554 2919 1662 2974 Sed
1687 2919 1866 2993 lavan-

263 2998 374 3050 tius
399 3003 469 3048 est
491 2991 729 3066 aq'ua,_ut
752 2992 967 3066 culpam
987 2991 1635 3066 cogitationumAlacrymis
1655 2991 1868 3060 abluat;

263 3079 316 3123 et
347 3066 453 3120 nisi
479 3061 624 3133 prius
651 3064 787 3137 ignis
817 3061 1427 3137 tentationisrecesseru,
1463 3079 1608 3137 reum
1637 3078 1692 3116 se
1725 3072 1870 3137 quasi

265 3137 340 3192 ad
367 3131 652 3204 vesperam,
673 3131 972 3206 cognoscat.
993 3134 1068 3188 lta
1090 3133 1221 3189 citat
1240 3131 1550 3206 Gratianus,
1571 3135 1694 3188 licet
1712 3131 1870 3202 paulo

267 3212 438 3264 aliter
481 3209 672 3263 habeat
709 3203 906 3277 origin.
958 3205 1223 3277 Gregorii.
1271 3203 1509 3277 Isidorus
1557 3219 1767 3275 quoque
1820 3208 1870 3260 in

267 3280 529 3338 eamdem
577 3272 901 3334 sententiam
945 3272 1251 3345 scribens:
1300 3272 1650 3340 Nocturnum,
1681 3272 1873 3345 inquit

346 2505 375 2532 ⁸
406 2494 488 2549 Ad
520 2495 662 2550 hunc
703 2493 876 2548 locum
905 2491 1155 2547 alludens
1186 2491 1246 2546 Ι).
1276 2491 1572 2561 Gregorius

1973 2493 2210 2568 ’litomas
2237 2493 2650 2568 Cautipratanus
2679 2494 2773 2549 lib.
2804 2509 2840 2550 ll
2872 2494 3026 2566 (Cap.
3057 2495 3152 2568 57)
3196 2513 3210 2551 :
3244 2494 3363 2550 Hoc
3402 2512 3571 2550 verme

1971 2566 2229 2620 dtemonia
2259 2567 2572 2637 ﬁgurantur,
2601 2583 2717 2637 quae
2746 2576 2894 2620 nocte
2916 2566 3207 2621 hominibus
3235 2578 3486 2637 apparent
3513 2569 3570 2622 in

1970 2639 2187 2698 somnis,
2233 2647 2280 2691 et
2320 2653 2405 2690 eos
2452 2638 2731 2692 visionibus
2768 2637 3195 2708 phantasmaticis
3237 2637 3481 2706 polluant
3524 2649 3575 2694 et

1970 2709 2219 2762 illudunt.
2252 2707 2319 2762 Et
2346 2709 2528 2762 subdit
2553 2707 2864 2778 exemplum
2897 2710 2960 2763 de
2984 2709 3244 2764 Monacho
3269 2712 3352 2762 cui
3372 2711 3575 2766 daemon

1972 2780 2259 2845 insultavit,
2297 2781 2436 2848 quod
2471 2781 2518 2833 ei
2554 2781 2608 2833 in
2651 2781 2845 2834 somnis
2892 2779 3235 2847 pollutionem
3280 2782 3573 2838 excitasset.

1975 2850 2052 2906 De
2081 2850 2199 2922 hoc,
2237 2852 2432 2920 inquit,
2472 2852 2725 2922 quiddam
2766 2853 3106 2906 ridiculosum
3135 2853 3317 2922 legisse
3354 2869 3436 2906 me
3469 2869 3579 2906 me-

1970 2923 2117 2975 mini.
2148 2920 2277 2976 Cum
2302 2920 2514 2991 quidam
2544 2923 2826 2976 monachus
2870 2925 2938 2976 ad
2988 2920 3249 2977 obsessum
3276 2939 3578 2993 energume-

1973 2993 2438 3066 numiaccessisset,
2472 2993 2843 3066 circumstante
2871 2994 3030 3047 multo
3061 2994 3279 3066 populo,
3310 3010 3426 3047 eum
3458 3011 3579 3066 cum

1972 3062 2214 3118 irrisione
2251 3065 2482 3116 mordaci
2523 3064 2832 3118 daemonium
2869 3062 3166 3118 inclamavit
3197 3067 3371 3120 dicens
3401 3083 3414 3120 :
3452 3065 3577 3133 Eia,

1974 3135 2159 3202 frater,
2200 3135 2300 3198 eia,
2342 3135 2592 3204 numquid
2631 3137 2905 3204 pulchram
2935 3136 3027 3190 tibi
3055 3137 3111 3189 in
3141 3135 3238 3189 hac
3279 3147 3428 3190 nocte
3459 3153 3579 3190 mu-

1977 3205 2153 3257 lierem
2181 3206 2235 3258 in
2263 3208 2458 3258 somnis
2483 3205 2720 3260 adduxi?
2749 3207 2972 3276 Quippe,
2995 3217 3046 3260 ut
3078 3217 3191 3275 post
3220 3209 3578 3276 confusionem

1976 3277 2259 3330 monachus
2283 3277 2480 3347 retulit,
2509 3277 2578 3347 in
2610 3280 2803 3331 somnis
2831 3279 3056 3342 pollutus
3087 3279 3256 3347 fuerat
3285 3278 3379 3331 illa
3409 3287 3579 3340 nocte.

273 3319 1875 3420 ἷὲὁῆὒέηἴέὶῗῦἓιῖὶὲὲ.’έὲἱιΐὶἱ)’ρᾶἐιζιῖρῐὶιέ’ἓὲἱέἑῇὧῖί’ᾇ
1899 3319 1945 3382 C
1977 3319 3259 3420 ξῖᾖιῖνῖῖᾶηρἓὶἱῗίᾶἕιῖἓὲἵῖρέἑξ’ῖῖίῖἐιῖῐιὶἶέ
3286 3319 3379 3403 Sit“
3389 3319 3577 3420 έόἶῖἶὲ

269 3417 511 3487 occulta,
549 3437 638 3492 per
669 3437 824 3487 quam
855 3417 1120 3472 tenebrosa
1153 3417 1460 3492 cogitatione
1497 3427 1644 3487 turpe
1672 3417 1875 3492 aliquid

270 3489 598 3566 concipitur,
636 3492 775 3563 quod
814 3501 983 3544 tamen
1018 3489 1257 3566 corporis
1291 3504 1443 3566 opere
1483 3505 1584 3540 non
1615 3490 1874 3556 expletur.

273 3566 398 3623 Sed
429 3558 632 3618 somnio
650 3558 914 3617 'nocturno
942 3558 1174 3633 pollutus
1195 3559 1367 3629 egredi
1389 3568 1538 3612 extra
1554 3568 1724 3633 castra
1745 3575 1880 3633 pra;-

275 3639 481 3708 cipitur
515 3653 534 3689 :
583 3635 715 3708 quia
747 3630 978 3708 videlicet
1010 3631 1236 3708 dignum
1273 3640 1365 3689 est.
1404 3639 1458 3682 ut
1485 3635 1573 3700 qui
1611 3630 1879 3708 immunda

276 3702 604 3780 cogitatione
630 3705 903 3780 polluitur,
931 3703 1198 3780 indignum
1231 3717 1285 3754 se
1320 3710 1620 3780 cunctorum
1645 3702 1882 3780 fidelium

276 3773 945 3836 societatibus'arbitretur.
979 3774 1161 3839 Culpa:
1181 3787 1288 3825 sum
1309 3773 1547 3826 meritum
1566 3781 1685 3826 ante
1705 3774 1882 3827 oculos

277 3863 474 3923 ponat,
515 3859 561 3903 et
591 3865 653 3903 ea:
682 3849 929 3901 bonorum
959 3863 1010 3900 se
1037 3844 1420 3923 emistimatione
1450 3845 1718 3923 despiciat.
1753 3844 1883 3923 Rol-

280 3915 465 3978 lutum
493 3937 613 3993 ergo
643 3929 791 3974 extra
817 3925 986 3971 castra
1015 3917 1177 3993 exire,
1218 3925 1294 3967 est
1324 3915 1463 3983 turpi
1497 3915 1887 3993 impugnatione

281 3988 626 4048 laborantem
655 4006 765 4045 sese
793 4005 855 4044 ea:
890 3988 1262 4058 continentium
1296 3989 1682 4057 comparatione
1712 3988 1887 4058 despi-

279 4081 431 4120 cere.
480 4064 582 4127 Qui
621 4063 686 4116 ad
725 4075 983 4132 vesperam
1025 4075 1159 4130 aqua
1202 4056 1426 4132 lavatur,
1472 4074 1588 4111 cum
1634 4056 1890 4130 defectum

279 4152 451 4191 suum
490 4129 830 4206 conspiciens,
865 4130 935 4184 ad
963 4129 1272 4206 pwnitentia:
1297 4129 1522 4183 lamenta
1547 4129 1888 4206 conuertitur,

281 4216 352 4261 ut
376 4206 587 4278 ﬂetibus
615 4200 785 4278 diluat
806 4218 954 4278 omne
979 4200 1120 4272 quod
1152 4201 1384 4278 animum
1411 4203 1613 4278 occulta
1653 4203 1894 4278 inquina-

280 4271 441 4334 tione
463 4288 689 4330 accusat.
718 4273 822 4330 Sed
851 4281 964 4343 post
987 4271 1223 4326 eccasum
1249 4271 1372 4343 solis
1393 4273 1463 4324 ad
1491 4281 1663 4326 castra
1692 4271 1890 4338 redeat,

278 4351 427 4433 quia
468 4342 858 4420 deferuescente'
889 4344 1182 4426 tentationis
1207 4342 1433 4433 .ardlore,
1479 4359 1679 4396 necesse
1719 4355 1815 4433 es;
1839 4352 1894 4397 ut

277 4413 492 4476 iterum
534 4413 781 4490 ﬁduciam
822 4415 1244 4490 erga‘societatis
1299 4415 1488 4490 bonum
1527 4425 1714 4468 sumat.
1767 4413 1898 4490 _Post

278 4507 492 4563 aquam
532 4485 722 4563 quippe
766 4485 1096 4563 (recumbente
1134 4487 1244 4563 sole
1284 4485 1354 4538 ad
1390 4496 1560 4563 castra
1597 4488 1893 4563 revertitur,

278 4557 388 4634 qui
434 4557 557 4634 post,
576 4557 806 4634 lamenta
837 4557 1145 4634 paenitentia:
1175 4557 1478 4634 frigescente
1509 4559 1724 4634 ﬂamma
1751 4558 1897 4626 cogi-

277 4629 514 4689 tationis
544 4632 766 4697 illicita,
805 4631 872 4684 ad
895 4629 1128 4700 ﬁdelium
1157 4630 1340 4680 merita
1361 4629 1719 4700 prtesumenda
1742 4646 1900 4700 repae

1980 3415 2162 3486 hujus.

2056 3498 2079 3560 ἒ
2111 3486 2224 3542 Hoc
2251 3487 2560 3560 exemplum
2590 3487 2773 3560 retulit
2798 3488 2862 3560 ι),
2893 3488 3134 3545 Thomas
3162 3505 3328 3560 supra
3355 3491 3574 3545 citatus.

1985 3557 2118 3613 Huic
2160 3559 2335 3615 simile
2373 3567 2478 3627 est,
2519 3559 2662 3628 quod
2712 3561 2764 3614 in
2797 3559 2919 3615 Vita
2955 3560 3018 3615 V.
3058 3561 3203 3616 Petri
3232 3557 3315 3615 'de
3355 3561 3582 3616 Morono

1985 3630 2199 3702 legitur,
2233 3632 2324 3698 qui
2341 3647 2416 3702 ex
2445 3631 2770 3686 anachoreta
2805 3646 3050 3686 summus
3085 3631 3333 3702 pontifex
3363 3643 3581 3687 creatus

1985 3701 2161 3757 dictus
2207 3710 2290 3756 est
2327 3700 2654 3758 Cuelestinus
2692 3703 2913 3772 quintus
2961 3721 2974 3754 :
3024 3700 3117 3757 sed
3159 3702 3474 3772 pootilicatu
3523 3718 3587 3759 se

1987 3772 2246 3846 abdicans
2273 3782 2326 3828 et
2362 3775 2415 3846 in
2448 3773 2742 3846 solitudine
2769 3775 3030 3846 reliquam
3059 3773 3222 3828 vitam
3256 3789 3443 3846 agens,
3476 3775 3587 3846 vir-

1990 3845 2192 3898 tutibus
2229 3859 2291 3898 ac
2337 3844 2612 3900 miraculis
2651 3845 2851 3900 claruit
2887 3844 2902 3903 Ξ
2944 3862 2972 3900 a
3015 3860 3123 3915 quo
3157 3855 3213 3901 et
3242 3845 3376 3900 ordo
3405 3845 3586 3901 Caele-

1991 3916 2257 3970 stinorum
2290 3915 2501 3971 initium
2525 3924 2580 3970 et
2607 3931 2806 3972 nomen
2833 3917 3065 3983 accepit.
3093 3916 3307 3972 Accidit
3333 3919 3498 3983 enim,
3526 3929 3585 3972 ut

1991 3989 2162 4043 refert
2193 3986 2384 4042 Petrus
2417 3988 2740 4051 Aliacensis,
2778 3997 2835 4042 ut
2873 3989 2946 4044 ob
2971 3990 3110 4043 sacri
3155 3987 3401 4059 mysterii
3431 4004 3587 4044 reve—

1994 4060 2224 4130 rentiam
2249 4073 2439 4128 magna
2465 4064 2513 4114 ei
2544 4060 2878 4128 perplexitas
2907 4061 3163 4122 oriretur,
3195 4060 3450 4130 quidnam
3482 4060 3594 4116 sibi

1995 4129 2262 4200 agendum
2320 4139 2486 4193 esset,
2542 4146 2664 4185 cum
2720 4142 2980 4185 nocturna
3035 4129 3333 4200 pullutione
3386 4146 3590 4201 corpus

1997 4216 2152 4256 suum
2176 4201 2443 4272 maculari
2471 4203 2841 4272 contingeret;
2874 4202 3000 4256 licet
3027 4209 3208 4257 tamen
3232 4201 3442 4257 animus
3471 4203 3591 4272 ejus

1999 4271 2388 4327 mundissimus
2429 4273 2520 4327 tali
2554 4271 2912 4328 immunditite
2950 4288 3046 4342 pro
3086 4274 3292 4328 viribus
3335 4273 3594 4328 resistere

1999 4345 2284 4398 niteretur.
2337 4344 2404 4398 Et
2448 4357 2570 4398 cum
2619 4359 2649 4398 a
2698 4344 2966 4414 religiosis
3017 4343 3276 4400 fratribus
3323 4356 3596 4412 quareret

2001 4413 2308 4479 consilium,
2335 4414 2382 4469 si
2405 4415 2598 4469 eodem
2631 4415 2717 4470 die
2747 4413 3128 4470 celebrandum
3160 4425 3306 4472 esset
3333 4415 3416 4469 vel
3451 4429 3482 4468 a
3505 4429 3596 4470 ce-

2003 4486 2304 4541 lebratione
2335 4485 2680 4554 cessandum,
2729 4501 2828 4540 nec
2871 4495 3016 4541 esset
3047 4503 3150 4540 una
3192 4488 3437 4542 omnium
3468 4502 3596 4543 sen-

2005 4558 2191 4622 tentia,
2234 4557 2355 4628 aliis
2382 4555 2478 4628 sic,
2515 4556 2634 4610 aliis
2664 4557 2826 4612 aliter
2865 4558 3226 4612 sentientibus
3271 4577 3285 4612 :
3323 4558 3408 4628 pia
3441 4572 3597 4612 mens

2006 4629 2124 4696 ejus
2146 4630 2198 4680 in
2218 4627 2382 4682 dubio
2402 4627 2690 4696 fluctuans,
2714 4628 2781 4682 ad
2803 4629 3062 4682 auxilium
3083 4627 3593 4684 recurritdivinum.

277 4715 472 4778 ratur,
505 4713 563 4758 ut
586 4708 699 4778 jam
737 4718 790 4756 se
817 4719 850 4778 ᾳ
879 4698 1073 4778 caeteris
1104 4701 1264 4778 longe
1301 4698 1542 4778 essenon
1571 4698 1900 4778 testimetqui
1928 4716 1983 4777 D
2009 4700 2240 4778 lﬂt_ecce
2282 4699 2334 4778 in
2373 4698 2578 4778 somnis
2621 4700 2879 4778 assistere
2919 4699 2973 4754 ei
3013 4701 3160 4778 visus
3204 4707 3287 4754 est
3324 4698 3595 4768 Christus,

271 4777 558 4832 mundum
586 4771 642 4828 ξε
669 4788 760 4845 per
795 4773 986 4845 obitum
1016 4771 1187 4845 intimi
1219 4771 1424 4845 ardoris
1457 4772 1665 4845 gaudet.
1697 4771 1905 4845 Hucus-

325 4865 408 4903 ue
427 4841 690 4902 lsidorus’.
717 4844 881 4900 Addit
902 4843 1080 4898 etalio
1104 4843 1224 4897 loco
1245 4841 1390 4912 (Lib.
1411 4841 1469 4896 ut
1493 4844 1730 4898 Sentent.
1753 4859 1798 4896 c.
1824 4843 1900 4909 6):

341 4920 408 4973 ui
449 4928 708 4971 nocturna
742 4915 982 4971 illusione
1019 4913 1285 4985 polluitur,
1331 4915 1562 4982 quamvis
1603 4924 1751 4968 extra
1793 4930 1903 4968 me-

271 4985 528 5046 ritoriam
549 4989 921 5059 cogitationum
932 5001 1039 5040 sese
1053 4985 1330 5055 persentiat
1352 4986 1712 5053 inquinatum;
1737 4994 1907 5039 tamen

270 5063 427 5117 hoc.
471 5068 526 5113 ut
568 5067 873 5116 tentaretur.
919 5056 1089 5117 culpa
1123 5070 1231 5109 sua:
1269 5054 1484 5117 tribuat,
1525 5072 1771 5117 suamque
1806 5058 1906 5109 im-

324 5079 427 5125 οε,
471 5073 526 5113 ut
568 5073 873 5116 ιεηιανειιιν.
919 5073 1089 5122 culpa:
1123 5073 1231 5109 δυιε
1269 5073 1484 5122 ινιοααι,
1525 5073 1771 5125 suamque
1806 5073 1906 5109 tm-

270 5072 427 5125 hoc,
471 5072 526 5113 ut
568 5072 873 5116 tentaretur.
919 5072 1089 5122 culpa:
1123 5072 1231 5109 sua:
1269 5072 1484 5122 tribuat,
1525 5072 1707 5126 suamq

269 5133 622 5188 munditiam
644 5130 820 5186 statim
841 5128 1333 5200 fletibustergat.‘_r
1412 5199 1418 5200 γ
1651 5197 1684 5200 __

370 5203 406 5243 ι)
459 5202 517 5257 ld
561 5209 668 5268 est,
719 5197 921 5256 diaboli
969 5214 1132 5270 opera
1153 5197 1236 5270 iet
1281 5197 1532 5270 illusione
1578 5197 1806 5270 pollutio
1849 5199 1904 5254 in

270 5274 515 5335 somnis
562 5282 906 5345 procuretur.
950 5268 1040 5345 Sic
1093 5269 1230 5345 intra
1282 5287 1296 5326 :
1342 5268 1590 5345 Occultos
1636 5269 1908 5345 diabolica

274 5339 806 5424 factionis'insidias
831 5342 1182 5424 pervideru'nt.
1217 5340 1347 5397 Item
1387 5361 1406 5424 ί
1433 5339 1613 5424 anis
1639 5340 1911 5424 diabolica:

273 5411 558 5494 'factionis
583 5431 736 5494 scena
754 5411 953 5494 detecta
975 5413 1306 5494 est..ltursus
1321 5428 1351 5494 _z
1371 5411 1668 5494 Aduersarii
1690 5412 1912 5494 factiosa

271 5483 490 5548 iacuit
520 5488 876 5557 ludiﬁcatione
908 5484 1151 5557 propelli.
1180 5484 1335 5551 Quod
1368 5484 1593 5557 pollutio
1621 5483 1911 5557 subinde_a

277 5563 401 5620 dia
413 5561 539 5616 bo.o
578 5553 1366 5630 procuretur'_do'rniientibus,
1387 5555 1621 5630 _diserte_
1639 5556 1800 5630 docet
1846 5553 1908 5630 [_).

269 5635 555 5694 Thomas
579 5625 647 5702 '(5
677 5647 758 5700 p.,
789 5647 844 5700 q.
877 5628 1048 5702 80,_a.
1079 5626 1173 5697 7):
1207 5625 1909 5702 Quandoque,ait,pollutio

265 5696 617 5783 ,ronenitna
654 5696 812 5783 causa
848 5696 1138 5783 extrinsec‘a
1171 5696 1451 5783 spirituati,
1485 5696 1772 5752 scilicet“
1799 5697 1907 5783 die.

267 5770 535 5836 ὖηοηιιηι
556 5773 819 5839 illusione,
840 5771 931 5854 qui
950 5770 1312 5854 phantasmata
1332 5785 1647 5854 commovere
1669 5777 1906 5854 possunt:

269 5865 369 5909 es
421 5862 645 5917 quorum
679 5840 1002 5916 apparitione
1036 5842 1252 5912 pollutio
1276 5842 1535 5897 interdum
1561 5840 1900 5911 subsequitur.

775 5947 1054 6006 Pauor.
1118 5940 1352 6004 XLIX.

2009 4770 2169 4839 hujus
2208 4768 2497 4840 dubietatis
2545 4769 2956 4840 perplexitatem
2997 4769 3318 4834 dissolvens,
3354 4783 3602 4840 eumque

2010 4841 2317 4913 parabolica
2362 4839 2714 4913 similitudine
2765 4843 3069 4913 instruens;
3123 4840 3270 4910 quod
3318 4839 3364 4894 si
3414 4839 3601 4896 asinus

2009 4911 2166 4978 suus,
2195 4913 2250 4967 id
2301 4921 2404 4978 est,
2440 4912 2648 4967 brutale
2689 4923 2742 4969 et
2787 4911 3101 4968 irrationale
3144 4926 3341 4981 corpus
3381 4926 3479 4981 pro
3520 4913 3604 4967 in-

2012 4993 2137 5039 nata
2177 4981 2569 5039 consuetudine
2611 4999 2762 5039 suam
2797 4984 3004 5040 faceret
3043 4981 3460 5050 immunditiam,
3491 4998 3603 5039 non

2014 5064 2237 5126 propter
2272 5055 2377 5127 hoc
2403 5062 2584 5127 rector
2612 5055 2752 5127 ejus,
2782 5055 2835 5111 id
2864 5063 2966 5122 est,
2997 5054 3276 5127 rationalis
3303 5054 3537 5127 animus,
3572 5070 3604 5110 a

2015 5124 2284 5182 consensu
2314 5125 2610 5180 immunda:
2632 5124 2811 5181 carnis
2834 5124 3104 5181 illecebrae
3123 5126 3356 5192 alienus,
3380 5124 3610 5182 deberet

2015 5198 2085 5253 ab
2126 5211 2356 5252 ascensu
2401 5196 2730 5264 caelestium,
2782 5198 2884 5252 hoc
2925 5204 3029 5264 est,
3070 5211 3101 5252 a
3144 5197 3609 5266 contemplatione

2015 5268 2344 5340 divinorum,
2371 5269 2456 5324 vel
2475 5271 2542 5340 ab
2561 5269 2822 5324 exercitio
2842 5267 3203 5340 spiritualium
3224 5269 3609 5340 mysteriorum

2019 5350 2258 5410 torpere.
2301 5338 2418 5406 Qua
2458 5339 2663 5394 visione
2702 5339 3013 5394 consolatus
3038 5353 3227 5394 servus
3259 5338 3376 5403 Dei,
3411 5341 3610 5395 mentis

2018 5411 2726 5482 quietem,spiritualemque
2741 5411 2980 5465 laetitiam
2997 5413 3288 5479 resumpsit
3304 5410 3613 5480 intelligens

2020 5481 2562 5546 obvinvoluntariam,
2597 5481 2810 5551 legique
2847 5482 3043 5538 mentis
3076 5497 3186 5537 sum
3219 5493 3612 5550 repugnantem

2022 5555 2203 5610 carnis
2223 5553 2599 5624 pollutionem,
2630 5567 2736 5606 non
2759 5567 2882 5608 eum
2909 5561 3162 5623 oportere
3181 5568 3212 5607 a
3235 5551 3403 5608 divini
3433 5567 3612 5608 sacra-

2021 5627 2190 5682 menti
2219 5624 2600 5681 communione
2627 5638 2862 5680 cessare.
2897 5625 3024 5679 Haec
3051 5625 3146 5679 ibi.

2092 5695 2119 5736 ἀ
2167 5697 2224 5753 Id
2255 5705 2357 5762 est,
2392 5695 2776 5752 invaletudinis
2816 5711 2911 5752 seu
2966 5694 3315 5764 infirmitatis,
3365 5704 3423 5750 ut
3468 5709 3613 5768 saepe

2016 5770 2219 5826 dictum
2251 5777 2353 5825 est.

3098 5937 3177 6001 39
