4092 6322
539 331 676 389 1227

1612 317 1892 378 JOANNIS
1929 315 2245 378 CASSIANI
2277 315 2767 380 COLLATlONES.

3691 317 3830 390 {228

533 445 818 505 confestim
858 444 924 499 ad
966 455 1183 498 causam
1226 439 1446 496 tertiam
1481 445 1852 504 recurrentes,
1891 435 2130 492 occultas
2156 439 2211 500 Α
2233 434 2516 492 nimietate
2547 435 2852 494 aescendit.
2882 436 3227 511 Quapropter
3248 443 3575 500 summm
3599 452 3672 499 an
3701 443 3830 502 inn-

533 541 817 597 diabolicae
856 533 1107 594 factionis
1135 532 1359 588 insidias
1391 531 1770 603 pervidcrunt,
1810 531 2126 601 probantes-

531 651 643 708 que
669 649 770 693 nec
789 635 983 690 anima:
1001 631 1216 700 culpam
1240 644 1385 696 esse,
1415 641 1518 684 nec
1544 626 1747 698 carnis,
1767 625 2127 683 sacrosanctis

531 743 656 787 eum
687 727 862 800 epulis
902 725 1101 781 debere
1138 721 1355 778 misceri
1396 719 1866 777 confidentissime
1898 732 2125 775 censue-

529 829 688 887 runt;
735 833 805 875 ne
846 817 1055 873 scilicet
1093 816 1138 872 si
1188 813 1243 871 in
1289 815 1390 870 hac
1430 812 1795 869 obstinatione
1834 810 2018 886 [Lips.
2068 811 2124 866 in

528 930 698 986 marg.
727 909 1099 982 abstinentia]
1127 910 1401 980 durasset,
1436 907 1676 965 versutis
1708 905 1929 978 maligni
1952 905 2122 962 hostis

525 1009 736 1080 laqueis
761 1006 1060 1078 obligatus,
1088 1001 1538 1060 sanctificationis
1565 1011 1619 1059 et
1645 1001 1893 1071 corporis
1919 995 2122 1056 Christi

524 1101 799 1174 particeps
822 1114 948 1156 esse
975 1114 1086 1154 non
1111 1107 1318 1170 posset,
1350 1104 1405 1153 et
1431 1110 1531 1167 per
1555 1094 1697 1150 hanc
1732 1092 1976 1150 fraudem
2008 1107 2121 1148 me-

525 1195 706 1252 dicina
736 1193 962 1251 remedii
1002 1193 1258 1250 salutaris
1305 1191 1358 1246 in
1403 1199 1726 1262 perpetuum
1755 1189 2115 1245 fraudaretur.

525 1288 643 1357 Quo
670 1286 810 1342 facto
850 1287 924 1342 ita
963 1285 1145 1341 omnis
1179 1283 1462 1339 diabolicae
1492 1282 1743 1338 factionis
1774 1295 1937 1338 scena
1970 1281 2119 1336 dete-

523 1392 608 1438 cta
629 1390 732 1446 est,
758 1389 820 1436 ut
840 1395 966 1437 mox
990 1381 1200 1435 virtute
1222 1375 1491 1435 Dominici
1511 1374 1755 1448 corporis
1777 1382 2114 1447 protegente,

522 1474 611 1529 illa
666 1473 956 1544 praeterita:
994 1471 1266 1528 illusionis
1313 1468 1654 1526 consuetudo
1701 1479 1946 1525 cessaret
1997 1484 2010 1521 :
2061 1468 2114 1524 in

520 1581 628 1637 quo
677 1565 885 1621 inimici
928 1565 1087 1622 dolus
1125 1563 1406 1621 evidenter
1444 1562 1719 1634 apparuit,
1768 1570 1823 1618 et
1871 1560 2117 1632 exposita

520 1670 604 1716 est
631 1659 843 1731 pariter
873 1674 936 1716 ac
964 1659 1189 1730 probata
1216 1657 1485 1714 sententia
1517 1655 1816 1724 seniorum,
1856 1669 1976 1727 qum
2005 1655 2115 1724 ple-

517 1770 747 1826 rumque
788 1756 929 1810 hunc
959 1752 1385 1825 impurissimum
1420 1751 1652 1818 ﬂuxum,
1684 1766 1783 1807 nec
1809 1751 2002 1806 anima:
2030 1749 2116 1806 vi-

2229 530 2444 588 sionum
2467 532 2691 589 istarum
2715 533 2987 591 illecebris
3009 533 3253 607 liberari,
3278 537 3425 594 omni
3446 537 3653 595 virtute
3674 540 3830 596 nobis

2227 633 2313 681 est
2337 626 2648 684 enitendum
2691 646 2705 682 :
2755 626 3018 697 Primum,
3063 639 3123 686 ut
3161 629 3542 689 fornicationis
3570 634 3829 706 passione

2224 717 2437 776 devicta
2454 720 2609 791 juxta
2633 722 2850 778 beatum
2871 723 3215 795 Apostolnm,
3239 743 3343 782 non
3362 737 3542 801 regnet
3563 739 3830 803 peccatum
3893 727 3902 753 ί

2225 812 2278 868 in
2303 825 2480 871 nostra
2505 819 2716 873 mortali
2741 835 2976 889 corpore,
3000 820 3068 876 ad
3090 819 3431 878 obedientium
3454 825 3828 896 concupiscen-
3889 813 3902 838 ἓ

2224 908 2310 964 tiis
2341 911 2450 982 ejus
2481 911 2668 986 (Rom.
2699 911 2807 986 vt).
2847 911 3126 983 Secundo,
3157 921 3217 970 ut
3247 914 3366 987 ipso
3395 930 3616 990 quoque
3648 917 3828 975 illece-

2223 1000 2387 1061 broso
2413 1005 2658 1077 corporis
2684 1014 2830 1063 motu
2859 1006 3050 1064 sedato
3075 1006 3292 1080 penitus
3319 1024 3381 1066 ac
3409 1010 3610 1082 sopito,
3636 1028 3827 1085 nequa-

2221 1111 2376 1166 quam
2405 1097 2733 1155 exhibeamus
2763 1101 2994 1156 membra
3018 1112 3196 1158 nostra
3223 1120 3368 1158 arma
3393 1103 3682 1180 iniquitatis
3707 1124 3826 1179 pec-

2221 1197 2336 1244 cato
2362 1189 2576 1264 (lbid.).
2602 1192 2814 1260 Tertio,
2849 1201 2912 1249 ut
2939 1193 3205 1252 interiore
3232 1211 3445 1268 quoque
3473 1194 3699 1255 homine
3728 1214 3826 1254 no—

2223 1292 2355 1352 stro,
2401 1285 2470 1340 ab
2503 1285 2593 1341 illa
2637 1286 2882 1344 libidinis
2919 1288 3234 1347 titillatione
3264 1289 3592 1348 omnimodis
3617 1306 3681 1346 ac
3708 1307 3826 1348 me-

2221 1378 2446 1436 dullitus
2474 1380 2825 1450 mortificato,
2855 1383 3186 1439 exhibeamus
3213 1401 3307 1441 nos
3336 1383 3447 1440 Deo
3470 1394 3732 1458 tamquam
3763 1403 3827 1442 ea:

2219 1474 2437 1528 mortuis
2480 1473 2725 1542 viventes,
2766 1483 2822 1530 et
2858 1475 2934 1531 ita
2975 1491 3072 1546 per
3108 1476 3254 1536 hunc
3293 1477 3599 1552 profectum
3632 1495 3825 1551 perve-

2219 1565 2435 1622 nientes
2469 1566 2535 1620 ad
2563 1576 2878 1637 perpetuam
2907 1565 3146 1639 quietem
3178 1569 3424 1642 corporis
3454 1569 3648 1638 nostri,
3677 1569 3826 1624 exiti-

2220 1656 2426 1714 beamus
2457 1660 2611 1713 etiam
2645 1659 2872 1714 membra
2903 1671 3082 1716 nostra
3116 1677 3224 1718 non
3253 1663 3365 1734 jam
3401 1678 3553 1720 arma
3581 1661 3822 1734 libidini,

2219 1750 2318 1806 sed
2357 1751 2582 1823 justitiaz
2625 1749 2735 1806 Deo
2780 1749 2992 1826 (Ibid.).
3034 1752 3094 1809 ln
3136 1769 3242 1828 qua
3285 1755 3442 1811 nobis
3479 1754 3827 1812 castimonia:

517 1846 617 1914 tio,
656 1848 753 1904 sed
783 1846 1081 1904 adversarii
1120 1847 1343 1903 factiosa
1373 1845 1557 1902 docuit
1595 1845 1966 1902 ludiﬁcatione
1993 1859 2119 1916 pro-
2148 1852 2197 1918 Β
2224 1843 2457 1914 puritate
2487 1843 2746 1915 fundatis,
2777 1855 3060 1917 peccatum
3095 1846 3151 1903 in
3186 1848 3346 1905 nobis
3371 1847 3483 1920 jam
3513 1862 3622 1904 non
3651 1847 3826 1904 domi-

514 1942 664 2012 pelli.
695 1951 721 1980 ιι
752 1941 824 1998 Ut
863 1956 994 2013 ergo
1033 1941 1196 1996 fallax
1235 1941 1549 2013 imaginatio
1587 1940 1950 2007 somniorum,
1994 1939 2116 1995 ille-

513 2033 654 2089 ctrix
679 2035 977 2105 egestionis
1003 2034 1252 2103 impurae,
1281 2034 1368 2090 vel
1397 2034 1449 2090 in
1479 2042 1818 2105 perpetuum,
1852 2033 1937 2088 vel
1959 2040 2110 2090 certe

513 2127 598 2201 (ut
626 2127 928 2184 secundum
957 2127 1322 2195 humiliorem,
1353 2128 1468 2184 sive
1501 2142 1844 2184 communem
1877 2126 2107 2182 dixerim

514 2220 738 2294 statum)
759 2222 923 2277 certis
952 2220 1232 2276 mensibus
1255 2221 1556 2292 ignoretur,
1591 2229 1713 2291 post
1744 2221 1887 2276 illam
1921 2220 2104 2290 fidem,

511 2330 618 2384 qua
646 2315 714 2371 de
741 2315 838 2372 Dei
867 2314 1177 2385 specialiter
1203 2315 1373 2386 gratia
1401 2313 1650 2386 puritatis
1676 2314 1876 2371 donum
1906 2314 2110 2386 jugiter

513 2422 736 2478 sperare
780 2423 881 2465 nos
927 2409 1202 2476 convenit,
1244 2423 1385 2464 escae
1430 2417 1696 2478 potusque
1732 2417 1816 2464 est
1856 2408 2108 2464 nimietas

507 2501 848 2573 castiganda.
881 2501 1083 2559 Horum
1125 2517 1357 2572 namque
1397 2501 1758 2558 redundantia
1801 2500 2106 2557 istiusmodi

504 2595 764 2654 humores
799 2597 1123 2668 propensius
1153 2595 1301 2668 gigni
1331 2609 1557 2651 necesse
1585 2603 1688 2662 est,
1732 2595 1823 2667 qui
1851 2597 2104 2666 quoniam

505 2691 751 2750 concreti
775 2707 882 2749 non
914 2701 1143 2766 possunt
1173 2709 1278 2747 non
1310 2692 1478 2762 egeri,
1517 2701 1683 2763 atque
1710 2691 1777 2748 ab
1805 2691 1975 2763 ipsius
2006 2707 2104 2746 na-

505 2792 641 2842 tura
670 2785 792 2857 lege
818 2784 1072 2856 propelli,
1100 2784 1202 2840 sub
1232 2784 1525 2840 occasione
1552 2784 1946 2856 cujuscumque
1972 2797 2104 2854 pru-

501 2877 643 2934 ritus
670 2887 833 2948 atque
856 2878 1129 2934 illusionis
1155 2889 1459 2947 emergunt.
1491 2876 1753 2934 Escarum
1783 2893 1912 2932 vero
1939 2878 2105 2932 satie-

505 2981 618 3031 tate
648 2973 946 3044 subtracta,
975 2988 1318 3043 consequens
1346 2982 1432 3030 est
1467 2971 1590 3030 illas
1619 2987 1838 3043 quoque
1865 2972 2103 3028 immun-

503 3063 602 3120 das
624 3064 934 3135 egestiones
973 3065 1181 3122 tardius
1209 3064 1490 3136 generari;
1524 3076 1579 3120 et
1609 3065 1684 3119 ita
1721 3065 1786 3120 lit
1819 3074 1880 3120 ut
1915 3080 2106 3136 quem.

503 3154 801 3212 admodum
829 3154 1006 3212 fluxus
1026 3170 1236 3224 earum,
1267 3158 1341 3213 ita
1368 3158 1532 3215 etiam
1555 3157 1740 3213 illusio
1766 3158 2104 3216 dormientes

501 3249 587 3306 vel
628 3249 825 3318 rarius,
870 3249 954 3308 vel
994 3250 1246 3308 subtilius
1284 3250 1570 3324 inquietet,
1617 3251 1748 3324 quia
1787 3268 1896 3310 non
1925 3253 2101 3311 solum

2223 1935 2458 1993 nubitur.
2502 1935 2620 1993 Non
2653 1937 2797 1995 enim
2829 1953 3017 1996 sumus
3044 1939 3145 1996 sub
3177 1938 3318 2012 lege,
3351 1956 3470 2012 quae
3495 1941 3627 1999 dum
3671 1942 3824 1998 licita

2216 2030 2528 2101 nuptiarum
2553 2030 2677 2103 jura
2705 2031 3074 2102 commendat,
3101 2035 3263 2090 etiam
3293 2034 3445 2090 illum
3479 2035 3638 2107 cujus
3665 2035 3824 2091 mini-

2213 2125 2384 2181 sterio
2413 2140 2550 2196 opus
2576 2125 2781 2182 illicitae
2820 2127 3191 2184 fornicationis
3226 2129 3498 2200 expletur,
3529 2129 3585 2184 in
3618 2127 3823 2186 nostris

2211 2216 2466 2274 medullis
2492 2219 2664 2274 nutrit
2688 2233 2751 2275 ac
2772 2229 3014 2276 reservat
3039 2220 3294 2277 ardorem
3328 2239 3340 2274 :
3372 2219 3470 2280 sed
3497 2221 3602 2277 sub
3625 2221 3820 2294 gratia,

2211 2326 2333 2384 quae
2356 2311 2483 2369 dum
2509 2313 2972 2386 incorruptionem
3000 2313 3329 2386 virginitatis
3361 2314 3622 2383 insinuat,
3655 2318 3820 2372 etiam

2213 2406 2377 2464 istum
2424 2408 2710 2465 innoxium
2754 2423 2820 2465 ac
2865 2409 3171 2480 simplicem
3202 2409 3455 2480 corporis
3491 2418 3716 2476 motum,
3761 2416 3822 2465 et

2207 2501 2384 2574 ipsius
2414 2516 2632 2575 quoque
2660 2501 2794 2560 liciti
2825 2501 3004 2559 coitus
3031 2501 3300 2558 interimit
3331 2502 3662 2572 volnptatem
3687 2518 3705 2568 ;
3740 2511 3821 2558 at-

2209 2613 2318 2672 que
2357 2599 2436 2654 ita
2479 2599 2692 2656 cunctis
2722 2597 3103 2670 impurissimis
3140 2596 3467 2655 colluvionis
3496 2595 3822 2654 humoribus

2209 2692 2487 2760 arefactis,
2526 2691 2556 2732 δ
2595 2692 2800 2763 egregii
2842 2706 2905 2748 ac
2952 2689 3256 2748 laudabiles
3284 2688 3543 2759 eunuchi,
3589 2689 3682 2760 qui
3719 2703 3820 2761 per

2209 2785 2404 2842 Isaiam
2431 2785 2799 2856 prtedicantur
2815 2784 3016 2855 eﬂ‘ecti,
3038 2785 3366 2842 merebimur
3384 2782 3565 2856 [Lips.
3579 2784 3636 2837 in
3649 2798 3819 2854 marg.

2209 2882 2572 2939 merebuntur
2595 2880 2608 2955 ι
2638 2881 2786 2938 illam
2814 2896 2935 2954 quae
2960 2879 3291 2954 promittitur
3315 2879 3396 2935 eis
3415 2876 3820 2934 beatitudinem

2213 2975 2512 3047 possidere.
2552 2973 2684 3032 Hac
2731 2975 2901 3040 enim,
2947 2975 3022 3030 ait
3068 2973 3348 3038 Dominus,
3404 2971 3676 3039 eunuchis,
3726 2973 3820 3042 qui

2212 3070 2549 3126 castodierint
2591 3069 2808 3125 sabbata
2851 3085 2985 3138 mea,
3030 3076 3078 3123 et
3117 3067 3362 3140 elegerint
3397 3081 3516 3138 quas
3555 3066 3717 3130 solui,
3768 3073 3821 3120 et

2211 3165 2468 3220 tenuerint
2495 3164 2665 3237 {tedas
2695 3179 2900 3231 meum;
2939 3161 3072 3218 dabo
3116 3161 3188 3218 eis
3232 3162 3285 3216 in
3323 3161 3478 3216 domo
3505 3175 3640 3227 mea,
3684 3157 3819 3213 etin

2209 3257 2376 3313 muris
2403 3258 2529 3314 meis
2551 3258 2743 3326 locum,
2771 3266 2820 3312 et
2851 3267 2873 3298 ο
2898 3271 3084 3314 nomen
3105 3251 3288 3310 melius
3307 3271 3340 3310 a
3363 3251 3489 3322 ﬁliis
3512 3260 3562 3306 et
3581 3250 3819 3322 ﬁliabus,

502 3344 709 3416 egestio
732 3358 802 3402 ex
827 3344 1234 3416 imaginatione,
1261 3345 1358 3402 sed
1379 3346 1694 3416 imaginatio
1715 3361 1783 3402 ex
1809 3349 2109 3418 egestionis
2137 3341 2182 3404 C
2215 3351 2244 3390 ἀ
2273 3367 2461 3408 nomen
2487 3353 2860 3422 sempiternum
2889 3350 3025 3406 dabo
3050 3351 3125 3406 eis
3155 3348 3294 3420 quod
3322 3362 3426 3402 non
3453 3345 3640 3419 peribit
3673 3342 3818 3417 (1st.

1601 3438 1860 3494 ALARDI
1901 3440 2140 3499 GAZEI
2177 3444 2746 3504 COMMENTARIUS.

574 3542 600 3574 ιι
627 3533 887 3604 Proponit
921 3533 1127 3604 aliquot
1156 3531 1394 3588 remedia
1427 3531 1689 3588 adversus
1724 3531 2011 3591 illusiones
2042 3545 2098 3592 et

503 3606 829 3676 pollutiones
857 3613 1172 3670 nocturnas,
1203 3618 1434 3674 quorum
1466 3604 1700 3676 primum
1732 3617 1817 3676 est
1864 3606 2096 3663 mortifi-

503 3675 644 3736 catio
685 3679 865 3734 omnis
904 3675 1197 3748 passionis,
1226 3690 1324 3730 seu
1350 3676 1624 3748 appetitus
1656 3675 1936 3748 libidinosi
1964 3695 1981 3744 ;
2010 3693 2094 3736 se-

501 3749 737 3806 cundum
750 3747 1078 3806 abstinentia
1099 3762 1197 3802 seu
1217 3747 1478 3803 cohibitio
1492 3747 1735 3818 corporis
1749 3757 1804 3803 et
1818 3749 2097 3807 membro-

504 3837 624 3877 rum
651 3821 719 3876 ab
749 3822 898 3878 omni
942 3828 1073 3893 actu
1094 3819 1389 3888 impudico,
1433 3818 1598 3888 quod,
1631 3820 1931 3893 secundum
1963 3838 2096 3893 apo-

501 3894 700 3948 stolum
729 3935 742 3956 ,
773 3902 856 3949 est
897 3891 1213 3961 crucifigere
1261 3905 1482 3948 carnem
1510 3905 1664 3946 suam
1706 3907 1830 3947 cum
1861 3891 2014 3949 vitiis
2041 3904 2098 3952 et

503 3964 958 4033 concupiscentiis
987 3961 1328 4035 ejus_(Galat.
1356 3961 1432 4034 v);
1457 3962 1698 4035 tertium,
1726 3963 1941 4020 tinuum
1967 3981 2096 4035 pro-

502 4032 735 4104 positum
759 4043 815 4089 et
834 4032 1085 4090 voluntas
1107 4032 1342 4088 hominis
1368 4032 1662 4101 interioris,
1689 4035 1742 4091 id
1768 4043 1870 4101 est,
1899 4032 2094 4100 animi,

505 4105 813 4161 abstinendi
841 4113 1102 4176 perpetuo
1124 4105 1189 4159 ab
1212 4106 1361 4162 omni
1397 4105 1676 4176 voluptate
1703 4109 2100 4176 venerea,sive

502 4175 716 4234 interna
744 4185 800 4233 et
823 4175 1093 4252 s_piritali,_
1109 4179 1224 4232 sive
1247 4186 1474 4234 externa
1502 4175 1557 4232 et
1584 4181 1894 4252 corporali,
1925 4175 2098 4252 seque

501 4263 697 4320 purum
741 4259 795 4306 et
844 4248 1246 4320 immaculatum
1290 4265 1518 4319 corpore
1572 4259 1627 4306 et
1677 4251 1874 4320 spiritu
1905 4248 2094 4308 divino

501 4318 764 4391 Obsequio
808 4319 1172 4389 mancipandi.
1205 4318 1403 4376 Verum
1444 4320 1560 4375 haec
1586 4318 1898 4380 communia
1923 4332 1978 4378 et
2005 4339 2094 4380 rc-

501 4394 734 4465 motiora
764 4400 890 4465 sunt
923 4392 1194 4456 remedia;
1214 4393 1478 4465 proniora
1508 4407 1638 4448 vero
1679 4403 1734 4448 et
1763 4395 1934 4465 magis
1967 4411 2097 4465 spe-

499 4463 665 4535 cialia
689 4473 815 4520 sunt
843 4462 1076 4535 fervens
1115 4471 1170 4517 et
1196 4463 1393 4518 devota
1441 4467 1638 4530 oratio,
1667 4462 1970 4535 praesertim
2000 4462 2092 4524 ἰνδ-

500 4534 744 4615 sportina
774 4534 857 4615 vel
881 4534 1042 4615 etiam
1067 4543 1354 4615 noctprna,
1378 4534 1851 4615 sacramentorum
1880 4538 2096 4615 confes-

501 4605 670 4660 sionis
695 4615 752 4662 ct
789 4605 1143 4678 Eucharistite
1195 4606 1574 4677 frequentatio,
1605 4607 1808 4677 jejuuia
1834 4651 1849 4677 ,
1881 4610 2096 4678 aliaque

500 4675 940 4732 rnortilicationis
969 4687 1022 4750 et
1053 4675 1385 4746 poeniteniim
1412 4675 1698 4748 exercitia,
1732 4675 1853 4750 fuga
1896 4675 2093 4737 mulie-

498 4763 638 4814 rum,
665 4751 916 4823 turpium
930 4749 1268 4823 obiectorum
1299 4761 1355 4806 et
1381 4750 1696 4823 imaginum,
1723 4751 1810 4820 pia
1842 4761 1894 4807 et
1922 4767 2092 4823 Spon-

499 4827 656 4894 tanpa
682 4821 767 4894 sui
789 4821 1037 4876 confusio
1067 4829 1121 4894 et
1149 4822 1550 4892 ernbescentia,
1571 4831 1628 4878 et
1657 4821 1988 4894 hujusmodi,
2021 4825 2096 4882 de

499 4891 692 4962 quibus
722 4891 854 4947 alias
879 4907 1024 4960 saepe
1053 4891 1260 4948 dictum
1285 4902 1388 4948 est.

570 4961 596 4998 ιι
631 4963 774 5030 Quos
802 4963 1059 5018 Dominus
1089 4963 1140 5018 in
1167 4963 1464 5034 Evangelio
1490 4965 1838 5022 commendat
1859 4967 2090 5024 dicens:

495 5031 638 5111 ._Sunt
667 5034 891 5111 eunuchi
919 5035 1006 5105 qui
1032 5052 1086 5089 se
1117 5031 1468 5111 castraverunt
1497 5048 1707 5109 prapter
1740 5055 1957 5111 regnum
1981 5058 2090 5098 ctu-

498 5102 666 5179 lerum
708 5102 1093 5177 (Matt/usta),
1131 5107 1179 5160 id
1223 5116 1307 5164 est
1351 5102 1664 5179 perpetuam
1695 5102 2090 5169 conliueutiam

496 5175 778 5249 elegerunt
823 5185 879 5232 et.
925 5175 1215 5245 voverunt,
1252 5175 1426 5249 coque
1453 5175 1588 5236 'voto
1630 5182 1728 5238 sibi
1774 5181 2090 5240 facultatem

497 5248 676 5320 omnis
724 5264 973 5306 venerea:
997 5252 1283 5320 voluptatis
1312 5248 1654 5307 ademerunt.
1683 5253 1758 5308 De
1783 5254 1868 5309 bis
1897 5256 2090 5312 itidem

597 5319 955 5400 Hieronymus
1005 5316 1168 5400 (ljili.
1213 5337 1232 5378 ι
1275 5324 1474 5379 advers.
1500 5321 1784 5400 Δδιιουὶηὶαῃ.
1827 5343 1943 5398 cap.
1985 5327 2042 5400 ἶ)
2068 5346 2086 5382 ;

495 5387 721 5467 Grandis
743 5433 757 5454 ,
790 5387 1024 5467 inquit,‘
1049 5394 1168 5467 ﬁdei
1197 5403 1300 5462 est,
1342 5395 1662 5467 grandiaque
1705 5387 1909 5452 uirtutis
1935 5443 1949 5467 ,
1985 5387 2086 5454 Dei

491 5463 733 5538 tgmplum
758 5481 866 5518 esse
890 5466 1242 5538 purissimum,
1262 5463 1424 5521 totum
1448 5483 1499 5522 se
1525 5463 1882 5523 habitaculum
1897 5463 2091 5538 οἴει-ναί

489 5530 717 5588 Domino
738 5576 753 5600 ,
781 5546 850 5605 et,
882 5537 1041 5606 juxta
1074 5530 1301 5608 eumdem
1335 5540 1637 5608 Apostolum
1659 5581 1672 5604 ,
1699 5557 1806 5595 esse
1843 5530 2087 5597 sanctum

489 5613 804 5685 ett-corpore,
837 5618 884 5661 et
908 5609 1113 5685 spiritu.
1149 5607 1217 5662 Hi
1245 5620 1361 5664 sunt
1382 5607 1614 5685 reunuc‘lti
1642 5613 1752 5681 qui,
1783 5630 1836 5668 se
1878 5615 2088 5685 lignum

488 5677 694 5756 aridum
724 5677 1134 5756 ob_st_erilitat_ent
1171 5691 1440 5756 putantes,
1461 5677 1685 5756 audiunt
1711 5686 1852 5756 apud
1881 5677 2082 5740 Isaiam

487 5748 626 5829 quod
651 5763 745 5829 pro
777 5749 901 5817 ﬁliis
928 5761 977 5805 et
1000 5748 1402 5829 ﬁliabuslocum
1426 5755 1478 5829 in
1504 5756 1640 5829 caelis
1669 5748 2080 5829 habeant_para-

488 5824 617 5872 tum.
650 5815 854 5898 Horum
882 5815 1030 5898 typus
1055 5831 1129 5898 est
1158 5823 1492 5898 Abdemelech
1514 5826 1580 5898 in
1599 5824 1832 5882 Ieremia
1857 5815 2076 5898 (feram.

489 5887 749 5959 ssxvnt),
780 5899 828 5951 et
855 5887 1022 5962 spado
1049 5892 1139 5953 ille
1164 5895 1355 5963 regina:
1377 5895 1653 5966 Candacis,
1686 5899 1738 5953 in
1766 5887 1908 5957 Actis
1934 5903 2058 5964 Apo-
2086 5977 2088 5980 ν
2117 5915 2133 5978 τ’

2081 5981 2137 6024 η.

2092 4863 2097 4945 ξ
2124 4863 2180 4924 D

2203 3538 2479 3610 stolarum,
2523 3541 2614 3610 qui
2645 3539 2707 3595 ob
2731 3539 2892 3596 robur
2920 3537 3043 3608 ﬁdei
3071 3536 3168 3592 viri
3199 3551 3389 3590 nomen
3417 3531 3816 3610 ob_tit_tuit_(Act.

2207 3609 2355 3683 νιιι)ζ
2385 3602 2477 3667 Ad
2498 3602 2590 3666 ab;
2621 3621 2668 3665 et
2692 3602 2932 3666 Clemens
2970 3623 3242 3683 successor
3259 3606 3488 3683 apostoli
3516 3602 3690 3683 Petri,
3726 3621 3820 3683 cat-

2193 3676 2530 3756 jus'Paulus
2558 3685 2828 3754 apostolus
2857 3681 3088 3738 meminit
3113 3676 3346 3752 (Philip.
3371 3676 3476 3756 tv),
3501 3677 3818 3756 scribitepi.

2203 3749 2390 3822 stolas,
2421 3749 2725 3825 omnemque
2753 3770 2884 3826 pene
2913 3749 3203 3826 sermonem
3231 3767 3384 3806 suum
3411 3751 3475 3804 de
3503 3749 3819 3826 uirginitatis

2203 3819 2430 3898 puritate
2467 3819 2763 3898 contesjuitl
2797 3825 2924 3898 Haec
2952 3823 3012 3880 S.
3043 3824 3431 3898 Hieronymus,
3454 3829 3510 3878 et
3539 3834 3738 3898 rursus
3764 3819 3822 3874 in

2204 3891 2604 3954 commentario
2632 3895 2950 3968 isaiaeilsa.
2980 3895 3088 3966 va)
3117 3913 3132 3968 ;
3183 3891 3385 3968 Talem,
3418 3893 3617 3968 inquit,
3659 3891 3822 3962 fuisse

2205 3968 2536 4037 eunuchum,
2586 3985 2737 4038 quem
2767 3963 2923 4022 Jesus
2961 3963 3159 4021 amavit
3188 3963 3514 4038 plurimum,
3553 3963 3821 4038 Joannem

2206 4035 2578 4111 evangelistam
2599 4035 2975 4094 ecclesiastica:
2997 4035 3212 4111 tradunt
3247 4037 3510 4111 historiae,
3543 4035 3638 4111 qui
3663 4050 3820 4111 recu-

2207 4109 2318 4167 buit
2337 4106 2503 4182 super
2535 4121 2714 4180 pectus
2744 4111 2774 4163 J
2783 4127 2915 4177 esu;
2942 4110 3034 4181 qui
3065 4109 3233 4182 Petrei
3256 4109 3463 4182 tardius
3487 4106 3817 4182 ambulante,

2207 4185 2376 4238 elatus
2399 4177 2709 4254 uirginitatis
2735 4183 2836 4237 alis
2866 4177 3096 4236 cucurrit
3113 4181 3182 4236 ad
3204 4180 3493 4254 Dominum,
3518 4177 3704 4250 (Joan.
3724 4193 3820 4234 xm

2205 4265 2257 4309 et
2282 4256 2420 4324 ut);
2447 4252 2538 4324 qui
2564 4255 2620 4309 in
2649 4263 2846 4309 secreta
2876 4254 3061 4309 divina:
3086 4269 3139 4309 se
3161 4252 3449 4324 nativitatis
3480 4253 3815 4324 immergeng,

2204 4317 2392 4381 ausus'
2410 4317 2484 4380 est
2517 4326 2719 4397 dicere,
2769 4327 2909 4397 quod
2937 4333 3124 4397 cuncta
3150 4323 3344 4397 sucula
3371 4317 3722 4397 nesciebant:
3751 4317 3816 4375 In

2209 4398 2468 4466 principio
2501 4407 2613 4452 erat
2658 4392 2920 4466 Verbum.
2945 4406 2994 4453 et
3036 4395 3264 4452 Verbum
3289 4403 3398 4448 erat
3427 4397 3571 4466 apud
3612 4392 3813 4466 psum,

2209 4415 2376 4466 princ:
2439 4415 2468 4452 ο
2501 4415 2613 4452 erat
2664 4415 2689 4451 γ
2708 4415 2920 4461 eruum.
2945 4415 2994 4453 et
3043 4415 3264 4452 verbum
3289 4415 3398 4448 erat
3427 4415 3570 4464 apud
3615 4415 3813 4457 υειωι,

2207 4478 2310 4524 etc.
2341 4415 2523 4541 (fderi.
2557 4471 2622 4535 ι).
2656 4465 2908 4541 Facessat
2930 4469 3089 4540 igitur
3115 4468 3286 4541 omnis
3305 4465 3571 4541 cavillatio
3595 4461 3816 4541 κάωσ-

2204 4537 2419 4607 τυηι,ἐι
2445 4542 2574 4595 risui
2602 4539 2832 4609 praebere
2849 4557 2905 4595 se
2927 4537 3088 4596 cesset
3118 4539 3354 4610 aperiens
3377 4537 3636 4610 semiviris
3656 4551 3814 4610 regna

2210 4612 2481 4676 caelorum,
2513 4608 2631 4666 cum
2657 4611 2915 4680 pudicitia
2939 4627 3044 4668 non
3069 4611 3126 4666 in
3155 4608 3430 4664 debilitate
3456 4609 3525 4664 sit
3553 4608 3813 4678 corporis.

2205 4685 2302 4738 sed
2330 4685 2384 4738 in
2407 4685 2571 4738 animi
2595 4684 2886 4739 voluntate.

2285 4767 2307 4794 ε
2339 4755 2396 4812 Id
2430 4765 2533 4828 est,
2563 4755 2825 4828 majorem
2851 4754 3084 4828 gloriam
3116 4769 3278 4828 quam
3305 4753 3376 4828 sit
3398 4751 3645 4808 ﬁliorum
3672 4758 3729 4807 et

2209 4825 2404 4882 liat'um
2428 4827 2560 4893 Dei,
2602 4823 2660 4882 ut
2691 4826 2778 4883 hic
2801 4823 2970 4884 abbas
3007 4823 3270 4897 exponit,
3309 4824 3458 4880 viros
3485 4833 3712 4897 sanctos
3757 4823 3818 4877 in

2210 4900 2380 4956 veteri
2394 4899 2750 4954 Testamento
2771 4909 3031 4957 nxoratos
3052 4895 3108 4954 et
3129 4897 3448 4967 conjugatos
3472 4895 3814 4965 intelligens;

2211 4972 2294 5028 vel
2311 4985 2512 5026 nomen
2529 4969 2963 5028 Christianorum
2988 4987 3018 5026 a
3041 4969 3228 5026 christi
3246 4969 3463 5024 stamine
3478 4967 3822 5032 derivatum,

2211 5043 2358 5115 quod
2391 5044 2558 5115 multo
2583 5043 2782 5115 melius
2810 5051 2896 5098 est
2919 5057 3326 5115 quam-nomen
3367 5040 3609 5115 ﬁliorum
3639 5038 3825 5115 Abra-

2207 5107 2318 5180 hae,
2361 5131 2466 5185 qun
2497 5112 2665 5169 Judaei
2701 5107 2952 5171 maxime-
2973 5111 3368 5184 gloriabantur,
3395 5110 3654 5185 dicentes
3676 5107 3829 5185 :_$e_-

2206 5203 2321 5240 men
2342 5180 2565 5240 A'bralue
2590 5201 2770 5240 sumus
2790 5187 2928 5260 ;_ﬁlii
2948 5180 3171 5260 A'braltar
3190 5199 3390 5260 sumus.
3420 5180 3830 5260 velsimplioi:

2208 5266 2294 5314 ter
2320 5261 2519 5315 melius
2544 5265 2599 5313 et
2630 5252 3078 5312 honoriﬁcentius
3117 5271 3230 5326 prae
3261 5253 3386 5318 filiis
3405 5262 3463 5326 et
3484 5252 3724 5326 ﬁliabus,
3759 5252 3831 5308 id

2206 5339 2332 5396 est,
2392 5344 2553 5400 quam
2580 5329 2650 5383 sit
2692 5327 2892 5384 habere
2934 5324 3135 5400 multos
3185 5327 3359 5392 ﬁlios,
3388 5324 3462 5382 de
3507 5338 3622 5400 quo
3649 5325 3834 5400 etiam

2204 5394 2381 5458 Judaei
2410 5394 2726 5470 'plurimum
2776 5399 3006 5471 gloriari
3054 5399 3268 5463 solent,
3321 5394 3600 5471 quomodo
3647 5394 3835 5471 etiam

2206 5469 2496 5548 verterunt
2524 5471 2670 5548 LXX
2699 5469 3034 5542 lutet-proles
3059 5489 3072 5526 :
3096 5472 3252 5529 τόκον
3277 5470 3570 5545 ὀνομαστὸν
3594 5469 3836 5548 nptias-es

2199 5546 2775 5624 υὶῷν-ειαὶρυγαθέρρξν.

2272 5614 2302 5655 ἀ
2332 5618 2413 5673 Ex
2443 5612 2545 5672 his'
2579 5612 2760 5672 verbis
2804 5615 3008 5684 colligit
3051 5615 3116 5674 D.
3163 5613 3499 5685 Augustinus
3548 5612 3838 5685 adsim

2201 5687 2493 5746 haereticos
2523 5686 2664 5758 (Lib.
2696 5687 2760 5742 de
2790 5687 2990 5743 Sancta
3022 5684 3272 5759 Virginit.
3300 5702 3349 5759 ρ.
3377 5684 3474 5756 ἳδ)
3501 5684 3841 5759 continen-

2198 5761 2331 5818 tiam
2358 5777 2465 5816 non
2487 5756 2667 5815 solum
2694 5760 2886 5816 utilem
2910 5774 3034 5816 esse
3060 5756 3244 5827 in‘tiac
3271 5756 3516 5827 vita,sed
3547 5771 3674 5813 esse
3694 5771 3842 5816 tne-

2134 5878 2136 5880 τ
2198 5833 2447 5890 ritoriam
2493 5832 2687 5902 gloria
2714 5831 3008 5902 singularis
3048 5832 3100 5886 in
3145 5826 3325 5886 futura
3349 5845 3366 5888 ;
3389 5826 3557 5902 Quid,
3590 5829 3790 5901 inquit
3817 5869 3842 5896 .

2197 5899 2572 5975 tergiversaris,
2598 5903 2762 5976 impia
2783 5899 2990 5962 ciuitas
3011 5905 3033 5960 ξ)
3057 5902 3196 5972 Quid
3220 5899 3556 5974 temporalem
3587 5899 3838 5956 tantum
