4092 6322
258 376 403 447 i229
1015 386 1362 448 COLLATIO
1398 384 1567 447 XXII.
1600 416 1671 436 -
1700 382 1792 447 DE
1832 384 2225 449 NOCTURNIS
2264 384 2766 450 ILLUSIONIBUS.
3400 396 3542 456 usu

260 502 392 578 ινι).
422 503 524 574 Qui
555 508 683 563 sunt
703 503 793 562 isti
820 502 917 563 ﬁlii
946 512 1000 563 et
1026 504 1167 575 ﬁliae,
1196 507 1393 581 quibus
1430 508 1484 567 in
1530 516 1735 566 tantum
1762 504 1851 566 isti
1877 505 1933 571 Α
1957 522 2101 564 vasis
2120 523 2307 565 earum
2331 507 2455 565 oleo
2480 504 2729 580 puritatis
2749 503 2997 575 internae,
3026 498 3245 562 claritas
3273 510 3544 582 acisplen-

261 603 626 674 praeferuntur
680 600 935 671 eunuchi,
991 610 1051 657 ut
1097 601 1259 658 etiam
1305 596 1484 658 locum
1534 618 1597 659 ac
1653 618 1850 660 nomen

263 694 455 750 melius
482 694 756 765 accepturi
786 709 905 751 esse
934 692 1206 763 dicantur,
1237 692 1340 751 nisi
1371 692 1450 753 illi
1477 695 1652 753 sancti
1677 695 1769 769 qui
1796 694 1850 753 in

262 785 431 844 veteri
457 784 806 844 Testamento
829 786 881 843 in
906 788 1283 860 conjugiorum
1311 789 1502 863 copula
1526 804 1853 861 permanen-

262 889 364 950 tes,
417 896 513 953 per
553 881 951 938 observantiam
993 882 1368 939 mandatorum
1407 882 1462 939 in
1506 880 1851 954 adoptionem

262 974 495 1033 ﬁliorum
521 976 615 1034 Dei
646 994 752 1034 non
777 978 1051 1035 immerito
1078 979 1478 1050 pervenerunt?
1508 978 1661 1049 Quod
1692 981 1852 1036 etiam

262 1086 463 1128 nomen
499 1083 583 1128 est
618 1071 746 1128 illud
784 1074 925 1146 quod
956 1074 1035 1130 eis
1066 1073 1214 1130 velut
1243 1073 1570 1148 praecipuum
1599 1074 1854 1147 quiddam

261 1162 379 1219 vice
425 1167 885 1223 remunerationis
933 1184 1158 1222 summzn
1200 1167 1551 1239 promittitur,
1601 1169 1702 1224 nisi
1754 1167 1857 1224 hoc

261 1257 407 1328 quod
436 1252 635 1313 Christi
653 1258 917 1316 vocabulo
939 1258 1168 1317 dicimur
1188 1276 1309 1317 esse
1330 1259 1621 1317 censendi?
1651 1260 1726 1316 De
1750 1276 1857 1332 quo

261 1351 482 1405 nomine
510 1350 637 1405 alibi
670 1366 765 1422 per
794 1349 1109 1424 prophetam
1146 1353 1221 1408 ait
1255 1372 1268 1407 :
1301 1350 1369 1407 Et
1398 1371 1569 1409 seruos
1598 1371 1733 1410 meos
1772 1370 1860 1409 vo-

262 1443 377 1497 cavi
414 1443 619 1499 nomine
660 1444 789 1516 alio,
832 1446 886 1500 in
924 1462 1024 1517 quo
1069 1444 1160 1519 qui
1199 1447 1571 1504 benedicendus
1599 1459 1671 1504 est
1700 1466 1860 1521 super

262 1544 474 1605 terram,
526 1537 851 1595 benedicatur
892 1540 945 1595 in
987 1538 1117 1606 Deo,
1167 1542 1363 1609 Amen;
1409 1551 1457 1597 et
1498 1544 1584 1615 qui
1614 1545 1760 1617 jurat
1805 1545 1859 1600 in

260 1637 403 1685 terra
423 1632 624 1703 jurabit
650 1632 705 1687 in
736 1632 867 1698 Deo,
896 1634 1057 1688 Amen
1082 1631 1217 1706 (Isa.
1247 1635 1395 1705 ων).
1425 1633 1494 1691 Et
1522 1637 1717 1692 iterum
1744 1654 1755 1691 :
1791 1634 1861 1693 Et

259 1722 547 1795 vocabitur,
583 1723 784 1797 inquit,
814 1726 905 1782 tibi
940 1742 1125 1783 nomen
1152 1744 1342 1782 novum
1368 1729 1507 1800 quod
1549 1745 1606 1785 os
1647 1726 1860 1784 Domini

259 1817 550 1871 nominauit
579 1816 600 1891 (
616 1814 727 1872 lsa.
761 1819 929 1891 Lxu).
958 1820 1171 1890 Quique
1196 1837 1297 1891 pro
1327 1823 1425 1876 hac
1449 1821 1629 1879 cordis
1654 1831 1709 1879 et
1736 1838 1857 1879 cor-

1955 603 2055 661 dor
2105 604 2408 675 corporalis
2451 603 2777 677 virginitatis
2831 602 3233 676 exstinguitur;
3266 603 3544 667 interioris

1954 699 2098 759 enim
2130 696 2241 756 lota
2274 696 2453 775 [Lips.
2483 700 2540 755 in
2570 716 2739 773 marg.
2772 697 2943 775 potu]
2981 715 3043 757 ac
3071 699 3266 771 pabulo
3292 702 3545 773 puritatis

1954 791 2359 850 subministrari
2410 809 2634 852 necesse
2689 803 2774 850 est
2814 796 2979 852 etiam
3029 796 3286 854 exteriOri
3340 797 3547 856 homini

1957 884 2280 955 castitatem,
2312 901 2539 955 eamque
2556 887 2760 959 jugiter
2788 886 2854 942 ad
2878 889 3339 959 perseverantiam
3368 889 3547 946 incor—

1957 978 2223 1050 ruptionis
2247 988 2523 1049 perpetua:
2550 979 2803 1036 animari.
2837 979 2904 1036 Et
2934 980 3057 1037 ideo
3093 978 3255 1037 fatuae
3293 979 3403 1036 illac
3432 982 3547 1037 vir-

1959 1071 2109 1144 gines
2125 1069 2419 1143 gloriosum
2432 1072 2616 1142 sponsi
2630 1073 2918 1129 thalamum
2932 1088 3053 1130 cum
3074 1072 3180 1130 illis
3194 1072 3550 1145 prudentibus

1960 1178 2067 1219 nou
2101 1172 2378 1219 merentur
2411 1160 2635 1232 intrare,
2665 1180 2784 1236 qua:
2811 1165 3083 1239 integrum
3111 1165 3362 1237 Spiritum
3392 1180 3551 1220 suum
3606 1162 3613 1185 "

1961 1263 2015 1311 et
2044 1255 2275 1311 animam
2307 1264 2362 1311 et
2389 1270 2591 1328 corpus
2619 1255 2737 1315 sine
2760 1258 2975 1329 querela
3007 1258 3061 1315 in
3093 1256 3180 1314 die
3209 1256 3421 1314 Domini
3447 1274 3548 1315 no-

1961 1347 2058 1404 stri
2094 1347 2220 1404 Jesu
2249 1346 2452 1405 Christi
2486 1362 2595 1405 non
2633 1359 3012 1407 servaverunt.
3039 1350 3122 1406 Illi
3160 1367 3393 1422 namque
3421 1358 3555 1406 sunt

1963 1441 2081 1497 veri
2104 1448 2265 1512 atque
2286 1438 2589 1512 incorrupti
2609 1440 2844 1513 virgines
2860 1438 3083 1508 Christi,
3104 1440 3184 1498 illi
3205 1441 3551 1498 admirabiles

1964 1540 2129 1604 atque
2160 1532 2363 1605 egregii
2393 1542 2713 1604 reputantur
2740 1534 2997 1601 eunuchi,
3026 1550 3131 1589 non
3160 1533 3252 1606 qui
3285 1541 3554 1601 metuunt,

1965 1623 2063 1681 sed
2090 1624 2285 1696 quibus
2316 1640 2425 1681 non
2458 1625 2593 1683 libet
2631 1625 2913 1699 fornicari,
2954 1642 3055 1683 nec
3084 1626 3175 1696 qui
3208 1625 3559 1699 impudicitia:

1963 1716 2267 1789 reprimunt
2306 1716 2487 1789 frena,
2521 1717 2618 1775 sed
2661 1719 2750 1791 qui
2800 1719 2969 1791 ipsam
3018 1734 3232 1791 quoque
3280 1720 3559 1775 minimam

1966 1812 2165 1871 mentis
2195 1811 2557 1872 titillationem
2611 1823 2667 1870 et
2716 1815 3031 1871 tenuissima
3072 1813 3313 1871 libidinis
3360 1814 3558 1870 incita-

257 1909 414 1981 poris
446 1912 703 1981 puritate,
736 1912 898 1969 etiam
932 1913 1023 1969 illa
1053 1915 1322 1986 praecipua
1348 1929 1413 1971 ac
1438 1914 1700 1985 singulari
1725 1914 1856 1973 hea-
1885 1909 1932 1977 Β
1959 1919 2143 1966 menta
2162 1907 2431 1978 vicerunt,
2456 1920 2510 1964 et
2537 1924 2603 1965 eo
2626 1924 2796 1981 usque
2819 1916 3244 1966 extenuaverunt
3271 1906 3420 1965 illum
3444 1923 3563 1964 car-

259 2000 498 2060 titudine
524 2005 890 2076 perfruentur,
927 2016 953 2046 ει
982 2016 1042 2065 ut
1068 2009 1202 2065 illud
1240 2009 1510 2067 canticum
1535 2009 1739 2085 iugiter
1766 2026 1863 2069 ca-

258 2107 421 2163 nant,
464 2098 607 2168 quod
654 2115 816 2157 nemo
863 2101 1003 2157 alius
1055 2111 1369 2160 sanctorum
1409 2119 1611 2161 canere
1658 2114 1862 2175 potest,

260 2188 368 2243 nisi
395 2190 481 2244 isti
510 2191 612 2247 soli
638 2194 728 2261 qui
759 2202 1062 2266 sequuntur
1087 2210 1283 2267 agnum
1311 2212 1654 2269 quocumque
1679 2197 1863 2255 vadit!

267 2278 513 2353 Virgines
542 2285 684 2340 enim
711 2299 852 2352 sunt,
879 2298 927 2342 et
955 2304 1074 2344 cum
1102 2290 1403 2347 mulieribus
1430 2308 1483 2347 se
1506 2308 1610 2346 non
1634 2291 1868 2362 coinqui-

260 2386 515 2431 naverunt
547 2376 734 2451 (Apoc.
778 2380 914 2451 xiv).
943 2381 1177 2439 Proinde
1216 2383 1262 2440 si
1300 2384 1369 2441 ad
1409 2384 1550 2441 hanc
1591 2385 1865 2445 sublimis-

262 2466 464 2525 siinum
503 2470 770 2543 virginum
813 2474 1040 2546 gloriam
1082 2477 1331 2535 volumus
1372 2481 1680 2551 pervenire,
1722 2480 1871 2537 omni

264 2561 474 2620 virtute
497 2564 962 2638 incorruptionem
988 2571 1185 2626 mentis
1206 2586 1268 2627 ac
1291 2571 1513 2642 Spiritus
1534 2574 1717 2629 excola
1728 2590 1868 2635 mus.

265 2673 341 2719 ue
389 2656 443 2713 in
487 2658 704 2715 illarum
744 2660 1116 2732 insipientium
1161 2666 1433 2736 virginum
1481 2665 1696 2739 (Matth.
1741 2671 1869 2743 xxv)

265 2767 507 2809 numero
536 2754 894 2827 collabamur,
920 2757 1114 2830 quibus
1145 2759 1348 2816 idcirco
1377 2776 1483 2817 non
1508 2770 1596 2819 est
1621 2772 1868 2836 reputata

264 2847 581 2919 virginitas,
638 2850 766 2921 quia
816 2864 849 2906 a
900 2853 1289 2910 commixtione
1342 2854 1545 2911 carnali
1602 2858 1867 2925 immunes

266 2954 400 2998 sese
429 2942 805 2998 tantummodo
832 2953 1202 3011 servaverunt,
1238 2954 1293 3002 et
1333 2946 1402 3001 ob
1440 2946 1544 3002 hoc
1568 2947 1597 2987 lt
1630 2950 1866 3020 virgines

267 3034 515 3109 quidem,
557 3034 655 3093 sed
698 3033 862 3093 latum
904 3047 1283 3110 nuncupantur
1319 3038 1447 3111 quia
1478 3039 1768 3097 deﬁciente
1807 3040 1865 3099 in

1967 2000 2052 2059 nis
2083 2000 2166 2075 (ut
2193 2002 2266 2058 ita
2294 1998 2557 2075 dixerim)
2581 2017 2824 2071 sensum,
2853 2011 2877 2043 ο
2896 2014 2954 2059 ut
2985 2018 3096 2059 non
3124 2002 3297 2058 solum
3325 2017 3387 2057 ex
3411 2015 3565 2056 com-

1970 2094 2213 2154 motione
2268 2096 2413 2169 ejus,
2470 2096 2621 2153 nulla
2669 2096 3057 2169 oblectatione,
3101 2095 3199 2156 sed
3255 2111 3325 2154 ne
3375 2093 3566 2166 exigua

1973 2190 2195 2266 quidem
2224 2188 2537 2249 titillatione
2570 2201 2879 2265 tangantur.

2572 2308 2803 2369 CAPUT
2843 2307 2939 2367 \lﬂ

1977 2401 2129 2469 Quod
2177 2402 2721 2485 numquamaiqnuni
2761 2418 2831 2485 ,ω
2858 2401 3244 2485 satagit-ustione
3289 2399 3569 2462 Domitii“

2396 2471 2659 2547 quispiam
2688 2471 2867 2528 debeat
2884 2473 3155 2546 judicare.

2049 2575 2221 2632 Tanta
2266 2586 2449 2633 autem
2490 2591 2587 2632 cor
2634 2586 2883 2633 nostrum
2930 2575 3252 2635 humilitatis
3302 2576 3569 2647 debemus

1975 2668 2177 2726 vallare
2195 2667 2465 2737 custodia,
2500 2677 2563 2727 ut
2594 2666 2738 2725 hanc
2759 2667 3132 2726 deﬁnitionem
3163 2678 3423 2740 perpetua
3445 2684 3571 2727 sen-

1975 2778 2132 2819 suum
2180 2762 2476 2818 stabilitate
2507 2770 2787 2819 teneamus
2811 2804 2828 2831 ,
2870 2778 3214 2837 nequaquam
3269 2776 3372 2821 nos
3406 2776 3571 2834 posse

1974 2855 2043 2910 ad
2075 2862 2285 2911 tantum
2326 2853 2722 2926 puriﬁcationis
2770 2855 3025 2913 meritum
3067 2854 3393 2927 pervenire,
3438 2863 3497 2911 ut
3522 2854 3572 2911 si

1974 2948 2094 3006 haec
2114 2964 2235 3021 qua:
2256 2964 2421 3025 supra
2439 2950 2550 3005 dixi
2573 2964 2670 3021 per
2683 2949 2779 3007 Dei
2799 2949 3031 3021 gratiam
3044 2948 3229 3007 omnia
3254 2948 3569 3016 fecerim“,

1976 3040 2004 3081 ἀ
2035 3043 2288 3115 indignos
2338 3054 2519 3100 tamen
2562 3058 2669 3100 nos
2707 3043 3092 3101 communione
3138 3042 3284 3100 sacri
3326 3040 3573 3113 corporis

1359 3178 1619 3237 ALARDI
1656 3178 1887 3238 GAZEI
1923 3178 2495 3240 COMMENTARIUS.

269 3294 435 3350 modo
459 3295 729 3351 utilitatem
752 3294 1013 3365 promittis
1030 3294 1405 3368 continentibus
1418 3294 1866 3351 sanctis?Nomen
1898 3296 1944 3363 C
1975 3297 2197 3368 virgines
2221 3314 2397 3364 carne,
2429 3314 2535 3352 non
2555 3297 2765 3368 spiritu,
2792 3297 3013 3368 virgines
3043 3297 3241 3360 stulta,
3264 3311 3381 3366 qua
3405 3297 3576 3368 oleum

266 3375 535 3441 ωριτνηυη
572 3368 711 3422 dabo
738 3370 813 3441 eis
843 3386 861 3435 ;
890 3376 941 3423 et
968 3369 1013 3422 si
1036 3368 1188 3441 forte
1206 3366 1293 3441 hic
1311 3368 1481 3438 ipsum
1501 3376 1751 3441 aeternum
1774 3380 1869 3432 pro

272 3440 532 3513 diuturno
584 3440 795 3513 conaris
810 3439 1078 3513 accipere,
1120 3439 1277 3513 addo,
1303 3440 1596 3513 accumula,
1626 3441 1835 3493 inculto
1854 3457 1876 3494 .°

275 3508 398 3564 Nec
422 3527 667 3580 umquam
711 3512 894 3566 deerit.
924 3508 1069 3577 'Quid
1098 3512 1283 3582 quaeris
1313 3510 1533 3580 amplius
1562 3511 1877 3582 ?_teternum

274 3582 381 3635 hoc
408 3597 591 3636 nomen
612 3624 627 3646 ,
668 3583 920 3653 quidquid
951 3583 1091 3637 illud
1110 3580 1207 3646 est,
1247 3582 1557 3653 spadonibus
1591 3580 1703 3645 Dei,
1737 3580 1876 3649 quod

275 3655 464 3724 utique
485 3655 708 3721 gloriam
737 3655 1018 3724 quamdam
1045 3654 1307 3724 prapriam
1350 3654 1777 3724 excellentemque
1808 3653 1879 3724 si-

274 3721 544 3797 gniﬁcat;
582 3740 684 3777 non
731 3721 826 3780 erit
872 3721 1284 3797 commune'cum
1334 3721 1528 3797 multis,
1561 3723 1875 3797 quartanisin

278 3793 469 3849 'eodem
497 3811 653 3868 regno
694 3805 739 3850 et
786 3796 839 3850 in
860 3796 1040 3850 eadem
1075 3794 1225 3849 domo
1252 3793 1877 3868 constitutisgNamAideo

275 3868 509 3938 fortasse
547 3865 596 3920 et
625 3883 810 3923 nomen
851 3869 1046 3923 dictum
1083 3877 1190 3933 est,
1221 3866 1359 3937 quod
1395 3881 1478 3921 eas
1506 3866 1695 3936 quibus
1722 3865 1879 3921 datur

275 3940 571 4005 distinguat
597 3956 629 3993 α
652 3940 869 3993 ueteris.

359 4017 389 4046 ⁸
436 4008 601 4064 Divus
648 4012 976 4079 Augustinus
1022 4008 1162 4065 libro
1203 4008 1271 4065 de
1309 4006 1506 4063 Sancta
1531 4005 1873 4080 Virginitale,

278 4082 532 4150 virgines
562 4081 841 4150 alloquens
865 4089 919 4137 et
940 4081 1279 4146 collaudatis,
1309 4081 1450 4135 inter
1478 4094 1673 4137 crrtera
1700 4080 1779 4134 sic
1804 4082 1879 4136 ait

276 4153 471 4220 capite
497 4151 568 4208 '29
595 4171 608 4207 :
648 4151 849 4208 Videbit
868 4170 957 4208 vos
985 4162 1171 4208 eastern
1196 4151 1475 4206 multime
1502 4153 1741 4223 ﬁdelium
1765 4168 1880 4222 qua

278 4227 496 4298 Agnum
522 4224 590 4276 ad
615 4225 710 4298 Itoc
738 4226 876 4293 sequi
909 4241 1009 4278 non
1040 4226 1172 4298 ualet
1194 4241 1212 4291 ;
1240 4224 1447 4292 videbit,
1471 4241 1569 4298 nec
1593 4224 1880 4298 invidebit;

277 4293 352 4352 εί
385 4294 696 4349 calla‘tando
737 4297 898 4360 vobis,
940 4297 1077 4364 quod
1117 4296 1171 4349 in
1211 4311 1263 4348 se
1310 4313 1410 4348 non
1461 4293 1637 4362 habet,
1676 4296 1879 4350 habebit

276 4369 338 4422 in
368 4368 533 4420 vobis.
562 4364 701 4420 Nam
729 4375 776 4419 et
813 4368 948 4420 illud
986 4368 1243 4421 canticum
1270 4378 1455 4420 nouum
1499 4368 1769 4438 proprium
1798 4382 1882 4438 tte-

276 4447 458 4494 strum
480 4438 647 4492 dicere
673 4455 774 4491 non
802 4441 989 4507 poterit
1014 4455 1029 4503 ;
1071 4439 1252 4491 audire
1280 4449 1449 4490 autem
1476 4436 1685 4506 poterit,
1709 4445 1756 4490 et
1784 4436 1879 4491 de»

278 4510 474 4563 lectori
503 4520 665 4563 vestro
696 4518 798 4562 tam
820 4510 1086 4564 excellenti
1116 4510 1269 4563 bono.
1301 4508 1410 4565 Sed
1438 4523 1523 4562 vos
1546 4512 1631 4579 qui
1657 4518 1704 4565 et
1738 4510 1879 4564 dice-

280 4583 354 4636 tis
378 4587 428 4632 et
455 4582 693 4637 audietis.
721 4580 840 4648 quia
871 4590 917 4636 et
940 4582 1033 4633 huc
1056 4582 1193 4651 quod
1214 4581 1394 4634 dicetis
1418 4580 1877 4652 a‘vobisaudietis,

281 4653 499 4726 felicius
524 4653 850 4726 exsultabitis
873 4648 1251 4726 iucundiusqua
1279 4648 1580 4726 regnabitis.
1608 4651 1739 4726 llaec
1772 4648 1881 4707 Att:-

280 4721 574 4797 gu_stintts,
608 4734 662 4778 et
711 4722 885 4797 ipsum
918 4721 1261 4797 imitatus—Al).
1284 4721 1577 4797 Gregorius
1605 4722 1659 4779 in
1694 4721 1882 4780 Pasto-

280 4792 395 4853 ξειὶί
428 4792 585 4865 (Par.
615 4809 694 4862 ιιι,
727 4811 773 4849 c.
804 4794 873 4852 29
902 4797 919 4864 )
945 4813 957 4849 :
993 4794 1363 4866 Singulariter,
1401 4793 1595 4863 inquit,
1623 4798 1884 4850 canticum

280 4868 442 4939 Agna
473 4876 689 4920 cantare
714 4878 807 4939 est,
835 4884 947 4920 cum
967 4882 1025 4920 eo
1052 4866 1108 4939 in
1132 4877 1435 4939 perpetuum
1462 4881 1571 4939 pra:
1596 4870 1790 4939 cunctis
1820 4866 1884 4937 ﬁ-

283 4938 499 4998 delibus
526 4939 680 4991 etiam
693 4938 1158 5008 deincorrnptimic
1180 4938 1349 5009 carnis
1374 4938 1781 5009 gaudere.Qued
1807 4948 1887 4993 ta-

279 5026 414 5065 men
443 5008 589 5065 electi
618 5010 787 5063 ca’trri
817 5013 1071 5062 canticum
1100 5008 1282 5062 audire
1303 5007 1535 5080 possunt,
1565 5007 1685 5064 licet
1715 5011 1888 5066 dicere

279 5091 599 5147 nequeant;
651 5083 773 5150 quia
825 5097 917 5150 per
960 5079 1261 5133 charitatem
1305 5078 1516 5148 quidem
1567 5081 1621 5134 in
1676 5081 1888 5136 illorum

282 5153 606 5206 celsitudine
644 5150 751 5206 laeti
777 5162 918 5220 sunt,
944 5151 1172 5221 quamvis
1214 5150 1282 5204 ad
1317 5166 1494 5204 eorum
1534 5156 1753 5220 prtemia
1782 5169 1887 5208 non

278 5232 597 5279 assttraant.

392 5243 415 5267 υ
585 5264 597 5275 .

369 5242 397 5333 ἱ
424 5242 749 5366 ἲῗιῗίῖιιεηιοόὶ
774 5294 1042 5364 virgines,
1068 5301 1175 5347 tam
1207 5293 1260 5347 in
1288 5292 1588 5366 masculino
1618 5308 1778 5366 quam
1810 5292 1891 5366 l‘e-

283 5363 523 5422 minino'
538 5381 669 5421 sexu
690 5411 705 5435 ,
734 5367 932 5420 acriter
963 5366 1274 5434 perStringit
1309 5373 1363 5419 et
1386 5364 1637 5435 suggillat
1667 5363 1729 5419 D.
1766 5364 1890 5422 [lie-

282 5452 562 5510 ronymus
595 5440 648 5493 in
694 5436 919 5507 epistola
945 5437 1009 5510 ad
1039 5435 1385 5510 Eustochium
1410 5435 1479 5492 de
1504 5437 1750 5510 custodia
1783 5438 1893 5493 vir-

282 5504 539 5579 gini'tatis
573 5509 715 5564 inter
731 5504 845 5563 alia
878 5509 1119 5564 scribens
1160 5506 1365 5577 (Epist.
1398 5508 1563 5579 xxn),:
1596 5504 1890 5564 Timeamus

279 5578 450 5634 illuni
477 5581 820 5651 prophetiam,
856 5597 917 5635 ne
948 5582 998 5633 in
1029 5579 1173 5632 nobis
1202 5582 1357 5651 etiam
1386 5578 1738 5649 compleatur:
1769 5578 1894 5636 Vir-

331 5598 450 5634 tam
514 5598 820 5651 reprimam,
856 5598 917 5635 ne
948 5598 998 5633 in
1029 5598 1173 5632 nonis
1202 5598 1357 5633 etiam
1386 5598 1738 5649 compleatur:
1775 5598 1891 5636 Vtr-

326 5654 444 5723 ines
476 5598 620 5707 fana:
641 5653 878 5719 deﬁcient
901 5653 1079 5723 (Amos
1105 5653 1235 5719 viil).
1286 5650 1505 5705 Observa
1551 5652 1675 5723 quid
1714 5652 1891 5707 dicat:

326 5670 444 5706 mes
476 5669 620 5707 aeria:
641 5669 877 5719 ae/rcient
901 5669 1079 5719 tantos
1105 5669 1235 5719 νιιι).
1286 5669 1505 5705 uaserua
1551 5669 1673 5723 quia
1714 5669 1890 5707 arcas:

281 5669 373 5808 Et
398 5724 619 5808 uirgines
649 5722 1070 5808 hemedeﬁcient,
1103 5723 1221 5790 quia
1237 5732 1369 5808 _sunt
1395 5733 1442 5777 et
1472 5725 1695 5808 uirgines
1717 5725 1890 5780 male.

289 5795 413 5865 Qui
442 5791 643 5858 viderit,
670 5794 853 5865 inquit,
886 5791 1153 5847 mulierem
1180 5792 1248 5847 ad
1278 5791 1738 5864 concupiscendam
1759 5812 1893 5865 eam,

283 5864 417 5939 iam
461 5866 734 5922 mcechatus
784 5864 855 5919 est
909 5880 1024 5939 eam
1076 5871 1129 5920 in
1178 5864 1331 5939 c_orde
1377 5882 1471 5920 suo
1514 5866 1545 5939 Δ(
1575 5865 1765 5923 Matth.
1799 5868 1894 5939 v).

283 5936 457 5999 Perit
477 5953 594 6005 ergo
609 5946 662 5994 et
687 5946 849 5992 mente
872 5936 1154 6008 virginitas.
1188 5935 1315 5993 Istat
1334 5947 1454 5991 sunt
1477 5936 1694 6007 virgines
1723 5935 1895 6005 multa,

1982 3365 2084 3422 non
2109 3367 2348 3423 habentes
2386 3365 2737 3422 exeluduntur
2764 3384 2796 3421 a
2823 3365 3049 3433 Sponsa.
3089 3367 3150 3423 Si
3181 3378 3353 3422 autem
3383 3379 3432 3422 et
3467 3365 3576 3429 illm

1977 3454 2095 3510 qua
2129 3440 2350 3510 uirgines
2381 3449 2533 3510 sunt,
2575 3439 2638 3492 ob
2679 3439 2813 3493 alias
2841 3448 3012 3492 tamen
3048 3452 3251 3507 causas,
3281 3439 3577 3509 virginitate

1978 3508 2256 3578 corporum
2295 3526 2398 3583 non
2437 3508 2735 3583 saliuntur,
2774 3510 2901 3579 quid
2940 3509 3031 3577 ﬁet
3076 3510 3187 3564 illis
3220 3525 3337 3583 quae
3368 3508 3575 3583 prosti-

1978 3590 2186 3652 t_uerunt
2215 3582 2437 3652 membra
2467 3580 2685 3645 Christi,
2706 3591 2752 3636 et
2781 3591 3106 3637 salutauerunt
3135 3580 3575 3652 templum'smti

1980 3650 2212 3723 Spiritus
2233 3652 2285 3706 in
2315 3651 2564 3722 lupanar,
2588 3660 2695 3708 etc.

2055 3733 2079 3762 ε
2113 3721 2245 3779 Hice
2270 3721 2407 3779 enim
2434 3730 2506 3779 est
2554 3723 2925 3779 consummatio
2971 3722 3255 3790 castitatis,
3289 3724 3367 3779 ait
3396 3726 3571 3784 abbas

1980 3794 2546 3867 ChatremonlCollat.
2575 3796 2645 3849 Β
2687 3811 2805 3867 cap.
2839 3795 2987 3867 ult.),
3020 3805 3077 3849 ut
3123 3795 3423 3867 vigilantem
3459 3813 3573 3853 mo-

1981 3866 2207 3949 nachum
2236 3865 2505 3949 oblectatio
2537 3865 2769 3949 libidinis
2796 3866 2944 3949 nulla
2956 3865 3292 3949 perstringat,
3321 3878 3385 3949 ut
3404 3870 3574 3949 quies:

1979 3947 2177 3992 centeni
2191 3939 2511 3993 somniorum
2529 3955 2628 3992 non
2652 3938 2803 4011 fallat
2824 3938 3023 4011 illusio;
3045 3940 3134 3993 sed
3161 3954 3277 3992 cum
3297 3938 3573 4011 dormienti

1982 4017 2179 4063 tantum
2215 4025 2305 4081 per
2337 4010 2529 4081 sapita:
2561 4009 2741 4081 utentis
2782 4010 3032 4064 incuriam
3075 4009 3345 4081 commotio
3398 4013 3573 4068 carnis

1980 4079 2281 4152 obrepserit,
2312 4079 2748 4149 quemadmodum
2787 4081 2896 4134 sine
2944 4081 3055 4152 ulla
3098 4080 3394 4134 titillatione
3419 4083 3572 4136 volu-

1983 4149 2140 4222 ptatis
2163 4153 2384 4206 excitata
2400 4160 2477 4207 est
2499 4193 2512 4219 ,
2539 4153 2613 4205 ita
2633 4153 2787 4205 etiam
2816 4152 2924 4205 sine
2969 4149 3081 4205 ullo
3102 4152 3305 4222 pruritu
3341 4154 3574 4225 corporis

1979 4225 2328 4294 conquiescat.

2054 4291 2215 4351 d‘Alia
2245 4306 2329 4351 est
2352 4293 2585 4366 dignitas
2606 4293 2811 4359 meriti,
2843 4292 2949 4347 alia
2973 4291 3374 4366 dispositionis;
3397 4294 3582 4364 digni-

1983 4373 2093 4423 tate
2124 4366 2300 4422 meriti
2322 4364 2482 4422 nemo
2507 4376 2613 4421 tam
2636 4380 2828 4419 vecors
2851 4376 2952 4430 est,
2975 4373 3108 4422 utse
3135 4364 3356 4436 dignum
3385 4367 3574 4427 credat

1983 4439 2370 4494 communione
2416 4438 2549 4492 tanti
2590 4436 2949 4502 Sacramenti,
2991 4436 3145 4505 quasi
3192 4435 3310 4493 Suis
3362 4438 3570 4497 meritis

1984 4508 2090 4565 hoc
2120 4508 2445 4566 beneﬁcium
2490 4508 2787 4573 debeatur;
2820 4514 2913 4563 aut
2940 4518 3142 4565 tantam
3195 4520 3473 4565 assecutus
3504 4510 3575 4566 sit

1985 4582 2186 4662 mentis
2227 4582 2536 4662 patrima-ni,
2562 4596 2622 4636 ac
2655 4578 3045 4662 pet-lectionem
3066 4620 3083 4645 ,
3116 4592 3378 4662 quantam
3408 4579 3574 4662 huius

1909 4685 1963 4747 Β
1986 4649 2326 4709 Sacramenti
2347 4650 2577 4735 dignitas
2606 4666 2677 4747 acI
2698 4649 2950 4747 maiestas
2980 4649 3226 4723 requirit,
3256 4668 3377 4733 cuiu
3415 4649 3570 4747 quis.-

1987 4742 2017 4794 (1

2027 4740 2091 4779 ue
2123 4721 2621 4779 communicaturus
2664 4721 2938 4776 humiliter
2987 4721 3107 4777 cum
3139 4724 3459 4779 centurione
3489 4722 3575 4778 di-

1985 4791 2111 4852 cere
2140 4794 2340 4850 debeat
2361 4814 2371 4850 ε
2402 4794 2636 4865 Domine,
2662 4810 2765 4847 non
2783 4810 2895 4865 sum
2912 4793 3098 4865 dignus
3114 4802 3169 4847 ut
3184 4793 3342 4865 intres
3356 4791 3451 4865 sub
3471 4803 3575 4849 tec.

1987 4876 2099 4922 tum
2122 4882 2291 4921 nteant
2310 4908 2326 4931 ,
2351 4880 2459 4921 etc.
2498 4863 2718 4933 (Matth.
2752 4864 2891 4934 viti).
2934 4862 3174 4933 Dignitas
3201 4864 3575 4933 dispositionis

1989 4948 2074 4996 est
2106 4939 2298 4993 idonea
2329 4947 2383 4994 et
2409 4937 2718 4992 necessaria
2747 4936 3067 5005 preparatio
3088 4936 3154 4991 ad
3183 4950 3394 4991 sacram
3424 4950 3575 4992 com-

1996 5009 2303 5065 munionem
2334 5009 2420 5066 vel
2442 5007 2692 5065 sacriﬁcii
2724 5007 2987 5063 incruenti
3015 5005 3379 5076 oblationem;
3413 5024 3575 5076 quam

1990 5081 2080 5153 qui
2103 5080 2290 5153 habet,
2303 5080 2486 5153 digne;
2505 5082 2593 5151 qui
2614 5096 2721 5134 non
2742 5079 2922 5153 habet,
2939 5077 3154 5149 indigne
3173 5078 3432 5153 accedere
3447 5078 3574 5153 dici-

1995 5148 2083 5209 ῐιιιδ
2118 5152 2185 5206 ad
2215 5155 2318 5208 hoc
2343 5148 2773 5207 Sacratiientum.
2807 5148 2881 5205 De
2921 5164 3024 5218 qua
3049 5151 3438 5219 prmparatione
3461 5150 3579 5206 haec

1996 5238 2026 5279 a
2058 5222 2311 5280 Patribus
2338 5224 2553 5279 concilii
2584 5222 2881 5277 Tridentini
2916 5220 3107 5276 tradita
3134 5230 3331 5275 suntet
3358 5221 3579 5277 deﬁnita

1997 5293 2164 5365 (Sess.
2199 5311 2296 5350 xiii
2322 5312 2441 5366 cap.
2465 5294 2522 5364 7)
2549 5312 2561 5346 :
2595 5292 2658 5366 Si
2684 5310 2781 5346 non
2803 5293 2944 5366 decet
2968 5292 3035 5345 ad
3061 5300 3268 5347 sanctas
3298 5289 3432 5346 ullas
3458 5295 3579 5366 fuit.

1997 5364 2189 5421 stiones
2212 5364 2500 5438 quempiam
2524 5364 2762 5438 accedere
2789 5364 2889 5438 nisi
2916 5374 3110 5438 sancte,
3128 5375 3266 5438 certe
3288 5380 3389 5432 quo
3414 5364 3580 5438 magis

1997 5433 2247 5492 sanctitas
2296 5450 2342 5492 et
2362 5433 2372 5438 ⁷
2392 5438 2634 5492 diuinitas
2667 5433 2883 5490 celestis
2927 5434 3086 5503 hujus
3116 5435 3442 5490 δραι-ωηιξηιί
3472 5437 3581 5487 tiro

1997 5508 2289 5582 Christiano
2316 5520 2573 5582 comperta
2613 5520 2711 5572 est,
2740 5523 2798 5560 eo
2829 5507 3130 5582 diligentius
3161 5522 3342 5582 cavere
3361 5504 3459 5582 ille
3499 5505 3583 5560 do-

1999 5580 2097 5649 bet,
2131 5599 2193 5637 ne
2211 5580 2400 5653 absque
2427 5578 2613 5651 inagna
2631 5578 2913 5653 reuerentia
2932 5588 2981 5631 et
3005 5578 3275 5653 sanctitate
3300 5578 3445 5653 adid
3468 5593 3585 5653 per-

2001 5647 2295 5723 cipiendum
2315 5647 2531 5723 'aecedai
2551 5692 2566 5716 ,
2598 5650 2882 5723 prcesertim
2913 5666 3027 5701 cuin
3055 5648 3147 5723 illa
3168 5648 3320 5716 plena
3346 5647 3584 5719 farmidi~

2001 5720 2081 5797 nis
2110 5726 2261 5779 verba
2287 5722 2428 5797 apud
2456 5721 2759 5797 Apostolum
2788 5722 3017 5797 legamus
3036 5738 3055 5775 :
3098 5720 3507 5797 Qui‘ntanducat
3530 5726 3585 5797 ﬁ

2004 5796 2121 5851 bibit
2156 5789 2380 5867 indigne,
2409 5797 2667 5867 judiauin
2692 5789 3089 5867 srbrmanducat
3126 5804 3175 5846 et
3201 5789 3348 5860 bibit,
3374 5809 3476 5867 non
3503 5791 3585 5844 di-

1994 5868 2241 5938 judicans
2264 5862 2453 5936 corpus
2475 5864 2685 5920 Domini
2699 5864 2743 5934 (ι
2765 5862 2887 5919 Cor.
2902 5866 3003 5938 xl).
3019 5863 3189 5938 Quare
3205 5865 3585 5919 communicare

2007 5934 2194 5995 colenti
2231 5934 2571 5994 revocandum
2602 5946 2675 5992 est
2713 5938 2764 5990 in
2795 5934 3093 5991 memoriam
3129 5934 3241 5999 eius
3273 5946 3582 5995 prteceumm

3818 5994 3925 6063 [ί
