4092 6322
550 304 683 365 1251

1601 300 1878 362 JOANNIS
1915 299 2226 361 CASSIANI
2261 295 2758 358 COLLATIONES.

3694 294 3838 355 123%

545 437 671 481 esse
699 421 1008 478 credamus.
1043 419 1284 475 Primum
1315 419 1439 490 quia
1482 417 1722 476 cmlestis
1749 417 1891 472 illius
1920 431 2132 472 mannae
2159 419 2212 478 Δ
2238 429 2435 486 negare
2473 429 2579 469 non
2630 425 2944 483 possumus,
2972 409 3071 467 sed
3099 408 3243 467 inter
3272 415 3522 465 sanctum
3551 417 3609 466 et
3639 409 3838 467 imma-

545 525 696 572 tanta
721 514 976 585 majestas
997 520 1101 579 est,
1126 522 1184 567 ut
1213 527 1371 568 nemo
1411 512 1511 567 hac
1541 511 1684 568 lutea
1709 527 1873 566 carne
1901 511 2137 566 circum-

546 611 708 669 datus
739 625 834 682 per
880 625 1037 665 suum
1081 608 1335 664 meritum
1376 607 1494 678 ejus
1521 607 1760 662 edulium
1787 647 1802 672 ,
1835 614 1889 661 et
1921 619 2025 660 non
2068 620 2136 660 ex

544 707 778 780 gratuita
812 705 1021 760 Domini
1051 704 1299 773 largitate
1326 703 1606 774 percipiat.
1638 701 1840 757 Deinde
1867 701 1990 772 quia
2015 699 2135 755 nul-

545 801 634 857 lus
679 802 752 854 ita
799 800 1224 869 circumspectus
1267 798 1318 852 in
1351 796 1509 867 hujus
1555 795 1737 851 mundi
1793 802 1967 864 potest
2015 807 2135 848 esse

542 895 825 961 conﬂictu,
857 905 915 952 ut
951 911 1076 951 etim
1123 893 1316 948 saltem
1347 907 1469 953 rara
1501 891 1584 947 vel
1617 890 1752 946 levia
1787 899 2133 959 peccatorum

493 1007 504 1063 ς·
544 990 652 1045 tela
701 1003 805 1044 non
851 988 1077 1056 feriant,
1110 986 1235 1054 quia
1268 985 1607 1054 impossibile
1663 991 1748 1038 est
1797 991 1990 1036 utnon
2040 987 2136 1033 aut

542 1081 880 1153 ignorantia,
922 1091 1016 1136 aut
1046 1080 1371 1150 negligentia
1392 1123 1404 1146 ,
1436 1087 1527 1131 aut
1558 1075 1815 1139 vanitate,
1849 1083 1942 1129 aut
1965 1072 2129 1127 obre-

541 1174 728 1246 ptione
753 1215 768 1241 ,
815 1183 901 1228 aut
935 1173 1298 1244 cogitatione,
1344 1179 1438 1225 aut
1478 1172 1828 1234 necessitate,
1875 1175 1968 1222 aut
1997 1166 2137 1222 abli-

542 1268 703 1323 vione
726 1277 994 1338 peccetur.
1020 1265 1152 1321 Nam
1183 1267 1285 1320 etsi
1307 1265 1376 1320 ad
1402 1277 1506 1319 tam
1539 1263 1854 1333 praecelsum
1884 1261 2003 1331 quis
2028 1260 2136 1312 vir-

543 1365 718 1416 tutum
747 1361 962 1416 culmen
993 1359 1320 1424 ascenderit,
1355 1367 1416 1413 ut
1462 1357 1826 1429 Apostolicum
1867 1352 1999 1408 illud
2025 1367 2133 1408 non

537 1451 807 1524 jactanter
838 1453 1107 1509 exclamet
1141 1471 1152 1505 :
1191 1451 1324 1505 Mihi
1355 1461 1527 1504 autem
1555 1467 1650 1522 pro
1681 1449 1890 1503 minimo
1921 1455 1992 1502 est
2020 1456 2076 1500 ut
2103 1463 2136 1499 a

542 1548 682 1602 vobis
701 1547 936 1620 judicer,
965 1555 1056 1600 aut
1081 1545 1144 1599 ab
1175 1546 1400 1598 humano
1424 1544 1524 1608 die,
1558 1543 1647 1598 sed
1670 1557 1832 1612 neque
1859 1556 1939 1594 me
1962 1541 2134 1611 ipsum

536 1639 743 1712 judico,
768 1637 899 1692 nihil
928 1639 1066 1691 enim
1095 1635 1221 1690 milti
1247 1637 1482 1690 conscius
1508 1652 1624 1690 sum
1648 1651 1667 1700 ;
1698 1633 1834 1688 sciat
1863 1647 1921 1687 se
1954 1643 2133 1686 tamen

539 1732 746 1802 absque
775 1739 995 1799 peccato
1018 1745 1143 1785 esse
1175 1746 1281 1784 non
1317 1743 1498 1799 posse.
1532 1727 1717 1798 Neque
1755 1724 1900 1782 enim
1931 1723 2131 1779 frustra

2239 509 2475 566 eulatum
2523 507 2690 564 multa
2739 506 2996 562 distantia
3045 513 3148 564 est.
3199 504 3359 560 Aliud
3392 513 3479 561 est
3524 506 3670 561 enim
3711 521 3836 563 esse

2237 603 2546 674 quempiam
2575 611 2842 667 sanctum,
2889 600 2940 654 id
2972 608 3078 665 est,
3109 599 3293 654 divino
3329 598 3496 654 cultui
3544 614 3837 656 consecra-

2236 704 2348 752 tum
2382 713 2396 762 ;
2442 697 2545 751 hoc
2591 696 2736 752 enim
2770 711 2966 750 nomen
2995 709 3102 748 non
3141 693 3317 749 solum
3366 693 3702 760 hominibus,
3739 693 3836 750 sed

2236 791 2400 847 etiam
2429 789 2559 844 locis
2586 799 2641 845 et
2666 789 2902 845 vasculis
2931 788 3116 857 templi
3148 797 3313 856 atque
3347 785 3640 852 lebetibus,
3664 797 3837 841 attes-

2237 889 2387 936 tante
2409 881 2710 952 Scriptura,
2745 895 3036 937 commune
3065 887 3169 934 est.
3197 879 3357 935 Aliud
3385 888 3470 935 est
3495 888 3677 934 autem
3711 894 3837 936 esse

2238 975 2442 1045 absque
2491 983 2758 1045 peccato,
2808 973 2951 1044 quod
3009 971 3168 1027 unius
3216 972 3431 1028 Domini
3478 971 3653 1028 nostri
3703 971 3837 1027 Jesu

2235 1066 2437 1122 Christi
2465 1067 2811 1135 singulariter
2827 1065 3088 1121 convenit
3115 1065 3404 1135 majestati,
3430 1064 3498 1120 de
3527 1080 3638 1135 quo
3667 1063 3834 1120 etiam
3917 1091 3921 1094 -

2236 1162 2529 1232 Apostolus
2556 1162 2705 1216 velut
2726 1161 3059 1232 prmeipuum
3084 1159 3213 1228 quid
3237 1174 3300 1214 ac
3327 1159 3565 1228 speciale
3595 1174 3837 1227 pronun-

2233 1254 2331 1310 tiat
2361 1255 2546 1310 dicens
2583 1273 2594 1306 :
2637 1253 2737 1320 Qui
2765 1261 3033 1322 peccatum
3061 1268 3163 1306 non
3191 1251 3311 1322 fecit
3344 1251 3384 1323 (Ι
3420 1250 3565 1305 Petr.
3597 1249 3838 1320 tt).Satis

2236 1348 2380 1404 enim
2421 1347 2582 1403 vilem
2613 1359 2777 1418 atque
2803 1345 3081 1416 indignam
3112 1345 3229 1414 ejus
3275 1343 3562 1414 praeconiis
3614 1342 3836 1399 laudem

2235 1440 2390 1511 quasi
2415 1439 2840 1508 incomparabile
2863 1452 2926 1493 ac
2949 1439 3192 1493 divinum
3213 1436 3262 1491 ei
3285 1435 3489 1506 aliquid
3512 1435 3835 1507 assignavit,

2235 1533 2280 1587 si
2311 1533 2474 1588 etiam
2522 1547 2621 1588 nos
2665 1531 2924 1586 illibatam
2974 1531 3042 1585 ab
3091 1529 3237 1586 omni
3268 1542 3491 1598 peccato
3545 1543 3839 1599 possumus

2237 1623 2541 1694 transigere
2591 1625 2775 1680 vitam.
2830 1622 3042 1678 Rursus
3080 1621 3379 1691 Apostolus
3407 1620 3473 1675 ad
3529 1621 3835 1676 llebra-os:

2237 1712 2362 1770 Non
2387 1717 2524 1771 enim
2552 1715 2816 1780 habemus,
2847 1715 3045 1782 inquit,
3077 1713 3373 1784 pontiﬁcem
3397 1713 3490 1779 qui
3517 1728 3621 1766 non
3668 1713 3839 1784 possit

539 1826 685 1882 idem
730 1827 929 1882 Doctor
955 1825 1200 1897 adjunxit
1241 1843 1252 1878 :
1304 1823 1409 1880 Sed
1460 1839 1561 1877 non
1598 1823 1652 1876 in
1689 1819 1785 1875 hoc
1816 1819 2131 1890 justiﬁcatus

2237 1809 2456 1878 compati
2487 1807 2872 1878 inﬁrmitatibus
2898 1807 3086 1861 nostris
3113 1846 3129 1872 ,
3165 1814 3190 1841 ι
3223 1812 3474 1859 tentatum
3523 1813 3698 1858 autem
3744 1819 3839 1873 per

539 1935 686 1986 sum;
729 1919 782 1975 id
811 1930 923 1984 est,
956 1935 1065 1974 non
1097 1919 1144 1973 si
1173 1933 1272 1987 ego
1310 1917 1514 1988 justum
1547 1931 1633 1970 me
1670 1929 1792 1970 esse
1820 1911 2128 1977 credidero,

538 2026 726 2068 veram
766 2011 1053 2068 confestim
1104 2011 1334 2082 gloriam
1389 2008 1708 2078 possidebo;
1756 2006 1842 2062 vel
1887 2004 2014 2074 quia
2044 2018 2132 2060 me

539 2104 870 2160 conscientia
902 2119 1022 2161 mea
1049 2102 1251 2159 nullius
1277 2101 1488 2174 peccati
1513 2100 1936 2170 reprehensione
1976 2112 2130 2152 com-

539 2196 728 2268 pungit
753 2237 768 2263 ,
817 2196 1018 2252 idcirco
1058 2196 1256 2251 nullius
1303 2194 1486 2252 sordis
1523 2193 1848 2264 contagione
1889 2190 2132 2246 fuscatus

537 2305 658 2347 sum
691 2306 707 2355 ;
746 2289 914 2345 multa
943 2289 1088 2344 enim
1118 2287 1282 2344 etiam
1307 2302 1484 2344 meam
1514 2284 1909 2343 conscientiam
1937 2283 2131 2346 latent,

537 2397 663 2455 quae
681 2397 806 2438 cum
832 2382 941 2436 sint
961 2380 1097 2436 mihi
1121 2379 1397 2451 incognita
1421 2385 1584 2449 atque
1610 2378 1860 2442 obscura,
1896 2375 2009 2430 Deo
2035 2389 2134 2430 no-

537 2484 592 2532 ta
615 2484 778 2546 atque
809 2473 1092 2529 manifesta
1122 2481 1268 2528 sunt.
1298 2471 1426 2528 Ideo
1463 2471 1756 2540 subjiciens
1787 2488 1800 2522 :
1836 2467 1937 2534 Qui
1961 2473 2135 2521 autem

537 2585 638 2633 me,
670 2568 876 2639 inquit,
917 2566 1126 2640 judieat
1151 2565 1405 2620 Dominus
1436 2576 1513 2620 est
1538 2582 1556 2630 ,°
1579 2563 1633 2620 id
1661 2572 1765 2629 est,
1789 2562 1858 2617 ab
1888 2561 1982 2616 illa
2011 2560 2134 2616 solo

537 2675 701 2732 quem
739 2670 946 2717 secreta
977 2661 1220 2716 cordium
1259 2675 1366 2715 non
1414 2660 1616 2724 latent,
1648 2671 1836 2714 verum
1855 2653 2044 2728 judicii
2079 2654 2132 2709 in

537 2769 627 2811 me
649 2753 956 2826 proferetur
984 2769 1240 2810 examen.

1135 2845 1366 2902 CAPUT
1407 2844 1546 2901 Vill.

543 2938 774 3012 Objectio
788 2938 1031 2995 Germani
1044 2939 1259 3064 abbat‘js.
1269 2954 1334 3063 ea:
1345 2939 1422 2991 his
1438 2953 1555 3061 qua:
1569 2936 1632 2991 de
1642 2951 1792 2990 sacra
1806 2933 2136 3007 perceptione

1223 3027 1269 3064 ιε
1294 3027 1324 3062 a
1353 3026 1450 3063 sun
1481 3048 1496 3062 .

1223 3026 1324 3064 tcta
1353 3026 1496 3063 sunt.

612 3102 945 3159 Germanus:
970 3103 1146 3173 Supra
1169 3102 1372 3158 dictum
1400 3109 1485 3158 est
1515 3115 1621 3157 non
1653 3101 1758 3156 nisi
1781 3108 1998 3156 sanctos
2023 3113 2136 3154 εαξη

2232 1899 2408 1956 omnia
2451 1915 2546 1972 pro
2583 1897 2925 1953 similitudine
2948 1897 3138 1964 absque
3179 1905 3391 1966 peccato
3419 1893 3611 1967 (Hebr.
3643 1895 3743 1964 tv).
3777 1892 3840 1948 Si

2231 1994 2398 2065 igitur
2422 1993 2586 2048 etiam
2615 2001 2848 2046 terrente
2874 1989 3204 2044 humilitatis
3234 1997 3434 2043 nostra:
3460 2002 3585 2042 cum
3621 1987 3713 2041 illo
3742 2000 3841 2042 ex-

2230 2087 2382 2144 celso
2408 2085 2702 2157 divinaque
2725 2083 2988 2140 Pontitice
3006 2081 3123 2137 haec
3143 2090 3327 2152 potest
3351 2095 3474 2136 esse
3499 2079 3834 2143 communio,

2232 2187 2292 2236 ut
2313 2171 2596 2236 etiamnos
2617 2179 2823 2248 absque
2844 2177 2955 2232 ulla
2979 2175 3186 2246 peccati
3207 2173 3515 2230 oﬁensione
3537 2183 3832 2236 tentemur,

2234 2288 2333 2330 cur
2373 2274 2665 2343 Apostolus
2694 2271 2798 2327 hoc
2829 2271 2883 2326 in
2923 2270 3016 2326 illo
3041 2269 3191 2325 velut
3220 2268 3436 2324 unicum
3469 2282 3535 2324 ac
3561 2266 3835 2338 singulare

2233 2367 2539 2437 suspiciens
2571 2365 2739 2438 [Lips.
2772 2365 2826 2417 in
2858 2380 3023 2435 marg.
3051 2359 3402 2433 suscipiens],
3429 2359 3548 2431 ejus
3577 2359 3834 2415 meritum

2235 2459 2303 2514 ab
2351 2457 2662 2514 hominibus
2711 2466 2856 2511 tanta
2904 2455 3174 2510 divisione
3230 2452 3531 2509 discrevit?
3565 2451 3675 2507 Hac
3699 2466 3834 2522 ergo

2234 2551 2352 2608 sola
2386 2551 2456 2606 ab
2493 2550 2744 2607 omnibus
2785 2549 2941 2605 nobis
2977 2549 3300 2618 exceptione
3341 2545 3719 2617 distinguitur,
3742 2543 3835 2614 qui

2235 2660 2334 2701 nos
2369 2659 2477 2700 non
2502 2645 2711 2716 absque
2735 2652 2958 2714 peccato
2981 2685 2997 2710 ,
3020 2643 3176 2698 illum
3205 2642 3326 2698 sine
3364 2651 3590 2711 peccato
3617 2647 3835 2696 constat

2235 2737 2409 2796 fuisse
2435 2747 2724 2794 tentatum.
2751 2737 2883 2806 Quis
2906 2737 3107 2793 etenim
3136 2735 3418 2792 hominum
3444 2734 3699 2805 quamvis
3729 2734 3834 2790 lor-

2237 2832 2309 2888 tis
2330 2843 2494 2904 atque
2520 2833 2750 2889 bellator
2777 2833 2866 2899 sit,
2916 2831 3205 2887 hostilibus
3230 2841 3408 2886 tamen
3435 2831 3560 2884 telis
3592 2830 3832 2899 plerum-

2241 2940 2348 2996 que
2372 2940 2480 2979 non
2509 2923 2733 2995 pateat?
2761 2923 2897 2991 Quis
2919 2924 3067 2980 velut
3108 2921 3507 2993 impenetrabili
3538 2936 3710 2977 carne
3732 2921 3833 2977 cir-

2239 3017 2527 3074 cumdatus
2547 3059 2562 3083 ,
2592 3017 2756 3074 tantis
2781 3014 3094 3086 praeliorum
3138 3014 3397 3085 periculis
3442 3016 3565 3069 sine
3595 3012 3832 3084 periculo

2241 3111 2570 3167 misceatur?
2593 3110 2690 3166 Ille
2710 3118 2893 3166 autem
2915 3109 3064 3166 solus
3085 3108 3365 3182 Speciosus
3387 3109 3558 3180 forma
3578 3123 3690 3180 prce
3711 3107 3832 3177 ﬁliis

543 3193 765 3250 Ῑθειίυῐη
823 3195 1305 3251 δθετθπιθηῑοτυω
1358 3209 1481 3251 e359
1545 3192 1747 3249 debere
1797 3192 2087 3262 Ρθτῑῖοίρθε
2119 3207 2135 3258 ἓ
2167 3201 2213 3266 C
2245 3208 2509 3263 hominum
2534 3205 2707 3275 (Psal.
2753 3204 2902 3274 xmv)
2931 3202 3306 3259 conditionem
3355 3202 3549 3258 mortis
3588 3203 3832 3257 humana

542 3301 688 3342 nunc
720 3286 972 3356 adjicitur
1019 3287 1355 3357 impossibile
1381 3301 1509 3344 esse
1555 3285 1760 3342 homini
1791 3296 1848 3340 ut
1881 3285 2136 3342 immunis

541 3381 762 3450 penitus
809 3381 886 3437 sit
932 3396 962 3435 a
1017 3381 1237 3438 delicto.
1263 3381 1321 3440 Si
1375 3382 1556 3438 nullus
1577 3396 1708 3452 ergo
1739 3380 1879 3437 liber
1907 3395 1936 3434 a
1968 3395 2133 3446 noxa,

540 3473 725 3530 nullus
752 3485 838 3530 est
881 3482 1122 3542 sanctus,
1175 3484 1231 3531 et
1259 3489 1600 3547 consequens
1653 3484 1736 3531 est
1773 3483 1830 3529 ut
1857 3474 2020 3529 homo
2045 3472 2136 3530 cui

543 3565 806 3623 sanctitas
846 3566 1020 3633 deest,
1051 3568 1434 3641 mysteriorum
1482 3568 1683 3623 Christi
1717 3568 1984 3639 particeps
2013 3582 2136 3623 esse

545 3673 656 3714 non
686 3661 890 3729 possit,
920 3669 978 3716 et
1015 3675 1243 3733 regnum
1269 3661 1432 3717 etiam
1481 3661 1742 3716 caelorum
1774 3675 1996 3731 sperare
2025 3675 2133 3716 non

546 3750 762 3817 debeat,
793 3752 938 3824 quod
966 3752 1096 3809 solis
1123 3755 1325 3809 sanctis
1356 3753 1618 3809 Dominus
1649 3753 1954 3823 pollicetur.

1151 3844 1382 3901 CAPUT
1421 3844 1514 3902 IX.

549 3936 833 4008 Responsio
859 3938 994 4006 quod
1024 3937 1174 3992 multi
1201 3939 1368 3992 sancti
1393 3953 1502 3992 esse
1530 3938 1748 4006 possint,
1784 3953 1931 3992 nemo
1961 3946 2130 3992 tamen

923 4009 1109 4080 absque
1141 4020 1346 4080 peccata
1374 4010 1474 4063 nisi
1501 4008 1759 4064 Christus.

614 4101 904 4158 Theonas:
957 4102 1150 4158 Multos
1181 4102 1400 4174 quidem
1452 4117 1574 4159 esse
1605 4111 1822 4158 sanctos
1863 4117 1926 4158 ac
1951 4103 2134 4172 justas

2247 3317 2370 3359 cum
2409 3303 2661 3358 universa
2707 3301 2889 3356 carnis
2930 3298 3221 3370 fragilitate
3258 3298 3590 3368 suscipiens,
3635 3294 3833 3352 nullius

2246 3405 2332 3452 est
2360 3409 2616 3466 umquam
2641 3393 2818 3448 sordis
2849 3391 3150 3446 maculatus
3194 3397 3418 3445 attactu.

2872 3525 3101 3584 CAPUT
3138 3523 3208 3581 Χ.

2248 3643 2401 3712 Quod
2437 3642 2577 3698 solus
2615 3638 2790 3695 Filius
2982 3640 3172 3724 absque
3224 3638 3336 3693 ulla
3384 3638 3581 3708 peccati
3627 3636 3828 3692 vulnere

2779 3719 2954 3767 vicerit
2983 3719 3308 3766 tentatorem.

2311 3827 2340 3867 ι’
2371 3827 2633 3884 'l‘entatus
2658 3836 2743 3884 est
2765 3826 2909 3882 enim
2946 3825 3248 3882 secundum
3292 3823 3706 3880 similitudinem
3736 3838 3826 3877 no-

2238 3931 2408 3976 stram
2441 3919 2599 3991 (Heb.
2634 3918 2710 3990 tv)
2749 3918 3142 3990 gastrimargiae
3183 3918 3418 3988 primum
3460 3916 3615 3980 vitio,
3673 3924 3732 3970 ut
3777 3915 3825 3968 ei

2240 4013 2469 4070 callidus
2508 4013 2600 4068 ille
2639 4027 2889 4084 serpens,
2919 4027 2987 4069 eo
3017 4011 3208 4068 ordine
3250 4026 3358 4081 quo
3387 4010 3566 4067 Adam
3592 4019 3718 4065 ante
3743 4023 3826 4064 se.

2240 4106 2466 4163 duxerat
2490 4105 2702 4178 (Genes.
2731 4105 3114 4178 tn),esurienti
3143 4119 3283 4161 escae
3303 4103 3580 4160 desiderio
3611 4116 3828 4158 conare-

1614 4191 1874 4247 ALARDI
1913 4192 2144 4249 GAZEI
2185 4195 2754 4253 COMMENTARIUS.

542 4285 734 4342 Probet
760 4285 986 4354 seipsunt
1025 4285 1197 4338 homo.
1221 4282 1583 4338 Ecclesiastica
1613 4295 1786 4338 autem
1813 4286 2128 4340 consuetudo

544 4359 773 4412 declarat
801 4373 914 4411 eam
960 4355 1313 4429 probationem
1339 4356 1678 4429 necessariam
1702 4372 1810 4429 esse
1829 4398 1844 4418 ,
1867 4366 1926 4429 ut
1953 4357 2128 4411 nullus

542 4429 640 4485 sibi
673 4429 908 4482 conscius
935 4427 1168 4482 mortalis
1219 4428 1430 4496 peccati,
1460 4427 1782 4495 quantumvis
1811 4427 1903 4481 sibi
1933 4429 2128 4482 contri-

543 4508 625 4555 tus
649 4500 901 4566 videatur,
930 4500 1116 4571 absque
1144 4501 1411 4571 praemissa
1439 4497 1816 4571 Sacramentali
1848 4499 2131 4568 confessio-

542 4587 628 4641 ne.
661 4571 730 4624 ad
760 4586 961 4624 sacram
1009 4569 1388 4624 Eucharistiam
1416 4571 1656 4624 accedere
1684 4569 1894 4623 debeat:
1930 4571 2072 4641 quod
2099 4587 2132 4624 (ι

544 4640 855 4696 Christianis
903 4643 1156 4709 omnibus,
1186 4643 1337 4696 etiam
1360 4642 1424 4695 ab
1462 4642 1527 4694 iis
1553 4641 1924 4704 sacerdotibus,
1947 4640 2132 4710 quibus

2237 4288 2352 4358 ﬁeri
2377 4296 2540 4357 potest
2569 4289 2803 4343 interiori
2833 4289 3002 4344 cordis
3045 4289 3301 4342 munditia
3331 4297 3375 4341 et
3405 4287 3654 4358 puritate,
3688 4294 3831 4358 atque

2235 4356 2478 4432 exteriori
2499 4359 2780 4432 devotionis
2794 4377 2854 4414 ac
2871 4360 3075 4432 pietatis
3095 4359 3260 4432 specie
3273 4369 3580 4430 peragatur.
3599 4356 3826 4432 iiaecibi.

2237 4430 2409 4486 Porro
2438 4432 2714 4500 antiquam
2751 4429 2891 4486 hanc
2922 4431 3087 4486 fuisse
3125 4429 3573 4500 observationem
3604 4429 3830 4484 demon-

2240 4510 2377 4556 strat
2403 4503 2564 4556 etiam
2591 4501 2640 4556 id
2665 4503 2806 4570 quod
2829 4518 2894 4557 ex
2921 4502 3232 4558 Sozomeno
3265 4510 3449 4554 narrat
3475 4499 3830 4554 Cassiodorus

2241 4573 2335 4627 lib.
2363 4588 2456 4626 vm
2481 4573 2617 4627 llist.
2647 4575 2774 4642 trip.
2799 4587 2848 4627 c.
2875 4575 2924 4634 ι,
2943 4573 3013 4627 de
3037 4571 3292 4626 Dioscoro
3313 4581 3368 4625 et
3391 4571 3622 4642 Eulogio
3648 4587 3827 4624 mona-

2240 4642 2360 4698 chis
2381 4642 2596 4714 Egypti
2619 4639 2996 4698 sacerdotibus
3020 4642 3370 4714 sanctissimis
3394 4660 3406 4694 :
3432 4639 3744 4714 Dioscorus,
3762 4643 3827 4695 in-

541 4729 607 4767 ea:
645 4713 807 4782 ofﬁcio
833 4714 1122 4768 incubuerit
1144 4706 1419 4772 celebrare,
1443 4713 1549 4767 hcce
1562 4722 1738 4785 sancta
1768 4706 1995 4782 synodus
2017 4729 2133 4785 per—
2159 4706 2210 4765 D
2236 4715 2375 4784 quit,
2392 4706 2502 4768 non
2513 4706 2736 4785 amplius
2758 4727 2957 4769 centum
2975 4712 3236 4767 monachis
3255 4713 3584 4783 prasidcbat.
3605 4712 3827 4780 Quicum

546 4793 699 4854 petua
747 4786 1056 4839 servandum
1108 4802 1212 4839 esse
1241 4785 1490 4849 decrevit,
1533 4783 1686 4836 modo
1724 4800 1826 4836 non
1860 4786 1991 4837 desit
2029 4783 2134 4838 illis

546 4856 695 4926 copia
719 4857 1051 4926 confessoris.
1087 4856 1238 4922 Quod
1267 4858 1310 4908 si
1337 4857 1637 4926 necessitate
1662 4865 1870 4926 urgente
1898 4856 2137 4908 sacerdos

545 4925 737 4996 absque
765 4925 958 4997 prwvia
987 4929 1304 4997 confessione
1349 4925 1735 4989 celebraverit,
1755 4927 2134 4997 quamprimum

547 4997 870 5066 conﬁteatur.
899 4998 1106 5052 Rursus
1133 5000 1184 5052 in
1207 4999 1426 5052 deereto
1455 4998 1522 5052 de
1553 4997 1904 5052 observandis
1943 5005 1996 5051 et
2018 4998 2136 5052 evi-

550 5067 733 5122 tandis
767 5069 818 5122 in
861 5069 1225 5125 celebratione
1269 5069 1445 5123 Missa:
1489 5067 1666 5138 (Sess.
1697 5069 1864 5136 nit):
1905 5069 2130 5136 Quanta,

469 5152 511 5212 ἦ.
543 5137 812 5212 inquiunt,
847 5156 975 5193 cura
1011 5141 1302 5195 adhibenda
1343 5143 1410 5193 sit
1455 5137 1509 5193 ut
1537 5153 1926 5195 sacrosanctum
1959 5140 2134 5194 Missis

542 5210 868 5283 sacriﬁcium,
895 5212 1033 5264 omni
1071 5212 1333 5283 religionis
1363 5215 1503 5265 cultu
1543 5227 1603 5263 ac
1642 5213 1970 5266 veneratione
1997 5213 2132 5265 cele-

545 5279 751 5353 bretur,
784 5281 944 5351 quivis
979 5283 1132 5353 facile
1168 5279 1466 5336 existimare
1512 5285 1738 5352 poterit,
1777 5283 1864 5353 qui
1893 5283 2131 5353 cogitarit

544 5350 876 5424 maledictum
913 5350 1155 5408 in'sacris
1183 5353 1369 5407 lifleris
1393 5350 1706 5407 eum’vecari
1734 5350 1824 5424 qui
1859 5350 1978 5424 facit
2003 5370 2131 5423 opus

543 5421 644 5497 Dei
677 5425 986 5497 nrgligenter
1030 5426 1239 5496 (Jerem.
1294 5433 1498 5490 XLVIII).
1552 5425 1704 5490 Quod
1748 5421 1798 5477 si
1847 5421 2132 5480 necessario

545 5493 770 5564 fatemur
814 5493 1018 5550 nullum
1041 5493 1201 5549 aliud
1231 5514 1358 5564 aptis
1389 5499 1518 5551 adeo
1549 5508 1784 5551 sanctum
1813 5512 1874 5550 ac
1899 5497 2132 5551 divinum

541 5562 576 5616 a
605 5562 796 5639 Christi
833 5567 1070 5634 ﬁdelibus
1098 5562 1308 5622 tractari
1335 5586 1508 5635 posse,
1539 5586 1692 5638 quam
1717 5567 1812 5619 hac
1834 5569 2001 5639 ipsum
2030 5578 2131 5639 tre-

543 5637 788 5709 mendum
836 5641 1168 5709 mysterium,
1200 5656 1297 5704 quo
1332 5641 1533 5709 viviﬁca
1554 5637 1665 5693 illa
1699 5637 1862 5692 hostia
1899 5656 2000 5708 qua
2027 5638 2132 5693 Deo

545 5703 698 5780 Patri
723 5703 1038 5765 reconciliati
1079 5703 1254 5764 sumus
1281 5714 1332 5763 in
1357 5703 1510 5764 altari
1538 5729 1626 5778 per
1650 5703 1938 5765 sacerdotes
1963 5717 2135 5780 quoti-

673 5779 992 5859 immolatur,
1038 5783 1163 5836 satis
1195 5784 1346 5859 etiam
1383 5796 1595 5854 apparet
1628 5800 1825 5836 onmem
1858 5777 2065 5859 operam
2087 5793 2135 5835 et

547 5847 866 5911 diliqcntiam
909 5853 962 5907 in
989 5868 1050 5908 eo
1076 5854 1376 5915 ponendam
1417 5847 1544 5920 esse,
1577 5863 1648 5921 ut,
1696 5847 2134 5923 quanta-maxima

2238 4786 2502 4856 prrsbyter
2529 4797 2678 4851 esset,
2712 4785 2967 4854 sacrificia
2993 4785 3187 4855 faciens
3235 4799 3435 4856 omnem
3460 4785 3826 4856 perfectionem

2239 4854 2516 4909 adhibebat
2547 4857 2892 4910 examinanda
2923 4864 2970 4908 et
2995 4854 3271 4926 'ditigenter
3313 4854 3663 4926 dijudicando
3692 4869 3827 4907 acce-

2239 4928 2412 4981 dentes
2435 4928 2501 4980 ad
2528 4943 2676 4980 sacra
2720 4927 2967 4997 mysteria
2989 4968 3002 4988 ,
3037 4929 3108 4980 ita
3138 4934 3192 4978 ut
3223 4926 3486 4997 expiarent
3536 4934 3759 4997 mentem
3784 4933 3827 4997 et

2237 5000 2384 5070 mali
2405 5000 2707 5070 cujuspiamA
2735 4994 3096 5070 conscientiam
3135 5013 3236 5050 non
3264 4994 3528 5070 haberent.
3577 4996 3646 5070 Et
3685 4994 3827 5070 addit

2237 5070 2306 5140 de
2351 5067 2617 5140 Eulogin:
2662 5067 2912 5139 Eulogius
2962 5068 3224 5140 presbyter
3264 5068 3424 5140 fertur
3452 5067 3826 5140 prwscientiam

2239 5137 2888 5210 habuissecogitationum
2927 5137 3271 5209 quorumlibet
3303 5138 3372 5191 ad
3399 5137 3460 5192 se
3493 5137 3821 5200 venientium,

2241 5228 2526 5282 eorumque
2557 5213 2746 5265 delicta
2793 5210 2969 5278 palam
3011 5211 3384 5282 redarguebat,
3419 5219 3467 5282 et
3497 5223 3823 5282 quietumque

2241 5278 2458 5354 latenter
2475 5284 2782 5354 cogitassent
2807 5284 2902 5335 sibi
2928 5281 3151 5336 revelata
3169 5278 3556 5354 manifestabat.
3582 5278 3821 5354 Quinem

2239 5353 2438 5424 aliquid
2466 5350 2585 5407 sutili
2613 5358 2911 5426 gessissent,
2936 5355 3015 5407 vel
3045 5369 3258 5426 pravum
3303 5350 3577 5426 consilium
3618 5350 3822 5403 habuis-

2239 5438 2370 5489 sent,
2405 5428 2468 5480 ab
2504 5425 2659 5480 altari
2688 5425 3048 5491 suspendebat,
3075 5425 3409 5494 manifestans
3449 5425 3520 5477 eis
3562 5431 3821 5494 peccatum

2238 5498 2377 5622 gluod
2400 5508 2628 5618 elgerant,
2655 5509 2701 5553 et
2722 5496 2995 5566 diligentia
3017 5492 3261 5566 purgatos
3290 5511 3466 5550 rursus
3493 5492 3818 5562 suscipiebat.

2293 5586 2368 5622 ΞΥΟ
2399 5584 2408 5619 Ι
2440 5586 2492 5620 Ἰ.

2293 5586 2368 5622 a-c
2399 5570 2492 5620 ibi.

2315 5650 2342 5678 ι
2377 5638 2511 5694 Vide
2555 5640 2606 5692 in
2652 5639 2790 5692 hanc
2821 5639 3146 5694 sententiam
3175 5647 3355 5693 notata
3387 5637 3583 5692 Collat.
3607 5633 3659 5696 5,
3684 5649 3731 5686 c.
3767 5633 3817 5687 5.

2312 5709 2340 5748 ιι
2373 5711 2447 5765 De
2473 5711 2669 5764 Christi
2702 5712 3089 5764 tentationibus
3117 5711 3308 5766 eodem
3333 5709 3493 5763 modo
3536 5717 3593 5763 et
3635 5704 3817 5760 iisdem

2241 5780 2356 5838 fere
2381 5783 2561 5836 verbis
2583 5784 2840 5836 disseruit
2859 5783 3028 5836 abbas
3051 5781 3310 5848 Serapion
3337 5781 3520 5836 collat.
3545 5777 3582 5832 5
3616 5792 3735 5845 cap.
3765 5776 3812 5839 6,

2241 5868 2408 5924 quare
2429 5868 2896 5925 supervacaneum
2928 5853 3088 5910 tuerit
3106 5854 3260 5924 plura
3288 5853 3355 5910 dc
3404 5851 3487 5910 his
3536 5855 3813 5905 annotare.
