4092 6322
251 330 387 390 1255

1019 327 1360 387 COLLATIO
1401 327 1568 385 XXII.
1595 357 1664 370 —
1687 328 1777 383 DE
1816 323 2209 384 NOCTUllNIS
2246 326 2739 385 ILLUSIONIBUS.

3380 327 3518 384 ΗΜ

247 461 330 508 tur
357 447 622 504 illudere:
647 445 709 503 Si
740 445 936 513 Filius,
969 445 1243 516 inquiens,
1270 443 1364 499 Dei
1388 460 1464 510 es,
1497 442 1580 498 dic
1606 453 1662 498 ut
1692 442 1823 514 lapi-
1852 445 1905 505 Α
1930 451 2013 498 est
2039 441 2338 497 secundum
2368 439 2784 496 similitudinem
2815 449 3078 510 nostram,
3117 456 3236 498 cum
3261 441 3516 497 verbera-

245 543 333 598 des
364 541 449 596 isti
478 555 632 611 panes
663 540 793 610 ﬁant
827 537 1044 612 (Matth.
1063 537 1161 610 tv).
1187 537 1295 594 Sed
1327 537 1530 593 nullum
1561 535 1829 606 recipiens

245 651 310 692 ex
343 634 442 690 hac
468 632 766 690 tentatione
799 640 1099 700 peccatum,
1124 645 1247 686 cum
1277 631 1326 687 ei
1353 629 1582 686 facultas
1612 629 1828 685 indubi-

245 736 353 784 tata
384 733 721 796 suppeteret,
752 724 961 796 respuit
996 724 1176 781 cibum
1205 739 1364 796 quem
1392 723 1442 780 ei
1488 722 1828 793 deceptionis

242 819 440 878 artifex
473 819 773 891 ingerebat,
815 817 1002 875 dicens
1034 835 1048 872 :
1082 816 1206 872 Non
1260 818 1314 871 in
1367 818 1479 872 solo
1535 834 1668 889 pane
1705 817 1828 872 vivit

161 901 172 922 ²
243 917 420 980 homo,
479 912 568 968 sed
615 913 670 966 in
729 912 870 967 omni
917 909 1068 966 verbo
1095 909 1235 982 quod
1265 911 1494 982 procedit
1528 909 1592 964 de
1618 925 1704 963 ore
1730 906 1828 962 Dei

241 1006 422 1078 (Deut.
455 1006 598 1075 vui).
617 1003 878 1060 Tentatus
907 1012 992 1060 est
1019 1005 1182 1059 etiam
1205 1003 1499 1059 cenodoxia
1530 1001 1824 1057 secundum

239 1100 653 1157 similitudinem
683 1108 948 1169 nostram,
973 1115 1093 1155 cum
1119 1100 1171 1156 ei
1197 1097 1401 1154 dictum
1429 1105 1548 1153 est:
1573 1097 1634 1152 Si
1656 1095 1827 1151 Filius

239 1194 340 1250 Dei
367 1209 441 1260 es,
465 1194 608 1248 mitte
634 1202 681 1246 te
704 1191 944 1248 deorsum
967 1189 1179 1262 (Matth.
1196 1191 1294 1261 iv).
1326 1189 1433 1246 Sed
1457 1188 1685 1244 subdola
1709 1188 1828 1244 dia-

237 1286 349 1342 boli
377 1285 721 1356 suggestione
750 1292 938 1354 captus
968 1298 1074 1338 non
1104 1292 1209 1348 est,
1251 1293 1306 1337 et
1346 1282 1702 1337 vanissimum
1739 1296 1828 1338 se-

238 1378 521 1434 ductorem
548 1378 712 1432 etiam
744 1376 1148 1447 Scripturarum
1177 1373 1490 1444 objectione
1515 1373 1821 1444 confutans,

238 1469 364 1525 Non
391 1469 835 1538 tentabis,inquit,
862 1467 1138 1522 Dominum
1170 1467 1338 1522 Deum
1361 1476 1500 1521 tuum
1526 1466 1809 1538 (Deut.vt).

233 1561 498 1618 Tentatus
521 1573 605 1618 est
630 1561 792 1617 etiam
813 1569 1028 1616 tumore
1058 1559 1328 1630 superbia:
1351 1559 1648 1615 secundum
1672 1559 1824 1613 simi-

234 1655 518 1712 litudinem
549 1665 812 1722 nostram,
843 1670 966 1710 cum
999 1653 1103 1710 eia
1126 1653 1346 1709 diabolo
1373 1653 1822 1722 promitterentur

230 1748 417 1804 omnia
447 1761 614 1818 regna
641 1745 827 1802 mundi
847 1756 900 1802 et
927 1746 1096 1817 gloria
1122 1746 1444 1812 eorum,sed
1469 1746 1627 1802 irrisa
1656 1754 1816 1815 atque

1933 542 2017 588 tus
2041 532 2378 604 llagris,cum
2414 533 2606 603 palmis
2628 545 2962 598 caesus,cum
2986 541 3266 602 sputorum
3290 534 3518 588 horrore

1931 641 2213 695 respersus
2243 637 2349 694 est,
2379 641 2501 682 cum
2533 627 2599 681 ad
2626 635 2931 683 extremum
2962 627 3184 696 pertulit
3213 627 3392 682 crucis
3421 641 3517 682 ex-
3560 649 3573 706 ς,

1928 721 2124 792 quisita
2153 721 2415 791 supplicia
2465 720 2685 791 (Matth.
2721 720 2912 792 xxvr);
2942 721 3038 776 sed
3069 721 3229 776 nullis
3257 735 3514 792 umquam
3559 707 3570 712 Ἀ

1929 828 2036 868 non
2064 812 2240 869 dicam
2273 815 2641 880 contumeliis,
2677 829 2865 868 verum
2898 829 2967 869 ne
2992 813 3268 884 suppliciis
3297 813 3512 885 quidem

1927 904 1993 962 ad
2050 915 2319 962 tumorem
2348 907 2433 962 vel
2483 907 2772 962 levissimae
2810 906 3198 978 indignationis
3249 906 3514 978 impulsus

1927 1005 2029 1063 est,
2062 997 2186 1068 quia
2211 998 2264 1052 in
2295 999 2538 1068 patibulo
2569 1001 2896 1056 constitutus
2925 999 3353 1056 misericorditer
3384 1013 3514 1071 pro-

1925 1091 2178 1148 clamavit
2234 1111 2246 1145 :
2295 1091 2473 1161 Pater,
2522 1095 2727 1166 ignosce
2769 1096 2866 1167 eis,
2893 1111 2997 1150 non
3023 1095 3160 1152 enim
3189 1095 3361 1151 sciunt
3387 1093 3512 1164 quid

1930 1187 2132 1258 faciunt
2161 1183 2313 1258 (Luc.
2344 1187 2527 1258 χχιιι).

2525 1279 2750 1336 CAPUT
2789 1280 2881 1336 XI.

1999 1371 2149 1438 Quod
2170 1371 2226 1426 in
2269 1371 2610 1428 similitudine
2631 1375 2812 1443 carnis
2844 1373 3036 1443 peccati
3065 1372 3209 1429 soius
3247 1373 3436 1427 venerit

2609 1442 2864 1500 Christus.

1994 1557 2460 1625 Quemadmodum
2506 1573 2639 1615 vero
2686 1567 2742 1613 et
2796 1557 2929 1614 illud
2978 1558 3305 1628 accipietur,
3365 1556 3509 1628 quod

1922 1666 2046 1707 eum
2089 1650 2382 1721 Apostolus
2407 1652 2435 1692 δ
2467 1655 2519 1708 in
2567 1653 2920 1709 similitudine
2960 1653 3140 1708 carnis
3170 1653 3374 1724 peccati
3415 1666 3510 1707 ve-

1921 1745 2066 1800 nisse
2091 1756 2481 1802 commemorat
2536 1745 2719 1818 (Rom.
2761 1745 2903 1817 vm),
2953 1746 2999 1801 si
3040 1746 3203 1802 etiam
3231 1759 3332 1800 nos
3363 1743 3508 1800 nulla

229 1841 517 1911 obiurgata
549 1847 634 1894 est
654 1838 892 1910 nequitia
917 1838 1532 1909 tentatoris.Respnndit
1563 1838 1706 1894 enim
1729 1839 1810 1895 ei:
1846 1827 1894 1889 B
1921 1839 2124 1908 peccati
2183 1838 2307 1894 labe
2364 1839 2625 1909 pollutam
2677 1839 2881 1894 habere
2927 1852 3219 1910 possumus
3247 1836 3508 1894 carnem?

232 1930 388 1987 Vade
414 1942 573 1998 retro,
608 1930 834 1987 Satanas
859 1930 1074 2002 (Matth.
1106 1931 1213 2005 1v);
1238 1934 1490 2004 scriptum
1533 1941 1606 1988 est
1634 1933 1769 1987 enim
1797 1947 1817 1987 :

224 2025 516 2082 Dominum
569 2025 735 2081 Deum
785 2035 932 2082 tuum
982 2029 1248 2094 adorabis,
1277 2038 1322 2082 et
1372 2029 1453 2083 illi
1503 2030 1603 2084 soli
1633 2031 1819 2084 servies

223 2118 412 2190 (Deut.
444 2119 544 2190 γι).
569 2118 665 2174 llis
688 2127 868 2174 autem
901 2121 1224 2176 testimoniis
1253 2119 1544 2176 edocemur
1575 2130 1632 2176 ut
1673 2122 1818 2177 frau-

221 2211 470 2267 dulentis
501 2221 528 2250 ι
559 2214 993 2284 suggestionibus
1017 2215 1221 2270 inimici
1260 2230 1359 2270 nos
1383 2231 1599 2287 quoque
1623 2217 1816 2272 simili-

223 2313 311 2360 ter
365 2305 688 2362 auctoritate
733 2306 1131 2376 Scripturarum
1179 2308 1472 2366 debeamus
1522 2311 1810 2368 obsistere.

222 2397 461 2454 Rursum
487 2407 724 2454 tentatus
763 2409 846 2455 est
875 2401 1126 2471 superbia
1158 2401 1456 2458 secundum
1500 2403 1814 2462 similitudi-

222 2505 351 2545 nem
383 2499 644 2555 nostram,
675 2499 731 2545 ut
776 2490 916 2545 idem
946 2491 1266 2548 insidiarum
1315 2494 1510 2550 artifex
1564 2511 1812 2567 regnum,

221 2583 373 2654 quod
423 2583 492 2638 ab
536 2582 654 2653 ipso
685 2583 922 2640 oblatum
953 2595 1081 2642 ante
1109 2596 1413 2658 respuerat,
1445 2604 1539 2657 per
1568 2589 1815 2646 homines

219 2677 268 2732 ei
297 2675 885 2748 molireturingerere;
924 2678 1019 2734 sed
1065 2679 1268 2751 absque
1315 2694 1536 2752 peccato
1589 2683 1813 2739 insidias

221 2771 482 2826 tentantis
503 2771 690 2825 irrisit.
707 2768 836 2826 Cum
849 2772 984 2826 enim
1009 2775 1326 2844 cognovisset
1354 2774 1505 2830 Iesus
1529 2777 1665 2846 quod
1690 2795 1812 2832 ven-

219 2864 327 2918 turi
349 2875 514 2918 essent
542 2874 598 2917 ut
618 2874 858 2933 raperent
885 2883 1001 2921 eum
1029 2879 1079 2922 et
1109 2870 1333 2938 facerent
1361 2887 1479 2924 eum
1503 2888 1692 2942 regem,
1728 2877 1812 2942 fu-

218 2957 290 3026 git
323 2958 514 3011 iterum
538 2957 592 3010 in
638 2967 856 3012 montem
884 2959 995 3030 ipse
1019 2961 1158 3015 solus
1186 2961 1204 3033 (
1231 2959 1388 3017 Joan.
1415 2963 1511 3032 vn).
1549 2963 1812 3019 Tentatus

1924 1931 2056 1988 Nam
2087 1940 2143 1988 et
2170 1931 2274 1987 hoc
2300 1932 2368 1989 de
2401 1933 2492 1988 illo
2509 1935 2601 2004 qui
2622 1934 2770 1990 solus
2797 1943 2879 1988 est
2901 1933 3104 2004 absque
3127 1942 3348 2003 peccato
3373 1939 3508 1986 tam-

1923 2042 2081 2098 quam
2110 2027 2382 2098 singulare
2405 2033 2778 2083 memoratur:
2805 2025 2950 2081 Misit
2970 2025 3107 2080 Deus
3129 2021 3328 2078 Filium
3354 2037 3507 2077 suum

1922 2122 1975 2176 in
2003 2121 2391 2176 similitudinem
2440 2121 2610 2176 carnis
2664 2121 2857 2194 peccati
2887 2118 3090 2189 (Galat.
3122 2116 3229 2189 tv);
3257 2117 3382 2188 quia
3411 2130 3508 2171 ve-

1921 2230 2037 2271 ram
2081 2215 2527 2286 atqueintegram
2558 2213 2862 2284 suscipiens
2907 2211 3272 2268 substantiam
3325 2207 3507 2264 carnis

1919 2307 2198 2374 humanae,
2229 2323 2337 2365 non
2369 2311 2542 2378 ipsum
2573 2316 2856 2380 peccatum
2887 2307 2938 2361 in
2963 2321 3048 2375 ea,
3073 2303 3166 2360 sed
3189 2299 3502 2358 similitudi-

1923 2417 2047 2457 nem
2097 2402 2300 2473 peccati
2345 2401 2653 2472 suscepisse
2707 2398 3010 2456 credendus
3053 2404 3156 2453 est.
3187 2390 3500 2452 Similitudo

1921 2496 2064 2552 enim
2097 2512 2204 2552 non
2237 2495 2304 2551 ad
2336 2496 2516 2551 carnis
2543 2495 2852 2558 veritatem,
2887 2503 2909 2531 ο
2941 2488 3242 2546 secundum
3273 2499 3498 2558 pravum

1918 2591 2275 2662 quorumdam
2306 2590 2687 2647 haereticorum
2724 2601 2968 2653 sensum,
3023 2585 3118 2641 sed
3169 2583 3234 2640 ad
3289 2580 3499 2654 peccati

1917 2693 2000 2740 est
2022 2683 2306 2755 imaginem
2339 2681 2787 2740 referenda.Erat
2815 2681 2958 2735 enim
2990 2678 3045 2733 in
3075 2678 3193 2748 ipso
3216 2690 3350 2732 vera
3379 2672 3501 2745 qui-

1921 2777 2043 2832 dem
2076 2793 2228 2844 caro,
2264 2777 2362 2833 sed
2391 2777 2598 2846 absque
2629 2784 2870 2845 peccato,
2904 2771 3102 2827 similis
3145 2768 3354 2825 scilicet
3377 2781 3506 2838 pec-

1920 2870 2128 2930 catrici.
2160 2870 2293 2928 illud
2324 2870 2591 2941 siquidem
2621 2869 2687 2923 ad
2716 2867 2968 2922 humanas
2997 2861 3313 2920 substantia:
3339 2857 3508 2931 perti-

1921 2977 2016 3022 net
2045 2967 2354 3032 veritatem,
2384 2965 2490 3022 hoc
2523 2980 2656 3022 vero
2677 2964 2745 3020 ad
2773 2963 2899 3019 vitia
2931 2962 3172 3018 refertur
3201 2966 3258 3015 et
3301 2969 3502 3012 mores.

1298 3119 1556 3177 ALARDI
1595 3122 1827 3179 GAZIEI
1865 3123 2434 3182 COMMENTARIUS.

292 3241 324 3270 ι
364 3232 830 3311 Quemadmodum
869 3234 1116 3290 Salvator
1159 3245 1564 3311 nosterpmnes
1615 3237 1814 3311 diaboli
1842 3237 1888 3300 C
1922 3240 2092 3311 carnis
2123 3240 2418 3311 peccatricis
2446 3239 2551 3293 vult
2591 3237 2833 3311 intelligi.
2884 3235 3100 3311 Plenius
3132 3236 3192 3311 ll.
3221 3232 3506 3311 Thomas_:

223 3307 557 3377 tentationes
585 3307 985 3373 Scripturarum
1017 3322 1111 3361 seu
1140 3307 1294 3362 verbi
1338 3307 1504 3363 divini
1561 3310 1814 3377 prmsidio

224 3375 441 3446 disiecit
468 3391 530 3430 ac
559 3377 802 3445 dispulit,
828 3377 899 3431 ita
938 3377 1229 3447 Apostolus
1270 3378 1516 3446 Ephesiis
1548 3375 1816 3434 consuluit

223 3458 281 3502 ut
313 3447 508 3502 eodem
532 3456 718 3502 contra
748 3449 1075 3503 tentationes
1101 3449 1364 3502 dzemonis
1395 3459 1674 3505 uterentur
1706 3468 1720 3506 :
1748 3450 1815 3504 Et

221 3519 447 3593 galeam,
477 3518 751 3593 inquiens,
756 3521 956 3593 salutis
978 3522 1239 3593 assumite,
1254 3530 1302 3574 et
1319 3520 1553 3593 gladium
1575 3523 1814 3593 spiritus,

221 3587 366 3663 Quod
396 3600 469 3643 est
498 3587 705 3663 verbum
745 3587 862 3663 Dei.
917 3591 1166 3663 Resistere
1216 3587 1611 3656 mutationibus,
1644 3593 1816 3663 inquit

224 3660 283 3715 Β.
314 3659 614 3731 GregOI-ius
640 3662 754 3734 (ξιξ
782 3661 970 3716 Morel.
994 3679 1040 3718 c.
1069 3663 1216 3726 ult.),
1234 3665 1442 3717 omnino
1472 3680 1575 3717 non
1603 3659 1811 3734 sufficit,

223 3734 313 3802 qui
342 3734 486 3806 hunc
512 3735 655 3806 verbi
667 3732 768 3806 Dei
799 3742 970 3788 tenere
996 3735 1228 3805 gladium
1251 3736 1384 3789 male
1409 3737 1622 3788 vivendo
1668 3732 1814 3806 post-

223 3805 398 3878 ponit.
427 3803 584 3878 EtS.
616 3803 976 3878 Hieronymus
998 3803 1069 3859 ad
1106 3803 1810 3878 Eustochium(Epistﬂ?):

225 3873 442 3940 Statim,
467 3876 560 3942 ait,
592 3885 647 3929 ut
681 3873 838 3928 libido
867 3877 1152 3930 titillaverit
1179 3893 1402 3939 sensum,
1437 3873 1814 3931 aut'blaudunt

224 3948 507 4018 voluptatis
534 3947 831 4019 incendium
851 3946 997 3999 dulci
1015 3964 1106 4001 nos
1119 3947 1290 4002 calore
1303 3949 1611 4019 perfuderit,
1637 3964 1811 4003 erunt-

223 4017 416 4087 pamus
441 4019 494 4072 in
517 4035 686 4072 vocem
705 4032 722 4070 :
739 4017 986 4071 Dominus
1009 4019 1290 4073 auxiliator
1305 4017 1470 4082 meus,
1501 4037 1602 4073 non
1629 4020 1814 4074 timebo

223 4087 358 4156 quid
380 4090 541 4158 faciat
582 4089 708 4142 mihi
733 4104 854 4142 caro
888 4088 1061 4158 (Psal.
1094 4104 1282 4152 cxvn).
1313 4092 1404 4146 Sic
1433 4091 1492 4147 S.
1523 4093 1808 4155 Antonius,

225 4161 710 4233 testeAtbanasio,
760 4160 1063 4214 daemonum
1095 4163 1479 4216 tenmtionihu»
1509 4163 1815 4233 opponebat

224 4231 386 4300 quasi
418 4232 579 4285 telum
607 4231 756 4286 illum
785 4233 1106 4286 verSiCulum
1141 4231 1591 4301 l’szilmograplii':
1625 4234 1811 4286 Domi-

226 4316 328 4372 nus
372 4302 499 4356 mihi
545 4302 778 4367 adiutor,
821 4319 920 4355 non
950 4303 1132 4356 timebo
1158 4303 1282 4372 quid
1311 4303 1464 4372 faciat
1492 4304 1614 4356 mihi
1637 4305 1809 4358 homo.

223 4369 481 4444 Dominus
511 4374 635 4444 mihi
663 4375 873 4442 adjutor
916 4384 964 4427 et
990 4391 1080 4442 ego
1107 4369 1388 4444 dispiciam
1415 4375 1647 4427 inimicos
1676 4390 1812 4428 meos

225 4439 406 4516 (Psal.
438 4443 634 4513 vau).
665 4439 736 4499 Et
759 4444 909 4498 illum
935 4461 952 4497 :
976 4439 1239 4516 Elvsurgat
1277 4445 1439 4508 Deus,
1473 4455 1518 4498 et
1549 4446 1810 4511 dissipen-

223 4523 311 4567 tur
342 4515 538 4586 inimici
565 4520 704 4586 ejus,
745 4525 793 4569 et
830 4518 1029 4586 fugiant
1065 4515 1394 4586 quiodrruut
1435 4531 1547 4569 eum
1596 4534 1627 4569 a
1677 4517 1812 4585 facie

224 4585 998 4678 eg_us;.l}etiique‘abbaslsaac
1023 4588 1232 4678 stillat.n
1241 4587 1306 4641 10
1332 4585 1482 4669 (Cap.
1513 4586 1812 4678 IJQ),‘duCct
1841 4618 1893 4678 Ι)

223 4656 558 4710 versiculum
589 4657 736 4712 illum
767 4659 956 4720 psalmi
983 4673 1107 4712 ιχιι
1145 4675 1157 4711 :
1186 4658 1346 4724 Deus,
1390 4656 1443 4712 in
1489 4660 1812 4728 adjutorium

222 4742 395 4780 meum
448 4729 691 4793 intende;
725 4728 960 4795 Domine,
1005 4729 1074 4782 ad
1110 4730 1463 4799 adjuvandum
1492 4745 1570 4783 me
1599 4732 1808 4798 festina,

220 4809 350 4852 esse
377 4801 810 4870 potentissimum
841 4799 906 4852 ad
931 4801 1311 4870 expugnandas
1340 4815 1529 4855 omnes
1563 4803 1811 4854 tentatio-

224 4881 322 4922 nes
349 4870 665 4924 remedium.
699 4869 866 4923 Habet
887 4869 1166 4941 siquidem,
1193 4873 1388 4940 inquit.
1421 4873 1662 4926 adversus
1688 4873 1811 4925 uni-

221 4952 375 4994 versa
411 4941 714 4995 discrimina
745 4940 1114 4995 invocationem
1139 4940 1234 4994 Dei
1257 4960 1272 5004 ;
1301 4942 1445 4996 habet
1467 4943 1811 4997 humilitatem

221 5011 326 5085 piae
354 5014 721 5085 confessionis;
747 5013 893 5085 habet
913 5011 1279 5085 sollicitudinis
1300 5029 1360 5065 ac
1375 5015 1589 5085 timoris
1633 5031 1811 5085 perpe-

225 5083 301 5134 tui
321 5081 651 5152 vigilautiam
668 5100 685 5147 ;
704 5083 852 5137 habet
885 5083 1342 5137 considerationem
1358 5083 1654 5152 fragilitatis
1681 5081 1805 5151 suat,

222 5154 575 5209 exauditionis
597 5154 842 5222 fiduciam
857 5153 1265 5226 {conﬁdentiam
1286 5157 1552 5224 prtesentis
1582 5172 1809 5226 semper-

222 5237 326 5296 que
355 5225 573 5296 astantis
594 5225 844 5296 praesidii.
871 5225 974 5280 Hic
1014 5225 1293 5280 versiculus
1339 5225 1567 5278 omnibus
1596 5225 1814 5296 infesta-

225 5295 369 5370 tione
379 5295 674 5370 dtemonum
689 5295 1472 5370 laborantibusinexpugnabilis
1489 5295 1665 5370 murus
1678 5306 1752 5370 est
1764 5307 1810 5352 et

222 5363 637 5474 impenetrabilis
658 5369 842 5432 lorica,
861 5384 921 5422 ac
939 5363 1310 5424 munitissimus
1323 5367 1682 5439 clgpeusﬂmc
1696 5368 1808 5424 ille.

371 5435 547 5474 [ἔνι-»η
567 5437 618 5474 ι..
635 5438 915 5474 ληιηέηη.-.
959 5441 1011 5474 ς..
1041 5440 1387 5474 οἶηιίΙὶΙηΑἰηιι
1428 5439 1598 5474 ηινιηι
1627 5440 1808 5474 ιοηιιη-

371 5435 547 5510 erce
565 5437 618 5494 ἕν
635 5438 936 5510 ὁμοιώματι,
959 5441 1012 5493 in
1039 5435 1389 5494 similitudine
1410 5435 1598 5506 Quam
1627 5440 1814 5494 lectio-

225 5518 354 5580 nem
387 5507 702 5580 hiciAuctor
723 5507 940 5564 sesutus
958 5521 1063 5578 est,
1087 5511 1179 5565 ubi
1209 5521 1385 5567 tamen
1413 5510 1617 5580 vulgata
1636 5512 1814 5566 versio

224 5573 430 5632 habet:
463 5579 532 5633 In
558 5581 963 5635 similitudinem.
996 5573 1198 5636 Dicitur
1245 5595 1426 5637 autem
1473 5573 1724 5637 Christus
1755 5584 1809 5638 in

226 5646 583 5722 similitudine
604 5653 687 5705 vel
719 5651 771 5722 in
809 5651 1208 5707 similitudinem
1239 5654 1416 5712 carnis
1468 5655 1674 5722 percuti
1720 5670 1813 5710 ve-

225 5719 401 5797 nisse,
429 5722 504 5775 ait
529 5721 893 5797 Tertullianus
927 5723 1101 5797 (Libro
1145 5725 1209 5776 de
1249 5729 1418 5779 (.arue
1468 5719 1660 5779 Christi
1689 5742 1806 5797 cap.

223 5793 505 5874 XVI),.non
533 5794 669 5863 quod
711 5794 1098 5874 similitudinem
1143 5797 1312 5851 carnis
1359 5798 1631 5874 acceperit,
1661 5793 1810 5874 quasi

226 5867 510 5938 imaginem
538 5867 768 5940 corporis
794 5877 840 5925 et
865 5884 966 5927 non
991 5867 1280 5938 veritatem;
1308 5868 1396 5926 sed
1419 5869 1806 5928 similitudinem

1921 3307 2014 3371 (In
2045 3304 2423 3364 Commentario
2448 3313 2561 3380 ejus
2609 3310 2732 3378 loci)
2759 3304 2778 3362 Ξ
2812 3308 2872 3380 lu
2911 3307 3306 3380 similitudinem
3333 3304 3508 3358 carnis

1921 3383 2120 3449 peccati
2158 3396 2263 3433 non
2293 3390 2377 3432 est
2403 3381 2481 3433 sic
2512 3379 2916 3448 intelligendum
2949 3379 3100 3447 quasi
3155 3391 3345 3449 veram
3387 3390 3506 3429 car-

1921 3445 2043 3506 nem
2069 3467 2173 3505 non
2209 3450 2476 3512 habuerit,
2507 3452 2600 3502 sed
2633 3445 2804 3502 solum
2849 3445 3026 3503 carnis
3069 3445 3501 3509 similitudinem,

1919 3523 2070 3590 quasi
2095 3523 2504 3590 phantasticam,
2526 3519 2663 3574 sicut
2688 3519 2962 3573 Manichiei
2996 3518 3178 3571 dicunt
3202 3533 3217 3581 ;
3241 3532 3363 3570 cum
3391 3516 3506 3584 ipse

1920 3592 2178 3647 Dominus
2204 3593 2347 3646 dicit
2377 3591 2536 3646 Lucae
2559 3593 2656 3644 ult.
2675 3609 2686 3643 :
2705 3591 2936 3656 Spiritus
2961 3604 3168 3642 carnem
3193 3599 3238 3641 et
3261 3604 3378 3641 ossa
3401 3603 3505 3640 non

1918 3666 2068 3718 habet
2099 3668 2228 3718 sicut
2259 3681 2336 3717 me
2377 3664 2562 3717 videtis
2592 3661 2798 3717 habere.
2833 3662 2985 3716 Unde
3016 3677 3119 3714 non
3148 3660 3321 3712 solum
3373 3657 3508 3711 dicit

1918 3737 1972 3789 in
2016 3736 2407 3789 similitudinem
2449 3737 2634 3797 carnis,
2695 3736 2786 3787 sed
2835 3735 2885 3786 iu
2913 3731 3302 3786 similitudinem
3333 3729 3506 3781 carnis

1918 3809 2132 3877 peccati.
2165 3807 2276 3861 Non
2301 3813 2442 3860 enim
2464 3805 2644 3859 habuit
2676 3820 2894 3859 carnem
2924 3806 3153 3877 peccati,
3186 3802 3236 3854 id
3260 3809 3501 3877 est,cum

1921 3874 2140 3948 peccato
2167 3887 2483 3946 conceptam
2509 3886 2562 3932 et
2594 3891 2816 3945 peccato
2855 3875 3172 3936 obnoxium,
3202 3874 3326 3948 quia
3376 3885 3505 3948 caro

1916 3943 2035 4016 ejus
2075 3949 2170 4002 luit
2214 3943 2474 4018 concepta
2505 3943 2603 4014 per
2629 3948 2887 4016 Spiritum
2919 3953 3187 4008 sanctum,
3222 3943 3312 4012 qui
3369 3943 3508 4018 tollit

1920 4013 2219 4088 peccatum.
2254 4013 2442 4074 Matth.
2474 4013 2540 4074 si:
2570 4013 2718 4083 Quod
2747 4020 2883 4072 enim
2911 4020 2964 4071 in
2994 4033 3054 4070 ea
3081 4027 3255 4070 natum
3303 4027 3402 4076 est,
3445 4013 3508 4088 de

1918 4085 2122 4159 Spiritu
2152 4101 2329 4145 sancto
2357 4101 2450 4147 est.
2485 4091 2589 4144 Sed
2640 4091 2827 4142 habuit
2870 4088 3278 4142 similitudmem
3312 4085 3506 4159 carnis

1918 4157 2143 4230 pizccnti,
2172 4163 2222 4217 id
2253 4171 2357 4228 est,
2386 4177 2602 4216 carnem
2632 4163 2861 4214 simili-ni
2893 4159 3040 4215 Curtii
3091 4157 3399 4230 peccatrici,
3451 4157 3502 4211 in

1917 4228 2022 4288 hoc
2070 4234 2212 4304 quod
2261 4243 2381 4289 erat
2430 4233 2720 4302 passibilis.
2777 4233 2906 4286 Nam
2942 4245 3069 4285 caro
3112 4228 3350 4304 hominis
3381 4234 3506 4280 ante

1915 4302 2199 4430 'tli‘tlsccaium
2257 4304 2491 4376 pussiuni
2542 4304 2788 4374 subjecta
2817 4319 2922 4358 non
2967 4311 3104 4357 erat.
3161 4302 3237 4356 lia
3285 4307 3506 4353 sanctus

1983 4392 2172 4430 minas.

1966 4377 2172 4431 homas.

1991 4458 2013 4485 ε
2035 4447 2319 4502 Marcionis
2337 4445 2738 4512 hteresiarclire,
2755 4456 2940 4516 contra
2961 4439 3506 4516 quemr'l‘ert‘ulI-ianus

1917 4518 2056 4572 libro
2101 4520 2358 4572 adversus
2406 4531 2528 4571 eum
2563 4510 2818 4572 edito—de
2858 4510 3034 4571 Carne
3078 4511 3308 4569 Christi:
3338 4510 3506 4564 Mani-

1917 4589 2213 4655 chaeorum,
2243 4598 2427 4642 contra
2459 4603 2594 4654 quos
2628 4589 2684 4640 l).
2717 4589 3048 4655 Augustinus
3081 4586 3172 4639 lib.
3217 4584 3284 4636 de
3318 4583 3504 4635 lla-ere-

1919 4661 2068 4715 sibus
2097 4670 2152 4714 et
2182 4660 2308 4713 alibi
2333 4659 2565 4728 passim;
2588 4659 3133 4728 Priscilliamsturuin.
3157 4660 3339 4728 contra
3367 4664 3503 4728 quos

1918 4731 1974 4803 S.
2011 4731 2119 4786 Leo
2150 4720 2384 4799 pontifex
2415 4720 2640 4803 epistola
2670 4730 2759 4784 93.
2787 4730 2849 4784 Hi
2881 4729 3022 4783 enim
3068 4725 3314 4803 haeretici
3334 4720 3497 4803 verba

1919 4793 2162 4875 Apostoli
2180 4793 2470 4875 perperam
2497 4801 2935 4875 interpretantes,
2950 4808 3004 4875 et
3018 4811 3175 4875 more
3197 4793 3501 4875 spphnstico

1919 4865 2075 4942 quale
2103 4865 2228 4942 quid
2260 4865 2614 4938 exponentes,
2643 4865 2698 4925 ut
2727 4870 2990 4926 dialecuci
3018 4871 3332 4942 loquuntur,
3355 4865 3502 4942 dice-

1919 4939 2047 4999 baut
2073 4939 2349 4999 Christum
2380 4959 2488 5016 non
2510 4959 2688 5016 veram
2709 4958 2944 5016 carnem,
2975 4940 3068 4995 sed
3090 4939 3502 5016 phantasticam

1919 5017 2297 5084 aSStnnpsisse,
2321 5013 2726 5068 similitudinem
2756 5015 2900 5070 illam
2933 5005 3134 5084 carnis
3180 5005 3389 5084 pecc_ati
3431 5005 3502 5060 ad

1918 5077 2135 5141 carnem
2160 5077 2355 5154 ip-am,
2384 5101 2486 5139 non
2520 5087 2584 5138 ad
2621 5097 2916 5154 peccatum,
2952 5077 3274 5154 referentes.
3297 5077 3500 5132 Contra

1916 5151 2285 5232 Tertullianus
2311 5156 2444 5232 (Idib:
2466 5172 2496 5232 v_
2509 5151 3049 5232 contrajlarciouem)
3069 5171 3086 5206 :
3103 5151 3233 5232 Non.
3255 5164 3500 5232 magnum

1913 5233 2068 5300 foret,
2101 5227 2292 5297 inquit,
2321 5218 2627 5300 siSpiritus
2670 5228 2764 5282 Dei
2810 5218 3378 5300 caruem'remediaret‘;
3409 5218 3502 5272 sed

1915 5291 1960 5355 si
1985 5291 2104 5354 caro
2133 5291 2415 5352 consimilis
2444 5291 2762 5365 'peccatrici,
2807 5299 2928 5351 dum
2972 5312 3094 5350 caro
3138 5304 3234 5357 est,
3265 5291 3354 5346 sed
3397 5305 3522 5342 non.

1917 5372 2131 5442 peccati.
2169 5368 2255 5422 Ita
2286 5369 2567 5423 similitudo
2593 5372 2660 5422 ad
2682 5368 2886 5442 titulum
2908 5368 3104 5442 peccati
3132 5365 3372 5442 pertinet,
3398 5375 3502 5412 non

1915 5437 1984 5496 ad
2014 5441 2314 5495 substantia:
2343 5441 2714 5513 mendacium.“
2739 5439 2876 5513 Nam
2919 5454 3009 5492 nec
3036 5437 3320 5513 addidisset
3362 5445 3499 5513 ρεστ
3527 5445 3531 5455 ·

1916 5529 2059 5579 ωτι,
2114 5514 2159 5566 si
2205 5513 2507 5566 substantia?
2560 5511 2947 5564 similitudinem
2978 5510 3125 5562 vellet
3153 5504 3393 5579 intelligi,
3439 5509 3498 5555 ut

1918 5578 2128 5658 negaret
2155 5585 2435 5658 veritatem.
2471 5579 2693 5658 Tantum
2721 5583 2855 5658 enim
2875 5581 3044 5634 carnis
3073 5578 3350 5646 posuisset,
3372 5588 3499 5658 (non

1917 5653 2233 5728 et'peccati.
2269 5653 2538 5728 Cum‘vero
2563 5654 2635 5728 sic
2661 5653 2872 5728 struxit,
2925 5665 3114 5706 cantus
3158 5657 3398 5728 succurri.
3437 5653 3498 5728 ει

1917 5712 2254 5782 substantiam
2281 5724 2621 5790 conﬁrmavit.
2654 5723 2708 5777 id
2729 5733 2822 5788 est,
2855 5712 3092 5787 carnem;
3123 5731 3168 5774 et
3198 5712 3497 5772 similitudi-

1916 5814 2036 5858 nem
2063 5799 2131 5860 ad
2153 5798 2332 5856 vitium
2357 5796 2660 5860 substantiae
2679 5797 2878 5869 retulit,
2907 5793 2962 5854 id
2989 5803 3085 5865 est,
3113 5792 3179 5846 ad
3208 5798 3492 5867 peccatum.
