4092 6322
278 265 414 323 ηιτ

1062 250 1412 312 COLLATIO
1447 251 1617 310 XIII.
1645 281 1718 298 -
1745 252 1838 312 DE
1878 252 2279 319 NOCTURNIS
2314 258 2808 324 ILLUSIONIBUS.

3422 272 3572 332 1258

275 388 416 447 tare,
445 383 540 433 sus
565 373 756 432 subtili
778 369 1010 444 quadam
1047 365 1368 425 cenodoxiaa
1392 367 1706 425 titillatione
1745 366 1869 438 pul-
1892 376 1946 433 Α
1970 372 2230 430 cebstur:
2265 373 2459 431 Beatus
2507 393 2582 445 es,
2630 377 2816 434 Simon
2845 376 3128 438 Bar-Jona
3149 418 3166 448 ,
3193 383 3316 453 quia
3346 399 3466 440 caro
3520 397 3570 443 et

276 471 409 539 sari,
435 477 529 525 aut
549 466 878 524 necessitate
903 470 1112 518 natura:
1138 460 1532 532 aliquantisper
1576 476 1606 515 a
1655 473 1874 516 summa

275 562 608 638 perfectione
627 559 903 618 recedere.
920 557 1048 614 Haec
1065 556 1213 613 enim
1232 563 1361 612 sunt
1381 564 1589 626 septem
1616 555 1870 626 lapsuum

273 673 475 734 genera
503 657 561 714 in
603 655 804 728 quibus
849 660 1070 710 sanctus
1097 651 1230 710 licet
1253 665 1663 722 nonnumquam
1687 649 1868 721 cadat,

275 761 454 808 tamen
484 751 666 822 justus
692 762 816 805 esse
844 759 956 803 non
976 745 1206 810 desinit;
1253 759 1374 815 qua
1423 743 1670 815 quamvis
1728 742 1869 798 levia

275 859 401 902 esse
429 843 710 900 videantur
737 855 802 898 ae
850 853 1039 912 parva,
1090 847 1270 894 tamen
1324 837 1532 894 faciunt
1575 853 1700 894 eum
1748 837 1870 894 sine

277 944 504 1009 peccato
527 949 652 993 esse
682 949 791 990 non
815 947 997 1005 posse.
1015 931 1190 988 Habet
1217 931 1360 988 enim
1388 947 1486 1002 pro
1513 932 1707 1004 quibus
1737 945 1870 1004 quo-

277 1030 535 1088 tidianam
559 1043 756 1102 gerens
794 1026 1205 1100 pmuitudinem,
1252 1035 1309 1081 et
1345 1024 1562 1081 veniam
1597 1027 1869 1082 veraciter

275 1125 470 1182 debeat
489 1123 859 1196 postulare,et
885 1135 982 1192 pro
1008 1121 1122 1177 suis
1143 1119 1523 1176 indesinenter
1548 1133 1710 1177 orare
1737 1135 1866 1192 pec-

275 1219 430 1284 catis,
455 1217 672 1274 dicens:
701 1215 914 1270 Dimitte
936 1213 1080 1268 nobis
1107 1212 1278 1268 debita
1298 1220 1475 1267 nostra
1504 1211 1730 1283 (Matth.
1768 1212 1866 1286 v1).

273 1310 344 1367 Et
368 1308 876 1367 ntevidentissimis
913 1307 1210 1378 probemus
1259 1306 1529 1377 exemplis
1567 1315 1622 1363 et
1651 1321 1866 1364 errasse

272 1405 568 1462 nonnullos
594 1414 932 1469 sanctorum,
953 1411 1012 1459 et
1036 1411 1213 1458 tamen
1236 1417 1268 1458 a
1298 1416 1397 1457 sua
1417 1416 1526 1458 non
1548 1401 1871 1460 discessisse

271 1497 504 1569 iustitia,
541 1509 691 1556 certe
721 1499 816 1555 ille
844 1497 1193 1554 beatissimus
1241 1506 1300 1553 et
1341 1498 1718 1568 apostolorum
1746 1499 1864 1555 exi-

273 1594 416 1651 mius
443 1594 662 1663 Petrus,
692 1593 822 1666 quid
864 1591 1008 1648 aliud
1034 1591 1346 1650 credendus
1373 1601 1460 1650 est
1489 1593 1658 1651 fuisse
1702 1610 1868 1667 quam

272 1698 515 1755 sanctus,
545 1687 852 1759 praesertim
880 1685 934 1742 id
956 1686 1216 1758 temporis
1244 1702 1355 1760 quo
1381 1689 1434 1746 ei
1453 1705 1484 1744 a
1510 1688 1741 1746 Domino
1780 1689 1864 1746 di-

1970 468 2182 538 sanguis
2205 484 2306 523 non
2336 469 2576 524 reoelavit
2599 470 2710 538 tibi,
2735 469 2828 526 sed
2859 470 3020 527 Pater
3053 489 3220 542 meus,
3241 476 3329 545 qui
3351 476 3405 531 in
3429 477 3570 536 culis

1971 568 2081 626 est;
2102 569 2149 615 et
2177 561 2267 616 tibi
2294 562 2429 618 dabo
2455 563 2622 619 claues
2652 566 2800 638 regni
2831 566 3098 636 caelorum,
3132 577 3180 624 et
3202 569 3570 645 quodcumque

1971 652 2209 726 ligaveris
2254 673 2410 725 super
2461 668 2680 727 terram,
2724 660 2820 714 erit
2861 660 3084 731 ligatum
3136 663 3266 718 etin
3312 663 3492 732 caelis;
3526 675 3575 721 et

1970 748 2323 820 quodcumque
2358 750 2568 806 solveris
2598 769 2762 822 super
2794 763 3007 820 terram,
3042 756 3140 811 erit
3163 756 3394 812 solutum
3438 769 3486 815 et
3511 761 3570 816 in

1972 840 2115 895 caelis
2143 839 2358 911 (Matth.
2395 841 2527 917 xvi).
2557 843 2695 913 Quid
2721 845 2818 901 hac
2838 847 3118 904 Dominica
3148 849 3305 907 laude
3337 854 3567 922 praecla-

1971 931 2119 988 rius?
2150 933 2287 1002 Quid
2334 933 2434 991 hac
2465 946 2736 1007 potestate
2781 953 2844 994 ac
2874 938 3208 998 beatitudine
3238 953 3416 1014 potest
3442 959 3565 1002 esse

1970 1025 2386 1083 sublimiusiﬁt
2413 1037 2590 1084 tamen
2618 1039 2742 1101 post
2788 1031 3093 1102 paululum,
3139 1049 3262 1089 cum
3305 1033 3564 1107 ignorans

1970 1123 2294 1195 mysterium
2334 1125 2625 1194 passionis,
2658 1135 2821 1182 tantae
2859 1127 3076 1183 utilitati
3106 1127 3274 1203 [Lips.
3308 1130 3362 1184 in
3393 1148 3563 1207 marg.
3608 1139 3612 1148 '

1970 1215 2245 1290 utilitatis)
2278 1217 2498 1274 humani
2544 1221 2755 1291 generis
2786 1221 2989 1278 inscius
3018 1223 3284 1292 obviaret,
3333 1223 3561 1284 dicens:

1971 1311 2116 1367 Absit
2164 1327 2196 1364 a
2228 1321 2304 1377 te,
2338 1311 2592 1382 Domine,
2629 1330 2731 1368 non
2761 1316 2857 1370 erit
2896 1316 2985 1370 tibi
3034 1315 3169 1385 hoc;
3198 1329 3436 1374 meretur
3460 1335 3564 1375 au-

1969 1404 2133 1461 dire:
2173 1403 2319 1460 Vade
2363 1414 2479 1476 post
2533 1422 2634 1472 me,
2667 1406 2917 1476 Satanas,
2957 1409 3262 1464 scandalum
3311 1427 3364 1465 es
3411 1409 3557 1480 mihi,

1969 1502 2093 1572 quia
2132 1517 2236 1555 non
2257 1501 2398 1572 sapis
2427 1517 2486 1556 ea
2507 1517 2621 1573 qua:
2640 1499 2743 1556 Dei
2770 1513 2912 1570 sunt,
2941 1504 3033 1559 sed
3054 1522 3114 1560 ea
3139 1519 3256 1577 qui:
3296 1506 3562 1560 hominum

1970 1593 2184 1666 (Ibid.).
2202 1595 2601 1668 Numquidnam
2627 1612 2751 1654 cum
2772 1596 2855 1655 his
2879 1614 3004 1655 eum
3025 1601 3207 1657 verbis
3227 1601 3339 1672 ipsa
3356 1600 3563 1672 naequi-

1971 1697 2054 1744 tas
2099 1688 2430 1760 increparet,
2458 1688 2601 1746 baut
2657 1694 3001 1763 nequaquam
3047 1694 3335 1763 cecidisse,
3369 1701 3461 1750 aut
3506 1696 3561 1750 in

1343 1843 1604 1902 ALABD!
1643 1841 1878 1902 GAZEI
1917 1839 2484 1901 COMMENTARIUS.

269 1966 460 2037 aliquo
485 1963 612 2045 ildei
649 1962 885 2045 articulo
903 1977 1004 2045 ,nv.
1027 1975 1110 2045 ετ,
1155 1961 1237 2016 An
1265 1961 1332 2045 sit
1379 1962 1781 2045 purgatorium.’
1810 1968 1871 2016 et
1895 1962 1944 2024 B
1971 1957 2127 2043 Quod
2172 1969 2252 2045 ut.
2277 1958 2473 2045 magis”
2499 1970 2713 2045 constet
2762 1962 3149 2045 ipsos__Patres
3199 1968 3369 2045 satius
3399 1969 3567 2027 fuerit

269 2031 383 2093 non
412 2035 527 2092 vult
555 2031 809 2091 assentiri
839 2043 894 2089 et
915 2031 1401 2104 (firmitercredere
1422 2077 1436 2101 ,
1468 2031 1613 2104 quod
1646 2032 1865 2104 quidem

268 2113 358 2164 est
403 2113 691 2188 peccatum
739 2103 1278 2188 mortiferum._l‘iam
1314 2112 1389 2188 ‘ut
1436 2103 1869 2188 aitnsztephanus

269 2173 419 2250 papa
440 2178 636 2251 (Extra
655 2179 720 2231 de
744 2179 923 2232 heret.
951 2191 1066 2248 cap.
1101 2174 1193 2258 υτ
1219 2173 1420 2257 Dubius
1444 2177 1498 2230 in
1525 2173 1869 2245 ﬁde,‘inﬁda—

269 2250 336 2306 lis
357 2259 457 2306 est.
488 2251 556 2304 Et
581 2251 643 2305 Β.
670 2248 980 2304 Bernartius
1006 2266 1019 2301 :
1050 2246 1211 2303 Fides
1240 2247 1538 2318 ambiguum
1561 2264 1665 2302 non
1693 2248 1870 2312 habet;

267 2323 410 2393 quod
449 2322 500 2393 si
521 2321 728 2393 ha_bet_._
749 2321 876 2390 ﬁdes
908 2335 1010 2375 non
1040 2328 1151 2393 est.
1180 2318 1248 2374 Et
1277 2318 1393 2373 hate
1426 2318 1748 2385 inﬁdelitas,
1771 2334 1868 2374 seu

269 2390 542 2448 dubitatio
560 2391 629 2448 de
660 2390 765 2448 ﬁde
784 2399 961 2462 potest
992 2403 1112 2445 esse
1141 2391 1192 2444 in
1219 2397 1440 2460 puncto,
1462 2405 1560 2446 seu
1585 2402 1866 2446 momento

268 2463 748 2535 temporis(quia
780 2463 1077 2535 voluntatis
1113 2475 1370 2535 assensus
1401 2477 1508 2516 non
1559 2463 1762 2532 pendet
1801 2475 1870 2517 ex

268 2533 604 2607 tempore):
631 2533 688 2591 et
708 2534 755 2589 si
784 2534 1090 2607 voluntaria
1120 2543 1237 2598 est,
1268 2533 1436 2588 etiam
1470 2535 1720 2607 mortalis
1746 2543 1832 2588 est
1852 2572 1870 2600 ,

271 2605 597 2663 non'minus
625 2621 786 2677 quam
831 2605 1129 2677 delectatio
1174 2620 1386 2677 morosa
1407 2650 1422 2677 ,
1453 2606 1615 2661 etiam
1657 2605 1712 2660 in
1745 2620 1866 2677 mo-

269 2689 486 2746 mento,
518 2671 814 2748 secundum
845 2691 1038 2732 omnes
1066 2675 1152 2748 (S.
1182 2673 1318 2731 Tha.
1342 2671 1460 2745 2-2,
1484 2695 1536 2748 q.
1563 2678 1651 2744 10,
1677 2686 1778 2731 art.
1803 2676 1868 2748 7;

270 2759 320 2805 et
349 2745 514 2822 Cajet.
548 2749 650 2822 ib_.,:
673 2745 924 2822 Majorin.
951 2762 1007 2822 tl_t
1028 2792 1043 2816 ,
1072 2745 1322 2822 $4.25;
1351 2745 1640 2822 Panormit.
1675 2748 1730 2802 in
1753 2765 1808 2822 c._
1829 2745 1865 2822 ri

268 2823 341 2877 de
363 2816 572 2885 harsh;
593 2819 668 2875 Η.
692 2816 864 2874 (Ianus
886 2816 1122 2891 deLocis
1139 2818 1386 2891 Theolog.
1413 2819 1503 2874 lib.
1525 2835 1622 2884 xu,
1645 2836 1759 2885 cap.
1785 2820 1868 2886 9).

270 2893 399 2949 Alio
429 2893 590 2947 modo
635 2891 901 2960 contingit
939 2889 1203 2945 ﬂuctuare
1242 2889 1388 2946 circa
1429 2891 1624 2955 fidem,
1655 2906 1761 2945 non
1801 2905 1872 2946 ex

268 2965 439 3035 pleno
481 2978 785 3035 consensu,
823 2960 919 3035 sed
945 2961 1027 3016 vel
1069 2976 1136 3035 ex
1165 2961 1548 3035 subreptione,
1578 2976 1674 3035 seu
1705 2960 1868 3035 haesi-

270 3031 446 3090 iantia
480 3050 587 3090 non
636 3033 941 3088 voluntaria
961 3073 978 3096 ρ
1009 3032 1093 3086 vel
1122 3047 1189 3087 ex
1231 3031 1556 3102 negligentia
1586 3033 1638 3085 in
1687 3031 1869 3100 repel-

269 3107 439 3164 lenda
470 3104 844 3170 dubitatione,
878 3103 962 3158 vel
1001 3118 1068 3158 ex
1111 3103 1339 3170 quadam
1385 3103 1732 3169 inﬁrmitate,
1775 3117 1872 3158 seu

273 3177 659 3234 imbecillitate
680 3175 829 3241 tldei,
856 3173 926 3228 de
952 3190 1056 3238 qua
1077 3173 1284 3230 dictum
1313 3183 1396 3228 est
1419 3173 1616 3230 Petro:
1644 3173 1872 3230 Modica

274 3251 601 3321 ﬁdei,qnare
635 3247 883 3321 dubitasti
905 3243 1123 3316 (Matth.
1156 3245 1304 3321 xiv)?
1329 3245 1430 3301 Ubi
1462 3245 1732 3321 dubitatio
1759 3261 1868 3300 non

1972 2033 2086 2086 suis
2133 2030 2540 2124 ferbiso‘auldeire
2569 2030 2872 2124 Ιίζειιιριμὶςε.
2907 2036 3006 2124 [Sic-
3031 2037 3220 2124 igitur.
3243 2037 3568 2124 Chrysnsto-

1972 2102 2370 2184 mustyontil.
2403 2102 2556 2184 45in
2595 2104 2852 2184 Matth):
2893 2108 3044 2184 Quid
3061 2102 3156 2165 ’ρει
3184 2110 3326 2184 hoc,
3357 2102 3564 2184 inquit,

1971 2177 2130 2253 quod
2155 2173 2347 2253 Petrus
2364 2216 2395 2253 ,_
2411 2178 2501 2246 qui
2528 2173 2834 2253 reuelatione
2878 2173 3058 2253 Patris
3086 2183 3277 2253 potitus
3315 2173 3467 2250 erat,
3495 2173 3569 2240 sic

1971 2247 2211 2301 velociter
2231 2247 2448 2313 cecidit,
2475 2256 2522 2300 et
2551 2250 2804 2303 instabilis
2831 2262 2906 2304 est
2929 2247 3184 2316 effectus?
3217 2253 3322 2308 Sed
3348 2247 3568 2312 dicimus

1974 2334 2077 2392 non
2108 2333 2218 2372 esse
2245 2323 2433 2371 mirum
2459 2320 2506 2373 si
2529 2317 2626 2373 hoc
2651 2321 2924 2391 ignoravit,
2956 2323 3048 2392 qui
3070 2323 3135 2377 de
3168 2328 3402 2392 passione
3428 2344 3568 2382 rere-

1973 2389 2221 2462 lationem
2241 2392 2472 2444 nondum
2493 2389 2784 2462 acceperat.
2805 2389 3116 2459 Quod'enitn
3139 2389 3374 2453 Christus
3394 2397 3568 2456 Filius

1974 2457 2076 2514 Dei
2101 2461 2201 2538 uiui
2247 2470 2414 2528 esset,
2459 2457 2770 2538 reuelatione
2812 2457 3084 2519 didicerat.
3117 2463 3422 2538 Mysterium
3449 2487 3568 2524 vero

1974 2533 2142 2604 crucis
2179 2541 2228 2586 et
2275 2535 2662 2588 resurrectionis
2704 2537 2932 2590 nondum
2973 2538 3022 2591 ei
3065 2533 3233 2604 fuerat
3271 2540 3564 2594 revelatum.

1975 2602 2100 2682 Ipse
2128 2619 2248 2682 vero
2271 2607 2544 2682 ostendens
2567 2606 2709 2682 quod
2733 2618 2992 2682 oporteret
3022 2602 3140 2663 eum
3169 2611 3237 2682 ad
3273 2614 3573 2682 passionem

1973 2677 2164 2755 uenire,
2193 2674 2411 2730 Petrum
2427 2674 2744 2755 increpavit,
2766 2674 2883 2755 etc.
2903 2681 2966 2755 I_).
2993 2690 3174 2755 autem
3198 2674 3564 2755 Hieronymus

1975 2748 2044 2828 in
2073 2746 2746 2828 Commentario_hlatth;ei
2779 2749 2952 2828 (Vide
2978 2753 3210 2828 eumdem
3230 2754 3285 2828 in
3305 2746 3468 2828 (epist.
3499 2756 3569 2828 ad

1975 2819 2245 2890 Algasiam
2269 2828 2449 2888 quam.
2485 2819 2572 2888 3):
2601 2820 2756 2889 Saepe
2784 2823 3032 2889 diximus,
3062 2826 3158 2890 sit,
3190 2826 3335 2879 nimii
3349 2819 3569 2882 'ardort's

1974 2892 2266 2960 amorisque
2301 2907 2456 2959 quant
2501 2894 2714 2946 maximi
2755 2894 2916 2954 fuisse
2946 2894 3161 2949 Petrum
3201 2897 3255 2950 in
3286 2897 3569 2951 Dominum

1976 2960 2323 3037 δμωαῖσι-ειη.
2363 2961 2509 3037 Quia
2541 2979 2662 3037 ergo
2693 2974 2806 3037 post
2849 2966 3222 3034 confessionem
3261 2985 3407 3021 suam
3427 3011 3439 3032 ,
3466 2985 3569 3037 qua

1977 3030 2327 3107 dixerat,_1'u
2353 3048 2407 3086 es
2450 3030 2700 3107 Christus
2719 3033 2862 3107 ﬁlius
2912 3030 3010 3090 Dei
3039 3037 3137 3090 vivi
3156 3053 3176 3102 ;
3206 3046 3252 3091 et
3297 3030 3568 3107 prmnium

1980 3104 2292 3166 Saluatoris,
2321 3104 2468 3180 quod
2481 3105 2751 3180 _audi_erat,
2778 3105 2972 3161 Beatus
2996 3124 3078 3172 es,
3113 3104 3567 3180 Simon'Darjona,

1976 3185 2108 3241 etc.,
2135 3184 2342 3246 repente
2363 3175 2510 3228 audit
2534 3191 2567 3227 a
2593 3173 2820 3230 Domino
2837 3219 2854 3244 ,
2885 3189 3116 3246 oportere
3141 3195 3194 3232 se
3221 3180 3292 3233 ire
3319 3173 3566 3236 Hieroso;

1977 3247 2220 3319 Igmam,
2249 3245 2418 3312 ibique
2463 3249 2626 3319 multa
2654 3249 2764 3315 pati
2788 3265 2822 3300 a
2851 3251 3136 3303 senioribus
3158 3292 3173 3314 ,
3201 3261 3249 3302 et
3277 3253 3457 3306 scribis
3477 3294 3493 3319 ,
3522 3264 3571 3309 et

274 3315 430 3406 tot)“.
452 3315 677 3409 “quin?
709 3315 1359 3409 ﬁdelitatem-inmodicam
1397 3318 1868 3409 eit‘imope‘rifsctam
1896 3348 1942 3409 Ο
1975 3315 2791 3409 ρτίηεὶιξὶὸἕδιδςεετςοιαιξιῶες
2809 3320 2974 3409 occidi
3019 3332 3067 3373 et
3092 3325 3248 3409 tertia
3282 3324 3364 3375 die
3394 3315 3567 3378 resur-

276 3391 680 3476 arguit._htqtii.
709 3391 777 3446 de
808 3389 901 3476 tali
934 3388 1270 3476 haesitatione
1293 3390 1354 3476 in
1380 3387 1605 3476 (theoria
1636 3387 1874 3476 lidei‘lof

276 3458 466 3536 quitur
490 3463 575 3517 hic
595 3458 784 3536 abbas,
804 3459 932 3536 dum
961 3461 1102 3514 inter
1122 3460 1310 3536 culpas
1333 3458 1577 3536 veniales
1597 3467 1870 3536 recenset;

277 3529 425 3606 quod
455 3535 588 3590 satis
618 3534 859 3606 indicant
887 3532 1002 3598 ipsa
1030 3530 1196 3606 verba
1223 3547 1236 3584 :
1266 3530 1632 3606 _Ad_punctum
1661 3531 1717 3583 in
1738 3529 1875 3606 ﬁdei

278 3601 483 3662 theoria
511 3606 710 3676 aliquid
732 3603 994 3669 hwsitare,
1028 3603 1082 3659 id
1120 3612 1234 3668 est,
1265 3601 1461 3658 leviter
1482 3610 1539 3658 et
1557 3601 1875 3671 imperfecte

278 3677 562 3734 vacillare.

350 3758 382 3788 α
420 3749 538 3818 Ipsa
567 3747 841 3814 Equites,
869 3746 923 3801 id
950 3755 1058 3811 est,
1090 3746 1207 3816 ipsa
1231 3743 1466 3818 Veritas,
1496 3758 1694 3818 nempe
1715 3741 1872 3797 Chri-

278 3829 402 3877 stus
433 3815 713 3885 Dominus,
741 3822 833 3889 qui
862 3818 931 3872 de
956 3815 1138 3889 seipse
1167 3819 1275 3889 ait:
1320 3815 1433 3887 Ego
1461 3816 1716 3889 summa,
1744 3818 1873 3889 reri-

281 3902 386 3960 tas,
413 3899 463 3947 et
490 3893 594 3945 vita
623 3885 811 3963 (Joan.
841 3891 964 3963 xu).
982 3889 1062 3963 ⁸Ει
1083 3887 1292 3963 Psaltes
1315 3885 1531 3957 regius:
1563 3885 1871 3963 Veritasde

280 3956 422 4018 terra
452 3956 714 4034 ortaest,
746 3967 792 4014 et
816 3956 1027 4034 justitia
1071 3960 1133 4034 de
1164 3959 1298 4034 caelo
1335 3956 1594 4034 prospexit
1631 3956 1868 4034 (Psalm.

281 3977 422 4018 terra
452 3977 567 4017 arta
607 3977 714 4028 est,
746 3977 792 4014 et
816 3977 1027 4034 Iustina
1071 3977 1133 4012 ae
1173 3977 1298 4013 creto
1337 3977 1594 4084 pro/lges"
1631 3977 1868 4026 (natm.

281 4035 536 4103 Lxxxtv).
557 4033 650 4088 Est
669 4041 848 4088 autem
867 4032 1141 4100 emphasis
1163 4031 1404 4103 in_verbo
1477 4031 1665 4098 ‘quitas
1681 4047 1699 4094 ;
1716 4030 1872 4103 quasi

280 4107 458 4161 dicat:
479 4101 846 4174 Equissimus
868 4101 1399 4169 Dominusetludex,
1419 4103 1584 4157 immo
1601 4102 1870 4171 ipsissima

282 4177 533 4248 Equites
559 4173 613 4248 et
636 4173 867 4231 Veritas.

356 4242 389 4286 αῖ
419 4247 640 4303 Plirssis
660 4247 916 4311 obscura,
942 4255 999 4302 et
1027 4245 1108 4302 sic
1139 4243 1486 4308 resolvenda,
1511 4242 1664 4309 quasi
1688 4242 1868 4299 dicat:

284 4321 527 4375 Omnino
563 4317 868 4374 credendus
907 4326 993 4372 est
1025 4318 1215 4372 Petrus
1242 4317 1320 4371 sic
1355 4329 1387 4370 a
1418 4315 1646 4370 Domino
1689 4313 1869 4369 incre-

286 4401 450 4462 patus
477 4389 772 4462 cecidisse.
817 4398 874 4444 et
901 4397 1079 4462 tamen
1130 4389 1184 4442 in
1229 4387 1521 4462 sanctitate
1557 4393 1615 4441 et
1655 4385 1871 4462 just_i_tia

286 4457 677 4535 permansisse.
698 4460 1009 4528 Equivalet
1030 4462 1174 4516 enim
1198 4459 1465 4535 geminata
1490 4457 1869 4535 negatioallir-

288 4528 540 4588 inationi.
574 4532 682 4588 Sed
729 4537 992 4602 qun-ritur
1037 4528 1312 4602 quomodo
1359 4530 1550 4584 Petrus
1579 4528 1867 4594 ceciderit,

286 4605 340 4661 id
371 4617 486 4668 est,
514 4600 818 4672 peccaverit
849 4603 1005 4673 (nihil
1026 4603 1162 4656 enim
1193 4600 1336 4656 aliud
1365 4612 1438 4656 est
1466 4602 1682 4673 cadere.
1715 4616 1871 4668 quam

288 4671 524 4746 peccare,
554 4674 631 4728 sit
658 4674 773 4743 ipse
801 4671 1083 4744 superius)
1110 4675 1327 4746 quando
1357 4674 1493 4746 dixit
1519 4690 1534 4746 :_
1557 4671 1704 4746 Absit
1735 4688 1766 4724 a
1798 4681 1869 4738 te,

1977 3403 2132 3457 gere;
2158 3387 2371 3462 uultA(td_
2415 3396 2516 3451 est,
2554 3387 2738 3462 pula_t_)_
2754 3389 2953 3462 destrui
2983 3392 3357 3460 confessionem
3381 3411 3530 3447 suam
3549 3437 3567 3462 ,

1977 3455 2069 3512 nec
2087 3467 2234 3526 putat
2258 3457 2372 3522 ﬁeri
2416 3455 2565 3526 posse
2591 3469 2646 3512 ut
2670 3455 2842 3512 Filius
2872 3458 2968 3514 Dei
2998 3455 3298 3518 occidatur:
3330 3455 3569 3520 assumit;

1977 3475 2069 3512 nec
2087 3475 2234 3526 putat
2258 3475 2372 3522 pert
2451 3475 2562 3512 osse
2591 3475 2646 3512 ut
2670 3475 2842 3512 tutus
2872 3475 2968 3514 uet
2998 3475 3298 3518 occidatur:
3330 3475 3568 3520 assumit-

1974 3546 2072 3598 que
2117 3545 2233 3602 eum
2278 3529 2331 3581 in
2371 3475 2614 3592 aﬁectum
2649 3546 2818 3602 suum,
2863 3532 2940 3585 vel
2983 3534 3264 3599 separatim
3300 3533 3479 3602 ducit,
3506 3554 3568 3592 ne

1975 3599 2312 3672 prtesentibus
2359 3603 2554 3653 cteteris
2586 3601 2955 3672 condiscipulis
2997 3602 3302 3671 magistrum
3332 3599 3568 3662 uideatur

1974 3671 2192 3754 arguere
2216 3680 2310 3754 ..με
2347 3671 2984 3754 coepit-increparenillnm
3023 3677 3241 3754 amantis
3263 3673 3482 3754 affectu,
3517 3689 3568 3736 et

1976 3741 2199 3814 optantis
2215 3743 2384 3814 dicere
2407 3759 2425 3797 :
2450 3741 2592 3796 Absit
2616 3760 2648 3795 a
2669 3741 2740 3808 't'e,
2776 3741 3015 3798 Domine.
3054 3744 3143 3798 Vel
3175 3757 3228 3799 ut
3257 3748 3437 3802 melius
3471 3753 3568 3805 ha—

1975 3812 2118 3891 betur
2149 3816 2204 3869 in
2224 3812 2430 3891 Greco,
2455 3814 2598 3891 ῑλέῳς
2620 3836 2723 3891 σριν,
2740 3819 2987 3891 litigatum)
3011 3822 3079 3888 μή
3098 3815 3255 3874 ἔσται
3278 3841 3361 3874 σοι
3387 3828 3562 3891 τοῦτο,

1975 3887 2072 3940 hoc
2096 3897 2198 3952 est,
2227 3886 2483 3957 prepitius
2523 3888 2592 3939 sis
2621 3885 2745 3952 tibi,
2777 3885 3029 3954 Domine,
3062 3905 3165 3942 non
3197 3892 3292 3943 erit
3317 3891 3406 3944 tibi
3436 3885 3565 3949 hoc}

1975 3975 2077 4011 non
2103 3967 2266 4027 potest
2288 3958 2401 4024 ﬁeri
2419 3999 2434 4022 ,
2460 3973 2550 4010 nec
2572 3959 2827 4027 rccipiunt
2849 3975 3001 4014 aures
3027 3976 3172 4024 meat,
3195 3970 3247 4013 ut
3275 3961 3373 4016 Dei
3394 3960 3567 4020 Filius

1975 4029 2281 4083 occidendus
2303 4031 2390 4081 sit.
2420 4028 2500 4082 Ad
2522 4045 2672 4096 quem
2700 4029 2950 4084 Dominus
2981 4046 3250 4086 conversus
3277 4035 3347 4085 ait
3377 4049 3395 4086 :
3427 4034 3566 4092 Vade

1971 4112 2114 4155 retro
2155 4117 2266 4164 me,
2321 4109 2535 4162 satana,
2576 4099 2880 4153 scandalum
2931 4100 3054 4156 mihi
3098 4120 3173 4157 es.
3215 4104 3444 4160 Satanas
3489 4109 3568 4161 in-

1975 4182 2291 4245 terpretatur
2334 4171 2690 4245 adversarius,
2723 4173 3182 4245 sivecontrarius:
3208 4177 3329 4245 quia
3357 4187 3565 4231 contra-

1973 4239 2084 4308 ria,
2117 4245 2283 4312 inquit
2305 4284 2319 4304 ,
2343 4243 2566 4311 loqueris
2593 4239 2848 4296 uoluntati
2876 4259 3029 4308 ntere,
3060 4239 3565 4305 debes'adversarius

1973 4315 2252 4389 appellari.
2283 4312 2440 4389 Multi
2463 4321 2668 4389 putant,
2691 4315 2829 4389 quod
2853 4313 3170 4389 nonl’etrus
3191 4330 3453 4389 correptus
3474 4322 3563 4388 sit,

1973 4385 2063 4440 sed
2087 4387 2414 4441 adversarius
2444 4385 2664 4455 spiritus
2693 4385 2770 4456 (id
2789 4393 2904 4457 est.
2939 4385 3215 4457 diabolus)
3238 4389 3324 4455 qui
3337 4385 3458 4445 haec
3481 4385 3564 4445 di;

1973 4474 2087 4511 cere
2115 4457 2370 4529 Apostolo
2391 4457 2713 4529 suggerebat.
2759 4456 2869 4511 Sed
2911 4459 3037 4512 mihi
3063 4457 3146 4512 hic
3185 4456 3328 4514 error
3354 4474 3564 4529 aposto~

1974 4530 2126 4592 licus,
2157 4526 2291 4600 etde
2321 4526 2532 4600 pietatis
2562 4526 2751 4600 affectu
2779 4530 3001 4596 veniens,
3028 4545 3312 4598 numquam
3340 4526 3562 4587 incenti-

1975 4617 2092 4654 rum
2121 4599 2328 4655 diaboli
2343 4599 2613 4654 videbitur.
2645 4599 2791 4653 Vade
2818 4610 2958 4656 retro
2986 4617 3086 4667 me,
3105 4611 3314 4658 satana.
3341 4603 3562 4659 Diabolo

1973 4671 2200 4726 dicitur:
2236 4671 2381 4726 Vade
2418 4679 2556 4725 retro
2585 4669 2808 4741 (Matth.
2839 4672 2945 4741 tv).
2979 4670 3166 4728 Petrus
3195 4675 3382 4729 audit:
3422 4673 3562 4729 Vade

292 4741 530 4811 Domine,
556 4761 658 4799 non
680 4741 780 4799 erit
806 4741 895 4799 tibi
927 4747 1042 4810 hoc,
1066 4741 1170 4801 etc.
1191 4743 1406 4816 (Matth.
1432 4742 1567 4816 xvn).
1595 4743 1690 4798 Cui
1724 4758 1868 4816 qttm-
1896 4741 1950 4802 D
1974 4754 2109 4798 retro
2139 4759 2256 4799 me:
2279 4743 2477 4816 hocAest
2495 4783 2510 4809 ,
2533 4757 2743 4816 sequere
2768 4744 3073 4816 sententiam
3094 4761 3294 4816 meam;
3318 4746 3437 4814 quia
3457 4763 3560 4801 non

289 4821 452 4872 stioni
484 4816 756 4872 solvendae
786 4819 944 4870 simul
976 4827 1031 4870 et
1054 4816 1180 4871 huic
1205 4814 1328 4870 loco
1355 4814 1682 4871 elucidando
1707 4814 1871 4870 suil‘e-

288 4891 428 4945 cerit
455 4889 683 4942 duorum
708 4888 1050 4956 antiquorum
1079 4887 1296 4941 Patrum
1322 4895 1377 4941 et
1401 4887 1661 4942 Ecclesia:
1685 4887 1871 4941 docto-

289 4977 411 5016 rum
433 4961 732 5015 sententias
759 4959 843 5014 hic
865 4956 1091 5022 referre,
1116 4969 1170 5012 et
1192 4958 1574 5013 haereticorum
1598 4973 1872 5028 perversae

289 5031 724 5099 interpretationi
756 5045 823 5086 ex
848 5030 1082 5084 adverso
1121 5045 1418 5098 Opponere.
1459 5029 1552 5084 llis
1597 5029 1867 5098 siquidem

291 5103 475 5157 verbis
519 5100 810 5156 admodum
859 5101 1216 5156 insolentibus
1245 5099 1463 5155 Petrum
1493 5115 1554 5155 ea
1612 5103 1679 5154 de
1709 5115 1869 5154 causa

293 5173 734 5244 reprehendunt;
757 5174 985 5244 ejusque
1013 5173 1197 5232 iidem.
1228 5180 1490 5244 quantum
1521 5172 1574 5226 in
1607 5172 1737 5244 ipsis
1759 5182 1867 5236 est,

291 5243 507 5299 elevant
531 5243 1078 5316 etsuggillant,quasi
1104 5244 1268 5299 stulte
1289 5243 1523 5316 voluerit
1540 5243 1818 5297 Chri-tum
1837 5259 1867 5298 a

294 5330 493 5379 morte,
523 5331 585 5370 ex
617 5313 722 5385 qua
773 5317 920 5371 salus
943 5313 1134 5370 nostra
1164 5313 1456 5385 pendebat,
1491 5330 1771 5370 revocare.
1799 5315 1871 5370 At

295 5387 458 5457 longe
481 5387 592 5442 alio
614 5384 808 5457 spiritu
830 5389 1041 5457 aliaque
1071 5384 1332 5442 modestia
1362 5385 1785 5456 Cltrysostumus
1815 5394 1872 5441 et

297 5455 664 5529 Hieronymus
691 5455 760 5514 de
795 5455 965 5529 Petro
986 5461 1307 5529 loquuntur:
1331 5455 1587 5512 nimirum
1611 5458 1870 5527 quemad-

298 5527 520 5585 modum
550 5529 708 5599 paulo
754 5536 882 5584 ante
911 5527 1183 5585 Christum
1230 5527 1426 5585 Filium
1477 5528 1572 5584 Dei
1603 5531 1706 5584 vivi
1746 5545 1870 5586 esse

299 5603 594 5672 professus,
620 5603 946 5672 singularem
976 5615 1086 5670 prie
1115 5601 1328 5658 caeteris
1364 5604 1630 5671 apostolis
1659 5602 1711 5656 in
1743 5616 1868 5656 cum

296 5671 458 5728 [idem
513 5671 856 5740 ostenderat;
910 5673 984 5727 ita
1040 5687 1182 5728 nunc
1233 5673 1384 5728 illum
1433 5673 1693 5741 majorem
1741 5688 1867 5743 erga

295 5744 549 5800 eumdem
576 5745 847 5800 Christum
869 5759 1107 5800 amorem
1129 5747 1565 5812 demonstrasse;
1598 5753 1653 5800 et
1679 5745 1724 5799 si
1746 5747 1867 5813 quid

296 5817 581 5886 peccavit,
619 5831 686 5875 ex
733 5816 1036 5889 ignorantia
1084 5825 1143 5876 et
1182 5816 1548 5888 imprudentia
1585 5830 1866 5887 peccasse.

1969 4817 2110 4887 sapis
2135 4832 2195 4869 eu
2222 4813 2464 4887 qua:_Dei
2484 4825 2602 4887 sunt
2622 4853 2635 4876 ,
2652 4813 2743 4867 sed
2766 4831 2882 4885 qua:
2903 4815 3192 4870 hominum.
3219 4813 3352 4870 um
3377 4817 3561 4871 volun-

1972 4885 2227 4959 tatisyest,
2251 4894 2297 4939 et
2327 4885 2502 4959 Patris
2534 4886 2718 4956 (cujus
2749 4887 2860 4939 veni
2902 4887 3070 4957 facere
3098 4888 3408 4942 voluntatem
3429 4887 3470 4959 ),
3504 4900 3560 4944 ut

1971 4973 2064 5011 oro
2091 4957 2361 5012 hominum
2389 4958 2558 5012 salute
2584 4959 2811 5020 moriar;
2843 4966 2897 5011 tu
2927 4968 3072 5011 tuam
3097 4966 3292 5012 tantum
3323 4957 3559 5014 conside-

1974 5044 2091 5081 rans
2137 5031 2481 5093 voluntatem,
2514 5044 2618 5083 non
2662 5029 2736 5083 vis
2776 5046 2993 5099 granum
3023 5028 3326 5094 cudere,stt
3366 5033 3556 5086 multos

1972 5100 2172 5224 cunctus
2199 5099 2407 5166 afferat.
2440 5101 2731 5171 [lucusque
2787 5100 2849 5155 D.
2879 5100 3258 5182 Hieronymus.
3293 5101 3336 5156 E
3357 5103 3556 5185 quibus

2011 5186 2233 5224 tscnnus
2262 5172 2517 5224 Petrum-
2551 5182 2827 5224 satanam.
2861 5186 2969 5224 non
3001 5187 3153 5224 uuam
3185 5188 3408 5224 nronrto
3440 5174 3556 5224 dia-

2011 5171 2233 5242 iscimus
2262 5172 2518 5240 Petrum,
2551 5182 2827 5236 satanam,
2861 5186 2969 5226 non
3001 5173 3153 5240 quasi
3185 5171 3408 5242 prolirio
3440 5174 3556 5228 dia-

1975 5241 2103 5308 boli,
2121 5244 2214 5298 sed
2231 5245 2386 5314 quasi
2403 5245 2678 5299 communi
2696 5243 2992 5297 adversarii
3016 5241 3279 5299 vocabulo
3294 5241 3323 5298 a
3337 5244 3554 5300 Christo

1973 5315 2138 5369 fuisse
2181 5316 2554 5385 appellatum,
2595 5315 2719 5384 quia
2765 5314 2865 5369 sibi
2911 5330 3008 5384 pro
3050 5315 3330 5370 hominum
3377 5317 3552 5372 salute
3589 5345 3592 5348 ~

1973 5387 2107 5440 mori
2156 5389 2358 5443 volenti
2391 5387 2798 5452 adversabatur,
2829 5395 2878 5440 et
2906 5396 3060 5442 tanta:
3092 5386 3307 5441 utilitati
3335 5388 3552 5442 humani

1970 5461 2172 5528 generis
2196 5501 2210 5526 ,
2242 5469 2300 5514 ut
2324 5460 2400 5515 ait
2423 5460 2509 5514 hic
2537 5457 2725 5520 abbas.
2757 5458 2951 5512 inscius
2991 5467 3037 5512 et
3061 5460 3362 5528 imprudens
3378 5459 3552 5514 obuia-

1971 5529 2072 5600 bat.
2118 5532 2185 5585 At
2212 5547 2306 5586 cur
2335 5547 2456 5586 eum
2486 5530 2883 5600 Cltristusitam
2928 5532 3126 5584 acriter
3166 5531 3551 5600 reprehendit?

1974 5599 2282 5674 bicepondet
2326 5602 2660 5674 Maldonatus
2695 5599 2797 5674 (In
2845 5611 3117 5656 comment.
3168 5603 3358 5658 Matth.
3398 5607 3546 5674 xm),

1979 5672 2101 5726 Non
2145 5685 2248 5727 tam
2289 5676 2430 5743 quod
2456 5673 2600 5728 Petri
2639 5673 2810 5744 culpa.
2841 5674 2992 5741 siqua
3015 5683 3185 5729 tamen
3224 5676 3352 5744 fuit,
3396 5672 3549 5746 quam

1976 5746 2115 5815 quod
2140 5748 2232 5806 rei.
2261 5746 2323 5798 de
2341 5761 2443 5815 qua
2473 5746 2735 5816 agebatur,
2760 5747 3059 5814 magnitudo
3081 5747 3387 5801 merebatur.
3421 5747 3547 5801 Jun-

1979 5821 2164 5874 :senius
2203 5832 2336 5874 vero
2379 5816 2681 5883 (Concord.
2719 5831 2902 5884 euang.
2935 5819 3048 5884 661)
3091 5816 3544 5884 :llmnrudentcr.
