4092 6322
476 199 539 216 τ-.

518 281 657 339 1259

1580 264 1860 326 ιοΑΝΝιδ
1897 261 2208 323 CASSIAM
2245 260 2733 321 COLLATIONES.

3653 268 3790 326 13W

516 397 802 454 sanctitate
829 401 991 464 atque
1033 389 1240 462 justitia
1263 401 1372 444 non
1400 385 1772 457 permansisse
1797 383 2102 439 credendus
2127 389 2180 448 Α
2206 395 2418 451 corpore
2439 380 2621 434 mortis
2650 380 2844 451 hujus!
2866 377 3053 436 Gratia
3083 379 3182 436 Dei
3206 396 3299 452 per
3317 378 3499 436 Iesum
3528 380 3794 439 Christum

517 493 640 550 est?
664 489 803 559 Quid
834 488 928 544 illo
945 485 1106 542 etiam
1127 493 1372 553 tempore
1404 488 1431 517 ι
1457 477 1718 550 numquid
1744 477 1957 532 ruinam
1989 491 2104 531 ma-

461 620 475 652 ._
519 586 720 642 nifeste
749 578 1027 653 negandus
1055 585 1141 634 est
1168 572 1600 645 pertulisse,quo
1629 569 1964 636 imminente,
1982 582 2106 638 per-

469 674 477 742 Ϊ
508 676 830 737 secutorum
879 680 1048 740 metu,
1107 679 1190 726 ter
1235 665 1524 723 Dominum
1569 677 1770 734 negare
1796 661 2106 732 compulsus

517 773 635 830 est?
669 769 775 826 Sed
798 765 1108 831 confestim,
1135 761 1470 834 paenitudine
1497 759 1882 828 subsequente,
1903 755 1933 794 ι)
1957 771 2107 812 ama-

517 865 751 922 rissimis
777 860 1033 933 lacrymis
1066 857 1333 914 maculam
1365 854 1500 910 tanti
1545 853 1786 910 criminis
1815 852 2103 920 abluendo,

466 945 476 1015 -έ
517 957 820 1016 sanctitatis
847 953 1244 1027 atquejustitiae
1266 951 1516 1007 meritum
1545 963 1650 1004 non
1673 947 1852 1003 amisit
1878 945 2103 1018 (Matth.

517 1053 696 1124 xxvi).
748 1052 826 1106 De
877 1051 996 1120 ipso
1045 1049 1202 1118 igitur
1232 1062 1294 1101 ac
1323 1047 1391 1100 de
1440 1045 1558 1113 ejus
1588 1042 1858 1098 similibus
1905 1041 2105 1098 sanctis

459 1147 471 1198 .-'
516 1145 648 1202 illud
673 1145 836 1200 etiam
863 1141 1007 1212 quod
1040 1155 1069 1195 a
1095 1138 1264 1194 David
1294 1137 1505 1192 canitur
1531 1135 1790 1191 debemus
1821 1134 2101 1204 accipere:

517 1240 565 1295 Α
596 1239 813 1292 Domino
842 1251 1046 1307 gressus
1075 1234 1296 1289 hominis
1334 1231 1651 1303 diriguntur,
1706 1239 1752 1285 et
1806 1231 1941 1284 viam
1994 1229 2106 1301 ejus

516 1334 645 1387 uolet
672 1331 842 1386 nimis.
876 1329 1004 1384 Cum
1027 1328 1293 1394 ceciderit,
1325 1342 1428 1381 non
1452 1325 1744 1390 collidetur,
1769 1325 1890 1396 quia
1920 1322 2105 1377 Domi-

517 1443 616 1482 nus
645 1424 890 1496 supponit
918 1439 1127 1478 manum
1155 1437 1307 1476 suam
1337 1419 1453 1491 (Ps.
1513 1418 1721 1490 xxxvi).
1752 1418 1918 1488 Cujus
1961 1416 2103 1472 enim

518 1535 738 1593 gressus
762 1533 792 1573 a
821 1518 1053 1573 Domino
1081 1516 1409 1587 diriguntur,
1431 1511 1562 1584 quid
1599 1511 1746 1568 aliud
1783 1519 1961 1582 potest
1985 1525 2106 1567 esse

519 1627 675 1684 quam
694 1609 904 1682 justus?
936 1610 1006 1664 Et
1027 1618 1207 1664 tamen
1229 1607 1297 1663 de
1327 1606 1430 1662 hoc
1455 1605 1572 1676 ipso
1601 1604 1798 1660 dicitur
1831 1620 1844 1657 :
1872 1619 1990 1657 cum
2016 1619 2103 1657 ce-

519 1705 722 1772 ciderit,
766 1718 869 1757 non
917 1701 1212 1756 collidetur.
1268 1699 1406 1768 Quid
1457 1708 1540 1754 est
1567 1715 1681 1753 cum
1709 1698 1967 1764 ceciderit,
2000 1696 2103 1752 nisi

2204 471 2490 528 Dominum
2519 485 2750 531 nostrum
2779 473 2954 545 (Rom.
2994 475 3114 547 νυ).

2786 567 3015 626 CAPUT
3058 568 3199 624 XIV.

2208 658 2479 727 Quomodo
2507 661 2898 732 intelligendum
2927 661 2993 715 sit
3023 660 3158 714 illud
3187 660 3423 732 Apostoli
3450 675 3471 716 .'
3499 658 3625 716 Non
3661 663 3794 716 enim

2652 733 2789 804 quod
2814 733 2929 788 volo
2965 733 3154 788 bonum
3185 732 3342 805 facio.

2275 845 2408 902 Nam
2436 862 2558 904 cum
2597 847 2876 918 apostolus
2911 847 3107 902 Paulus
3145 847 3584 904 inaestimabilem
3626 850 3788 922 abys-

2206 954 2326 997 sum
2356 941 2607 1011 puritatis
2627 985 2640 1008 ,
2672 939 3052 996 resistentibus
3097 939 3492 1009 cogitationum
3531 940 3791 1009 mstibus,

2211 1034 2487 1104 penetrari
2518 1034 2586 1090 ab
2610 1033 2830 1089 homine
2855 1048 2961 1088 non
2990 1047 3151 1102 posse
3178 1047 3554 1102 cognoscens,
3582 1033 3678 1088 diu
3703 1048 3796 1089 ve-

2209 1125 2288 1180 lut
2319 1141 2415 1197 per
2445 1126 2716 1197 profunda
2755 1127 2994 1197 jactatus
3014 1168 3029 1194 ,
3061 1135 3187 1182 ante
3218 1125 3481 1182 dixisset:
3509 1125 3632 1180 Non
3663 1127 3797 1180 enim

2207 1221 2345 1291 quod
2391 1220 2504 1274 uolo
2534 1219 2756 1288 bonum,
2791 1221 2925 1292 facio
2948 1261 2963 1287 ,
3000 1220 3094 1275 sed
3116 1221 3256 1290 quod
3298 1219 3388 1275 odi
3423 1220 3623 1274 malum
3645 1263 3662 1287 ,
3701 1221 3800 1275 hoc

2206 1331 2306 1385 ago
2334 1312 2512 1386 (Rom.
2537 1313 2654 1385 vn).
2687 1315 2757 1369 Et
2777 1329 3026 1370 rursum:
3058 1314 3121 1370 Si
3137 1324 3309 1370 autem
3339 1314 3479 1386 quod
3521 1315 3666 1378 nolo,
3701 1315 3800 1369 hoc

2207 1405 2380 1474 facio;
2401 1409 2519 1478 jam
2548 1422 2651 1460 non
2693 1423 2784 1477 ego
2827 1422 3014 1476 aperor
3037 1406 3172 1460 illud
3191 1450 3206 1474 ,
3232 1406 3323 1460 sed
3347 1407 3488 1476 quod
3513 1407 3711 1460 habitat
3746 1408 3797 1460 in

2207 1515 2288 1553 me
2313 1508 2576 1571 peccatum
2600 1516 2619 1553 :
2648 1509 2695 1554 et
2733 1499 3062 1554 condelector
3093 1501 3196 1569 legi
3221 1497 3320 1553 Dei
3349 1499 3635 1554 secundum
3663 1500 3798 1554 inte-

2209 1593 2400 1648 riorem
2419 1589 2711 1660 hominem}
2729 1595 2874 1648 uideo
2903 1603 3075 1648 autem
3102 1591 3262 1647 aliam
3283 1593 3445 1664 legem
3471 1593 3526 1646 in
3556 1592 3797 1648 membris

2208 1688 2335 1742 meis
2371 1699 2740 1761 repugnantem
2768 1687 2867 1760 legi
2913 1689 3099 1744 mentis
3144 1704 3301 1755 mea,
3331 1697 3382 1743 et
3421 1688 3677 1759 captivum
3717 1704 3800 1743 me

519 1810 644 1852 cum
671 1796 878 1865 lapsum
907 1794 1119 1866 peccati
1145 1792 1374 1862 alicujus
1402 1791 1723 1847 incurrerit?
1745 1791 1870 1845 Non
1891 1790 2108 1846 collide-
2132 1799 2183 1860 Β
2211 1780 2481 1834 ducentem
2510 1781 2563 1835 in
2604 1781 2766 1853 legem
2807 1781 3005 1852 peccati
3032 1797 3150 1852 qua:
3188 1791 3262 1835 est
3305 1782 3359 1835 in
3398 1781 3639 1836 membris
3672 1782 3801 1835 meis

519 1900 622 1958 tur,
644 1891 837 1961 inquit,
857 1889 909 1944 id
936 1898 1044 1956 est,
1074 1902 1412 1958 nequaquam
1458 1886 1549 1941 diu
1571 1885 1905 1957 opprimetur
1929 1885 2108 1940 incur-

519 1985 673 2040 sione
699 1984 906 2054 peccati
932 2001 948 2050 ;
976 1983 1072 2038 sed
1101 1983 1229 2038 licet
1257 1981 1324 2037 ad
1354 1995 1592 2052 praesens
1635 1979 1880 2036 videatur
1912 1979 2104 2051 elisus,

519 2088 702 2134 tamen
733 2078 915 2133 divino
958 2076 1102 2147 quod
1150 2076 1403 2146 implorat
1449 2085 1664 2132 erectus
1690 2074 1910 2138 auxilio,
1943 2072 2104 2129 celeri

516 2179 919 2237 resurrectione
947 2177 1292 2234 stabilitatem
1317 2176 1540 2248 justitim
1585 2190 1691 2231 non
1743 2174 1938 2229 amittit
1972 2192 1984 2226 :
2016 2174 2102 2229 vel

514 2281 731 2338 etiamsi
777 2279 844 2335 ad
892 2293 1135 2350 praesens
1183 2293 1278 2350 per
1307 2278 1649 2350 fragilitatem
1695 2280 1877 2333 carnis
1902 2277 2103 2348 aliquid

519 2383 823 2451 admiserit,
847 2381 1218 2454 suppositione
1250 2395 1440 2436 manus
1489 2380 1780 2435 Dominicaa
1810 2378 2101 2449 reparabit.

516 2484 626 2540 Nec
655 2483 799 2540 enim
828 2491 1044 2539 sanctus
1071 2497 1193 2539 esse
1219 2482 1422 2538 desinit
1451 2491 1570 2552 post
1595 2482 1831 2547 ruinam,
1859 2481 1949 2552 qui
1981 2495 2105 2537 cum

518 2599 578 2642 se
601 2585 795 2641 fiducia
821 2599 1047 2656 operum
1077 2598 1297 2640 suorum
1322 2583 1608 2654 justificari
1662 2597 1769 2638 non
1817 2595 1979 2653 posse
2007 2597 2104 2638 co-

519 2697 766 2762 gnoscat,
813 2697 867 2745 et
909 2689 1073 2744 tantis
1120 2694 1466 2759 peccatorum
1504 2685 1734 2741 nexibus
1763 2685 1948 2742 credat
1989 2684 2106 2740 sola

520 2790 737 2849 Domini
756 2791 926 2863 gratia
953 2789 1309 2858 liberandum,
1335 2803 1458 2846 cum
1482 2788 1741 2859 Apostolo
1767 2788 2107 2860 proclamare

519 2913 628 2953 non
657 2895 856 2953 desinit
887 2912 902 2950 :
927 2894 1123 2966 Infelix
1163 2909 1258 2967 ego
1303 2894 1477 2962 homo,
1509 2894 1622 2964 quis
1651 2910 1732 2947 me
1762 2892 1996 2947 liberabit
2043 2893 2106 2947 de

2211 1871 2416 1944 (ibid);
2440 1873 2587 1928 omni
2612 1872 2693 1927 vel
2714 1887 2810 1928 sua
2829 1875 2911 1928 vel
2935 1883 3144 1928 natura;
3167 1873 3335 1943 ipsius
3362 1873 3657 1944 fragilitate
3679 1889 3800 1942 per-

2208 1973 2397 2034 specta
2417 2011 2430 2035 ,
2463 1975 2571 2021 tam
2604 1965 2883 2020 immensae
2909 1965 3211 2021 altitudinis
3236 1967 3490 2022 vastitate
3529 1967 3798 2023 conterri-

2211 2065 2328 2123 tus,
2363 2056 2430 2111 ad
2462 2058 2795 2112 tutissimum
2825 2067 3038 2128 portum
3082 2058 3252 2114 divini
3279 2059 3524 2130 confugit
3568 2059 3794 2127 auxilii;

2209 2158 2265 2205 et
2285 2151 2440 2217 quasi
2465 2150 2530 2206 de
2551 2151 2749 2222 navigii
2773 2149 2855 2206 sui
2877 2152 3134 2206 oneribus
3155 2151 3503 2207 mortalitatis
3516 2152 3788 2222 oppressi,

2208 2245 2443 2299 naturali
2471 2243 2788 2300 inﬁrmitate
2812 2245 3132 2314 desperans,
3158 2243 3226 2299 ab
3253 2259 3318 2299 eo
3341 2244 3429 2299 cui
3456 2245 3793 2315 impossibile

2221 2333 2357 2389 nihil
2376 2344 2457 2390 est
2475 2378 2490 2403 ,
2523 2335 2924 2405 naufragiorum
2949 2335 3198 2406 deposcit
3218 2336 3484 2404 remedia,
3512 2352 3636 2392 cum
3664 2353 3794 2408 quo-

2208 2426 2332 2481 dam
2356 2425 2653 2482 miserabili
2670 2427 2972 2483 vociferans
2987 2427 3123 2497 ejula
3133 2435 3186 2482 tu
3203 2446 3216 2480 :
3243 2438 3264 2466 ο
3290 2427 3492 2498 Infelix
3509 2445 3603 2499 ego
3620 2427 3791 2495 homo,

2209 2521 2324 2591 quis
2350 2536 2430 2573 me
2457 2519 2690 2574 liberabit
2710 2519 2775 2574 de
2801 2535 3015 2590 corpore
3039 2522 3221 2574 mortis
3245 2520 3403 2591 hujus
3425 2518 3572 2592 (Ibid
3582 2520 3658 2591 .)?
3679 2520 3796 2576 Sta-

2213 2611 2417 2682 timque
2446 2611 2848 2668 absolutionem
2877 2627 3036 2683 quam
3068 2612 3386 2682 deeperavit
3413 2611 3482 2668 de
3511 2613 3794 2669 imbecilli-

2209 2714 2322 2762 tate
2359 2685 2566 2762 tiaturae
2586 2748 2602 2775 ,
2631 2707 2698 2763 de
2741 2707 2836 2763 Dei
2867 2707 3202 2777 benignitate
3233 2707 3600 2777 praisumpsit,
3631 2708 3794 2762 conii-

2212 2800 2403 2855 denter
2429 2799 2769 2870 adjungens:
2801 2797 2827 2836 ά
2862 2797 3046 2854 Gratia
3077 2796 3176 2853 Dei
3203 2815 3293 2869 per
3323 2799 3589 2854 Christum
3615 2797 3792 2854 Domi-

2211 2911 2336 2949 num
2366 2901 2593 2948 nostrum
2623 2891 2768 2964 (Ibid
2777 2891 2816 2962 .)

1590 3008 1849 3066 ALARDI
1881 3008 2112 3065 (ἱΑΖιΕΙ
2153 3007 2729 3065 COMMENTARIUS.

521 3107 726 3176 inquit,
741 3111 859 3184 jam
889 3107 1076 3184 et_si_ne
1105 3104 1411 3157 discretione
1443 3102 1724 3184 Dominum
1756 3101 1979 3154 amabat.
2013 3100 2112 3184 90-.
2137 3102 2181 3162 C
2217 3100 2347 3184 lium
2378 3099 2566 3184 gratias
2606 3115 2719 3155 sua:
2763 3100 3242 3184 subministrante,
3285 3111 3339 3159 et
3363 3117 3459 3157 eos
3485 3101 3787 3184 misericor-

555 3173 686 3232 itare
706 3173 841 3232 enim
868 3177 1122 3230 debuisset
1158 3191 1270 3227 eum
1288 3190 1436 3244 quem
1464 3177 1728 3240 confessus
1751 3181 1860 3226 erat
1883 3188 1990 3226 esse
2019 3173 2109 3226 Dei

555 3197 686 3232 ttat'e
706 3197 841 3232 emm
868 3197 1121 3230 αευιιιησι
1158 3197 1270 3227 cum
1288 3197 1436 3244 quem
1464 3197 1727 3240 συηιεδσιιδ
1751 3197 1859 3226 CH"
1883 3197 1990 3226 ηδε
2019 3197 2109 3226 υει

521 3197 748 3311 %‘ilium,
774 3248 904 3301 nihil
932 3246 1280 3313 increpatione
1298 3246 1512 3316 dignum
1536 3253 1626 3316 aut
1651 3259 1804 3316 agere
1830 3251 1917 3296 aut
1942 3243 2111 3296 dicere

524 3336 696 3389 posse;
724 3320 1005 3388 expendere
1029 3312 1149 3389 item
1168 3317 1306 3385 quod
1328 3312 1544 3389 distinet
1567 3312 1843 3389 Dominus,
1876 3324 2110 3389 oportere

522 3383 598 3446 sic
633 3383 747 3460 ﬁeri
768 3383 797 3457 ,⁷
826 3405 887 3442 ac
917 3391 1029 3444 ideo
1067 3383 1233 3460 visum
1262 3403 1370 3441 esse
1397 3385 1565 3460 Patri.
1600 3383 1792 3460 Verum
1836 3386 2109 3460 quominus

523 3455 1022 3531 htec'perpenderet,
1046 3459 1234 3513 amoris
1265 3458 1496 3531 nondum
1535 3456 1782 3527 perfecti,
1815 3456 1904 3509 sed
1937 3455 2110 3510 adhuc

524 3533 678 3587 nimis
695 3529 909 3586 humani
944 3531 1260 3601 vehementia
1287 3529 1431 3601 fecit.

598 3613 622 3640 α
657 3603 873 3657 Minime
921 3602 1149 3656 scilicet.
1192 3597 1325 3666 Quis
1364 3599 1508 3655 enim
1561 3605 1723 3668 neget
1760 3606 1852 3652 aut
1897 3597 2111 3654 dubitet

529 3673 745 3729 Petrum
779 3673 1024 3744 negando
1046 3671 1323 3744 Christum
1355 3670 1596 3744 graviter
1625 3668 1891 3744 cecidisse
1915 3678 1970 3722 et
2000 3671 2109 3744 r_ui-

527 3760 650 3798 nam
682 3739 1009 3812 pertulisse?
1044 3743 1216 3798 Fuere
1255 3751 1437 3796 tamen
1469 3740 1557 3810 qui
1598 3739 1983 3795 existimarunt
2010 3739 2109 3794 Pe-

529 3824 702 3881 trum,
729 3829 853 3868 cum
879 3813 1153 3869 Christum
1179 3812 1414 3883 negavit,
1441 3822 1540 3883 aut
1562 3825 1670 3866 non
1698 3824 1982 3883 peccasse,
2016 3822 2108 3866 aut

527 3895 676 3940 certe
735 3883 1022 3940 mentitum
1076 3899 1187 3938 non
1242 3881 1397 3948 esse.
1451 3881 1581 3948 sed,
1633 3881 1779 3936 salva
1836 3883 2103 3948 veritate,

528 3956 784 4043 ambigue
809 3956 1069 4043 locutum.
1100 3955 1209 4037 [Nec
1235 3956 1410 4021 enim,
1441 3953 1690 4043 aiebant,
1720 3952 2103 4043 mentiebatur,

527 4025 620 4095 qui
662 4023 932 4080 Christum
974 4026 1281 4093 hominem,
1316 4039 1512 4094 purum
1557 4023 1800 4095 scilicet,
1831 4037 1891 4095 se
1943 4038 2106 4080 nosse

525 4093 759 4165 negabat
785 4111 944 4166 quem
992 4097 1159 4151 Deum
1191 4093 1376 4152 verum
1411 4093 1798 4166 cognoscebat.
1827 4093 1975 4166 Q_uos
2003 4110 2103 4149 no-

524 4162 672 4222 tasse
715 4162 924 4239 videtur
969 4167 1034 4221 D.
1076 4167 1440 4239 Hieronymus
1477 4162 1562 4239 his
1604 4163 1784 4239 verbis
1816 4162 1921 4239 (In
1968 4181 2104 4218 com-

525 4248 684 4291 ment.
712 4238 902 4292 Matth.
949 4239 1139 4308 xxv1):
1176 4236 1301 4293 Scio
1329 4237 1610 4301 quosdam,
1641 4236 1728 4304 pio
1769 4236 1958 4303 affectu
1984 4252 2104 4307 erga

521 4311 814 4378 apostolum
842 4309 1090 4372 Petrum,
1135 4310 1304 4363 locum
1339 4308 1475 4362 hunc
1518 4308 1592 4360 ita
1621 4309 1980 4378 interpretatos
2001 4347 2016 4371 ,
2047 4318 2104 4360 ut

524 4377 747 4433 dicerent
778 4379 992 4434 Petrum
1022 4395 1122 4434 non
1146 4380 1316 4451 Deum
1352 4393 1594 4451 negasse,
1617 4379 1709 4451 sed
1736 4377 2034 4451 Ιιρηιὶηεηι-2
2055 4389 2102 4432 et

521 4464 630 4502 esse
657 4466 856 4504 sensum
879 4467 898 4505 :
926 4451 1095 4504 nescio
1134 4449 1391 4505 hominem
1407 4445 1435 4513 ,⁷
1448 4451 1571 4520 quia
1600 4445 1940 4520 scioﬁDeum:
1985 4447 2098 4502 Hoc

520 4534 676 4590 quam
721 4521 966 4590 frivolum
1005 4523 1069 4574 sit
1092 4563 1106 4588 ,
1139 4522 1362 4588 prudens
1394 4518 1552 4575 lector
1591 4519 1856 4589 intelligit.
1891 4518 1981 4590 Sic
2010 4520 2098 4573 de-

518 4589 738 4663 fendunt
778 4592 1103 4663 Apostolum,
1136 4603 1192 4648 ut
1221 4590 1387 4646 Deum
1432 4589 1687 4663 mendacii
1711 4605 1853 4663 reum
1879 4589 2093 4663 faciant.

520 4658 584 4714 Si
595 4662 741 4733 enim
770 4658 866 4716 iste
891 4679 994 4717 non
1016 4658 1213 4733 negavit
1233 4704 1247 4724 ,
1274 4678 1394 4733 ergo
1425 4662 1667 4733 mentitus
1697 4670 1772 4714 est
1802 4658 2058 4714 Dominus
2077 4703 2092 4727 ,

516 4731 605 4803 qui
631 4731 865 4786 dixerat:
894 4734 1055 4789 Amen
1081 4731 1198 4788 dico
1221 4731 1480 4803 tibi,‘quia
1508 4732 1604 4787 hac
1625 4739 1791 4794 nocte,
1821 4744 2095 4802 antequam

515 4800 688 4871 gallus
718 4813 880 4857 cantet
899 4844 920 4877 ,_
959 4814 1033 4858 ter
1061 4821 1139 4859 me
1181 4800 1410 4877 negabis.
1455 4802 1614 4858 Cerne
1643 4802 1767 4872 quid
1813 4800 1992 4855 dicat:
2021 4819 2091 4858 ut:

513 4885 752 4945 nactus,
776 4890 880 4945 non
900 4875 1176 4929 hominem.
1207 4875 1281 4930 Ita
1306 4876 1684 4945 Hieronymus.
1711 4879 1784 4927 At
1804 4887 2088 4945 quorsum,

513 4942 762 5012 inquies,
811 4943 914 5000 hoc
943 4946 1256 5014 exemplum
1301 4942 1749 5016 allegat—Auctor,
1791 4943 1934 5014 quod
1970 4944 2088 5012 ejus

511 5027 680 5086 secpo
703 5023 757 5068 et
781 5026 1097 5084 argumento
1127 5017 1286 5086 hujus
1308 5031 1431 5086 cap.
1459 5018 1635 5084 potius
1668 5031 1973 5086 repugnare
2002 5017 2082 5070 vi-

513 5083 695 5156 detur,
743 5083 861 5154 quo
891 5087 1052 5142 docet
1097 5083 1312 5142 sanctos
1344 5083 1398 5142 et
1420 5087 1594 5156 justos
1622 5090 1673 5142 in
1707 5083 1941 5141 liac'vita
1972 5101 2078 5141 non

511 5166 632 5228 esse
654 5154 920 5211 immunes
961 5172 991 5211 a
1019 5160 1190 5228 culpis
1218 5154 1519 5213 venialihus
1559 5167 1612 5228 et
1638 5157 1996 5226 quotidianis,
2023 5168 2080 5213 ut

508 5222 712 5297 dictum
738 5233 850 5292 est,
878 5241 1000 5282 cum
1028 5222 1242 5284 constet
1271 5229 1410 5284 hanc
1437 5227 1580 5284 Petri
1602 5222 1939 5297 negationem
1970 5222 2075 5283 non

2128 4485 2179 4546 D

2186 5083 2377 5153 lApol.
2411 5083 2462 5138 in
2491 5085 2670 5154 Ruﬁn.
2701 5100 2748 5137 c.

2187 5156 2587 5222 turbationibus,
2609 5173 2671 5209 ac
2701 5155 2855 5210 morti
2883 5155 3149 5226 subjaceat
3169 5198 3184 5222 ,
3211 5158 3371 5211 donec
3409 5155 3545 5213 cum?
3570 5155 3766 5214 Christo

2182 5228 2498 5301 resurgat‘in
2524 5228 2735 5301 gloria;
2773 5236 2830 5301 et
2858 5228 3048 5297 fragile
3079 5229 3432 5301 priushlutum
3458 5241 3767 5301 excoquatur

2213 3172 2356 3226 diter
2385 3175 2628 3242 erigente
2657 3190 2669 3226 :
2705 3171 2931 3242 proinde
2954 3173 3080 3229 licet
3103 3174 3168 3227 ad
3202 3183 3413 3242 tempus
3439 3173 3670 3228 subinde
3699 3189 3788 3227 ex-

2211 3243 2396 3297 cidant
2423 3259 2451 3298 a
2476 3242 2685 3312 justitia
2712 3255 2766 3297 et
2798 3243 3117 3309 sanctitate;
3154 3259 3262 3298 non
3287 3244 3361 3298 ita
3394 3254 3607 3312 tamen,
3636 3255 3694 3298 ut
3719 3260 3782 3298 ex

2212 3313 2336 3386 albo
2359 3315 2627 3385 justorum
2658 3316 2871 3385 penitus
2897 3315 3214 3382 eradantur,
3238 3315 3363 3386 quia
3396 3330 3492 3384 per
3519 3316 3786 3382 paeniten-

2211 3385 2360 3450 tiam,
2390 3387 2582 3440 saltem
2614 3396 2913 3441 extremam
2943 3396 2998 3441 et
3021 3385 3270 3453 finalem,
3313 3386 3379 3441 ad
3403 3387 3675 3456 justitiam
3703 3401 3788 3442 re-

2211 3465 2515 3522 vertuntur,
2549 3466 2602 3511 et
2648 3458 2841 3512 merita
2873 3458 3297 3525 praecedentium
3345 3459 3614 3512 bonorum
3643 3473 3788 3514 recu-

2212 3537 2437 3595 perant;
2465 3537 2518 3582 et
2561 3527 2665 3582 hoc
2709 3537 2789 3582 est
2819 3528 2961 3596 quod
2994 3530 3068 3583 ait
3097 3528 3382 3584 Psalmista
3406 3547 3418 3582 :
3445 3527 3632 3584 Justus
3679 3546 3785 3584 cum

2211 3599 2474 3664 ceciderit,
2509 3615 2613 3652 non
2661 3598 2958 3665 collidatur,
2992 3600 3069 3654 sic
3109 3600 3396 3666 nimirum,
3435 3609 3494 3654 ut
3535 3602 3589 3654 in
3639 3609 3786 3654 mter-

2211 3684 2338 3722 num
2377 3680 2578 3738 pereat,
2609 3678 2664 3724 et
2692 3686 2719 3722 a
2755 3670 2869 3724 Deo
2899 3670 3205 3738 abjiciatur,
3243 3671 3414 3725 instar
3441 3672 3588 3727 vasis
3617 3671 3786 3726 collisi

2210 3747 2288 3811 et_
2311 3740 2598 3794 confracti.
2643 3739 2905 3807 Loquitur
2933 3743 3074 3795 enim
3118 3743 3186 3795 de
3217 3743 3407 3797 electis
3430 3784 3443 3803 ,
3473 3757 3616 3811 quos
3651 3743 3784 3798 Deus

2211 3809 2480 3885 infallibili
2505 3811 2674 3885 gratia
2698 3811 2764 3885 ad
2798 3827 3017 3885 regnum
3053 3812 3327 3880 perducit:
3347 3815 3473 3885 quia
3491 3809 3629 3885 quos
3657 3830 3783 3885 prte-

2209 3882 2499 3954 destinatvit,
2532 3881 2626 3954 hos
2648 3891 2697 3936 et
2716 3883 3057 3953 justi/ienuit;
3084 3898 3217 3953 quos
3240 3891 3420 3939 autem
3447 3881 3780 3954 iustiﬁcavit,

2209 3950 2309 4004 ltus
2338 3963 2390 4006 et
2419 3950 2761 4019 glorificabi't.

2282 4021 2307 4059 δ
2337 4023 2393 4077 S.
2417 4023 2527 4078 Leo
2549 4023 2785 4091 pontifex
2807 4036 2972 4094 serm.
2993 4025 3026 4080 9
3049 4024 3116 4079 de
3146 4025 3395 4094 passione
3419 4025 3668 4083 Domini:
3693 4025 3782 4082 Fe~

2207 4091 2359 4166 lices,
2393 4094 2468 4148 ait
2491 4135 2504 4158 ,
2529 4104 2700 4166 sancte
2728 4093 3002 4166 Apostole,
3030 4091 3270 4166 lucri/mas
3298 4106 3427 4163 tuae,
3469 4114 3588 4166 qua
3607 4100 3676 4152 ad
3705 4099 3780 4151 di-

2207 4163 2446 4235 luendam
2497 4163 2702 4233 culpam
2751 4163 3073 4235 negationis,
3121 4163 3355 4221 uirtutem
3392 4163 3527 4222 sacri
3573 4169 3782 4224 habuere

2207 4234 2547 4299 baptismatis.
2582 4235 2766 4299 Adfuit
2807 4234 2944 4290 enim
2983 4237 3194 4292 dextera
3224 4237 3436 4292 Domini
3463 4241 3631 4293 nostri
3665 4242 3780 4294 Jesu

2207 4304 2429 4374 Christi,
2461 4322 2576 4381 qute
2602 4304 2855 4381 labentem
2879 4314 2954 4372 te,
2982 4310 3279 4381 priusquam
3301 4311 3617 4381 dejicereris,
3647 4313 3778 4366 exci-

2207 4385 2374 4450 peret,
2420 4387 2467 4450 et
2487 4378 2808 4450 _[irmitatem
2839 4380 3010 4450 standi
3048 4379 3101 4432 in
3141 4380 3255 4448 ipso
3299 4378 3518 4434 cadendi
3559 4383 3778 4450 periculo

2204 4448 2456 4520 recepisti.
2487 4447 2629 4501 Vidit
2674 4451 2727 4502 in
2756 4459 2802 4502 te
2848 4447 3098 4520 Dominus
3126 4447 3227 4504 non
3254 4452 3410 4519 ﬁdem
3447 4447 3655 4520 ﬁctam,
3684 4468 3776 4505 non

2204 4516 2527 4590 dilectionem
2551 4535 2782 4572 aversam
2799 4560 2821 4590 ,ν
2837 4519 2927 4572 sed
2955 4516 3295 4574 constantiam
3318 4516 3475 4590 fuisse
3500 4527 3768 4577 turbatam.

2202 4587 2724 4664 Abundauitﬂetus,
2771 4589 2857 4664 ubi
2896 4592 3240 4664 non‘defecit
3283 4587 3532 4660 affectus,
3565 4605 3615 4647 et
3662 4594 3772 4664 fons

2201 4657 2466 4714 charitatis
2509 4662 2632 4714 lauit
2679 4660 2831 4715 verba
2881 4657 3172 4731 formidinis
3203 4679 3222 4715 :
3263 4657 3354 4716 nec
3396 4657 3673 4718 tardatum
3709 4673 3772 4718 est

2198 4732 2480 4805 remedium
2501 4733 2792 4805 abolitionis
2807 4772 2822 4797 ,
2855 4731 2940 4784 ubi
2963 4748 3065 4785 non
3090 4733 3187 4800 fuit
3198 4734 3459 4805 judicium
3482 4735 3772 4789 uoluntatis.

2197 4797 2315 4877 Cito
2341 4803 2515 4877 itaque
2543 4803 2609 4877 in;
2633 4803 2948 4877 soliditatem
2973 4797 3125 4877 suam
3162 4797 3315 4857 rediit
3355 4814 3501 4877 petra
3521 4847 3537 4870 ,
3581 4816 3772 4860 tantam

2192 4871 2443 4939 recipiens
2487 4873 2877 4949 fortitudinem,
2906 4882 2963 4926 ut
2989 4875 3125 4941 quod
3167 4884 3286 4949 tunc
3314 4871 3369 4929 in
3401 4875 3596 4949 Christi
3625 4894 3772 4949 expa-

2192 4944 2632 5016 uerat_passione,
2663 4945 2717 5016 in
2748 4959 2844 4997 suo
2875 4954 2988 5016 post
3027 4946 3282 5016 supplicio
3314 4962 3418 5000 non
3446 4947 3666 5002 timeret.

2266 5023 2287 5051 ο
2319 5011 2534 5096 (ξονραὶ
2548 5014 2728 5096 mprtis
2759 5011 3212 5096 appellat,-ittqu_it
3242 5017 3602 5096 Hieronymus
3632 5017 3767 5089 (Lib.

2778 5032 2824 5140 gl
2862 5032 3015 5078 euat,
3039 5032 3212 5097 inquit
3242 5032 3602 5142 Ineronztnus
3632 5032 3767 5089 (ιιι),

2825 5032 2877 5159 ἴ,
2906 5085 3043 5159 quod
3070 5097 3222 5154 vittis,
3253 5097 3300 5140 et
3330 5105 3442 5141 ntor
3477 5106 3554 5156 is,
3585 5099 3634 5142 et
3661 5106 3768 5159 ρετ-

504 5293 677 5368 fuisse
698 5297 914 5368 (culpam
946 5299 1124 5354 levem
1156 5310 1208 5354 et
1234 5299 1520 5360 venialem,
1545 5297 1637 5352 sed
1665 5293 2077 5368 gravissimam?
2179 5293 2380 5367 fervore
2411 5293 2638 5368 Spiritus
2669 5293 2832 5352 sancti
2858 5293 2924 5350 'in
2946 5293 3127 5368 testam
3165 5298 3563 5368 solidissimum,
3594 5293 3765 5355 demu-

505 5362 574 5417 Β.
605 5367 740 5431 Quia
781 5367 848 5444 de
876 5370 1034 5436 culpa
1064 5369 1207 5424 Petri
1221 5370 1434 5444 leviore
1464 5362 2032 5444 fecerat'mentionem
2055 5411 2070 5436 ,
2179 5362 2299 5421 tunc
2325 5362 2547 5444 gloriam
2567 5411 2581 5435 ,
2615 5385 2716 5444 non
2750 5379 3033 5444 naturam._
3055 5367 3130 5444 Ita
3167 5362 3560 5444 Hieronymus;
3590 5373 3762 5428 Potest

503 5448 606 5504 qua
628 5452 789 5512 suum
829 5441 1092 5494 intentum
1114 5441 1474 5512 probaverat,
1505 5455 1626 5512 cum
1659 5440 1910 5512 proclive
1927 5449 2074 5512 esset
2181 5437 2358 5494 tamen
2375 5439 2647 5512 genitivus
2664 5439 2818 5508 hujus
2842 5437 3037 5494 referri
3055 5440 3214 5512 etiam
3234 5441 3300 5495 ad
3321 5437 3552 5498 mortem
3571 5445 3757 5512 ipsam,

504 5513 566 5558 ut
592 5507 640 5560 ei
671 5508 1025 5584 Dolijiceretur
1055 5507 1156 5584 alia
1179 5507 1728 5584 Petriculpaionge
1768 5511 1984 5584 gravipr
2014 5510 2068 5564 in
2175 5516 2235 5584 ut
2259 5523 2452 5564 sensus
2485 5511 2554 5565 sit
2579 5527 2594 5567 :
2620 5511 2697 5584 De
2716 5507 2929 5584 corpore
2954 5511 3135 5584 mortis
3157 5511 3318 5582 hujus
3350 5514 3402 5569 id
3432 5523 3516 5570 est
3535 5557 3550 5583 ,
3576 5507 3631 5569 in
3655 5507 3759 5584 quo

498 5579 789 5650 negatione
829 5578 1062 5644 Christi,
1102 5582 1226 5637 huic
1269 5583 1553 5650 objectioni
1585 5578 1878 5636 occurrens
1905 5579 2071 5636 docet
2175 5578 2277 5650 hoc
2305 5596 2476 5648 genus
2504 5583 2690 5637 mortis
2719 5578 2882 5637 etiam
2917 5581 3114 5636 invitus
3143 5578 3418 5650 experior.

500 5647 603 5728 huc
634 5651 772 5702 i’etri
808 5651 1068 5728 exemplo
1097 5661 1311 5708 sanctos
1337 5647 1394 5708 et
1430 5654 1606 5728 justos
1646 5652 1917 5728 interdum
1947 5652 2069 5720 qui-
2233 5649 2271 5728 f1
2305 5651 2508 5719 Duplex
2529 5655 2690 5708 lectio
2710 5651 3114 5728 apud_Gra:cos.
3146 5647 3326 5723 Aliqui
3357 5658 3501 5719 enim
3536 5658 3750 5728 legunt:

497 5713 622 5799 dett.
672 5721 909 5799 graziter
943 5713 1043 5776 Ia'bi
1077 5734 1126 5777 et
1161 5738 1384 5793 peccare
1407 5713 1549 5790 [sed
1577 5739 1713 5799 mox_
1737 5739 1770 5799 _a
1803 5724 1952 5792 lapsu
1965 5713 2066 5799 're-
2167 5726 2329 5799 ximu-
2357 5713 2430 5797 τῷ
2455 5713 2796 5799 Θεῷ-,θναιῷ
2833 5723 2978 5799 Deo,
3010 5721 3196 5799 id__est,
3244 5713 3747 5799 gratiasfggovDeo,

497 5797 743 5856 surgere,
765 5789 878 5850 Deo
898 5789 1234 5862 supponente
1254 5789 1474 5851 manum
1501 5809 1678 5864 suam,
1699 5794 1754 5852 id
1781 5789 1884 5862 esi,
1910 5795 2063 5851 auxi~
2167 5789 2228 5850 iit
2247 5789 2790 5870 Chrysost.'(llomil.
2825 5795 2935 5868 εδ).
2959 5803 3012 5853 et
3036 5789 3396 5870 Hieronimus
3421 5789 3616 5876 (Epist.
3648 5789 3740 5856 151
