4092 6322
270 337 405 400 Iul

871 460 1103 518 CAPUT
1141 460 1260 517 XV.

272 572 465 647 Objicit
504 573 791 633 Germanus
813 618 829 645 ,
859 594 924 633 ea:
949 586 1275 648 peccatorum
1304 593 1522 649 persona
1550 574 1856 647 Apostolum

891 650 999 704 hac
1027 651 1240 704 dixisse.

339 739 693 800 Germanus:
738 744 894 800 Multi
944 743 1050 800 hoc
1097 744 1454 816 apostolicum
1506 744 1578 800 ita
1628 743 1858 814 intelligi

269 831 471 890 debere
499 835 805 904 deﬁniunt,
841 848 897 893 ut
942 837 1046 894 hoc
1088 855 1212 894 eum
1245 855 1352 895 non
1382 855 1450 895 ex
1489 854 1583 894 sua
1610 881 1624 906 ,
1670 838 1765 893 sed
1793 853 1857 893 ex

270 936 620 996 peccatorum
678 943 918 1000 persona
983 930 1190 988 dixisse
1238 933 1564 988 conﬁrment
1597 973 1612 998 ,
1669 947 1857 988 eorum

267 1018 478 1074 scilicet
506 1021 594 1090 qui
630 1022 884 1080 volentes
915 1026 1240 1094 semetipsos
1267 1042 1297 1081 ει
1326 1027 1704 1096 corporalibus
1736 1027 1860 1082 ille-

268 1111 453 1167 cebris
505 1127 569 1168 ac
606 1115 977 1186 voluptatibus
1025 1119 1304 1175 abstinere
1337 1162 1352 1187 ,
1413 1119 1660 1174 obstricti
1715 1121 1862 1176 vitiis

268 1204 536 1274 pristinis,
570 1216 626 1263 et
651 1208 1016 1266 oblectatione
1043 1211 1345 1268 carnalium
1391 1215 1701 1283 passionum
1734 1229 1862 1284 cap-

270 1295 448 1364 tivati,
481 1299 806 1370 semetipsos
837 1302 1094 1359 cohibere
1118 1319 1224 1360 non
1255 1315 1509 1375 possunt,
1540 1306 1668 1360 dum
1696 1315 1723 1344 ι
1753 1307 1864 1361 ino-

266 1387 365 1445 Iita
408 1393 807 1450 consuetudine
855 1397 1152 1468 vitiorum,
1203 1398 1349 1454 velut
1395 1398 1595 1454 immiti
1626 1400 1858 1468 quadam

267 1485 575 1554 tyrannidis
620 1486 989 1546 dominatione
1017 1533 1032 1558 ,
1084 1491 1372 1561 depressi,
1435 1492 1501 1546 ad
1554 1492 1859 1548 libertatem

266 1577 549 1647 pudicitia;
598 1584 870 1650 respirare
923 1599 1030 1639 non
1083 1593 1332 1654 possunt.
1384 1585 1670 1654 Quomodo
1715 1587 1857 1642 enim

264 1665 434 1724 beato
481 1669 790 1740 Apostolo,
848 1690 1009 1744 quem
1061 1675 1130 1730 ad
1183 1691 1451 1732 summum
1508 1678 1858 1748 perfectionis

264 1765 438 1820 totius
463 1767 676 1822 culmen
706 1810 720 1833 ,
748 1778 962 1824 certum
993 1779 1078 1827 est
1104 1773 1419 1840 pervenisse
1444 1816 1458 1839 ,
1493 1774 1624 1829 illud
1656 1774 1859 1844 poterit

884 343 1225 404 COLLATIO
1262 334 1454 401 XXIII.
1485 371 1557 384 —
1587 341 1677 398 DE
1715 339 1943 397 VELLE
1979 338 2218 399 BONUM
2259 338 2349 395 ET
2387 336 2624 398 AGERE
2663 338 2934 399 MALUM.

3400 343 3544 398 {ibi

1880 464 1933 521 Α
1961 453 2200 509 membris
2233 457 2358 511 meis
2390 455 2570 525 (Rom.
2593 453 2712 529 vn).
2745 456 2801 511 In
2833 471 2942 528 quo
2969 457 3133 526 igitttr
3160 459 3275 513 haec
3298 473 3548 529 persona

1960 549 2274 619 apostolicae
2317 559 2543 619 possunt
2592 549 2878 621 coaptari?
2920 550 3058 619 Quid
3101 552 3245 607 enim
3293 561 3378 608 est
3420 552 3548 610 boui

1961 643 2105 713 quod
2137 643 2226 698 ille
2257 659 2364 699 non
2394 645 2632 715 potuerit
2657 645 2924 714 implere?
2954 646 3020 700 Et
3049 647 3392 716 econtrario,
3421 647 3550 719 quid

1963 737 2095 793 illud
2122 745 2206 794 est
2229 739 2357 792 mali
2387 739 2530 810 quod
2563 739 2754 795 nolens
2783 748 2838 794 et
2862 739 3075 808 odieus,
3110 749 3293 796 tamen
3320 748 3553 810 cogente

1963 842 2156 886 natura
2185 873 2199 898 ,
2240 829 2440 887 invitus
2481 831 2803 888 admiserit?
2837 832 2916 887 Ad
2960 848 3121 904 quam
3172 847 3300 887 vero
3347 834 3552 902 peccati

1962 925 2136 996 legem
2165 924 2447 980 electionis
2477 940 2572 981 vas
2595 966 2612 994 ,
2651 925 2702 980 in
2735 941 2840 996 quo
2869 922 3118 980 Christus
3168 925 3424 982 Dominus
3467 925 3552 982 lo-

1963 1018 2263 1090 quebatur,
2300 1018 2474 1088 potuit
2501 1020 2746 1090 captivus
2774 1019 3008 1074 adduci?
3039 1019 3138 1088 Qui
3169 1033 3290 1075 cum
3334 1034 3552 1075 omnem

1964 1113 2388 1169 iuobedientiam
2412 1155 2427 1180 ,
2478 1124 2534 1170 et
2559 1130 2774 1170 omnem
2824 1115 3173 1171 extollentem
3203 1130 3262 1171 se
3292 1115 3555 1172 adversus

1965 1205 2140 1261 Deum
2171 1205 2511 1261 altitudinem
2542 1208 2868 1276 captivasset
2893 1207 2962 1279 (ll
2984 1206 3106 1263 Cor.
3135 1206 3222 1279 x),
3257 1207 3326 1264 de
3354 1218 3556 1264 semct-

1963 1299 2083 1371 ipso
2109 1316 2230 1356 cum
2262 1299 2459 1355 ﬁducia
2501 1299 2875 1370 proclamabat
2907 1318 2920 1354 :
2954 1299 3158 1355 Bonum
3201 1316 3418 1372 agonem
3446 1316 3556 1355 cer-

1965 1396 2105 1461 tari,
2152 1411 2362 1449 cursum
2398 1395 2752 1449 consummavi
2773 1435 2790 1462 ,
2829 1395 2986 1463 [idem
3023 1394 3250 1460 servavi;
3282 1393 3346 1448 de
3369 1403 3555 1449 cetera

1961 1489 2189 1557 reposita
2234 1499 2307 1543 est
2349 1488 2477 1542 mihi
2520 1505 2711 1543 corona
2743 1489 3004 1557 justitiw,
3042 1504 3195 1558 quam
3221 1487 3400 1542 reddet
3427 1487 3556 1541 mihi

1967 1584 2216 1640 Dominus
2241 1585 2296 1640 in
2317 1586 2410 1640 illa
2431 1587 2512 1640 die
2532 1586 2708 1655 justus
2721 1586 2890 1659 judea:
2918 1585 2986 1655 (Il
3017 1584 3154 1641 Tim.
3187 1582 3262 1658 4).

2551 1677 2778 1735 CAPUT
2817 1678 2960 1734 XVI.

2333 1773 2531 1828 Dilatio
2560 1774 2834 1846 proposin
2863 1775 3187 1844 quwstionis.

261 1859 564 1916 convenire
593 1861 738 1930 quod
769 1861 899 1919 dicit
942 1881 956 1918 :
1007 1865 1127 1920 Non
1159 1867 1293 1922 enim
1323 1869 1462 1938 quod
1489 1871 1604 1924 volo
1631 1868 1816 1924 bonum
1842 1912 1857 1936 ,
1890 1888 1938 1949 Β
2037 1864 2289 1921 Theonas
2324 1883 2336 1919 :
2373 1865 2664 1921 latrantem
2699 1880 2784 1920 me
2815 1865 3143 1920 tutissimum
3191 1866 3390 1922 silentii
3423 1881 3556 1937 por-

261 1950 430 2020 facio,
461 1953 554 2006 sed
579 1957 718 2023 quod
744 1956 831 2009 odi
855 1959 1068 2025 malum,
1100 1959 1195 2013 hoc
1218 1978 1335 2033 ago.
1367 1961 1500 2018 Illud
1527 1963 1687 2019 etiam
1714 1967 1858 2034 quod

263 2043 549 2114 subjungit
583 2064 596 2102 :
631 2046 692 2103 Si
721 2058 891 2102 autem
919 2051 1057 2118 quod
1086 2053 1208 2106 nolo
1233 2095 1249 2118 ,
1300 2055 1395 2108 hoc
1436 2073 1534 2126 ago
1559 2099 1574 2118 ,
1614 2061 1728 2129 jam
1757 2075 1860 2112 non

260 2150 361 2207 ego
388 2155 572 2208 operor
601 2140 736 2194 illud
759 2185 774 2208 ,
815 2145 906 2198 sed
931 2147 1070 2215 quod
1112 2146 1308 2202 habitat
1340 2149 1392 2202 in
1428 2166 1508 2205 nte
1551 2153 1861 2222 peccatum?

259 2225 376 2282 Nec
409 2246 514 2285 non
547 2232 710 2287 etiam
741 2233 848 2290 hoc
881 2253 894 2290 :
927 2235 1270 2292 Condelector
1312 2243 1448 2294 enim
1491 2241 1594 2312 legi
1641 2242 1738 2298 Dei
1782 2261 1863 2298 se-

259 2321 494 2376 cundum
519 2325 815 2382 interiorem
836 2330 1129 2400 hominem;
1161 2335 1308 2389 video
1327 2346 1498 2390 autem
1519 2337 1678 2389 aliam
1700 2338 1862 2408 legem

257 2414 314 2468 in
352 2419 588 2474 membris
630 2423 791 2490 meis,
840 2438 1221 2496 repugnantem
1253 2430 1351 2501 legi
1391 2434 1573 2488 mentis
1619 2449 1744 2487 mete
1767 2474 1781 2498 ,
1815 2442 1863 2487 et

255 2508 523 2578 captivum
571 2529 651 2566 me
700 2514 973 2571 ducentem
1011 2519 1065 2574 in
1107 2521 1268 2593 legem
1297 2525 1532 2593 peccati,
1565 2540 1678 2593 qua:
1706 2535 1781 2579 est
1812 2527 1865 2579 in

1967 1967 2104 2027 tum,
2129 1973 2315 2015 rursus
2341 1959 2408 2014 ad
2434 1959 2758 2015 immensum
2785 1957 3219 2030 profundissimae
3242 1957 3559 2030 quastionis

1969 2056 2192 2127 pelagus
2213 2070 2474 2111 revocare
2495 2054 2802 2121 conamini;
2832 2054 2929 2109 sed
2951 2054 3410 2126 opportunitatem
3438 2053 3559 2108 lida

1967 2149 2220 2206 stationis
2251 2149 2509 2220 amplexi,
2545 2148 2633 2204 hic
2658 2149 2879 2204 interim
2908 2163 3074 2202 cursu
3103 2156 3210 2202 tam
3241 2147 3414 2218 longa:
3443 2147 3558 2202 col-

1970 2244 2194 2298 lationis
2219 2257 2443 2298 emenso
2467 2285 2482 2311 ,
2516 2241 2899 2297 taciturnitatis
2927 2241 3222 2296 anchoram
3259 2239 3522 2310 iaciemus
3542 2279 3560 2308 ,

1972 2347 2031 2393 ut
2055 2340 2288 2392 crastina
2319 2337 2407 2393 die
2429 2378 2445 2404 ,
2493 2335 2540 2391 si
2587 2343 2766 2391 tamen
2794 2334 2947 2389 nulla
2973 2334 3054 2388 vis
3087 2332 3425 2404 tempestatis
3461 2331 3556 2386 ob-

1971 2432 2214 2497 stiterit,
2262 2430 2391 2485 ﬂatu
2424 2430 2670 2502 prosperi
2700 2430 2926 2501 spiritus
2955 2428 3281 2500 explorato,
3314 2427 3550 2497 disputa~

1973 2525 2139 2580 tionis
2168 2526 2288 2581 vela
2319 2524 2636 2596 pendamus.

1343 2639 1602 2696 ALARDI
1642 2641 1875 2697 GAZ/EI
1911 2640 2483 2699 COMMENTARIUS.

253 2729 442 2809 quiest.
471 2722 528 2809 β)
551 2723 617 2809 ad
641 2725 934 2809 Algasiam.
954 2730 1071 2809 ﬁlii
1101 2746 1240 2809 vero
1253 2735 1456 2809 Excipi;
1485 2741 1575 2790 τοῦ
1603 2743 1732 2790 Θεοῦ
1756 2777 1781 2809 ,ᾼ
1804 2739 1856 2790 in

252 2796 533 2918 geniti-vo;
556 2796 606 2850 id
627 2806 730 2878 est,
749 2801 922 2869 gratia
943 2801 1059 2869 Dei,
1085 2819 1204 2874 sup.
1232 2796 1483 2860 liberabit
1508 2822 1613 2870 me,
1642 2796 1852 2862 nonlex

310 2879 434 2918 OVSI
460 2910 472 2918 .
518 2881 625 2918 non
671 2885 816 2918 Vires
860 2884 1094 2918 nalnrm-
1131 2886 1290 2918 alnum,
1338 2876 1438 2918 hnn
1485 2878 1646 2918 mndn
1699 2880 1852 2918 vortit

310 2879 434 2947 oyst
460 2910 491 2947 ,ι
518 2881 625 2921 non
671 2876 816 2924 vires
859 2884 1096 2941 naturae;
1131 2886 1290 2944 atque
1337 2876 1438 2932 hoc
1485 2878 1646 2933 modo
1699 2880 1857 2934 vertit

253 2944 452 3007 uoster
479 2944 770 3007 interpres.

338 3006 582 3090 fnlnolita
611 3006 707 3066 seu
731 3013 1032 3070 inveterata
1058 3017 1311 3090 uitiorum
1333 3021 1674 3076 consuetudo
1695 3036 1854 3090 quam

256 3076 493 3159 difﬁcile
521 3094 739 3159 curetur
762 3094 1010 3159 2ρι’ςςιῑσέι·
1039 3088 1146 3142 alia
1173 3089 1470 3158 Scriptura:
1503 3076 1810 3147 testimonia
1837 3134 1853 3159 ,

257 3149 426 3233 docet
453 3151 737 3233 euidenter
765 3149 852 3210 illa
881 3157 1139 3233 Jeremiae
1166 3149 1432 3233 sententia
1453 3205 1466 3226 ,
1500 3179 1602 3233 qua
1639 3149 1854 3218 invete;

260 3229 440 3306 ratam
489 3223 1157 3306 {puteorumperstringit
1201 3223 1471 3306 malitiam,
1500 3223 1533 3286 ε’
1558 3234 1618 3289 Si
1658 3245 1857 3289 mutare

259 3301 433 3362 potest
461 3293 708 3367 .‘Etltiops
751 3293 939 3374 pellem
983 3293 1130 3374 suam
1155 3341 1168 3362 .
1210 3312 1301 3356 aut
1346 3305 1541 3374 pardus
1586 3310 1858 3359 varietates

260 3379 424 3456 suasi
445 3374 498 3456 'et
528 3383 614 3420 vos
647 3371 888 3456 poterili:
913 3369 1248 3456 benefacere,
1281 3369 1397 3456 cum
1430 3376 1860 3456 didiceritiuoma-

260 3436 371 3488 lum
408 3434 625 3514 (larem.
659 3441 803 3514 xui).
840 3440 960 3494 Non
991 3434 1196 3509 natura,
1230 3434 1400 3514 inquit
1429 3445 1626 3501 ibidem
1674 3446 1862 3502 Hiero-

260 3522 463 3584 nymus
488 3551 502 3574 ,
537 3511 629 3584 sed
671 3513 833 3565 nimia
875 3515 1246 3569 consuetudine
1288 3511 1336 3569 et
1386 3532 1558 3570 amore
1608 3519 1858 3584 peccandi

261 3577 554 3647 ﬁrmatum,
586 3582 660 3634 sic
693 3593 748 3634 ut
793 3584 846 3636 in
887 3595 1124 3638 naturam
1154 3603 1455 3641 conversum
1485 3577 1740 3642 videatur.
1794 3588 1860 3642 Et

262 3665 314 3703 in
348 3649 698 3730 Epis_tola_ad
733 3653 934 3730 Laetam
971 3656 1039 3710 de
1071 3658 1408 3730 institutione
1457 3659 1577 3713 tiliae
1627 3677 1638 3713 :
1689 3657 1856 3730 Difﬁ-

262 3733 451 3798 cutter,
480 3723 676 3792 inquit,
700 3726 954 3798 eraditur,
983 3729 1121 3794 quod
1145 3731 1293 3782 rudes
1315 3731 1476 3784 animi
1505 3723 1856 3798 perbiberunt.

264 3791 465 3873 Recens
515 3791 641 3873 testa
689 3797 778 3849 diu
824 3791 1153 3873 et_saporem
1195 3803 1374 3873 retinet
1415 3812 1462 3854 et
1505 3791 1713 3855 odorem
1761 3819 1861 3871 quo

263 3865 494 3940 primum
523 3865 719 3940 imbuta
750 3877 843 3920 est.
878 3865 1106 3926 Basilius
1131 3871 1183 3926 in
1210 3872 1428 3940 Regulis
1459 3873 1626 3926 fusius
1655 3865 1859 3940 disput.

262 3931 420 4016 (capt
442 3934 520 4016 6).
538 3933 869 4016 ςρηειιειηάο
891 3951 1132 4016 vetustute
1154 3931 1361 4016 lirmdta
1376 3954 1588 4016 naturae
1611 3947 1715 4016 vim
1735 3931 1867 4003 solet

264 4006 516 4060 nancisci.
533 4005 955 4080 Cbrysostomus
973 4013 1025 4067 in
1041 4013 1084 4067 ll
1101 4005 1166 4068 ad
1181 4015 1427 4070 Corinth.
1445 4032 1563 4084 cap.
1581 4017 1612 4071 4
1633 4034 1644 4069 :
1666 4015 1864 4086 Magna

262 4128 1920 4154 M—

706 4219 1214 4328 COLLA
1239 4221 1504 4326 T10
1602 4137 3122 4361 Vlaﬁﬁaﬁiﬁ

1936 4143 2287 4156 ———

1963 2747 2037 2791 est
2069 2735 2450 2791 consuetudinis
2491 2733 2763 2806 tyrannis;
2787 2733 3018 2806 adeoque
3044 2747 3250 2806 magna,
3273 2740 3327 2806 ut
3349 2730 3563 2806 perinde

1963 2820 2114 2880 cogat
2143 2826 2205 2862 ac
2237 2821 2442 2880 natura.
2477 2803 2716 2880 Denique
2741 2806 2878 2880 hanc
2901 2803 3564 2880 difﬁcultatetnjnseipso

1960 2873 2218 2949 expertus
2247 2879 2313 2933 D.
2348 2877 2676 2948 Augustinus
2718 2876 2966 2949 eamdem
2987 2875 3222 2949 prolixe
3269 2873 3568 2949 declaravit

1963 2945 2363 3006 in'narratione
2391 2945 2503 3004 suae
2529 2947 2922 3002 conversionis.
2980 2945 3070 3001 Sic
3113 2947 3260 3000 enim
3291 2947 3430 2999 inter
3461 2945 3564 2998 alia

1962 3020 2060 3074 lib.
2077 3038 2150 3076 vn
2167 3020 2318 3090 (Cap.
2344 3021 2400 3089 5)
2425 3019 2844 3090 Confessionum
2863 3035 2875 3071 :
2893 3017 3110 3090 Ligutus
3134 3032 3277 3070 eram
3299 3033 3400 3068 non
3428 3019 3565 3090 {erro

1962 3086 2283 3158 alieno,'sed
2313 3086 2426 3146 mea
2458 3092 2627 3161 ferrea
2656 3089 2941 3143 voluntate.
2979 3087 3127 3142 Velle
3164 3104 3334 3140 meum
3366 3086 3567 3161 tenebat

1964 3165 2201 3220 inimicus
2225 3181 2244 3230 ,'
2278 3174 2326 3217 et
2354 3159 2475 3216 inde
2504 3161 2630 3216 milii
2657 3171 2888 3214 catenam
2919 3163 3132 3229 fecerat,
3165 3168 3216 3212 et
3246 3159 3566 3230 constrinxe-

1965 3247 2048 3289 rat
2075 3252 2156 3290 me
2181 3252 2198 3289 :
2239 3237 2427 3305 quippe
2452 3250 2514 3287 ea:
2540 3231 2803 3305 voluntate
2827 3246 3063 3302 perversa
3095 3232 3236 3300 facta
3255 3241 3336 3305 est
3369 3229 3528 3305 libiao
3549 3246 3569 3295 ;

1967 3316 2014 3360 et
2041 3308 2166 3359 dum
2190 3299 2408 3359 servitur
2434 3304 2638 3356 libidini
2661 3344 2674 3364 ,
2711 3299 2852 3372 facta
2878 3315 2952 3355 est
2978 3302 3332 3364 consuetudo;
3365 3311 3412 3353 et
3431 3299 3568 3372 dum

1969 3376 2331 3430 consuetudini
2372 3391 2474 3427 non
2501 3371 2796 3435 resistitur,
2826 3374 2964 3439 [acta
2997 3381 3069 3424 est
3099 3373 3391 3423 necessitas.
3427 3371 3569 3424 lleda

1969 3447 2024 3502 in
2054 3463 2174 3515 cap.
2204 3447 2269 3500 lii
2298 3445 2459 3499 Luca:
2490 3446 2604 3498 haec
2635 3443 2702 3496 de
2733 3441 2965 3515 Zacbaao
2988 3459 3007 3515 λι
3043 3439 3330 3515 latrantem
3358 3439 3569 3494 Jericlto

1887 3500 1934 3561 (ἶ
1969 3500 2300 3574 salvatorem
2345 3516 2518 3568 sidere
2559 3513 2820 3585 qutercbat
2845 3529 2876 3585 ;7
2905 3513 2995 3585 sed
3021 3527 3134 3585 pra:
3161 3513 3308 3564 turba
3330 3528 3442 3585 non
3471 3529 3568 3585 po-

1970 3600 2138 3654 terat;
2168 3590 2290 3658 quia
2319 3590 2502 3658 gratia:
2523 3581 2676 3656 quam
2717 3581 3179 3658 mundoSalrator
3203 3583 3378 3635 attulit
3394 3584 3568 3658 parti-

1968 3664 2145 3722 cipare
2180 3655 2459 3730 cupiebat;
2499 3655 2588 3710 sed
2632 3655 3088 3730 inolita‘ritiorum
3121 3656 3433 3730 consuetudo
3459 3696 3472 3719 ,
3506 3671 3568 3730 ne

1967 3733 2038 3784 ad
2081 3724 2260 3786 uoluui
2298 3730 2582 3802 perveniret
2607 3770 2620 3793 ,
2673 3726 2922 3781 obstabat.
2960 3724 3154 3802 Eadem
3186 3725 3374 3794 quippe
3405 3726 3568 3802 _turba

1968 3804 2139 3857 noxia:
2159 3797 2570 3868 consuetudinis,
2601 3816 2718 3870 qua:
2742 3814 2931 3870 meum
2957 3797 3286 3870 clamantem,
3308 3812 3375 3870 ne
3397 3797 3567 3851 lumen

1969 3886 2156 3934 peteret
2185 3915 2199 3938 ,
2232 3875 2548 3942 increpabat,
2581 3868 2736 3925 etiam
2788 3869 3152 3941 suspicientem
3193 3868 3565 3939 publicanum,

1969 3963 2032 4000 ne
2059 3944 2240 4000 Iesum
2269 3947 2474 4011 videat,
2509 3945 2699 3997 tardat.

2363 4137 2748 4152 _-———.~

3034 4133 3566 4152 _—-—.-——.

1346 4412 1504 4487 Qum
1537 4419 1630 4475 est
1660 4415 1851 4478 tertia
1883 4415 2133 4478 abbatis
2163 4415 2446 4478 Theonda

1125 4559 1224 4611 DE
1277 4559 1540 4612 VELLE
1595 4562 1995 4615 BONUME'I
2061 4564 2332 4616 AGERE
2386 4564 2692 4616 MALUM.

771 4787 1001 4845 CAPUT
1043 4788 1325 4846 PRIMUM.

328 4881 570 4938 ﬁeversa
615 4880 776 4950 igitur
819 4881 938 4936 luce
971 4923 985 4945 ,
1040 4897 1164 4935 cum
1204 4882 1272 4936 ad
1325 4891 1350 4919 ι
1404 4883 1851 4952 perscrutandam

254 4976 512 5050 abyssum
541 4975 852 5045 apostolicae
880 4975 1192 5045 qurestionis
1216 4991 1426 5032 summa
1449 4993 1478 5032 a
1503 4979 1659 5033 nobis
1684 4994 1850 5034 senex

251 5073 675 5142 compelleretur
703 5070 996 5138 instantia,
1031 5071 1102 5124 ita
1139 5069 1332 5125 eﬂatus
1357 5079 1481 5126 est:
1513 5071 1848 5128 ’l‘estimonia

1884 4793 1938 4854 D
1963 4793 2158 4863 quibus
2204 4796 2438 4864 probare
2486 4797 2798 4863 conamini,
2850 4797 3157 4868 apostolum
3192 4795 3420 4849 Paulum
3453 4811 3562 4852 non

1953 4903 2019 4944 ex
2049 4902 2166 4953 sua,
2199 4889 2295 4944 sed
2339 4899 2685 4959 peccatorum
2715 4890 2920 4946 dixisse
2948 4904 3174 4959 persona
3207 4906 3219 4941 :
3253 4887 3373 4942 Non
3413 4889 3550 4942 enim

1953 4982 2092 5051 quod
2120 4981 2235 5036 volo
2266 4983 2478 5048 bonum,
2509 4987 2682 5056 facio;
2710 4985 2800 5038 sed
2820 4985 2959 5054 quod
2985 4983 3073 5036 odi
3097 4983 3292 5036 malum
3313 4984 3409 5036 hoc
3432 4999 3551 5054 ago.

1958 5072 2053 5128 Vel
2087 5075 2220 5131 illud
2269 5094 2281 5130 :
2330 5076 2390 5132 Si
2416 5089 2590 5132 autent
2619 5079 2760 5149 quod
2792 5078 2911 5132 nolo
2941 5083 3036 5131 hoc
3073 5077 3211 5146 facio
3239 5118 3253 5142 ,
3292 5079 3409 5150 jam
3457 5093 3559 5131 non

1331 5187 1586 5243 ALARDI
1626 5189 1863 5246 GAZIEI
1901 5191 2465 5249 COMMENTARIUS.

331 5293 359 5321 ⁸
398 5285 654 5354 Abyssum
681 5281 979 5354 apostolicte
1007 5282 1324 5350 qumstionis,
1356 5279 1438 5334 vel
1462 5323 1474 5339 .
1508 5292 1564 5333 ut
1596 5283 1846 5348 superius

251 5355 392 5411 dixit
421 5352 634 5424 (Collat.
659 5352 725 5408 21
760 5371 875 5424 cap.
906 5352 1055 5420 ult.),
1089 5353 1391 5406 immensum
1423 5353 1846 5420 profundissimw

251 5428 555 5497 quaestionis
603 5425 1224 5498 pelagushhyperbolice
1279 5433 1436 5498 Vocut
1487 5427 1843 5498 quaestionem

250 5494 472 5568 quidem
507 5494 640 5552 satis
676 5494 950 5550 difﬁcilem
981 5505 1035 5549 et
1061 5496 1349 5568 obscuram
1379 5494 1447 5548 de
1493 5494 1846 5568 verbis_Apo-

251 5565 379 5623 stoli
416 5570 479 5622 ad
518 5570 672 5622 Ilom.
703 5582 824 5634 cap.
860 5582 929 5620 vn
959 5566 1465 5634 nuperaGermano
1488 5565 1838 5635 propositam,

250 5652 307 5694 et
356 5640 478 5694 huic
524 5638 797 5693 collationi
851 5647 1227 5691 reservatam:
1275 5639 1428 5705 cuius
1475 5653 1682 5690 summa
1728 5637 1844 5690 haec

251 5722 337 5765 cst
373 5731 385 5762 :
419 5713 501 5765 An
536 5711 604 5765 ibi
637 5711 885 5776 loquatur
926 5707 1218 5776 Apostolus
1249 5709 1301 5762 in
1332 5724 1562 5777 persona
1597 5719 1845 5780 peccato-

252 5797 402 5844 rum.
427 5791 486 5837 ut
507 5783 720 5837 volebat
743 5780 1065 5846 Germanus,
1090 5796 1159 5852 an
1181 5781 1233 5834 in
1257 5795 1486 5852 persona
1508 5796 1625 5850 sua,
1654 5781 1846 5852 suique

252 5852 518 5913 similium
547 5853 599 5914 id
630 5861 713 5913 est
739 5852 1040 5912 iustorum?
1069 5851 1164 5910 Vel
1195 5894 1208 5920 ,
1241 5850 1362 5910 aliis
1391 5853 1570 5911 verbis
1597 5870 1608 5909 ε
1646 5855 1728 5910 An
1761 5850 1843 5910 lo-

1954 5291 2150 5348 quatur
2182 5283 2250 5338 de
2281 5281 2594 5339 hominibus
2623 5285 2823 5354 impiis,
2859 5285 2909 5338 in
2943 5285 3148 5350 peccati
3177 5295 3321 5341 statu
3351 5287 3552 5340 consti-

1955 5356 2082 5409 tutis
2113 5365 2167 5409 et
2192 5355 2647 5428 carnalibus;han
2680 5371 2810 5409 vero
2837 5356 2904 5428 de
2931 5356 3092 5424 jnstis
3121 5398 3153 5428 ,ν
3187 5374 3281 5424 per
3320 5358 3549 5428 gratiam

1952 5427 2155 5497 renatis
2204 5435 2260 5482 et
2308 5426 2716 5497 spiritualibus,
2762 5427 2933 5492 qualis
2982 5438 3091 5480 erat
3148 5426 3385 5483 Paulus?
3414 5430 3543 5494 Quae

1952 5495 2169 5566 quidem
2202 5495 2436 5566 quiestio
2467 5513 2569 5550 non
2603 5497 2740 5552 adeo
2786 5498 3027 5552 difﬁcilis
3073 5509 3156 5553 est
3189 5510 3240 5554 et
3276 5500 3546 5569 profunda

1953 5577 2013 5621 ut
2063 5571 2185 5623 huic
2223 5569 2402 5624 abbati
2445 5569 2556 5622 visa
2594 5580 2694 5622 est.
2745 5569 2876 5623 Nam
2921 5580 3152 5638 utroque
3195 5576 3352 5625 modo
3385 5571 3548 5624 verba

1953 5641 2200 5708 Apostoli
2226 5639 2428 5708 exponi
2458 5653 2616 5708 posse
2645 5639 2800 5694 docet
2835 5641 2895 5693 Ι).
2929 5640 3266 5709 Augustinus
3292 5685 3305 5706 ,
3341 5653 3396 5694 et
3426 5651 3548 5708 post

1950 5725 2072 5766 eum
2107 5712 2168 5764 υ.
2202 5711 2460 5774 Thomas,
2499 5725 2598 5766 nec
2630 5712 2827 5766 desunt
2856 5713 3071 5782 utrique
3096 5715 3229 5779 parti
3254 5715 3333 5766 stti
3359 5722 3545 5767 aucto-

1945 5797 2034 5839 res
2062 5795 2116 5839 et
2158 5792 2454 5837 assertores
2485 5783 2690 5855 antiqui
2745 5794 2797 5855 et
2827 5783 3053 5855 probati.
3110 5784 3352 5841 Priorem
3399 5785 3545 5842 enim

1947 5855 2340 5925 expositionem
2377 5854 2712 5916 tiadidertmt
2738 5854 3164 5924 Chrysostomus
3189 5899 3206 5928 ,
3249 5857 3546 5929 Tlteoplty-
