4092 6322
295 363 437 427 ωε)

896 367 1232 428 COLLA'I‘IO
1271 368 1460 427 XXIII.
1492 400 1560 412 —-
1593 370 1678 426 DE
1721 365 1952 425 VELLE
1989 366 2225 424 BONUM
2267 363 2358 424 ET
2397 363 2632 424 AGERE
2671 365 2912 424 MALUM

3422 368 3564 426 {250

295 491 383 546 tiae
406 495 595 543 nostra
621 486 803 559 (Isaia
832 489 1000 560 LXIV).
1029 490 1099 545 Et
1122 500 1180 546 ut
1206 489 1407 562 aliquid
1433 488 1612 544 adhuc
1651 487 1871 544 eviden-
1903 495 1953 554 Α
1981 486 2127 542 tione
2152 486 2428 557 justillcet,
2460 487 2648 543 dicens
2673 504 2687 543 :
2717 485 3017 557 Just't’fli'ala
3044 495 3117 541 est
3146 486 3375 543 Sodoma
3402 505 3466 544 ex
3492 500 3560 546 te.

295 583 405 638 tius
427 578 748 645 inferamus,
779 588 806 616 ι
835 581 966 649 legis
994 597 1211 653 quoque
1242 583 1413 651 ipsius
1439 591 1707 652 praecepta
1736 580 1877 635 vita-

295 672 390 738 lia,
419 687 539 744 qua
566 671 764 727 dicitur
794 675 1034 728 ordinata
1069 691 1158 746 per
1187 675 1395 744 angelos
1423 675 1476 728 in
1508 690 1664 728 manu
1689 673 1880 728 media-

296 767 422 822 toris
451 763 655 835 (Galat.
686 765 793 836 ιιι),
823 776 876 822 et
906 767 974 823 de
1015 782 1118 838 qua
1156 767 1297 822 idem
1339 768 1648 838 Apostolus,
1697 764 1881 836 Itaque

295 857 402 924 lex,
428 857 623 928 inquit,
652 868 854 924 sancta,
881 868 927 914 et
944 859 1249 913 mandatum
1277 870 1512 913 sanctum
1539 869 1586 912 et
1607 861 1814 930 justum
1835 864 1883 910 et

297 953 488 1007 bonum
519 949 696 1020 (Rom.
731 951 852 1020 vn),
881 952 928 1006 si
977 950 1297 1022 perlectioni
1345 950 1668 1021 evangelica:
1695 949 1882 1005 conle-

297 1052 509 1109 rantur,
535 1044 756 1098 minime
788 1043 924 1098 bona
953 1043 1134 1098 divino
1181 1043 1596 1114 pronuntiantur
1640 1041 1882 1108 oraculo,

266 1132 370 1196 iuit
403 1137 550 1192 enim
577 1154 590 1191 :
615 1134 683 1189 Et
701 1135 729 1174 δ
750 1136 870 1190 dedi
899 1137 968 1191 eis
995 1145 1247 1208 pracepta
1275 1153 1375 1190 non
1397 1135 1550 1203 bona,
1584 1145 1631 1188 et
1649 1134 1886 1207 justitias

296 1227 350 1279 in
397 1227 579 1298 quibus
626 1243 727 1281 non
772 1229 933 1282 vivent
982 1229 1034 1281 in
1071 1229 1146 1282 eis
1194 1226 1411 1298 (Επειδὴ.
1442 1227 1560 1298 xx).
1594 1226 1887 1296 Apostolus

297 1333 513 1388 quoque
559 1320 630 1373 ita
681 1318 805 1373 novi
854 1319 1057 1375 lumine
1104 1318 1435 1373 Testamenti
1479 1318 1706 1388 gloriam
1755 1318 1890 1389 legis

297 1411 535 1466 aflirmat
572 1410 817 1478 obtundi,
865 1420 925 1465 ut
967 1426 1086 1466 eam
1137 1409 1437 1482 evangelici
1484 1411 1890 1479 comparatione

298 1502 526 1570 fulgoris
571 1519 672 1559 nec
709 1503 1064 1574 gloriﬁcalam
1109 1517 1232 1558 esse
1277 1503 1605 1573 pronuntiet,
1650 1501 1886 1557 dicens:

303 1605 325 1633 ε
362 1594 501 1648 Nam
541 1611 634 1648 nec
673 1594 956 1666 gloriosum
1003 1604 1077 1649 est
1123 1596 1178 1648 id
1225 1595 1362 1666 quod
1405 1596 1750 1666 glorificatum
1792 1604 1888 1664 est,

297 1699 506 1766 propter
534 1686 862 1741 excellentem
881 1687 1098 1758 gloriam
1123 1687 1189 1758 (ll
1214 1685 1334 1740 Cor.
1362 1688 1468 1756 ιιι).
1494 1684 1519 1724 ά
1545 1688 1716 1755 Quam
1743 1703 1892 1744 com-

300 1782 638 1851 perationem
672 1781 835 1836 etiam
870 1782 920 1834 in
947 1790 1101 1850 parte
1122 1781 1419 1846 contraria,
1448 1781 1498 1834 id
1527 1791 1632 1845 est,
1673 1781 1724 1835 in
1767 1796 1892 1852 pec-

1981 578 2051 634 Et
2080 579 2271 634 iterum
2298 597 2311 634 :
2344 579 2482 645 Quid
2501 580 2638 634 enim
2667 581 2890 650 peccavit
2913 597 3058 635 soror
3079 589 3169 634 tua
3202 579 3470 636 Sodoma?
3496 581 3564 635 Et

1975 673 2279 744 justiﬁcavit
2315 675 2542 728 animam
2577 690 2722 728 suam
2756 676 3040 730 aversatrix
3069 673 3266 741 Israel,
3300 693 3570 746 compara-

1982 767 2120 821 tione
2150 768 2576 838 prtevaricatricis
2605 767 2764 824 ludis
2792 768 3007 841 (Ezech.
3041 770 3173 842 ινι).
3204 770 3282 826 Ila
3327 771 3489 841 igitur
3516 779 3572 828 et

1983 860 2358 916 universarum
2400 863 2589 917 merita
2635 862 2918 929 virtutum,
2965 878 3085 933 qua:
3125 864 3374 934 superius
3416 878 3570 920 com-

1984 954 2289 1026 prehendi,
2342 971 2464 1011 cum
2514 972 2610 1026 per
2656 972 2716 1012 se
2765 957 2902 1013 bona
2949 967 3108 1026 atque
3155 959 3390 1026 pretiosa
3441 957 3569 1024 sint,

1985 1053 2165 1100 tamen
2215 1045 2474 1101 theoricte
2505 1048 2770 1102 claritatis
2817 1048 3223 1117 comparatione
3271 1048 3568 1103 fuscantur.

1988 1136 2183 1192 Multos
2209 1138 2410 1193 etenim
2456 1147 2674 1194 sanctos
2719 1141 2964 1210 quamvis
3011 1141 3273 1195 bonorum
3321 1154 3570 1209 alterum,

1986 1231 2218 1287 terrenis
2257 1240 2436 1287 tamen
2477 1233 2670 1288 studiis
2704 1243 3017 1304 occupatos,
3049 1248 3078 1287 a
3111 1233 3574 1304 contemplatione

1987 1325 2185 1380 summi
2211 1325 2363 1381 illius
2383 1327 2510 1382 boni
2542 1327 2824 1382 retrahunt
2853 1343 2914 1384 ac
2942 1329 3239 1384 retardant.

2615 1439 2840 1498 CAPUT
2879 1441 2942 1496 γ.

2075 1531 2352 1587 Neminem
2373 1549 2570 1587 summo
2593 1533 2672 1587 illi
2704 1535 2832 1588 bono
2857 1536 3110 1590 intentum
3160 1551 3266 1591 esse
3287 1536 3488 1608 jugiter

2699 1622 2849 1676 posse
2867 1646 2880 1660 .

2065 1705 2088 1732 ε
2134 1693 2266 1750 Nam
2317 1695 2437 1765 quis
2465 1695 2702 1766 eripiens
2747 1696 2962 1768 inopem
3000 1696 3066 1752 de
3096 1712 3259 1752 manu
3294 1697 3578 1753 l'ortiorum

1992 1787 2110 1856 ejus
2139 1828 2154 1852 ,
2204 1796 2258 1842 et
2289 1802 2516 1856 egenum
2547 1798 2599 1841 et
2634 1803 2919 1858 pauperem
2951 1804 2980 1843 a
3011 1789 3387 1859 diripientilms
3412 1805 3533 1846 eum
3561 1806 3577 1856 ;

297 1885 542 1931 calorum
580 1874 791 1929 meritis
821 1874 1240 1945 compensandis
1270 1873 1547 1944 Scriptura
1574 1886 1884 1943 conservat,
1916 1892 1964 1951 Β
1990 1880 2111 1950 quis
2148 1889 2434 1934 conterens
2480 1881 2650 1934 molas
2677 1881 2981 1952 iniquorum
3007 1927 3020 1951 ,
3053 1893 3106 1937 et
3135 1883 3201 1938 de
3243 1884 3421 1940 medio
3451 1883 3583 1939 deu-

297 1978 360 2020 ut
384 1981 476 2022 eos
505 1966 597 2036 qui
628 1965 799 2020 multo
843 1965 1020 2020 minus
1051 1965 1199 2036 impii
1248 1975 1396 2033 sunt,
1446 1966 1689 2035 pejorum
1723 1965 1895 2022 colla-

2003 1971 2133 2024 tium
2164 1986 2350 2025 eorum
2378 1971 2595 2040 rapinas
2623 1982 2975 2042 extorqueas,
3010 1973 3061 2027 in
3097 1974 3214 2044 ipso
3241 1975 3585 2030 intercessio-

1372 2081 1631 2138 ALARDI
1668 2081 1898 2140 ϐΑΖιΕΙ
1935 2084 2502 2142 COMMENTARIUS.

296 2180 556 2243 sordibus,
595 2179 685 2234 sed
729 2194 898 2248 panno
936 2177 1168 2248 sordido,
1201 2176 1256 2229 in
1297 2191 1398 2248 quo
1440 2188 1558 2231 sunt
1599 2185 1770 2245 partes
1809 2180 1889 2229 ni-

297 2254 441 2315 tidae,
475 2263 519 2305 et
550 2247 734 2318 partes
764 2248 1052 2302 maculata).
1102 2247 1227 2302 Ilaec
1276 2247 1411 2315 ipse,
1443 2264 1563 2318 quae
1592 2250 1655 2300 ad
1690 2248 1889 2302 intelli-

295 2324 535 2395 gentiam
567 2321 715 2395 illius
739 2319 1022 2395 sententia;
1041 2335 1153 2395 non
1182 2334 1366 2387 parum
1398 2319 1534 2373 lucis
1560 2320 1812 2395 alierum.

371 2404 399 2432 ⁸
427 2393 481 2448 Id
510 2405 613 2454 est.
642 2391 897 2446 salutaria
925 2391 1167 2460 quidem,
1196 2401 1250 2443 et
1277 2400 1484 2453 sancta,
1514 2390 1610 2445 sed
1659 2406 1764 2444 non
1794 2406 1888 2458 per

295 2481 360 2522 se
392 2465 456 2518 ad
483 2466 717 2519 salutem
756 2474 808 2516 et
841 2461 1006 2515 vitam
1036 2460 1274 2515 ellicacia
1294 2503 1309 2526 ,
1340 2462 1440 2515 uisi
1470 2462 1741 2516 mediante
1767 2478 1888 2531 gra-

297 2537 401 2592 tia.
436 2535 670 2591 Illustrat
703 2533 842 2604 hunc
874 2532 1049 2585 locum
1078 2531 1140 2585 Ι).
1184 2531 1546 2604 Hieronymus
1590 2531 1795 2586 eisdem
1834 2544 1891 2588 et

295 2609 424 2662 aliis
449 2608 668 2672 insuper
710 2603 1001 2672 Scriptura:
1030 2605 1312 2658 sententiis
1352 2603 1885 2669 :Considerandum,

295 2678 552 2749 inquitlin
577 2677 653 2731 Is.
683 2693 729 2730 c.
760 2677 925 2749 Littv),
957 2675 1093 2749 quod
1113 2676 1319 2746 jnstitia
1343 2691 1462 2749 qua:
1483 2677 1535 2728 in
1566 2673 1686 2749 lege
1700 2684 1798 2749 est,
1821 2677 1890 2728 ad

299 2746 747 2818 comparationem
781 2746 1103 2816 Evangelica:
1142 2747 1400 2814 puritatis,
1430 2747 1766 2818 immunditia
1797 2763 1890 2818 no-

299 2824 547 2875 minetur.
581 2818 787 2873 Etenim
816 2834 919 2871 non
947 2827 1017 2871 est
1061 2818 1406 2887 gloriﬁcatum
1436 2818 1578 2887 quod
1608 2817 1748 2886 prius
1776 2817 1889 2884 glo-

299 2893 569 2961 riﬁcatum
596 2891 716 2957 fuit,
761 2897 972 2958 propter
1003 2887 1330 2961 excellentem
1356 2889 1598 2961 gloriam.
1646 2887 1795 2942 Unde
1841 2896 1890 2961 et

299 2957 604 3035 Apostolus,
625 2977 712 3035 qui
741 2961 1023 3035 secundum
1039 2960 1300 3035 justitiam
1317 2957 1429 3035 quae
1451 2961 1500 3011 in
1519 2957 1629 3030 lege
1655 2970 1751 3035 est,
1777 2959 1892 3012 uni-

297 3027 451 3088 versa
477 3027 834 3104 compleverat,
867 3031 992 3081 dicit
1021 3046 1075 3082 se
1098 3027 1266 3083 omnia
1299 3027 1512 3104 duxisse
1539 3027 1633 3100 pro
1659 3032 1850 3104 damno
1873 3074 1886 3097 ,

300 3118 359 3160 ut
380 3101 642 3160 Christum
655 3103 785 3156 lucri
793 3103 1001 3171 faceret,
1017 3109 1062 3153 et
1083 3113 1286 3171 prapter
1304 3102 1608 3153 eminentem
1631 3101 1894 3152 scientiam

298 3177 521 3232 Domini
550 3173 708 3228 nostri
732 3171 860 3225 Jesu
886 3171 1098 3232 Christi,
1129 3182 1335 3241 propter
1361 3188 1508 3241 quem
1549 3181 1730 3223 cuncta
1757 3171 1893 3223 arbi-

303 3259 480 3302 tratur
505 3247 922 3318 quasistercora,
950 3254 1003 3293 ut
1033 3241 1294 3318 Christum
1326 3243 1639 3318 lucrifaciat,
1677 3253 1722 3295 et
1755 3243 1894 3318 invc-j

301 3322 486 3374 niatur
515 3313 615 3371 non
655 3315 842 3368 habens
873 3315 1309 3383 suumjustitiam,
1339 3328 1455 3382 qua:
1475 3314 1527 3364 in
1551 3315 1658 3380 lege
1681 3321 1778 3383 est,
1804 3313 1894 3365 sed

302 3406 403 3460 per
425 3389 579 3458 ﬁdem
601 3387 813 3460 Christi,
838 3400 957 3460 qua:
993 3382 1067 3460 e_s_t
1109 3400 1171 3460 ex
1208 3383 1316 3460 Deo
1351 3384 1561 3454 justitia
1585 3383 1626 3451 (l
1652 3382 1892 3460 Cor.__tu;

303 3406 403 3460 per
425 3401 579 3458 [idem
601 3401 813 3450 utiristi,
833 3401 872 3508 lq

303 3461 515 3525 Philip.
544 3459 650 3528 ιιι).
683 3459 748 3511 Et
779 3459 826 3509 in
857 3472 872 3508 r

305 3522 529 3596 Christi,
557 3522 620 3584 et'
649 3529 922 3582 adventum
949 3522 1076 3578 Filii
1099 3522 1226 3596 'Dei,
1256 3522 1548 3595 paedagogis
1571 3522 1896 3596 legis‘obser-

302 3615 399 3659 vat
427 3595 968 3665 cteremonias,audiat
991 3595 1239 3665 papulum
1267 3597 1590 3664 confitentem
1614 3595 1751 3662 quod
1783 3611 1897 3647 ont-

305 3679 394 3730 nis
417 3675 509 3729 illa
530 3672 739 3746 justitia
761 3684 931 3740 panno
959 3667 1313 3746 sordidissimo
1338 3674 1685 3746 comparetur,
1717 3667 1799 3746 cui
1819 3737 1830 3746 .
1851 3673 1898 3718 et

311 3747 505 3802 Esther
530 3737 771 3797 diadema
796 3756 966 3800 suum,
997 3738 1135 3807 quod
1182 3747 1291 3791 erat
1340 3739 1492 3808 regia:
1517 3737 1784 3808 potestatis
1813 3737 1899 3790 in-

306 3820 483 3890 signe,
531 3821 816 3890 comparat,
844 3810 980 3890 quod
1009 3826 1330 3890 nequaquam
1361 3807 1639 3890 veluntate,
1697 3807 1784 3860 sed
1813 3824 1903 3862 ne-

308 3879 552 3944 ce'ssitale
581 3879 816 3957 portabat
837 3883 1010 3957 dicens
1041 3895 1058 3933 :
1091 3879 1296 3957 Tuscis
1339 3879 1686 3957 necessitatem
1712 3893 1899 3945 meam,

309 3961 566 4032 quoniam
582 3949 813 4010 'detestor
840 3953 1044 4032 signum
1069 3952 1322 4032 superbiai
1350 3965 1494 4032 mete,
1540 3949 1687 4032 quod
1725 3959 1904 4032 estsu-

313 4021 412 4102 ῥεῖ
437 4038 593 4102 caput
632 4041 820 4088 meum,
853 4021 903 4076 in
932 4023 1105 4076 diebus
1134 4023 1436 4076 ostensionis
1473 4037 1596 4102 mete
1633 4021 1904 4102 abominor

314 4092 479 4165 illud,
503 4092 640 4154 sicut
671 4111 898 4167 pannum
927 4103 1270 4159 menstruum,
1312 4108 1404 4146 nec
1445 4101 1594 4162 porto
1632 4092 1686 4144 in
1729 4093 1903 4146 diebus

315 4173 509 4243 quietis
541 4166 903 4292 iitequsther,
922 4168 1056 4232 xw).

397 4242 424 4280 ι»
454 4242 630 4292 [labes
695 4253 819 4292 iauc
863 4245 1051 4290 seulen

397 4242 630 4298 1’Ilabes
674 4231 819 4292 hanc
863 4231 1186 4290 sententiam
1233 4233 1359 4289 alibi
1399 4231 1641 4290 nonnihil
1671 4232 1909 4303 explica-

320 4324 436 4370 tam
466 4310 677 4376 (Collat.
706 4309 798 4374 ‘21,
828 4325 946 4376 cap.
981 4305 1090 4376 55).

405 4396 426 4423 ε
461 4374 636 4439 Verba
667 4374 908 4450 Aposloh
936 4379 988 4432 in
1022 4374 1230 4446 vulgata
1257 4376 1507 4450 versione
1532 4374 1864 4450 subobscure
1890 4391 1904 4428 :

326 4457 473 4512 Nam
504 4470 596 4508 nec
627 4444 972 4524 glori/iculum
997 4459 1067 4524 est
1091 4444 1288 4524 ,'qt_t_od_
1301 4448 1488 4524 claruit
1535 4448 1589 4524 in
1637 4444 1734 4498 hac
1765 4455 1909 4514 parte

324 4536 545 4598 propter
563 4517 890 4598 excellentem
910 4520 1127 4598 gloriam
1147 4517 1367 4598 (ιι-(ῖοτλ
1400 4520 1502 4585 ιιι).
1549 4517 1765 4598 sensus
1785 4527 1905 4598 est:

322 4589 470 4670 quod
500 4596 706 4659 claruit,
735 4593 786 4648 id
814 4589 929 4656 est,
945 4593 1028 4645 lex
1054 4589 1171 4660 quae
1197 4590 1490 4712 gloriﬁcata
1530 4597 1614 4644 est
1659 4590 1708 4640 in
1754 4589 1909 4656 legis-

323 4671 505 4712 Iatnrp.
530 4667 729 4712 Μηνςρ-
765 4678 869 4712 non
902 4677 1029 4712 vere
1057 4662 1193 4712 glori
1215 4672 1352 4712 Icata
1383 4669 1467 4712 est
1517 4659 1569 4712 in
1601 4658 1700 4712 hac
1731 4669 1906 4712 parte.

323 4658 505 4726 latore
530 4658 730 4736 Moyse,
765 4678 869 4736 non
902 4677 1029 4736 vere
1057 4658 1352 4725 gloriﬁcata
1379 4669 1467 4736 est
1517 4659 1569 4714 in
1601 4658 1700 4712 hac
1731 4669 1906 4728 parte,

325 4741 388 4796 id
416 4750 516 4804 est,
556 4732 953 4802 comparatione
992 4733 1124 4802 legis
1170 4732 1516 4802 evangelicae,
1574 4741 1790 4800 pr0pter
1819 4747 1911 4785 ex-

326 4811 622 4868 cellentem
650 4808 767 4878 ejus
789 4805 1034 4878 gloriam.

857 3457 911 3508 ra
942 3454 1204 3545 :DS'iquis'
1241 3455 1400 3545 igitur
1429 3463 1538 3525 post
1577 3454 1895 3545 evangelium
1923 3481 1970 3545 Ο

1993 2180 2300 2233 conscientia
2331 2177 2634 2234 delictorum
2673 2182 2849 2234 oculos
2895 2199 2995 2236 non
3048 2183 3268 2237 audebat
3313 2183 3581 2248 attollere,

1991 2251 2326 2322 superbientis
2351 2249 2608 2305 Pharisaei
2630 2252 2902 2305 collatione
2926 2254 2983 2321 ﬁ!
3010 2255 3226 2322 justior.
3268 2252 3334 2306 Et
3365 2254 3588 2308 Thamar

1991 2321 2085 2374 sub
2115 2324 2282 2387 specie
2303 2324 2580 2376 meretricis
2608 2323 2743 2391 fallit
2763 2322 2982 2388 ludam,
3012 2321 3061 2378 et
3091 2326 3251 2390 ipsius
3287 2326 3590 2377 sententiam

1990 2393 2076 2460 qui
2103 2393 2342 2463 deceptus
2371 2405 2465 2455 est,
2493 2404 2714 2448 meretur
2744 2394 2926 2446 audire
2955 2411 2974 2448 :
3004 2395 3305 2462 Justiﬁcata
3336 2403 3412 2448 est
3447 2395 3589 2448 Tha-

1992 2479 2103 2536 mar
2127 2466 2286 2533 ntagis
2313 2482 2469 2535 quant
2493 2483 2583 2535 ego
2615 2463 2823 2536 (Cenes.
2854 2466 3110 2533 xxxviii).
3145 2464 3226 2519 Ex
3267 2466 3449 2532 quibus
3479 2483 3589 2519 ont-

1992 2533 2142 2588 nibus
2163 2533 2482 2603 approbatur
2501 2533 2606 2590 rion
2625 2533 2804 2589 solum
2838 2537 2907 2588 ad
2929 2537 3369 2602 comparationem
3399 2537 3589 2589 divinat

1995 2606 2279 2677 majestaiis
2303 2605 2532 2660 homines
2563 2623 2881 2677 nequaquam
2936 2623 3042 2677 esse
3089 2615 3366 2677 perfectos,
3396 2608 3487 2660 sed
3520 2622 3584 2659 ne

1992 2675 2296 2747 angelorum
2342 2678 2549 2743 quidem
2597 2675 2644 2731 et
2675 2688 2970 2730 cwterorum
2997 2675 3266 2731 hominum
3307 2678 3395 2746 qui
3428 2679 3591 2730 virtu-

1994 2754 2103 2798 tum
2124 2748 2349 2801 culmina
2378 2749 2796 2813 conscenderunt,
2831 2758 2938 2802 etc.

2069 2827 2092 2854 ο
2144 2817 2198 2870 In
2250 2835 2460 2873 summa
2512 2838 2524 2870 :
2569 2819 2688 2889 quis
2714 2835 2976 2874 exercens
3021 2833 3183 2888 opera
3232 2821 3356 2873 vita:
3395 2818 3590 2872 activae

1995 2896 2172 2958 potest
2210 2890 2370 2944 simul
2419 2905 2614 2946 vacare
2665 2890 3152 2957 contemplationi?
3211 2889 3411 2944 Eodem
3477 2890 3590 2944 fere

1996 2959 2156 3012 modo
2183 2972 2562 3029 percunctatus
2593 2971 2675 3016 est
2703 2962 3004 3015 Germanus
3024 2961 3128 3015 col.
3165 2961 3211 3028 I,
3239 2975 3288 3015 c.
3321 2960 3422 3014 l2:
3463 2961 3591 3026 Quis

1995 3041 2156 3099 potest
2203 3031 2376 3100 fragili
2403 3049 2553 3085 carne
2593 3032 2964 3099 circumdatus,
2992 3033 3066 3084 ita
3094 3048 3199 3085 esse
3228 3033 3348 3085 huic
3379 3031 3594 3084 theorite

1995 3117 2191 3172 semper
2213 3102 2414 3171 afﬁxus,
2449 3113 2506 3156 ut
2534 3118 2808 3170 numquam
2831 3103 3015 3172 cogitet
3044 3103 3106 3155 de
3135 3103 3312 3172 fratris
3343 3102 3588 3166 adventu,

1996 3169 2060 3243 de
2090 3169 2380 3226 t'isitatione
2410 3173 2624 3241 inﬁrmi,
2668 3169 2732 3226 de
2762 3169 2910 3243 apere
2932 3169 3212 3238 manuum,
3243 3173 3322 3226 vel
3366 3181 3500 3224 certe
3531 3173 3594 3225 de
3635 3207 3639 3212 -

1997 3242 2312 3314 humanitate
2356 3245 2642 3314 peregrinis
2693 3245 2769 3296 vel
2796 3242 3200 3297 advenientibus
3258 3243 3594 3297 exhibenda?

2002 3311 2264 3366 Postremo
2289 3311 2401 3383 quis
2439 3311 2540 3384 non
2568 3315 2944 3384 rinterpelletur
2968 3318 3196 3384 corporis
3226 3315 3389 3381 ipsius
3415 3316 3590 3384 provi-

1997 3383 2163 3445 sione,
2190 3385 2266 3436 vel
2295 3384 2450 3436 cura?
2479 3383 2580 3453 Qui
2605 3383 2771 3436 abbas
2801 3384 2975 3438 Moses
3003 3383 3074 3439 ita
3106 3386 3411 3452 respondit:
3439 3385 3592 3453 (Cap.

2001 3454 2092 3516 I3,
2124 3455 2297 3507 collat.
2335 3455 2390 3518 1)
2420 3469 2438 3505 :
2487 3452 2754 3507 Inluerere
2780 3456 2986 3524 quidem
3021 3453 3129 3507 Deo
3159 3456 3367 3524 iugiter,
3405 3452 3456 3507 et
3480 3471 3599 3507 con~

2003 3524 2322 3592 templationi
2353 3526 2489 3595 ejus,
2521 3525 2952 3594 quemadmodum
2975 3524 3598 3594 dicitis,insr'parabiliter

2002 3595 2257 3662 copulari,
2290 3595 2606 3666 impossibile
2633 3605 2705 3647 est
2743 3595 2938 3648 homini
2966 3595 3116 3647 istius
3167 3598 3343 3666 carnis
3393 3595 3599 3666 fragili-

2005 3675 2108 3718 tate
2144 3665 2481 3719 circumdato.
2532 3664 2725 3717 Verum
2757 3674 2953 3736 Oportet
2997 3682 3088 3718 nos
3132 3665 3262 3717 scire
3294 3664 3378 3718 ubi
3408 3664 3598 3718 noitrm

2003 3737 2183 3791 mentis
2220 3737 2558 3790 intentionem
2587 3735 2862 3790 debeamus
2891 3735 3076 3788 ltabere
3125 3736 3352 3800 deﬁxam
3379 3776 3392 3796 ,
3441 3747 3486 3788 et
3529 3739 3598 3790 ad

2003 3824 2158 3876 quam
2205 3808 2592 3862 destinationem
2631 3823 2829 3877 semper
2873 3808 3058 3860 anima:
3087 3816 3278 3877 nostra:
3307 3821 3599 3861 revocemus

2004 3879 2268 3942 intuitum,
2298 3889 2404 3932 etc.
2436 3878 2606 3932 Porro
2633 3878 2697 3932 ad
2726 3876 3044 3945 ampliorem
3069 3876 3228 3943 hujus
3259 3878 3358 3931 loci
3391 3877 3596 3932 clarita-

2008 3958 2114 4004 tem
2141 3949 2443 4004 necessaria
2473 3949 2696 4003 omnino
2726 3949 2945 4003 videtur
2984 3947 3046 4001 D.
3083 3948 3306 4002 Thonne
3353 3947 3600 4004 doctrina

2008 4020 2149 4092 (2-2,
2171 4038 2224 4091 q.
2259 4020 2376 4084 l82,
2424 4030 2525 4073 art.
2554 4019 2642 4090 5),
2676 4035 2779 4087 qua
2805 4021 3022 4088 quarrit,
3053 4029 3105 4074 et
3132 4019 3371 4092 explicat
3420 4031 3596 4092 utrum

2008 4089 2111 4145 vita
2129 4089 2526 4159 contemplativa
2548 4092 2859 4160 impediatur
2883 4107 2971 4157 per
2998 4092 3152 4160 vitam
3175 4091 3437 4145 activam?
3454 4089 3603 4160 quod

2009 4172 2093 4218 est
2140 4161 2299 4230 hujus
2345 4161 2534 4227 capitis
2577 4159 2975 4229 argumentum.
3027 4159 3351 4227 Dicendum,
3402 4159 3599 4230 inquit,

2008 4234 2145 4300 quod
2188 4235 2290 4286 vita
2319 4234 2484 4286 activa
2530 4241 2693 4302 potest
2743 4233 3060 4284 considerari
3087 4244 3338 4302 quantum
3376 4234 3445 4284 ad
3473 4233 3599 4285 duo.

2015 4304 2128 4359 Uno
2171 4306 2324 4357 modo
2359 4312 2606 4372 quantum
2635 4303 2702 4356 ad
2749 4305 2919 4374 ipsum
2944 4303 3170 4356 studiunt
3216 4312 3264 4356 et
3301 4303 3603 4374 exercitium

2009 4377 2320 4430 exteriorum
2351 4375 2644 4438 actionum;
2691 4385 2738 4427 et
2767 4372 2840 4426 sic
2867 4374 3193 4442 manifestum
3225 4383 3299 4426 est
3330 4372 3466 4441 quod
3498 4376 3602 4425 vita

2011 4449 2177 4500 activa
2199 4446 2410 4513 impedit
2432 4445 2903 4514 contemplativani,
2934 4445 2985 4497 in
3015 4455 3262 4514 quantum
3287 4443 3606 4514 impossibile

2012 4527 2084 4572 est
2110 4521 2248 4586 quod
2277 4517 2464 4586 aliquis
2493 4517 2649 4568 simul
2677 4525 2955 4581 occupetur
2983 4518 3120 4568 circa
3151 4515 3425 4568 exteriores
3454 4517 3606 4568 actio-

2013 4605 2101 4642 nes
2125 4598 2170 4642 et
2197 4588 2384 4640 divime
2404 4586 2825 4652 contemplationi
2863 4594 3020 4639 vacet.
3076 4587 3193 4638 Alio
3236 4586 3388 4638 modo
3440 4594 3606 4653 potest

2012 4659 2328 4713 considerari
2358 4659 2460 4711 vita
2485 4659 2652 4710 activa
2676 4666 2927 4726 quantunt
2953 4658 3021 4708 ad
3055 4655 3173 4715 hoc,
3221 4658 3357 4724 quod
3386 4656 3606 4708 interio-

2014 4747 2094 4784 res
2126 4731 2314 4782 anima:
2345 4729 2604 4798 passiones
2635 4729 2890 4797 componit
2911 4735 2960 4798 et
2991 4727 3219 4779 ordinat.
3269 4726 3332 4778 Et
3353 4736 3609 4795 quantum

2014 4802 2082 4854 ad
2110 4800 2225 4863 hoc,
2278 4797 2380 4853 vita
2410 4799 2574 4853 activa
2611 4799 2819 4864 adiuvat
2850 4797 2918 4849 ad
2942 4798 3443 4864 contemplationem,
3485 4812 3606 4866 qua:

411 4879 436 4917 ά
469 4867 848 4947 δίωἰιίε’ριθῆθ
871 4877 1019 4947 locus
1045 4883 1129 4929 est
1155 4874 1277 4929 huic
1297 4873 1644 4947 consentiens
1663 4872 1911 4947 idemque
1938 4869 1993 4930 D
2016 4873 2296 4947 impeditur
2342 4887 2432 4947 per
2487 4868 2917 4947 inordinaiionem
2947 4867 3244 4947 interior-um
3279 4867 3605 4947 passionum.

329 4953 641 5009 luculentus
669 4943 808 5019 apud
840 4947 916 5019 Ds
934 4946 1316 5019 Hieronymum
1363 4948 1398 4998 Ι.
1429 4961 1443 5019 ι
1474 4943 1743 5019 adversus
1763 4943 1904 5019 Pela-

331 5028 531 5096 gianos
557 5015 728 5097 (Cap;
745 5019 798 5087 6)
835 5035 849 5074 :
883 5016 1020 5085 Quid
1045 5017 1510 5097 mirumninquit‘,
1551 5017 1603 5097 in
1645 5015 1920 5069 collatione

335 5085 636 5150 zanctorum
656 5085 789 5146 alios
811 5105 916 5143 esse
958 5087 1209 5150 meliores,
1235 5085 1387 5140 alios
1418 5085 1710 5156 inferiores,
1746 5103 1861 5140 cum
1891 5098 1921 5156 ς

335 5167 602 5222 contrario
636 5165 690 5218 in
718 5160 995 5215 collatione
1023 5169 1342 5228 peccatorum
1366 5158 1459 5209 hoc
1473 5151 1692 5225 intelligi
1714 5158 1871 5223 possit
1893 5151 1921 5208 1

337 5240 426 5296 Ad
479 5234 808 5290 Hierusalem
852 5231 1058 5295 dicitur,
1101 5245 1216 5298 qui:
1245 5228 1420 5281 multis
1458 5239 1779 5297 peccatorum
1809 5235 1919 5298 erat

337 5310 585 5378 confossa
604 5305 929 5362 vulneribus:
993 5300 1092 5354 usti
1099 5297 1252 5378 ﬁcatg
1273 5309 1346 5353 est
1367 5298 1593 5378 Sodoma
1619 5315 1680 5351 ex
1702 5307 1771 5378 te.
1782 5297 1919 5378 ‘Non

337 5369 484 5454 quod
513 5379 740 5454 Sodoma
769 5389 936 5454 pernse
957 5369 1105 5454 justo
1123 5369 1351 5454 sit;qu
1370 5371 1429 5454 in
1445 5381 1668 5454 aeternos
1680 5370 1920 5454 collapsa

339 5441 538 5508 cineres
565 5449 705 5504 audit
726 5441 814 5514 per
844 5441 1158 5497 Ezechielem
1197 5441 1500 5514 :rSodoma
1547 5443 1840 5514 restituetur
1862 5441 1921 5514 in

343 5512 854 5593 aiitiquum_(Esech.
883 5531 975 5593 xvi
995 5517 1034 5582 ).
1079 5515 1182 5593 Sed
1202 5512 1337 5593 quod
1359 5513 1744 5593 comparatione
1767 5513 1924 5593 scale-3

342 5581 554 5650 ratioris
583 5581 910 5646 Hierusalem
957 5585 1063 5638 htec
1081 5581 1226 5657 justo
1254 5581 1498 5657 videatur.
1531 5581 1631 5657 Illa
1661 5586 1797 5636 enim
1828 5582 1924 5638 Dei

346 5663 547 5720 Filium
577 5660 876 5722 trucidavit;
902 5657 1008 5710 hcec
1034 5655 1241 5722 prapter
1281 5655 1658 5708 abundantiam
1698 5658 1842 5720 panis
1876 5663 1927 5708 et

347 5753 444 5807 per
473 5734 720 5807 luxurite_
747 5727 1152 5807 magnitudinem
1177 5726 1631 5807 excessit-modum
1663 5725 1918 5807 libidinis.

349 5794 671 5862 'Publtcanus
704 5802 756 5855 in
786 5794 1084 5870 Evangelia,
1112 5798 1199 5866 qui
1223 5799 1530 5867 percutiebat
1558 5794 1924 5867 pectus(Lucte

345 5879 535 5944 xvni),
563 5874 709 5944 quasi
757 5872 1050 5928 thesaurum
1098 5870 1464 5940 cogitationum
1489 5870 1848 5940 pessimarum,
1874 5876 1924 5922 et

2023 4936 2171 4997 Unde
2215 4936 2496 5012 Gregorius
2546 4941 2668 4993 dicit
2696 4941 2749 4992 in
2785 4951 2927 5012 sexto
2977 4937 3255 4990 Moralium
3286 4936 3440 5012 (Cap.
3465 4937 3557 5005 27)
3590 4954 3604 4990 :

2021 5013 2149 5068 Cum
2178 5008 2626 5080 contemplationis
2650 5026 2818 5064 arcem
2856 5011 3019 5075 aliqui
3070 5018 3239 5061 tenere
3283 5008 3605 5080 desiderant,

2017 5085 2181 5156 prius,
2218 5100 2270 5136 se
2320 5078 2391 5136 in
2425 5098 2605 5156 campo
2647 5081 3063 5156 pergexercitiunt
3091 5078 3520 5156 operisprobent,
3555 5087 3609 5129 ut

2020 5149 2237 5210 sollicite
2271 5156 2456 5220 sciant,
2490 5154 2534 5208 si
2564 5149 2708 5206 nulla
2733 5154 2849 5223 jam
2882 5150 3015 5223 mala
3057 5151 3308 5218 proximis
3351 5149 3607 5223 irregant,

2021 5227 2066 5280 si
2096 5228 2328 5293 irrogata
2365 5243 2397 5278 a
2427 5225 2672 5294 proximis
2701 5220 3056 5292 tequaitimiter
3085 5230 3291 5294 portant
3311 5261 3325 5285 ,
3356 5222 3398 5294 si
3417 5220 3608 5294 ablatis

2021 5298 2166 5352 bonis
2195 5290 2553 5367 temporalibus
2576 5290 2899 5364 nequaquam
2928 5309 3066 5367 mens
3097 5292 3278 5367 lwtitia
3300 5290 3534 5367 solvitur,
3566 5291 3611 5343 si

2023 5361 2305 5424 subtractis
2325 5384 2428 5421 non
2450 5367 2604 5420 nimio
2634 5361 2844 5419 rumore
2871 5365 3154 5417 sauciatur.
3187 5361 3260 5414 Ac
3286 5361 3473 5414 deinde
3495 5377 3612 5428 per-

2025 5442 2252 5511 pendant
2275 5441 2320 5493 si
2348 5456 2462 5511 cum
2487 5437 2554 5490 ad
2577 5436 2877 5511 semetipsos
2909 5436 3162 5487 introrsus
3187 5433 3424 5498 redeunt,
3458 5433 3512 5484 in
3551 5447 3610 5484 eo

2024 5509 2160 5580 quod
2203 5510 2496 5580 spiritualia
2540 5509 2813 5580 rimantur,
2865 5521 3185 5580 nequaquam
3225 5519 3391 5557 secum
3438 5519 3612 5556 rerum

2026 5577 2388 5648 temporalium
2411 5580 2612 5634 umbras
2635 5577 2861 5640 trahant,
2887 5577 2964 5630 vel
2987 5577 3203 5648 fortasse
3225 5584 3412 5628 tractas
3452 5589 3611 5648 manu

2025 5646 2346 5708 discretionis
2365 5652 2595 5722 abigant.
2621 5649 2703 5722 Ex
2719 5650 2812 5703 hoc
2835 5664 2963 5722 ergo
2974 5646 3270 5722 exercitium
3295 5648 3410 5722 vitte
3435 5646 3612 5698 activae

2026 5729 2222 5796 confert
2246 5727 2313 5778 arl
2342 5717 2964 5796 c_0iileiitplativam,quod
2983 5717 3462 5796 quietatinteriores
3496 5732 3612 5782 pas-

2029 5790 2237 5865 siones,
2284 5793 2565 5862 exquibus
2614 5790 3338 5865 phaittasmata__proveniunt,
3385 5803 3474 5860 per
3499 5801 3612 5857 qua

2030 5860 2401 5938 contemplatio
2419 5865 2718 5936 impeditur.
2751 5863 2826 5920 Ita
2858 5864 2919 5920 S.
2948 5860 3204 5919 Thomas.
