4092 6322
463 349 601 413 1251

1515 341 1795 408 ιοΑΝκιε
1831 345 2147 406 CASSIANI
2181 345 2676 409 COLLATIONES.

3595 353 3735 412 ηδε

460 472 548 529 nis
589 483 788 543 opere,
818 469 1016 526 divine
1045 463 1347 537 manalis
1389 464 1616 536 gloriam
1647 467 1824 537 quieta
1865 473 2044 522 mente
2067 466 2121 528 Α
2145 465 2389 534 quoniam
2417 466 2486 520 ad
2515 483 2575 521 ea
2611 481 2728 537 qua:
2750 465 2878 522 mihi
2907 482 3035 540 opus
3063 473 3212 524 erant
3243 477 3290 524 et
3318 468 3399 523 his
3431 469 3520 538 qui
3539 484 3740 528 mecum

458 565 721 636 suspiciat
749 563 919 634 rLips.
949 565 1006 618 in
1028 578 1194 633 marg.
1224 558 1548 634 suscipiat]?
1579 561 1708 628 Quis
1733 559 2041 616 alimoniam

458 659 783 729 pauperibus
811 655 1194 712 administrans
1218 696 1234 722 ,
1285 663 1378 710 aut
1421 654 1827 710 advenientium
1856 655 2044 710 turbas

455 749 718 811 benevola
743 751 1080 808 humanitate
1109 749 1433 819 suscipiens,
1458 749 1513 803 in
1535 763 1601 805 eo
1628 749 1888 819 temporis
1907 764 2040 818 pono

455 853 548 901 cto
571 859 680 915 quo
716 858 816 913 pro
859 843 1276 899 necessitatibus
1323 841 1548 897 fratrum
1584 842 1816 898 sollicita
1861 851 2042 898 mente

456 935 800 1004 distenditur,
830 935 1251 992 immensitatem
1282 949 1529 1005 supernae
1547 933 1895 991 beatitudinis
1919 949 2044 1006 spe-

454 1026 707 1094 culetur;
751 1035 807 1084 et
843 1041 968 1084 cum
1013 1029 1295 1099 praesentis
1323 1028 1446 1084 vita:
1474 1027 1768 1098 angoribus
1790 1027 2043 1097 curisque

454 1119 785 1186 concutitur,
835 1119 1000 1176 futuri
1048 1120 1233 1176 saeculi
1281 1129 1483 1176 statum
1513 1121 1730 1176 elevato
1755 1137 1783 1175 a
1812 1122 2041 1176 terrenis

454 1213 722 1282 contagiis
749 1213 918 1270 corde
945 1213 1270 1284 prospiciat?
1321 1212 1474 1269 Unde
1513 1213 1702 1270 beatus
1739 1212 1904 1268 David
1948 1228 2040 1268 so-

453 1304 564 1360 lum
598 1307 702 1362 hoc
746 1305 948 1362 bonum
975 1305 1180 1362 homini
1206 1321 1327 1361 esse
1356 1306 1620 1362 deliniens
1641 1347 1656 1375 ,
1709 1305 1824 1360 Deo
1843 1305 2042 1376 jugiter

454 1397 724 1453 inhaerere
761 1397 1059 1464 desiderat,
1093 1396 1280 1452 dicens
1318 1414 1332 1450 :
1389 1395 1524 1450 Mihi
1561 1405 1734 1451 autem
1779 1395 2042 1450 adhwrcre

457 1490 565 1545 Deo
611 1492 794 1548 bonum
844 1503 939 1557 est,
991 1508 1181 1562 ponere
1212 1492 1265 1545 in
1307 1489 1532 1545 Domino
1576 1491 1686 1546 Deo
1711 1507 1852 1564 spem
1877 1507 2041 1545 meam

453 1585 635 1662 (Psal.
671 1586 864 1657 sxxii).
889 1585 1043 1654 Quod
1075 1586 1238 1641 etiam
1267 1585 1625 1641 Ecclesiastes
1651 1599 1682 1638 a
1711 1586 1924 1640 nemine
1950 1585 2040 1655 ju-

451 1692 660 1741 storum
684 1681 802 1737 sine
831 1680 1055 1750 querela
1079 1678 1265 1749 perﬁci
1287 1692 1444 1748 posse
1471 1679 1828 1749 pronuntians
1857 1695 1872 1737 :
1906 1677 2041 1744 Quia

453 1793 555 1832 non
581 1786 654 1831 est
682 1776 833 1830 homo
864 1777 1066 1848 justus,
1097 1772 1194 1839 ait,
1249 1772 1303 1826 in
1333 1781 1469 1827 terra
1505 1772 1593 1843 qui
1640 1772 1799 1842 faciat
1828 1771 2038 1836 bonum,

2145 566 2284 622 sunt,
2317 558 2738 614 ministrasersmt
2759 576 2942 615 manus
2961 561 3074 616 istic
3101 560 3305 633 (Actor.
3336 560 3460 633 xx).
3489 562 3588 618 Vel
3616 581 3739 622 cum

2146 650 2720 709 Thessalonicensibus
2748 654 3013 720 scribens,
3045 653 3112 709 In
3137 654 3315 709 labore
3343 665 3391 711 et
3429 657 3743 728 fatigatione

2144 758 2290 802 nocte
2309 756 2356 801 et
2387 747 2472 801 die
2506 757 2773 818 operatum
2797 763 2857 806 se
2883 750 3046 804 fuisse
3077 759 3308 805 testatur
3329 749 3394 821 (ll
3422 749 3604 806 Thess.
3635 752 3738 825 Ill).

2143 839 2349 908 Quibus
2379 841 2507 898 licet
2529 856 2720 913 magna
2750 842 2927 898 eidem
2970 844 3285 897 meritorum
3330 843 3602 913 stipendia
3647 859 3742 914 pa-

2143 942 2414 1004 rarentur,
2461 943 2643 991 tamen
2688 949 2843 990 mens
2885 937 3004 1006 ejus
3048 937 3295 1006 quamvis
3338 943 3523 991 sancta
3574 947 3742 1008 atque

2143 1027 2416 1097 sublimis,
2470 1045 2578 1086 non
2624 1039 2836 1101 poterat
2885 1045 2990 1084 non
3030 1029 3099 1085 ab
3144 1029 3233 1084 illa
3263 1030 3472 1086 cmlesti
3524 1031 3739 1087 theoria

2144 1119 2443 1177 intentione
2472 1124 2673 1179 terreni
2701 1123 2884 1193 operis
2909 1122 3197 1190 aliquando
3226 1121 3435 1178 divelli.
3487 1123 3738 1195 Denique

2143 1226 2264 1268 cum
2298 1227 2358 1268 se
2389 1215 2556 1270 tantis
2579 1229 2644 1270 ac
2668 1215 2864 1269 talibus
2894 1212 3055 1268 ditari
3084 1213 3347 1269 fructibus
3371 1225 3646 1285 cerneret,
3685 1227 3741 1272 et

2143 1307 2454 1361 econtrario
2487 1306 2714 1362 theoriat
2745 1307 2947 1363 bonum
2975 1306 3144 1362 corde
3172 1317 3446 1376 pcnSaret,
3497 1325 3560 1363 ac
3590 1309 3742 1364 velut

2143 1395 2198 1452 in
2229 1413 2333 1453 una
2363 1399 2520 1454 lance
2547 1408 2823 1455 tantorum
2847 1400 3095 1454 laborum
3131 1399 3452 1469 profectum,
3485 1402 3538 1455 in
3569 1402 3739 1456 altera

2143 1491 2562 1548 delectationem
2609 1493 2806 1549 divinas
2858 1494 3332 1563 contemplationis
3379 1495 3738 1564 appenderet,

2143 1584 2241 1640 diu
2295 1587 2545 1641 examine
2592 1586 2826 1656 pectoris
2880 1585 2964 1640 sui
3014 1586 3413 1655 quodammodo
3449 1588 3740 1656 castigato,

2145 1685 2174 1715 ι
2205 1677 2332 1733 dum
2363 1679 2509 1734 illum
2543 1680 2668 1735 hinc
2699 1681 2943 1736 laborum
2983 1681 3249 1749 stipendia
3300 1680 3566 1736 immensa
3592 1680 3746 1735 dele—

2143 1770 2474 1836 etant,illiuc
2486 1771 2814 1828 desiderium
2829 1774 3050 1828 unitatis
3069 1783 3120 1830 et
3141 1772 3742 1844 iuseparabilisChristi

453 1881 502 1926 et
528 1887 632 1925 non
659 1877 829 1938 peccet
855 1867 1082 1939 (Eccles.
1100 1865 1216 1938 vn).
1249 1865 1379 1934 Quis
1407 1865 1550 1921 enim
1581 1880 1832 1934 umquam
1859 1881 2040 1934 quam-
2069 1865 2120 1926 Β
2145 1865 2376 1919 societas
2406 1864 2572 1920 etiam
2596 1866 2663 1918 ad
2692 1867 3079 1921 resolutionem
3110 1867 3288 1920 carnis
3311 1866 3522 1930 invitat,
3550 1866 3748 1920 anxius

451 1966 534 2019 vis
565 1965 870 2035 praecipuus
909 1961 1151 2016 omnium
1196 1961 1466 2031 iustorum
1501 1971 1664 2030 atque
1705 1970 2035 2028 sanctorum,

452 2058 614 2128 hujus
640 2055 886 2126 corporis
905 2055 1137 2108 vinculis
1158 2053 1461 2124 colligatus,
1489 2067 1759 2108 summum
1810 2052 1910 2107 hoc
1947 2053 2041 2108 bo-

452 2166 582 2207 num
611 2151 684 2205 ita
717 2148 998 2219 possidere
1027 2147 1266 2218 potuisse
1291 2147 1596 2204 credendus
1625 2157 1708 2204 est
1728 2192 1743 2218 ,
1795 2157 1855 2203 ut
1883 2164 2039 2203 num-

452 2259 614 2316 quam
641 2259 670 2298 a
702 2243 884 2298 divina
909 2241 1364 2311 contemplatione
1407 2241 1690 2297 discedens
1713 2283 1726 2307 ,
1761 2256 1830 2296 ne
1876 2255 2042 2312 parvo

452 2335 667 2409 quidem
699 2344 942 2406 tempore
963 2336 1031 2391 ab
1057 2349 1124 2390 eo
1151 2334 1241 2405 qui
1270 2334 1420 2391 solus
1449 2333 1625 2390 bonus
1651 2342 1763 2403 est,
1813 2334 2042 2390 terrenis

451 2429 874 2500 cogitationibus
903 2437 1118 2500 putetur
1141 2425 1407 2494 aﬂ'ectus;
1440 2427 1531 2498 qui
1562 2441 1855 2496 numquam
1875 2427 2041 2482 ullam

451 2525 580 2591 cibi,
622 2525 784 2580 ullam
810 2523 1134 2589 indumenti,
1167 2522 1464 2577 aliarumve
1515 2521 1813 2577 carnalium
1861 2536 2040 2576 rerum

451 2618 682 2690 gesserit
707 2633 892 2674 curam
937 2634 953 2674 :
1003 2631 1294 2688 numquam
1319 2615 1388 2672 de
1419 2616 1646 2671 fratrum
1676 2616 2040 2686 susceptione,

452 2711 521 2768 de
552 2712 657 2768 loci
689 2711 1134 2778 commutatione,
1186 2710 1251 2766 de
1278 2709 1489 2767 cellulae
1518 2709 1817 2766 structione
1843 2709 2045 2766 sollici-

452 2812 562 2872 tus,
586 2813 854 2876 autopem
878 2805 1114 2874 aliquam
1136 2803 1353 2858 humani
1370 2802 2044 2874 concupieritadjumenti,

454 2907 550 2954 aut
575 2898 773 2969 inopiae
802 2897 1089 2953 sterilitate
1117 2904 1346 2952 vexatus
1375 2896 1525 2951 illam
1574 2895 1901 2951 sententiam
1933 2894 2044 2949 Do-

452 2991 662 3048 minica'.
683 2991 1069 3062 increpationis
1099 2990 1419 3046 incurrerit:
1446 2988 1532 3046 Ne
1550 2987 1898 3046 sollicitisitis
1925 2991 2044 3044 ani-

453 3102 551 3140 mat
575 3095 756 3140 vestra:
781 3086 908 3156 quid
930 3084 1272 3153 manducetis,
1299 3100 1465 3153 neque
1503 3085 1707 3155 corpori
1736 3093 1900 3138 vestro
1921 3084 2048 3154 quid

454 3178 751 3232 induamini
783 3177 1000 3250 (Matth.
1037 3177 1154 3248 v1)?
1182 3177 1432 3244 Denique
1454 3177 1630 3248 ipsum
1657 3178 1806 3232 illum
1831 3187 2047 3248 aposto-

2145 1958 2359 2013 tandem
2412 1959 2708 2028 proclamat
2751 1967 2806 2013 et
2849 1961 2979 2015 dicit
3011 1978 3022 2013 :
3050 1958 3078 1998 ι
3115 1960 3256 2028 Quid
3299 1959 3486 2030 eligam
3529 1960 3741 2030 ignoro,

2141 2064 2376 2109 eoarctar
2401 2063 2574 2108 autem
2611 2071 2639 2109 e
2668 2055 2866 2109 duobus
2890 2097 2904 2121 ,
2945 2055 3258 2109 desiderium
3302 2056 3492 2108 habens
3525 2053 3746 2107 dissolvi

2144 2157 2334 2202 etcum
2363 2146 2572 2203 Christo
2621 2164 2750 2213 esse,
2796 2148 2960 2202 multo
3003 2149 3134 2203 enim
3181 2148 3396 2214 melius;
3434 2163 3750 2219 permanere

2144 2251 2315 2296 autem
2345 2244 2397 2297 in
2424 2259 2578 2297 carne
2615 2243 2962 2297 necessarium
2990 2243 3156 2314 magis
3204 2251 3413 2313 propter
3455 2257 3546 2296 ros
3576 2239 3752 2313 (Phi-

2145 2335 2238 2408 ’φ’
2260 2332 2322 2408 ¹)’
2763 2404 2992 2462 CAPUT
3018 2403 3104 2462 vt.

2244 2499 2570 2571 Quantopere
2591 2500 2869 2573 Apostolus
2893 2501 3117 2572 fratrum
3144 2500 3363 2555 salutem
3388 2499 3623 2554 sitiaerit.

2218 2612 2349 2670 Cum
2383 2616 2545 2686 igitur
2566 2617 2748 2671 multis
2779 2615 2955 2672 modis
2985 2613 3114 2672 boni
3147 2613 3308 2686 hujus
3337 2616 3748 2685 excellentiam,

2147 2710 2354 2766 cunctis
2390 2711 2550 2766 etiam
2579 2710 2983 2780 praedicationis
3013 2726 3126 2768 suae
3173 2712 3439 2768 fructibus
3473 2713 3753 2783 praetulis-

2149 2811 2259 2870 set,
2294 2812 2472 2860 tamen
2500 2803 2805 2873 charitatis,
2833 2803 2950 2859 sine
2980 2820 3081 2873 qua
3111 2819 3272 2860 nemo
3296 2804 3588 2860 Dominum
3624 2820 3753 2875 pro-

2149 2905 2428 2963 meretur,
2482 2897 2944 2968 contemplatione
2973 2895 3362 2953 submittitur:
3416 2912 3480 2953 ac
3526 2907 3756 2968 propter

2149 2993 2274 3049 illos
2324 2993 2522 3064 quibus
2569 2993 2745 3048 adhuc
2791 2994 2896 3057 lac,
2927 2995 3076 3049 velut
3123 2989 3438 3057 nutricula,
3491 2991 3755 3048 uberibus

2155 3088 2484 3158 evangelicis
2509 3087 2880 3158 immulgebat,
2919 3098 2942 3127 ο
2974 3087 3331 3143 divulsionem
3361 3085 3632 3142 aChristo
3650 3082 3755 3140 sibi

2149 3180 2367 3252 quidem
2400 3181 2638 3247 noxiam,
2687 3180 2780 3235 sed
2814 3181 3032 3236 caeteris
3063 3181 3427 3236 necessariam
3461 3193 3574 3234 non
3606 3193 3754 3233 recn-

454 3272 565 3328 lum
594 3272 817 3329 Paulum
841 3312 856 3338 ,
911 3273 1002 3344 qui
1031 3272 1272 3327 omnium
1303 3281 1611 3327 sanctorum
1650 3272 1889 3328 laborem
1921 3287 2045 3344 pas-
2072 3263 2118 3327 C
2152 3283 2255 3331 sat.
2309 3273 2521 3330 Etenim
2550 3271 2619 3329 ad
2649 3272 2970 3330 electionem
3003 3273 3164 3344 hujus
3190 3273 3534 3345 potissimum
3554 3271 3634 3329 rei
3661 3271 3756 3326 illa

453 3365 668 3422 sionum
698 3366 1090 3422 numerositate
1117 3365 1549 3433 transcenderat,
1574 3381 1910 3437 nequaquam
1942 3369 2045 3424 hoc

454 3457 680 3528 implere
707 3458 951 3528 potuisse
978 3457 1318 3513 conﬁdenter
1344 3459 1660 3526 astruimus,
1692 3458 1808 3530 ipso
1827 3460 1883 3516 in
1901 3461 2050 3516 Acti-

456 3550 556 3609 bus
585 3551 969 3624 Apostolorum
1017 3551 1299 3624 discipulis
1342 3559 1631 3609 attestante
1679 3571 1692 3606 :
1744 3551 1858 3626 Ipsi
1906 3557 2047 3612 scitis

2152 3370 2321 3426 nimia
2352 3369 2570 3440 pietatis
2595 3371 2793 3425 virtute
2821 3369 3180 3439 compellitur,
3238 3384 3342 3441 qua
3371 3384 3471 3439 pro
3499 3373 3532 3416 ει
3579 3367 3757 3422 salute

2159 3464 2388 3520 fratrum
2440 3478 2688 3531 suorum,
2718 3462 2763 3518 si
2806 3473 2952 3519 esset
2982 3464 3258 3535 possibile,
3285 3464 3447 3519 etiam
3500 3462 3755 3518 ultimum

2159 3559 2519 3616 anathematis
2568 3559 2768 3614 malum
2831 3566 3073 3629 Optasset
3136 3557 3435 3615 incurrere.
3503 3554 3755 3628 Optarem

1529 3711 1788 3767 ALARDI
1825 3713 2061 3772 CAZA'SI
2103 3715 2669 3775 COMMENTARIUS.

529 3837 556 3867 ι
596 3829 826 3884 Pulchre
857 3827 984 3883 huic
1028 3827 1413 3899 loco_qnadrat
1470 3827 1700 3899 lizecD.
1761 3831 2046 3899 Augustini

453 3902 715 3956 sententia
745 3899 883 3970 (Lib.
913 3915 1023 3958 xtx.
1056 3900 1118 3951 de
1146 3897 1296 3952 Civil.
1339 3915 1385 3950 c.
1418 3895 1506 3968 19)
1533 3915 1545 3950 2
1595 3898 1770 3952 Otium
1815 3895 2047 3958 sanctum

453 3972 882 4043 quwritcharitas
909 3972 1156 4044 ueritatis,
1193 3971 1448 4044 negotium
1479 3974 1683 4042 justum
1709 3973 1918 4044 suscipit
1962 3993 2049 4028 ne-

453 4040 663 4098 cessitas
693 4043 981 4096 charitatis.
1016 4040 1218 4114 Quam
1243 4040 1500 4094 sarcinam
1536 4045 1576 4095 si
1606 4043 1781 4096 nullus
1810 4040 2045 4114 imponit,

453 4115 792 4187 percipiendis
816 4123 965 4187 atque
1006 4112 1572 4187 itttuendte‘vacandum
1602 4123 1676 4166 est
1701 4112 1923 4187 ueritati.
1983 4117 2042 4171 Si

455 4183 628 4240 autem
654 4186 962 4256 imponitur,
987 4185 1311 4253 suscipienda
1339 4193 1413 4236 est
1436 4193 1641 4256 propter
1663 4183 1927 4256 charitatis
1953 4204 2045 4239 ne-

456 4255 758 4312 cessitatem.
785 4255 893 4312 Sed
922 4271 1012 4310 nec
1025 4258 1095 4309 sic
1125 4257 1328 4308 omnino
1353 4255 1582 4308 veritatis
1607 4255 1878 4310 delectatio
1906 4260 2048 4312 dese-

455 4330 618 4383 renda
640 4338 733 4396 est,
761 4345 822 4382 nc
843 4326 1179 4381 subtrahatur
1199 4328 1288 4380 illa
1313 4327 1564 4397 suavitas,
1583 4336 1630 4380 et
1660 4329 1919 4397 opprimat
1949 4330 2049 4382 ista

456 4395 748 4455 necessitas.
781 4398 909 4470 Haec
939 4395 1672 4470 Augustinusﬂ’ideS.Tho.
1692 4395 1825 4463 "2-2,
1849 4419 1897 4470 (Ι.
1922 4401 2048 4466 182,

457 4480 559 4524 art.
589 4470 666 4540 l).
703 4469 904 4540 Eodem
934 4480 1144 4540 spectat
1173 4468 1398 4539 insignis
1421 4479 1597 4524 textus
1617 4468 1912 4525 Innocentii
1943 4482 2049 4525 ter-

457 4542 517 4596 tii
552 4543 604 4596 in
632 4540 760 4598 Jure
800 4539 1073 4596 Canonico
1105 4541 1190 4595 his
1219 4541 1401 4596 verbis
1425 4554 1714 4609 expressus
1757 4541 1956 4607 (Extra
1988 4545 2051 4596 de

454 4611 708 4685 Regular.
735 4629 852 4685 cap.
884 4611 1053 4683 Licet)
1081 4630 1093 4666 :
1121 4612 1226 4685 llla
1253 4610 1658 4685 semperqregula
1688 4612 2050 4668 inviolabiliter

454 4681 767 4753 observetur,
793 4681 848 4739 ut
880 4681 1054 4738 nullus
1076 4684 1266 4753 absque
1295 4681 1499 4736 licentia

455 4765 734 4826 prwsumat
777 4757 1042 4811 occasione
1085 4771 1404 4826 quacumque
1430 4754 1658 4808 deserere
1704 4754 2045 4825 prtcsulatum

457 4828 534 4899 (-id
565 4837 668 4892 est,
715 4826 1154 4898 episcopatum);
1199 4827 1440 4896 quoniam
1479 4826 1608 4878 sicut
1636 4831 1806 4898 majus
1851 4829 2042 4882 bonum

456 4901 641 4953 minori
663 4899 792 4953 bono
818 4899 1161 4970 prwponit‘ur,
1193 4899 1269 4970 ita
1285 4899 1566 4951 communis
1615 4899 1814 4952 utilitas
1835 4901 2046 4967 speciali

456 4970 669 5042 utilitati
717 4968 1008 5041 prte'fertur.
1057 4968 1122 5023 Et
1152 4970 1206 5042 iu
1244 4969 1345 5042 hoc
1379 4984 1499 5022 casu
1550 4980 1680 5042 recte
1728 4972 2048 5042 pra’pouitur

456 5041 698 5095 doctrina
718 5038 950 5108 silentio,
993 5039 1287 5096 sollicitudo
1325 5038 1786 5109 contemplationi,
1815 5038 1861 5096 et
1900 5042 2048 5096 labor

453 5113 632 5183 quieti.
663 5113 745 5167 Ad
787 5115 925 5181 quod
967 5118 1141 5184 utique
1181 5110 1559 5237 desknaudum
1611 5114 1906 5181 unigenitus
1951 5113 2048 5167 Dei

459 5184 598 5237 filius
623 5183 777 5237 Iesus
804 5183 1039 5237 Christus
1057 5201 1159 5237 non
1189 5183 1251 5237 de
1323 5182 1501 5236 achate
1535 5187 1812 5237 secundum
1843 5201 2048 5237 carnem

455 5182 598 5255 [ilius
623 5183 777 5239 Iesus
804 5183 1039 5255 Christus
1055 5182 1159 5255 non
1189 5183 1251 5238 de
1273 5182 1501 5237 Rachele
1535 5187 1812 5237 secundum
1843 5201 2051 5238 carnem

456 5253 610 5329 natus
634 5265 732 5323 est,
753 5255 842 5310 sed
863 5256 924 5329 de
949 5253 1047 5329 Lia
1073 5254 1283 5329 (Cenes.
1313 5265 1463 5329 xxix)
1491 5271 1618 5329 ;__ncc
1642 5255 1829 5329 legitur
1857 5274 1975 5310 eum
2001 5257 2056 5329 in

460 5327 669 5401 domum
694 5344 840 5401 suam
869 5325 1040 5382 Maria
1067 5325 1342 5399 recepisse,
1371 5326 1460 5380 sed
1487 5325 1702 5380 Martha
1734 5326 1954 5401 (Matth.
1987 5328 2047 5400 ι).

457 5397 589 5454 Haec
621 5399 875 5467 pontifex.

531 5469 560 5510 δ
583 5470 639 5528 Id
660 5482 764 5539 est,
787 5470 1008 5541 ancipiti
1039 5469 1311 5527 desiderio
1358 5470 1626 5537 utrimque
1667 5469 1962 5541 impellor;
1996 5479 2053 5527 et

463 5549 643 5598 utrum
669 5543 736 5600 de
759 5543 968 5599 duobus
999 5543 1205 5608 malim,
1255 5543 1466 5612 ignoro,
1509 5559 1615 5597 una
1669 5559 1736 5597 ex
1768 5551 1919 5613 parte
1949 5558 2049 5597 cu-

466 5614 618 5683 piens
647 5631 744 5685 per
770 5625 996 5672 mortem
1027 5614 1249 5670 dissolvi
1272 5623 1327 5668 et
1354 5630 1474 5670 esse
1494 5631 1614 5670 cum
1637 5615 1880 5680 Christo,
1905 5613 2049 5685 quod

465 5685 540 5759 (si
568 5701 688 5742 mea
737 5695 942 5743 tantum
967 5686 1252 5743 commoda
1279 5685 1540 5759 spectem)
1571 5690 1743 5743 multo
1772 5687 1901 5742 mihi
1932 5702 2047 5741 me-

466 5754 570 5812 lius
597 5767 733 5830 est;
762 5759 869 5816 alia
895 5767 1071 5815 autem
1101 5773 1168 5815 ex
1218 5754 1391 5830 parte,
1439 5754 1765 5828 permanere
1798 5759 1850 5816 in
1884 5775 2046 5816 carne

468 5829 832 5903 necessarium
861 5840 1080 5903 propter
1105 5829 1229 5900 vos,
1270 5829 1324 5903 id
1354 5838 1458 5898 est,
1504 5831 1762 5903 vilamget
1808 5848 2047 5903 praesen-

472 5896 601 5964 tiam
633 5915 809 5962 meam
835 5896 990 5963 v'obi's
1014 5896 1375 5972 necessariam
1425 5896 1577 5974 puto,
1627 5901 1694 5958 ad
1743 5896 2043 5974 profectum

2149 3840 2392 3888 vestrum
2417 3838 2470 3886 ct
2500 3831 2751 3901 gaudium
2782 3829 2927 3886 fidei.

2229 3913 2250 3941 α
2289 3901 2423 3970 Quia
2451 3897 2615 3957 multo
2662 3904 2868 3964 melius,
2903 3901 3073 3968 inquit
3109 3899 3182 3973 (id
3211 3909 3329 3974 est,
3357 3897 3648 3974 jucundius
3697 3912 3756 3958 et

2152 3948 2628 4044 optatione-lusui)
2672 3948 2884 4028 άεεεὸῐιὶί
2915 3948 2962 4028 Et
2979 3948 3093 4028 ἐεέἐ
3110 3948 3757 4041 “εἷιιιῖ”ὲὶιέίὲἶόῖ“ῥέιῗηιᾶ-

2152 4063 2272 4116 nere
2300 4055 2472 4099 autem
2501 4049 2553 4098 in
2583 4062 2755 4109 carne,
2787 4045 3127 4116 necessarium
3157 4055 3370 4115 propter
3404 4063 3490 4100 vos
3522 4045 3752 4116 (Philip.

2152 4119 2218 4182 t).
2253 4115 2342 4169 Est
2372 4128 2542 4169 autem
2564 4119 2684 4186 jure
2707 4117 3050 4169 admirandus
3080 4115 3282 4169 divinas
3314 4116 3593 4187 Apostolus
3623 4121 3639 4185 (
3674 4115 3753 4170 ait

2153 4187 2576 4255 Theotlmetus)
2622 4189 2758 4254 quod
2806 4189 2961 4240 vitam
3011 4204 3127 4239 cum
3182 4188 3356 4240 multis
3409 4188 3673 4241 laboribus
3707 4198 3759 4240 et

2157 4260 2402 4328 periculis
2455 4262 2786 4328 conjunctam
2817 4260 3083 4312 hominum
3126 4259 3310 4312 salutis
3355 4273 3516 4312 causa
3564 4270 3760 4328 prauu-

2158 4331 2294 4384 lerit.

2226 4402 2251 4439 ἀ
2287 4401 2555 4458 Prmterca
2585 4417 2703 4470 qum
2734 4400 2859 4455 alibi
2892 4400 2944 4455 in
2976 4399 3117 4456 hanc
3149 4397 3392 4468 Apostoli
3421 4399 3756 4455 sententiam

2155 4475 2472 4543 scripsimus
2497 4469 2784 4542 (δομοις),
2812 4487 2926 4543 cap.
2963 4473 3073 4541 l8),
3097 4471 3391 4543 notandum
3417 4487 3483 4526 ex
3507 4469 3571 4528 D.
3609 4470 3759 4525 Tho-

2155 4561 2240 4599 ma
2269 4541 2411 4614 (2-2,
2437 4541 2648 4614 (1.7182,
2677 4552 2776 4598 art.
2797 4542 2852 4612 ‘2)
2876 4545 3034 4597 vitam
3059 4541 3534 4614 contemplativam
3561 4556 3760 4597 secun-

2128 4613 2285 4672 .dum
2315 4631 2374 4671 se
2403 4613 2455 4670 et
2476 4615 2793 4682 simpliciter
2820 4630 2938 4668 csse
2963 4614 3184 4682 majoris
3212 4613 3390 4668 meriti
3422 4629 3587 4681 quam
3617 4616 3760 4668 acti-

1581 4687 1752 4737 omani
1789 4687 2048 4756 pontiﬁcis
2075 4689 2130 4751 D
2155 4703 2296 4743 vam.
2349 4686 2504 4742 Unde
2554 4687 2842 4754 Gregorius
2896 4683 3089 4740 homil.
3118 4686 3152 4742 ὅ
3190 4699 3355 4752 super
3400 4683 3755 4740 Ezechielem

2154 4761 2286 4813 dicit
2329 4776 2342 4812 :
2379 4757 2789 4826 Contemplativa
2843 4766 2913 4810 est
2945 4758 3112 4826 major
3150 4758 3330 4810 merito
3356 4771 3512 4825 quam
3544 4756 3708 4809 actim
3739 4771 3758 4809 :

2156 4833 2279 4902 quia
2309 4831 2416 4882 lucc
2462 4829 2516 4882 in
2565 4845 2662 4902 usu
2710 4828 2976 4902 prtpscntis
3007 4828 3177 4902 aperis
3202 4827 3422 4889 laborat,
3453 4828 3507 4880 in
3535 4844 3636 4902 quo
3658 4845 3759 4902 nco

2157 4898 2293 4956 besse
2324 4907 2395 4954 est
2436 4900 2685 4968 proximis
2711 4898 3012 4961 subvenire;
3050 4898 3146 4952 illa
3174 4914 3290 4953 vero
3338 4913 3526 4966 sapore
3574 4899 3757 4951 intimo

2159 4983 2425 5026 uenturam
2446 4973 2560 5042 jam
2604 4970 2824 5042 requiem
2853 4969 3112 5041 degustat,
3161 4968 3374 5042 scilicet
3428 4968 3759 5042 incontem-

2158 5045 2410 5127 platione
2435 5039 2782 5127 Dei.hilotes.t
2822 5039 3008 5127 Iam—en-
3028 5039 3510 5127 contingereqquod
3545 5040 3759 5127 aliqu-is

2161 5110 2213 5169 in
2243 5115 2496 5184 operibus
2521 5113 2646 5165 vitae
2675 5110 2862 5184 activae
2892 5111 3014 5178 plus
3043 5119 3314 5184 mereatur
3343 5124 3517 5184 quam
3537 5113 3676 5184 alius
3699 5113 3758 5165 in

2160 5181 2414 5255 operibu~
2430 5185 2553 5239 vitae
2565 5182 2994 5255 contemplativa:
3012 5200 3023 5233 :
3044 5190 3165 5248 puta
3179 5181 3221 5236 si
3239 5181 3758 5255 pt-opterabnndan-

2161 5252 2289 5312 tiam
2308 5256 2472 5313 divini
2497 5254 2722 5319 amoris,
2736 5264 2790 5308 ut
2804 5254 2919 5322 ejus
2944 5255 3190 5309 voluntas
3208 5252 3514 5322 impleatur,
3534 5261 3762 5322 propter

2159 5329 2328 5399 ipsius
2350 5324 2877 5399 gloriamiinterdum
2911 5326 3142 5380 sustinet
3179 5341 3204 5377 a
3232 5323 3522 5399 dulcedine
3559 5323 3759 5378 divina:

2158 5397 2638 5470 c‘onteunplatiOnis
2668 5397 2734 5451 ad
2762 5407 2971 5470 tempus
3009 5399 3248 5470 separari
3282 5411 3296 5462 ;
3348 5397 3491 5470 sicut
3518 5399 3761 5470 Aposto-

2156 5471 2242 5528 lus
2263 5466 2474 5527 dicebat
2500 5471 2568 5526 ad
2595 5471 2749 5524 Rom.
2778 5485 2830 5522 ix
2860 5486 2872 5519 :
2919 5467 3174 5541 Optabam
3211 5483 3308 5541 ego
3341 5467 3452 5541 ipse
3478 5466 3760 5520 anathema

2159 5560 2268 5600 esse
2315 5562 2348 5598 α
2394 5542 2596 5599 Christo
2641 5557 2734 5611 pro
2786 5537 3034 5609 fratribus
3083 5537 3431 5611 meiszuod
3477 5551 3758 5611 exponens

2157 5613 2577 5688 Chrysostomus
2605 5608 2655 5667 iu
2683 5608 2869 5688 lib.’_de
2891 5611 3341 5688 Cptnpunctione,
3362 5608 3655 5688 (ναρρατ.
3673 5611 3711 5676 ι)
3740 5625 3756 5659 :

2158 5685 2248 5742 Ita
2273 5679 2452 5741 'totam
2501 5699 2719 5741 mentem
2756 5684 2866 5752 ejus
2910 5683 3220 5736 demerserat
3268 5698 3413 5752 amor
3444 5679 3666 5745 Christi,
3696 5687 3761 5730 ut

2156 5761 2312 5814 etiam
2338 5758 2475 5830 quod
2507 5758 2551 5812 ei
2582 5773 2689 5830 prta
2719 5751 2918 5830 caeteris
2940 5751 3476 5830 ontnibus‘amabilius
3499 5761 3762 5830 etdeesse

2156 5777 2312 5814 etiam
2374 5777 2474 5813 uoa
2507 5777 2550 5812 et
2582 5777 2689 5830 ρτω
2719 5777 2918 5810 δαεῖεν-ιδ
2940 5777 3173 5808 οηιιιιιιιιε
3198 5777 3476 5807 autumnus
3499 5777 3629 5813 etut,
3647 5777 3759 5805 sua

2155 5848 2273 5885 cum
2295 5777 2522 5898 CZristo,
2545 5846 2723 5886 rursus
2751 5827 2998 5900 idipsum,
3033 5827 3152 5895 quia
3181 5825 3254 5882 ita
3283 5823 3506 5897 placeret
3523 5821 3759 5892 Christo,

2155 5908 2522 5956 contemneret.
