4092 6322
289 301 428 364 1953

895 299 1234 361 COLLATIO
1271 295 1460 358 XXIII.
1490 328 1563 345 —
1588 299 1680 359 DE
1720 291 1869 361 VELI

1985 300 2221 364 sanun
2263 302 2351 363 er
2388 253 2626 365 scene
2666 304 2866 398 nam

3331 331 3480 408 125‘

289 418 444 486 enim,
472 411 663 490 inquit,
690 413 800 486 ipse
821 431 914 490 ego
941 413 1214 472 anathema
1234 431 1342 470 esse
1365 431 1397 469 a
1419 413 1622 472 Christo
1643 432 1736 487 pro
1756 420 1868 488 1⁵ιά-
1895 419 1948 480 Α
1970 421 2241 480 exercitus
2283 421 2304 498 ι
2326 421 2473 495 Lips.
2503 423 2560 479 in
2587 440 2752 498 marg.
2783 439 2814 482 e

290 511 451 566 tribus
483 509 630 578 meis,
662 509 749 576 qui
777 517 897 564 sunt
927 510 1131 583 cognati
1173 509 1274 564 mei
1313 508 1598 564 secundum
1641 524 1869 579 carnem,

289 603 377 674 qui
398 611 514 658 sunt
540 599 795 658 Israelitte
823 601 999 676 (Rom.
1024 599 1134 674 is);
1162 605 1266 658 hoc
1293 609 1397 668 est,
1427 601 1624 658 vellem
1647 615 1746 674 ego
1765 615 1871 658 non

288 697 462 755 solum
501 695 924 768 temporalibus,
957 710 1142 752 verum
1173 695 1336 752 etiam
1381 696 1656 768 perpetuis
1698 693 1873 752 addici

289 791 486 864 poenis,
532 789 824 848 dummodo
875 805 1089 861 omnes,
1137 788 1185 848 si
1234 790 1350 847 ﬁeri
1387 800 1595 862 posset,
1628 790 1874 848 homines

289 884 488 943 Christi
517 888 792 942 consortio
824 883 1151 942 fruerentur.
1184 883 1377 944 Certus
1395 887 1596 942 etenim
1625 899 1745 941 sum
1779 886 1878 941 uti-

240 934 479 1074 i‘liorem
506 976 723 1035 Christo
748 985 804 1034 et
833 976 965 1034 mihi
993 977 1236 1033 omnium
1263 965 1496 1034 salutem
1523 993 1643 1035 esse
1669 1021 1683 1046 ,
1713 992 1871 1050 quam

287 1087 488 1130 meam'
895 1139 1126 1198 canar
1165 1139 1278 1198 vn.

290 1237 442 1304 Quod
467 1235 622 1309 lippis
647 1236 840 1292 similes
869 1246 1008 1318 sunt,
1036 1236 1126 1306 qui
1155 1253 1208 1290 se
1254 1236 1470 1290 credunt
1489 1238 1556 1292 ab
1586 1237 1729 1291 omni
1757 1251 1876 1310 pec-

805 1319 888 1362 σοι
893 1324 924 1363 ο
958 1323 1215 1363 οιιιιιιιιιω
1234 1323 1360 1363 “II.

1097 1397 1124 1418 κ

363 1445 564 1502 Bonum
618 1460 748 1518 ergo
791 1443 896 1500 hoc
921 1459 1189 1499 summum
1219 1443 1297 1520 (id
1325 1452 1428 1511 est,
1458 1441 1558 1500 Dei
1582 1454 1875 1515 conspectu

292 1540 419 1607 frui,
446 1553 499 1598 et
527 1541 742 1597 Christo
765 1541 962 1614 iugiter
985 1539 1278 1609 inhaerere)
1305 1547 1361 1593 ut
1380 1537 1618 1610 perfecte
1638 1537 1872 1610 Aposto-

288 1634 374 1687 lus
405 1634 576 1704 possit
605 1632 858 1704 adipisci,
883 1631 1105 1688 dissolvi
1137 1639 1286 1703 optat
1313 1646 1341 1686 a
1368 1646 1598 1706 corpore
1629 1633 1648 1707 (
1674 1629 1872 1708 Philip.

286 1726 350 1798 t),
379 1727 527 1798 quod
548 1724 809 1782 caducum
841 1737 896 1782 et
922 1727 1105 1781 multis
1129 1724 1441 1798 fragilitatis
1489 1740 1602 1781 suae
1633 1728 1874 1784 necessi-

1975 422 2241 480 exercitus
2283 422 2473 498 [Lips.
2503 423 2560 479 in
2587 440 2752 498 marg.
2783 439 2814 482 e
3189 477 3200 490 .
3429 477 3447 521 ί

1975 524 2032 570 ιιι
2058 513 2186 572 dum
2217 516 2481 588 psalmum
2511 517 2625 576 Deo
2653 463 2897 586 canui":1
3055 503 3065 520 ’
3133 474 3486 588 ἐἱῖὟῗ-Ῐῖηἶ

1978 704 2088 812 De?
2118 659 2335 780 ίθηῖαυθ
2358 691 2722 781 ὀοηῑυιιοιυε,
2754 708 2845 782 qui
2876 673 3197 821 Αρδᾶέῗῖξξ,
3216 659 3501 816 illi

1977 798 2184 871 βθτίυπι
2208 843 2226 869 ι
2257 815 2366 876 quo
2408 803 2530 862 sine
2572 803 2976 861 intermissione
3007 798 3197 863 orarii"
3225 798 3355 816 ⁸“’“’“

1985 891 2021 905 ρ.
2048 890 2113 905 ....
2291 895 2304 905 .
2430 896 2443 905 .
2622 895 2656 905 ..
2929 897 2943 905 .
3199 873 3242 905 -ε
3271 848 3517 905 nrmcmlt

1979 860 2023 966 ξι
2048 860 2227 950 Thess:
2251 860 2335 968 tl),
2359 896 2445 953 vel
2469 860 2582 954 uno
2606 895 2694 955 die
2719 913 2780 954 se
2804 860 3522 1010 gaudeat'exsec‘ir.p

1979 983 2102 1010 κη,
2137 989 2307 1010 ,__,-
2340 989 2615 1010 _-____..,_
2657 991 2736 1010 ---ε
2775 1000 2893 1010 ___.
2932 1008 2944 1010 Α
3163 992 3196 1010 ο.
3240 1009 3269 1010 η

1977 983 2105 1043 licet
2133 989 2312 1042 omnia
2340 989 2618 1046 nonnullis
2649 991 2739 1062 qui
2769 1000 2896 1048 sunt
2921 992 3282 1050 crassioribus

1977 1079 2182 1151 voluti,
2215 1080 2352 1138 levia
2383 1091 2546 1156 atque
2573 1100 2604 1140 a
2638 1095 2860 1156 peccato
2885 1103 3025 1158 pene
3051 1087 3228 1145 aliena
3258 1046 3530 1168 videam}:

1977 1171 2274 1230 scientibus
2304 1183 2486 1231 tamen
2519 1174 2870 1247 perfectionis
2914 1178 3152 1249 bonum,
3200 1182 3362 1238 etiam
3408 1164 3553 1240 mini-

1978 1280 2186 1321 marum
2216 1282 2399 1324 rerum
2430 1269 2725 1326 multitudo
2749 1272 3068 1343 gravissima
3101 1284 3205 1332 est.
3244 1275 3402 1333 Velut
3431 1277 3479 1334 si
3513 1279 3568 1336 in

1977 1355 2215 1428 aliquam
2255 1373 2504 1432 magnam
2548 1361 2767 1419 domum
2811 1363 2994 1421 multis
3036 1366 3438 1438 instrumentis,
3473 1385 3567 1426 ra-

1978 1451 2182 1519 sculis,
2222 1453 2450 1509 sarcinis
2494 1453 2842 1527 impeditam,
2891 1474 3057 1514 unum
3101 1458 3310 1532 integra
3357 1462 3569 1522 visuum

1978 1544 2093 1601 acie
2119 1547 2520 1618 perspicacem,
2552 1548 2785 1607 alterum
2812 1551 2897 1608 cui
2929 1554 3216 1612 oculorum
3246 1556 3430 1614 lumen
3472 1558 3570 1615 ob-

1977 1637 2182 1695 tuderit
2211 1639 2496 1711 lippitudo,
2529 1643 2734 1713 pariter
2761 1659 3024 1713 ponamus
3047 1647 3356 1719 ingressos,
3388 1666 3569 1708 nonne

1977 1747 2101 1789 cum
2147 1731 2336 1808 [Lips.
2368 1735 2421 1789 in
2449 1752 2612 1811 marg.
2645 1734 2740 1810 et]
2771 1737 2863 1794 ille
2889 1739 2974 1794 cui
3014 1739 3082 1796 ad
3110 1739 3339 1800 videnda
3384 1743 3568 1800 omnia

288 1821 491 1879 tatibus
523 1819 837 1890 impeditum
860 1835 964 1875 non
998 1827 1173 1890 potest
1193 1815 1437 1875 aChristi
1461 1820 1739 1877 consortio
1767 1838 1874 1878 non
1904 1819 1954 1881 B
1981 1826 2148 1886 hebes
2175 1831 2282 1886 erit
2305 1828 2557 1899 obtutus,
2584 1829 2716 1886 nihil
2747 1830 2861 1887 illic
2886 1832 3031 1889 aliud
3057 1849 3177 1891 esse
3205 1836 3437 1891 aestimet
3466 1837 3568 1894 nisi

286 1911 472 1966 avelli.
503 1921 530 1949 κ
558 1911 898 1982 lmpossrbile
920 1920 1004 1968 est
1031 1907 1364 1967 enim‘etiam
1393 1912 1556 1968 menti
1596 1928 1717 1984 quae
1764 1920 1874 1969 tam

283 2006 494 2062 crebris
541 2006 686 2062 euris
728 2005 1075 2076 distenditur,
1113 2013 1220 2062 tam
1252 2007 1524 2076 molestis,
1574 2016 1681 2064 tam
1714 2008 1876 2064 variis

282 2099 577 2171 angoribus
605 2099 946 2174 przepeditur,
1004 2097 1195 2156 divino
1245 2100 1348 2156 frui
1393 2117 1615 2174 semper
1654 2101 1874 2158 intuitu.

279 2189 443 2260 Quod
473 2193 616 2247 enim
648 2203 756 2250 tam
788 2193 1033 2264 pertinax
1062 2204 1371 2250 sanctorum
1421 2193 1680 2264 studium,
1729 2196 1874 2269 quod

279 2292 394 2340 tam
438 2285 666 2341 arduum
717 2296 896 2356 potest
939 2302 1060 2343 esse
1093 2288 1460 2358 propositum,
1509 2291 1596 2344 cui
1645 2304 1753 2344 non
1780 2289 1876 2345 ali-

278 2377 501 2447 quando
531 2379 619 2434 ille
641 2387 892 2434 versutus
921 2379 1204 2436 insidiator
1229 2381 1418 2437 illudat
1439 2381 1466 2435 τ
1491 2381 1621 2452 Quis
1649 2383 1720 2438 ita
1749 2384 1876 2440 soli-

278 2468 484 2524 tudinis
521 2475 735 2525 secreta
795 2479 1070 2541 sectatus,
1137 2472 1518 2530 universorum
1563 2477 1873 2534 mortalium

273 2561 553 2620 consortia
582 2561 895 2633 declinavit,
929 2573 986 2620 ut
1017 2580 1308 2637 numquam
1337 2568 1755 2640 cogitationibus
1779 2587 1871 2627 su-

274 2655 501 2726 perﬂuis
529 2655 826 2723 laberetur,
857 2669 911 2714 et
949 2657 1146 2714 intuitu
1189 2674 1367 2716 rerum
1398 2661 1485 2717 vel
1519 2665 1875 2733 occupatione

270 2756 493 2804 actuum
535 2758 882 2804 terrenarum
923 2749 992 2805 ab
1039 2751 1125 2805 illa
1170 2766 1291 2821 quas
1341 2767 1470 2808 vere
1498 2754 1618 2810 sola
1648 2762 1702 2810 et
1731 2755 1872 2813 bona

269 2850 362 2899 est
419 2841 513 2898 Dei
571 2843 1030 2908 contemplatione
1083 2843 1403 2901 deciderit?
1459 2845 1591 2914 Quis
1664 2856 1869 2906 tantum

270 2935 506 3005 spiritus
551 2950 803 3006 umquam
849 2937 1023 3007 potuit
1061 2938 1300 2996 retinere
1327 2937 1598 2997 fervorem
1625 2981 1643 3008 ,
1674 2950 1734 2998 ut
1763 2957 1870 2998 non

270 3026 550 3084 interdum
621 3027 844 3083 lubricis
899 3027 1315 3099 cogitationibus
1373 3030 1427 3086 in
1484 3030 1603 3104 ipsa
1657 3047 1872 3105 quoque

268 3118 537 3174 orationis
575 3117 879 3176 intentione
919 3120 1253 3188 translatus,
1300 3131 1526 3193 repente
1567 3121 1636 3180 de
1678 3125 1870 3182 coeles-

1979 1923 2246 1990 armaria,
2296 1922 2496 1989 lectos,
2547 1937 2800 1992 scamna,
2849 1924 3152 1997 praesepia,
3207 1933 3262 1982 et
3306 1925 3570 1999 quidquid

1977 2029 2084 2070 non
2116 2024 2224 2070 tam
2251 2017 2425 2072 oculis
2454 2016 2808 2086 speculantis,
2833 2031 2992 2088 quam
3021 2018 3270 2076 manibus
3296 2019 3569 2092 palpantis

1976 2108 2314 2174 occurrerit;
2348 2119 2574 2164 econtra
2603 2106 2691 2165 hic
2718 2111 2807 2180 qui
2841 2108 3151 2166 clarissimo
3193 2109 3454 2167 luminum
3487 2109 3571 2167 vi-

1976 2215 2110 2276 gore
2135 2202 2302 2256 etiam
2333 2201 2545 2258 occulta
2574 2203 2799 2257 rimatus
2827 2210 2910 2258 est
2933 2245 2947 2271 ,
2982 2204 3152 2258 multa
3179 2202 3288 2260 illic
3315 2205 3570 2262 minutis-

1978 2295 2113 2351 sima
2138 2337 2154 2363 ,
2182 2305 2235 2352 et
2261 2311 2382 2368 quae
2407 2295 2498 2351 vix
2529 2296 2738 2367 possint
2761 2297 2925 2354 etiam
2957 2313 3188 2354 numero
3213 2300 3571 2370 comprehen-

1976 2387 2068 2455 di,
2099 2390 2278 2446 inesse
2307 2391 2663 2460 pronuntiet,
2711 2406 2831 2461 quae
2871 2391 2918 2446 si
2959 2392 3254 2461 aliquando
3301 2394 3354 2448 in
3401 2410 3570 2450 unum

1975 2483 2254 2542 cumulum
2296 2491 2718 2557 congregemur,
2748 2499 3041 2557 paucorum
3083 2501 3203 2557 quae
3243 2485 3336 2543 ille
3376 2487 3568 2560 palpa-

1977 2587 2131 2635 verat
2171 2578 2593 2650 magnitudinem
2633 2579 3031 2636 numerositate
3059 2593 3452 2651 compensant,
3479 2589 3572 2638 aut

1976 2673 2138 2728 etiam
2174 2672 2411 2730 fortasse
2445 2674 2876 2730 transcendant?
2903 2674 2977 2729 Ita
3021 2674 3187 2745 igitur
3216 2673 3244 2716 δ
3269 2676 3442 2731 sancti
3483 2686 3570 2732 at-

1977 2781 2083 2837 que
2113 2766 2197 2839 (ut
2225 2767 2298 2824 ita
2331 2766 2532 2839 dicam)
2559 2767 2809 2824 videntes
2829 2813 2843 2838 ,
2872 2769 3069 2840 quibus
3099 2769 3454 2842 perfectionis
3484 2779 3572 2827 est

1977 2860 2256 2928 studium,
2302 2860 2469 2918 etiam
2515 2860 2608 2917 illa
2656 2877 2778 2933 qua
2831 2861 2984 2918 velut
3032 2863 3358 2922 tenebrosus
3404 2865 3570 2922 animi

1975 2953 2147 3009 nostri
2174 2969 2280 3009 non
2307 2953 2548 3010 intuetur
2572 2963 2856 3024 aspectus,
2883 2954 2937 3010 in
2969 2957 3282 3028 semetipsis
3306 2960 3571 3029 sagaciter

1975 3043 2430 3115 deprehendunt,
2487 3047 2863 3119 acerrimeque
2922 3047 3341 3118 condemnant,
3401 3065 3572 3122 usque

1976 3140 2111 3197 adeo
2151 3150 2209 3196 ut
2252 3142 2376 3211 qui,
2411 3139 2555 3197 sicut
2594 3151 2798 3200 nostra:
2838 3142 3054 3199 videtur
3091 3143 3351 3213 incurias,
3393 3160 3462 3200 ne
3494 3154 3573 3201 te-

269 3219 426 3273 tious
466 3216 534 3274 ad
581 3226 796 3274 terrena
834 3217 1147 3274 corruerit?
1183 3218 1315 3286 Quis
1342 3226 1626 3288 nostrum,
1663 3230 1723 3278 ut
1759 3209 1946 3278 cae-C
1975 3232 2100 3288 ηυίε
2145 3209 2364 3303 quidem
2417 3234 2629 3302 peccari
2660 3250 2836 3300 nmo,
2895 3250 3044 3305 pum
3094 3209 3388 3292 candorem
3443 3252 3572 3294 eo...

267 3324 395 3370 tera
450 3313 896 3385 pervagationum
950 3320 1194 3383 tempora
1247 3313 1654 3383 praetermittam
1685 3361 1699 3386 ,
1755 3332 1862 3374 non

267 3407 369 3464 illo
408 3407 578 3464 etiam
621 3417 896 3464 momento
935 3422 1042 3478 quo
1084 3408 1194 3463 Deo
1236 3408 1543 3478 supplicans
1585 3409 1651 3466 ad
1693 3410 1862 3468 subii-

267 3500 382 3558 mia
436 3500 599 3573 erigit
651 3511 928 3569 mentem,
981 3499 1219 3572 quodam
1273 3511 1495 3573 stupore
1549 3504 1866 3576 collapsas,

267 3595 439 3651 etiam
483 3610 582 3668 per
623 3594 678 3652 id
718 3596 802 3652 vel
848 3595 1049 3651 invitus
1096 3594 1376 3664 on‘endat,
1424 3610 1520 3666 per
1559 3598 1702 3668 quod
1743 3611 1865 3668 spe-

265 3689 429 3748 rabat
480 3691 692 3747 veniam
748 3688 1120 3747 delictorum?
1183 3689 1355 3760 Quis,
1420 3693 1684 3763 inquam,
1755 3701 1863 3750 tam

1971 3326 2210 3383 scientia:
2243 3325 2621 3394 fuscaverunt,
2653 3328 2836 3384 multis
2877 3329 2982 3383 sibi
3026 3329 3254 3386 maculis
3286 3331 3570 3388 videantur

1967 3417 2224 3489 aspergi,
2278 3418 2325 3473 si
2373 3432 2482 3473 non
2532 3417 2707 3474 dicam
2759 3435 2911 3476 vanae
2963 3419 3314 3491 cogitationis
3365 3422 3571 3493 impro-

1964 3509 2116 3565 bitas
2152 3509 2208 3564 in
2234 3507 2374 3564 atria
2404 3509 2601 3566 mentis
2639 3510 2952 3580 irrepserit.
2993 3512 3090 3567 sed
3130 3514 3217 3569 vel
3256 3514 3448 3583 psalmi
3476 3517 3569 3584 qui

1969 3600 2234 3657 dicendus
2282 3609 2367 3656 est
2416 3601 2726 3657 recordatio
2776 3602 3044 3658 orationis
3093 3613 3342 3675 tempore
3389 3607 3569 3663 inten-

1971 3695 2177 3751 tionem
2213 3693 2572 3766 supplicantis
2601 3693 2891 3751 averterit:
2928 3704 2950 3734 ο
2984 3693 3042 3753 Si
3072 3696 3252 3767 enim,
3287 3698 3565 3770 inquiunt,

1348 3825 1608 3885 ALARDI
1643 3826 1878 3888 GAZABI
1914 3829 2492 3890 COMMENTARIUS.

348 3933 374 3962 σι
399 3922 466 3978 D.
497 3921 804 3978 Bernartius
827 3936 994 3978 serm.
1021 3921 1054 3977 5
1081 3919 1148 3977 de
1173 3918 1557 3992 Assumptione
1583 3922 1647 3978 Β.
1673 3923 1857 3981 Marias

264 3996 375 4052 tria
435 3994 822 4062 impedimenta
883 3993 1365 4063 contemplationis
1429 4005 1713 4050 enumerat
1771 3996 1858 4052 his

263 4064 452 4122 verbis
476 4064 648 4138 :ATria
692 4074 850 4131 sunt,
883 4063 1086 4135 inquit,
1117 4066 1465 4138 qumoculunt
1505 4065 1860 4138 intelligentia:

265 4135 644 4206 confundunt,
699 4145 850 4206 atque
905 4154 938 4190 a
993 4135 1422 4205 contemplatione
1478 4137 1582 4192 veri
1647 4135 1858 4196 luminis

265 4208 596 4272 excludunt,
647 4207 864 4264 tenebrae
912 4207 1103 4261 scilicet
1153 4218 1514 4279 peccatorum,
1559 4211 1862 4279 _recordatio

266 4279 607 4345 earumdem,
649 4290 693 4334 et
738 4295 864 4332 cura
908 4277 1229 4332 terrenarum
1267 4288 1496 4333 actuum.
1545 4277 1725 4335 Primo
1769 4283 1861 4338 illo

267 4353 435 4424 modo
463 4352 813 4424 turbatumise
855 4349 1147 4424 plangebat
1172 4350 1419 4422 propheta
1469 4367 1586 4405 cum
1626 4352 1858 4409 diceret:

269 4423 566 4493 Dereliquit
593 4437 668 4475 me
693 4423 853 4475 virtus
881 4422 997 4474 mea
1015 4463 1036 4493 ._
1056 4429 1101 4493 et
1131 4422 1301 4493 lumen
1333 4423 1602 4493 oculorum
1630 4439 1862 4480 meorum

269 4503 325 4550 et
356 4487 523 4565 ipsum
550 4509 650 4565 non
679 4501 749 4565 est
781 4507 975 4565 mecum
1019 4489 1037 4562 (
1063 4487 1264 4565 Psalm.
1287 4508 1471 4565 nam
1492 4493 1528 4558 ).
1566 4491 1698 4549 Cum
1721 4496 1860 4550 enim

270 4563 395 4620 luce
431 4564 654 4636 justitiw
691 4563 1032 4636 destituimur,
1078 4563 1152 4617 nil
1178 4563 1324 4636 aliud
1351 4581 1505 4636 quam
1533 4574 1863 4633 peccatorum

273 4632 834 4708 nostrorumtenebras
862 4634 1169 4708 invenimus.
1214 4632 1610 4708 Item'secundo
1647 4654 1701 4690 se
1743 4655 1862 4708 gra-

270 4708 389 4763 uari
410 4707 688 4770 sentiebat,
717 4723 831 4758 cum
859 4705 1046 4759 diceret
1070 4722 1088 4758 :
1110 4703 1392 4760 Conuersus
1411 4724 1526 4761 sum
1549 4707 1602 4761 in
1630 4703 1864 4764 (erumna

278 4795 402 4834 mea
423 4821 438 4843 .
472 4779 593 4833 dum
622 4766 901 4847 can/igitur
926 4779 1073 4846 spina
1102 4775 1275 4843 (Psal.
1308 4777 1495 4847 xui),
1530 4789 1864 4847 peccatorum
1890 4766 1943 4828 D

272 4850 477 4906 scilicet
503 4845 810 4905 recordatio.
839 4845 1009 4901 Tertio
1030 4849 1272 4920 occupari
1297 4865 1349 4903 se
1375 4845 1724 4917 conqueritur,
1748 4867 1869 4907 cum

274 4923 442 4977 dicit:
497 4920 629 4986 Quia
676 4920 1213 4991 cineremutamquam
1259 4937 1446 4991 panem
1491 4922 1870 4978 manducabam

277 4993 455 5063 (I’sal.
477 4997 572 5060 ei),
592 4994 812 5046 cinerem
837 4988 1028 5043 scilicet
1045 4988 1269 5063 actionis
1280 5007 1373 5063 pro
1396 5009 1527 5063 pane
1549 4995 1868 5061 contempla-

276 5061 452 5119 tionis.
492 5065 808 5132 Quicumque
834 5078 955 5133 ergo
980 5062 1161 5116 mentis
1188 5061 1403 5116 oculum
1421 5063 1610 5117 divina:
1639 5075 1867 5119 contem-

278 5135 498 5204 plationi
536 5135 642 5189 vult
682 5133 984 5200 intendere,
1027 5135 1255 5256 pro/ecta
1295 5149 1496 5188 necesse
1533 5144 1609 5189 est
1652 5144 1708 5188 ut
1747 5153 1865 5191 eum

278 5211 424 5256 mins
469 5207 532 5256 ab
580 5207 676 5256 hoc
725 5204 920 5256 trinlici
966 5204 1098 5256 inme
1136 5205 1325 5256 imenta
1363 5206 1568 5256 studeat
1618 5223 1864 5256 nuraare-

276 5211 437 5280 prius
469 5207 532 5280 ab
580 5207 676 5261 hoc
725 5204 920 5272 triplici
966 5204 1325 5280 impedimento
1363 5206 1568 5280 studeat
1617 5223 1864 5280 purgare,

281 5277 438 5344 Quod
463 5279 508 5332 si
535 5280 647 5348 quis
687 5281 855 5348 facere
890 5278 1196 5343 contendat,
1243 5277 1435 5332 noverit
1475 5286 1653 5348 contra
1698 5277 1868 5346 tripli-

276 5367 388 5405 ccm
417 5345 650 5406 morbum
676 5345 867 5419 triplex
891 5363 1087 5419 quoque
1119 5351 1228 5418 [ore
1252 5349 1547 5403 remedium.
1587 5346 1722 5402 Nam
1754 5345 1868 5418 prio

278 5439 394 5477 mus
429 5423 635 5494 quidem
674 5417 763 5489 per
797 5417 1203 5494 confessionem,
1248 5420 1507 5494 secundus
1543 5436 1633 5494 per
1671 5417 1866 5494 oratio-

278 5491 450 5558 nem,
491 5495 670 5548 tertius
721 5499 932 5545 curatur
980 5505 1070 5560 per
1115 5492 1352 5560 quietem.
1411 5491 1484 5546 lla
1537 5491 1862 5548 Bernartius.

278 5565 443 5621 Aliud
475 5581 640 5636 porro
673 5562 1112 5636 impedimentum
1147 5563 1350 5636 profert
1381 5561 1436 5620 S.
1471 5561 1708 5636 Thomas
1741 5561 1797 5632 ('2
1831 5563 1868 5618 2

275 5655 330 5720 g.
362 5631 495 5720 rso;
509 5645 614 5692 art.
639 5636 697 5719 2)
717 5677 734 5703 ,
757 5631 1157 5720 vehementiam
1184 5635 1535 5720 passionum;
1570 5633 1688 5717 Quo
1712 5643 1866 5720 sunt,

280 5703 491 5780 inquit,
522 5725 638 5781 qum
667 5703 950 5781 impediunt
991 5711 1160 5781 actum
1184 5703 1645 5781 contemplationis
1669 5721 1688 5759 .'
1717 5709 1866 5761 velis-

279 5775 484 5837 me'ntia
499 5775 778 5848 passionis,
803 5789 894 5848 per
917 5787 1073 5848 quam
1093 5775 1409 5834 abstrahitur
1432 5778 1652 5848 intentio
1678 5782 1866 5833 anisum

281 5851 348 5907 ab
376 5847 780 5919 intelligibilibus
808 5847 876 5902 ad
900 5847 1165 5905 sensibilia
1183 5867 1210 5917 ;
1231 5858 1278 5906 et
1306 5847 1559 5908 tumultus
1585 5849 1864 5906 exteriores

1966 3927 2394 3997 occupationum.

2037 3994 2395 4073 lf'PrOphetre
2423 3997 2562 4073 ‘olim
2605 3994 2865 4073 Videntes
2910 3997 3184 4073 appellati.
3233 3996 3254 4053 Ι
3302 3999 3438 4073 Reg.
3470 4020 3561 4060 rx:

1968 4067 2110 4123 Olim
2160 4065 2228 4123 in
2260 4065 2434 4139 Israel
2479 4069 2554 4139 sic
2602 4067 2911 4139 loquebatur
2944 4065 3314 4138 unusquisque
3371 4065 3564 4132 uadens

1965 4140 2234 4196 consulere
2264 4137 2676 4213 Deum.__Yenite
2699 4181 2715 4206 ,
2745 4150 2793 4213 et
2821 4137 3113 4213 cantusgad
3137 4141 3426 4199 Videntem.
3463 4147 3566 4213 Qui

1965 4213 2107 4266 enim
2147 4213 2402 4281 propheta
2428 4211 2622 4266 dicitur
2652 4211 2837 4278 hodie,
2879 4211 3155 4268 uocabatur
3181 4215 3304 4268 olim
3345 4211 3562 4274 Videas.

1966 4283 2056 4339 Sic
2094 4283 2188 4338 ibi.
2222 4282 2505 4339 Rationem
2537 4281 2657 4353 ejus
2679 4284 3107 4353 nomenclaturze
3139 4286 3313 4340 reddit
3341 4285 3398 4341 S.
3432 4289 3566 4344 Hie-

1967 4370 2230 4428 ronymus
2273 4356 2357 4409 his
2396 4351 2580 4428 verbis
2621 4351 2841 4428 (Epist.
2891 4354 3033 4421 105,
3080 4357 3147 4410 ad
3191 4356 3560 4428 Paulinum):

1968 4423 2248 4509 Propheta:
2276 4423 2676 4509 appellabantur
2701 4425 2955 4509 ‘Videntes
2974 4467 2988 4491 ,
3028 4429 3162 4509 quia.
3180 4427 3417 4509 videbant
3444 4423 3565 4509 eum

1967 4495 2121 4567 quem
2147 4495 2318 4554 calori
2345 4495 2447 4568 non
2472 4497 2729 4551 videbant.
2761 4495 3020 4552 Abraham
3061 4498 3185 4551 vidit
3227 4499 3363 4553 diem
3403 4502 3519 4568 ejus
3543 4541 3561 4568 ,

1967 4565 2016 4623 et
2039 4569 2243 4623 (celatus
2264 4577 2337 4623 est
2366 4565 2546 4636 (Joan.
2564 4568 2704 4639 Vill).
2730 4569 3104 4636 Aperiebantur
3133 4569 3246 4624 cali
3275 4565 3562 4636 Ezechieli,

1967 4639 2055 4712 qui
2086 4641 2276 4709 papula
2306 4640 2560 4708 peccatori
2591 4637 2756 4712 clausi
2781 4649 2964 4712 erant,
3001 4653 3104 4712 etc.
3143 4641 3448 4712 (Ecce/1.1).
3479 4641 3562 4698 Ad

1970 4710 2110 4780 hanc
2144 4711 2604 4766 nomenclaturam
2637 4711 2889 4766 OHUSiSSe
2928 4710 3410 4780 videtur'Auctor,
3434 4714 3562 4774 dum

1970 4779 2056 4837 hic
2087 4781 2236 4837 viros
2263 4791 2480 4836 sanctos
2510 4790 2565 4836 et
2595 4781 2867 4850 perfectos
2906 4785 3057 4850 quasi
3101 4797 3196 4850 per
3236 4779 3559 4840 antonoma-

1970 4854 2106 4908 siam
2138 4851 2380 4907 Videntes
2410 4863 2718 4920 nuncupat,
2745 4853 2870 4922 quia
2894 4852 3142 4914 minimos
3170 4862 3224 4908 et
3253 4854 3560 4912 levissimos

1969 4924 2132 4978 etiam
2171 4922 2421 4994 defectus
2457 4923 2512 4977 in
2556 4923 2753 4988 seipsis
2792 4924 3089 4979 observant
3132 4931 3184 4978 et
3225 4925 3556 4994 discutiunt,

1968 5008 2105 5063 quos
2136 4995 2297 5050 rudes
2327 5004 2383 5049 et
2413 4993 2712 5063 imperfecti
2762 5003 3089 5063 praetereunt
3133 5003 3188 5049 et
3227 5011 3333 5049 non
3377 4993 3555 5053 animé

1970 5062 2279 5139 advertunt.
2310 5063 2384 5126 Ita
2414 5062 2798 5139 D."Gregorius
2822 5066 2839 5136 (
2864 5063 3024 5137 Greg.
3045 5067 3106 5139 in
3135 5065 3157 5120 l
3182 5065 3310 5139 Reg.
3340 5084 3386 5122 ε.
3415 5085 3467 5122 ιι
3493 5067 3515 5139 )
3541 5086 3554 5122 :

1976 5133 2204 5202 Videas,
2238 5137 2443 5209 inquit,
2475 5144 2586 5200 est,
2613 5133 2702 5206 qui
2738 5133 2944 5209 interna
2971 5133 3408 5209 fetiamrespicit,
3442 5133 3560 5209 qua

1969 5221 2110 5261 mens
2139 5206 2433 5270 carnalium
2461 5221 2564 5260 non
2589 5207 2828 5262 attendit.
2865 5206 3016 5262 Unde
3045 5217 3093 5263 et
3118 5208 3181 5262 de
3208 5206 3400 5265 sanctis
3438 5206 3554 5265 ani-

1968 5277 2192 5349 molibus
2219 5275 2452 5349 dicitur}
2480 5273 2545 5330 In
2575 5278 2795 5349 circuitu
2824 5287 2871 5330 et
2900 5281 3036 5332 intus
3066 5278 3221 5349 plena
3250 5291 3399 5336 erant
3432 5298 3557 5336 ocu-

1967 5349 2033 5404 lis
2056 5346 2277 5420 (Ezech.
2301 5347 2503 5420 1).AQui
2530 5349 2581 5401 in
2607 5348 2952 5404 exterioribus
2977 5346 3370 5420 circumspecti,
3396 5363 3444 5406 et
3475 5353 3558 5408 in-

1964 5418 2220 5475 trinsecus
2241 5418 2615 5491 providisunt;
2639 5435 2740 5487 quo
2766 5430 2948 5476 contra
2967 5418 3262 5478 carnalium
3283 5426 3558 5479 doctorum

1966 5488 2420 5566 presumptionem
2441 5489 2493 5542 in
2520 5488 2802 5562 Evangelia
2827 5491 3084 5566 Dominus
3109 5512 3328 5566 arguens
3350 5498 3423 5552 ait
3445 5512 3462 5549 :
3493 5495 3556 5551 Si

1967 5577 2141 5636 circus
2155 5561 2290 5636 circa
2318 5561 2563 5636 ducatum
2591 5571 2844 5636 prestat.
2857 5564 3009 5620 astabo
3035 5568 3086 5620 in
3115 5561 3310 5636 foueam
3336 5568 3556 5624 cadunt.

2043 5645 2065 5674 ε
2109 5630 2374 5690 Similiter
2422 5634 2776 5688 ratiocinatnr
2818 5634 2880 5690 ι).
2927 5630 3250 5694 Benedictus
3289 5639 3359 5694 de
3400 5654 3559 5695 reve-

1972 5705 2144 5780 rentia
2175 5703 2630 5780 orationis__agens
2663 5706 2813 5780 (Cap.
2832 5705 2901 5762 20
2925 5707 3161 5780 Regula!)
3183 5727 3202 5768 .:
3235 5710 3296 5766 Si
3320 5727 3435 5764 cum
3460 5709 3562 5762 ho-

1970 5777 2212 5852 minibus
2241 5775 2534 5852 potentibus
2587 5775 2826 5852 uoluntas
2872 5775 3047 5849 aliqua
3096 5775 3398 5852 suggerere,
3449 5797 3556 5834 non

1969 5847 2351 5920 prtesumimus,
2380 5848 2480 5903 nisi
2504 5866 2621 5904 cum
2643 5849 2932 5909 humilitate
2955 5847 3000 5906 et
3023 5847 3300 5911 reverentia
3320 5868 3342 5911 :
3364 5860 3556 5924 quanta
