4092 6322
999 243 1006 252 e

1031 401 1118 441 flm-
1156 427 1170 441 .

563 453 690 500 cum
717 461 744 502 ε
789 447 862 506 Μ.
925 454 940 470 ,
1025 395 1243 547 im:
1284 397 1461 454 dicam
1508 411 1606 467 pro
1649 397 1759 450 vita
1799 410 1864 450 ac
1905 395 2084 450 salute

562 462 782 564 '..,..._nu
1123 513 1138 523 α
1201 492 1426 564 'llcujus
1455 491 1592 547 lucri
1623 487 1913 546 commodo
1951 502 2084 558 sup-

560 545 744 593 nostra
767 584 783 610 ,
814 551 911 604 sed
943 545 1220 611 elium“;
1234 545 1600 611 '1'.’:.Z.;.;.”..
1635 545 1878 611 ζη-ηη-ιο
1912 583 1988 611 nn:

560 577 744 680 "lim"
767 584 783 610 ’
814 577 909 604 ac"
943 577 1222 642 c"anisum
1251 595 1308 642 et
1333 584 1529 640 mentis
1554 593 1606 640 et
1635 583 1882 653 corporis
1912 583 2084 637 aciem

556 638 852 695 Dicamus.
881 650 1044 695 totam
1156 679 1168 691 .
1270 688 1282 695 _
1393 677 1440 695 ..
1952 689 2048 695 μ,

553 650 852 776 ἔὲιέἒὲἷιῖἷξ
881 650 1088 776 talem“
1119 679 1238 750 eius
1269 677 1476 748 u‘epida
1507 650 1920 747 exspectatione
1952 689 2082 745 pen-

553 738 884 802 uengemes,
915 739 952 788 ,θ
1015 774 1026 786 ο
1132 738 1168 784 .-
1356 738 1370 748 -
1412 770 1425 782 .
1613 738 1628 747 ν
1952 738 1968 745 -

548 809 769 874 demus-
802 841 864 874 ni
879 775 1234 874 mediocriter
1261 771 1656 874 formidantes,
1689 784 1757 874 ne
1779 766 1923 874 quad
1950 767 2090 822 [one

543 841 864 967 52:31.3:
893 871 1253 940 incongruum
1281 867 1503 922 verbum
1534 862 1963 920 misericordiam
1995 876 2091 915 au-

537 925 987 1058 ;?:::.u§vertat;
1037 925 1148 1016 tum
1199 959 1396 1015 deinde
1441 958 1488 1013 si
1533 955 1687 1012 nobis
1734 956 1785 1010 in
1837 953 1956 1008 foro
1999 960 2093 1006 aut

529 1047 735 1157 33,31".
787 1054 1127 1110 saecularium
1184 1050 1546 1106 tribunalibus
1593 1047 1948 1113 constitutis,
2005 1059 2092 1099 as-

527 1140 726 1206 is'tente
758 1149 922 1205 etiam
955 1157 1178 1203 econtra
1228 1143 1581 1209 adversario,
1615 1141 1668 1196 in
1700 1140 1876 1194 media
1904 1152 2094 1210 prose-

497 1243 718 1301 cutione
771 1249 934 1312 atque
981 1237 1278 1305 conﬂictu,
1335 1235 1536 1302 tussis,
1591 1239 1864 1297 screatus,
1915 1229 2089 1296 risus,

497 1335 783 1401 oscitatio,
840 1347 1066 1389 somnus
1117 1329 1456 1400 obrepserit,
1506 1335 1706 1398 quanta
1747 1324 1801 1379 in
1854 1320 2096 1393 pernicie

501 1439 746 1486 nostram
776 1425 1217 1498 vigilantissimus
1247 1421 1496 1476 inimicus
1526 1419 1870 1475 severitatem
1898 1413 2096 1485 judicis

500 1522 870 1581 commovebit
899 1519 1142 1576 invidia?
1174 1517 1391 1586 Quanto
1424 1514 1593 1584 magis
1621 1527 1744 1568 cum
1789 1510 1866 1565 illi
1911 1507 2098 1563 occul-

502 1627 682 1676 torum
713 1617 956 1673 omnium
990 1612 1258 1684 cognituri
1316 1624 1416 1680 pro
1464 1607 1766 1663 imminenti
1820 1611 2096 1675 perpetuas

505 1712 701 1770 mortis
733 1709 974 1782 periculo
1001 1705 1368 1777 supplicamus
1389 1743 1404 1768 ,
1435 1699 1743 1772 prtesertim
1781 1713 1902 1753 cum
1942 1711 1973 1751 e
2016 1694 2099 1750 di-

1235 355 1244 360 _
1557 277 1841 339 JOANNIS
1878 274 2195 336 CASSIANI
2229 269 2723 332 COLLATIONES.

1284 397 1461 454 dicam
1508 411 1606 467 pro
1649 397 1759 450 vita
1799 410 1864 450 ac
1905 394 2084 450 salute
2119 401 2158 454 Α
2192 388 2542 462 cogitationis
2591 383 2860 456 improbae
2909 380 3205 440 vanitatem
3247 385 3471 439 secutus
3513 378 3701 453 [ιὶρε.
3722 380 3785 435 in

3641 259 3784 325 ωδ

2190 502 2355 558 marg.
2399 482 2744 554 cogitationis
2787 479 3048 551 improbae
3088 478 3330 534 vanitate
3369 473 3639 547 securus]
3678 473 3777 531 ab-

2187 579 2465 636 scesserit.
2496 577 2580 632 llli
2608 585 2788 631 autem
2821 574 2915 644 qui
2945 573 3132 630 oculos
3161 571 3346 629 cordis
3372 568 3455 626 sui
3483 573 3783 638 contegunt

2187 687 2373 730 crasso
2403 670 2682 728 velamine
2726 668 3019 733 vitiorum,
3058 681 3163 733 ac,
3207 663 3509 722 secundum
3555 671 3780 718 semen.

2192 765 2320 820 tiam
2368 763 2667 820 Salvatoris
2691 803 2707 829 ,
2758 760 2984 815 videntes
3025 774 3128 813 non
3166 758 3378 826 vident,
3421 766 3470 810 et
3509 754 3783 810 audientes

2193 875 2294 912 non
2319 857 2766 926 audiunthneque
2806 851 3103 924 intelligunt
3130 849 3366 924 (Matth.
3401 847 3543 921 xm)
3565 890 3581 914 ,
3609 849 3696 903 vix
3728 847 3786 903 in

2192 949 2502 1007 recessibus
2533 947 2768 1020 pectoris
2799 945 2886 1002 sui
2914 945 3080 1001 etiam
3123 943 3220 999 illa
3263 958 3385 1015 qua:
3425 956 3620 1012 magna
3661 947 3792 996 sunt

2194 1053 2249 1100 et
2296 1041 2554 1113 capitalia
2599 1041 2826 1097 crimina
2871 1037 3336 1108 contemplantur,
3387 1036 3563 1092 nullas
3608 1044 3792 1091 autem

2195 1137 2586 1209 cogitationum
2635 1135 3050 1206 subreptiones,
3097 1132 3194 1189 sed
3236 1146 3415 1203 neque
3461 1131 3586 1186 illos
3632 1129 3684 1186 in
3730 1144 3794 1185 se

2197 1233 2439 1289 lubricos
2492 1231 2848 1300 occultosque
2901 1227 3148 1298 pruritus
3201 1226 3294 1297 qui
3345 1233 3588 1281 mentem
3642 1223 3793 1278 tenui

2196 1332 2359 1396 atque
2395 1322 2587 1381 subtili
2625 1321 2978 1392 suggestione
3015 1325 3427 1390 compungunt,
3472 1330 3576 1371 nec
3614 1315 3795 1384 capti-

2200 1419 2396 1474 vitates
2440 1415 2638 1471 animae
2676 1429 2790 1470 suae
2832 1420 3059 1483 possunt
3100 1409 3345 1482 purgatis
3386 1408 3670 1464 obtutibus
3703 1408 3793 1460 in-

2200 1512 2378 1577 tueri,
2407 1509 2503 1567 sed
2535 1507 2917 1580 inverecundis
2947 1521 3167 1578 semper
3197 1503 3628 1576 cogitationibus
3660 1518 3795 1557 eva-

2199 1613 2428 1678 gantes,
2469 1617 2568 1660 nec
2612 1602 2808 1658 dolere
2849 1607 3085 1666 norunt,
3131 1615 3256 1655 eum
3297 1599 3365 1653 ab
3409 1595 3506 1652 illa
3548 1606 3801 1652 contem-

2201 1698 2486 1769 platione,
2538 1709 2658 1766 quae
2707 1692 3003 1764 singularis
3054 1699 3181 1753 est,
3235 1687 3642 1754 distrahuntur,
3699 1703 3803 1742 nec

500 1820 662 1862 verso
693 1781 920 1859 callidus
953 1800 1210 1858 seductor
1240 1797 1442 1867 pariter
1478 1805 1533 1850 et
1570 1793 1894 1849 criminator
1933 1789 2099 1845 assis-
2139 1805 2178 1862 Β
2207 1789 2413 1846 habent
2471 1788 2617 1859 quod
2681 1802 2741 1842 se
2810 1785 3028 1842 doleant
3090 1783 3339 1839 amisisse
3370 1823 3386 1850 ,
3455 1782 3657 1852 quippe
3712 1781 3805 1850 qui

503 1907 620 1965 tat,
648 1898 856 1952 intenta
883 1905 1044 1965 atque
1072 1889 1305 1948 sollicita
1329 1890 1576 1944 oratione
1601 1884 1897 1956 judicantis
1927 1884 2100 1954 pietas

503 1989 849 2062 imploranda
876 1988 994 2044 est?
1020 1986 1130 2042 Nec
1156 1985 1358 2055 injuste
1383 1998 1491 2038 non
1520 1981 1696 2036 solum
1721 1980 1823 2034 levi
1857 1989 2099 2048 peccato,

505 2083 602 2139 sed
633 2083 797 2139 etiam
827 2079 1150 2151 gravissimo
1175 2075 1405 2132 crimine
1434 2071 1730 2143 impietatis
1761 2072 2099 2140 astringitnr,

505 2177 596 2249 qui
639 2188 857 2246 precem
904 2171 1137 2228 Domino
1180 2167 1450 2232 fundens,
1499 2165 1680 2220 subito
1728 2179 1758 2217 a
1805 2171 2100 2232 conspectu

505 2269 626 2340 ejus
668 2267 822 2340 quasi
860 2265 929 2322 ab
973 2263 1146 2321 oculis
1188 2277 1297 2318 non
1328 2258 1566 2316 videntis
1600 2272 1700 2313 nec
1730 2256 2000 2311 audientis
2026 2297 2042 2322 ,
2076 2263 2102 2292 ι

2197 1891 2437 1938 mentem
2476 1894 2633 1937 suam
2676 1877 3086 1950 ingruentibus,
3118 1883 3178 1930 ut
3215 1874 3433 1930 libitum
3481 1883 3605 1941 est,
3650 1872 3806 1943 cogi-

2202 1973 2502 2030 tationibus
2551 1969 2961 2042 expandentes,
3014 1967 3151 2023 nihil
3204 1965 3409 2022 habent
3457 1965 3805 2035 propositum

2203 2067 2353 2139 quod
2402 2063 2781 2136 principaliter
2833 2070 3094 2124 teneant,
3141 2059 3228 2116 vel
3274 2057 3421 2130 quod
3470 2057 3808 2113 omnimodis

2203 2160 2612 2231 concupiscant.
2648 2157 2777 2214 Haec
2805 2171 2936 2213 sane
2967 2170 3067 2211 nos
3095 2155 3148 2210 in
3180 2153 3328 2210 hunc
3356 2168 3606 2210 errorem
3635 2167 3809 2208 causa

2207 2254 2510 2326 praecipitat
2534 2251 2661 2324 quia
2682 2250 2710 2290 δ
2739 2251 3165 2328 ἀναμαρτησὶας,
3195 2248 3249 2306 id
3277 2257 3401 2318 est,
3431 2247 3811 2320 impeccantize

1581 2369 1840 2426 ALARDI
1883 2366 2122 2424 GAZIEI
2159 2364 2734 2424 COMMENTARIUS.

507 2470 675 2540 magis
706 2466 928 2540 Domino
960 2465 1071 2540 Deo
1102 2465 1458 2540 universorum
1481 2479 1600 2540 cum
1637 2463 1774 2540 omni
1804 2461 2100 2540 humilitate

507 2550 556 2597 et
598 2530 840 2611 puritatis
881 2537 1158 2611 devotione
1186 2535 1593 2611 supplicandum
1637 2533 1752 2587 est!
1800 2530 2004 2611 Et_non
2029 2532 2102 2611 _in

510 2603 858 2678 multiloquio,
901 2609 992 2663 sed
1043 2603 1483 2676 puritate'cordis
1513 2615 1559 2659 et
1599 2604 1992 2678 campunctione
2021 2603 2103 2657 la-

512 2676 814 2757 crymarunt
842 2697 937 2735 nos
965 2679 1206 2734 exaudiri
1233 2679 1480 2733 sciamus.
1519 2677 1621 2734 Ubi
1653 2677 1778 2732 vide
1810 2676 2106 2730 Turrecre-

511 2767 739 2812 matum.

586 2836 614 2865 λ
649 2824 975 2893 Evagatione
1005 2823 1219 2878 scilicet
1245 2831 1547 2892 spontanea
1576 2830 1630 2877 et
1661 2818 2001 2893 voluntaria,
2034 2817 2102 2872 de

515 2915 618 2971 qua
660 2890 936 2971 Dor—uinus
973 2897 1246 2971 populum
1277 2890 1655 2971 :lsraeliticum
1710 2892 1850 2971 apud
1906 2890 2099 2971 lsaiarn

517 2959 836 3040 prophetam
876 2959 1079 3020 acriter
1115 2966 1466 3034 reprehendit
1491 2966 1717 3040 dicens_:
1750 2959 1988 3032 Populus
2019 2959 2104 3012 hic

513 3034 662 3097 labiis
703 3055 783 3092 me
819 3039 1078 3101 honorat;
1120 3053 1208 3089 cor
1249 3046 1420 3089 autem
1457 3051 1634 3089 eorum
1674 3034 1822 3102 longe
1866 3043 1938 3084 est
1967 3048 1998 3083 a
2025 3047 2105 3084 me

517 3109 810 3182 (Is.xxtx).
835 3108 950 3182 Qua
979 3107 1046 3182 d_e
1075 3123 1132 3182 re
1162 3108 1399 3182 graviter
1423 3108 2105 3182 neeminustcmigrnenter

520 3172 647 3238 liuic
675 3172 795 3236 loco
825 3172 1048 3233 disserit
1075 3177 1138 3231 Ι).
1165 3172 1466 3244 Cyprianus
1500 3176 1597 3231 lib.
1627 3175 1693 3227 de
1715 3175 1968 3228 Oratimie
2001 3172 2106 3244 Do-

521 3253 717 3309 minica
745 3267 759 3304 :
797 3248 1050 3316 Quando,
1082 3243 1290 3316 inquit,
1323 3257 1518 3301 stamus
1549 3247 1617 3299 ad
1648 3246 1956 3308 orationem,
1989 3243 2098 3312 fra-

522 3341 624 3380 ires
653 3321 969 3377 dilectissimi
990 3319 1258 3391 ,_vigilare
1285 3327 1332 3371 et
1362 3316 1750 3391 incumberead
1793 3331 1965 3388 preces
1985 3325 2099 3391 toto

519 3397 674 3451 (orde
703 3395 962 3449 debemus.
993 3386 1253 3451 Coqitatio
1281 3391 1447 3444 omnis
1478 3390 1705 3443 carnalis
1745 3386 1801 3442 et
1833 3386 2102 3441 swcularis

520 3465 802 3530 abscedat,
845 3480 936 3518 nec
963 3458 1247 3533 quidquam
1279 3470 1400 3533 tunc
1432 3463 1636 3514 animus
1665 3476 1820 3530 quam
1848 3458 1900 3512 id
1935 3458 2104 3533 solum

517 3539 703 3611 cogitet
733 3535 889 3611 quod
915 3531 1348 3611 precatur._ldeo
1389 3543 1436 3586 et
1473 3533 1713 3611 sacerdos
1753 3541 1872 3584 ante
1909 3531 2105 3611 oratio-

517 3601 654 3674 nem,
687 3601 989 3677 priefatione
1016 3604 1304 3678 prwmissa,
1331 3613 1482 3678 parat
1514 3607 1737 3678 fratrum
1777 3611 1973 3678 mentes
2002 3601 2101 3678 _di-

517 3671 723 3736 cendo:
755 3671 976 3734 S'ursum
1007 3671 1198 3742 corda,
1234 3686 1288 3729 ut
1316 3671 1441 3728 dum
1467 3671 1740 3744 respondet
1776 3673 1955 3742 plebs:
1991 3671 2102 3725 Ηα-

520 3753 693 3806 bemus
722 3750 790 3803 ad
826 3747 1101 3802 Dominum
1123 3790 1137 3813 ,
1167 3748 1504 3799 admoneatur
1533 3744 1664 3798 nihil
1693 3747 1837 3798 aliud
1868 3761 1920 3798 se
1946 3760 2103 3813 quam

518 3821 802 3876 Dominum
846 3823 1074 3892 coyitare
1103 3817 1287 3892 debere
1313 3835 1331 3871 :
1377 3816 1666 3871 Claudatur
1695 3826 1878 3892 contra
1916 3816 2101 3892 adver—

517 3895 714 3950 sarium
744 3887 954 3955 pectus',
996 3901 1044 3944 et
1082 3890 1179 3942 soli
1223 3887 1331 3941 Deo
1371 3897 1591 3960 pateat;
1641 3903 1732 3940 nec
1775 3888 1840 3940 ad
1882 3888 2101 3960 sepenim

519 3964 715 4019 hostem
743 3961 876 4031 Dei,
906 3973 1129 4030 tempore
1157 3957 1408 4014 orationis
1437 3961 1580 4014 adire
1609 3960 1875 4025 patiatur;
1904 3957 2102 4022 obrepit

520 4039 812 4106 frequenter
835 4044 880 4087 et
915 4041 1180 4102 penetrat;
1208 4041 1256 4084 et
1281 4031 1536 4106 subtiliter
1566 4031 1958 4106 fallenspreces
1982 4045 2100 4083 nos-

520 4101 627 4160 tras
669 4124 702 4159 a
745 4105 852 4159 Deo
899 4101 1076 4158 avocat
1101 4145 1115 4168 ,
1164 4113 1220 4156 ut
1263 4102 1410 4156 aliud
1441 4101 1722 4172 habeamus
1753 4103 1804 4153 in
1834 4103 2018 4167 corde,
2052 4109 2098 4154 et

519 4179 665 4232 aliud
695 4179 748 4230 in
788 4193 939 4240 voce,
967 4172 1178 4244 quando
1217 4175 1498 4228 intentione
1536 4174 1736 4228 sincera
1775 4172 1952 4224 debeat
1995 4188 2097 4225 non

519 4251 656 4304 vocis
685 4264 844 4302 sonus
864 4289 878 4313 ,
913 4246 1001 4299 sed
1030 4245 1235 4298 animus
1263 4255 1312 4298 et
1340 4261 1521 4298 sensus
1551 4259 1716 4296 orare.
1770 4244 1897 4308 Qua:
1925 4252 2098 4296 autem

519 4321 734 4392 segnitia
772 4328 845 4372 est
885 4317 1107 4392 alienari
1129 4325 1191 4392 ‘et
1236 4317 1350 4392 rapi
1391 4316 1576 4392 ineptis
1614 4313 2025 4392 cogitationibus
2047 4324 2099 4392 et

519 4385 788 4461 profanis,
833 4405 954 4461 cum
987 4387 1266 4461 Dominum
1303 4385 1623 4458 deprecaris,
1660 4386 1810 4461 quasi
1850 4387 1915 4461 sit
1953 4385 2098 4461 aliud

519 4454 652 4531 quod
681 4461 843 4531 magis
873 4459 1054 4512 debeas
1079 4459 1304 4531 cogitare
1323 4530 1328 4531 γ
1348 4454 1501 4531 quam
1531 4454 1683 4526 quod
1707 4473 1820 4531 cum
1863 4454 1975 4510 Deo
2015 4458 2096 4510 lo-

519 4479 651 4531 quoa
681 4479 762 4513 ma
801 4479 843 4512 18
873 4479 1054 4512 αρυεαδ
1079 4479 1304 4528 coguare
1348 4479 1501 4528 quam
1531 4479 1668 4526 quoa
1707 4479 1820 4511 cum
1863 4479 1975 4510 U80
2015 4479 2096 4510 ιο-

518 4479 1026 4601 (μιετίσγὸυονηοάο
1072 4537 1117 4601 te
1160 4529 1330 4601 audiri
1370 4546 1401 4581 a
1443 4528 1550 4582 Deo
1590 4529 1851 4600 postulas,
1891 4545 2008 4581 cum
2049 4537 2099 4584 te

517 4597 627 4673 ipse
655 4619 759 4657 non
791 4602 1021 4654 audias?
1047 4600 1121 4673 vis
1151 4615 1257 4652 esse
1287 4597 1454 4653 Deum
1492 4597 1766 4654 memorem
1812 4601 1886 4652 tui
1911 4643 1925 4667 ,
1973 4616 2090 4653 cum

517 4671 670 4746 rogas
690 4715 706 4741 ,
748 4675 956 4742 quando
998 4682 1052 4724 tu
1100 4671 1210 4737 ipse
1253 4686 1459 4746 memor,
1485 4673 1560 4724 tui
1592 4688 1694 4726 non
1721 4673 1789 4724 sis
1811 4673 1836 4724 ?
1863 4673 1956 4746 hoc
1985 4680 2091 4737 est,
2121 4686 2173 4745 D

517 4744 752 4799 abhoste
782 4745 835 4798 in
867 4753 1025 4796 totum
1055 4757 1158 4794 non
1187 4757 1366 4795 cavere
1391 4761 1408 4806 ;
1441 4744 1536 4796 hoc
1565 4751 1639 4796 est
1663 4785 1677 4808 ,
1725 4744 1934 4812 quando
1977 4757 2094 4796 oras

517 4815 684 4870 Deum
704 4857 719 4879 ,
750 4817 1062 4884 majestatem
1095 4811 1187 4866 Dei
1213 4814 1522 4884 negligentia
1545 4813 1804 4880 o/fendere
1827 4831 1843 4877 ;
1871 4812 1972 4884 hoc
1995 4823 2092 4882 est,

517 4887 730 4956 vigilare
760 4882 918 4939 oculis
941 4925 955 4946 ,
990 4893 1038 4940 et
1068 4883 1220 4956 corde
1251 4882 1474 4956 dormire
1497 4902 1517 4950 ;
1548 4902 1664 4938 cum
1705 4886 1882 4937 debeat
1914 4882 2093 4956 Chris-

517 4954 684 5013 tianus
733 4966 777 5010 et
826 4972 942 5010 cum
985 4955 1175 5008 dormit
1221 4954 1412 5026 oculis,
1468 4958 1626 5009 corde
1668 4957 1918 5026 vigilare,
1968 4955 2097 5010 sicut

516 5029 763 5097 scriptum
794 5037 866 5082 est
897 5043 962 5098 ea:
987 5042 1208 5098 persona
1240 5025 1487 5081 Ecclesia:
1515 5025 1768 5096 loquentis
1799 5028 1850 5080 in
1879 5025 2096 5098 Cantica

516 5096 836 5153 canticorum
861 5115 878 5151 :
910 5096 1021 5168 Ego
1047 5097 1278 5170 dormio,
1308 5106 1354 5150 et
1384 5113 1471 5150 cor
1499 5114 1667 5151 meum
1697 5099 1876 5170 vigilat
1905 5096 2094 5170 (Cant.

515 5182 550 5224 ν
571 5171 611 5240 ).
649 5167 974 5240 Quapropter
1005 5167 1224 5240 sollicite
1262 5179 1498 5240 etucaute
1537 5167 1829 5240 Apostolus
1856 5167 2097 5223 admonet

515 5237 688 5296 dicens
711 5256 727 5293 :
761 5237 956 5294 lnstate
982 5238 1202 5293 orationi
1228 5237 1496 5311 vigilantes
1524 5241 1578 5292 in
1609 5256 1668 5293 ea
1696 5238 1832 5308 (ϐοιῖ
1852 5241 1964 5311 ἰν),
1997 5240 2097 5311 do-

514 5328 633 5366 cens
663 5313 851 5365 scilicet
878 5319 924 5364 et
952 5314 1223 5381 ostendens
1247 5310 1333 5364 eos
1361 5311 1637 5381 impetrare
1664 5312 1801 5377 quod
1834 5310 2095 5380 postulant

513 5383 578 5456 de
606 5383 712 5456 Deo
741 5399 919 5456 posse,
952 5380 1243 5456 quos_Deus
1273 5380 1456 5456 viderit
1497 5385 1550 5436 in
1593 5383 1820 5456 oratione
1858 5382 2092 5456 vigilare.

512 5451 588 5514 Ita
635 5454 692 5510 S.
721 5451 1042 5526 tiyprianns.
1087 5452 1142 5506 In
1185 5468 1304 5526 qua:
1344 5454 1506 5526 verba
1547 5452 1719 5508 sancti
1761 5451 2000 5526 doctoris
2040 5464 2097 5511 et

512 5523 792 5597 martyris,
813 5543 838 5576 a
863 5524 1124 5597 Gratiano
1151 5523 1730 5596 eitata-(DeConsecra.
1756 5524 1874 5578 dist.
1898 5528 1948 5590 l,
1970 5541 2090 5594 cap.

516 5594 758 5666 Quando)
782 5639 797 5661 ,
829 5598 1020 5651 doctor
1050 5594 1323 5666 Navarrus
1355 5594 1490 5651 satis
1529 5599 1766 5665 amplum
1811 5606 1865 5650 et
1907 5598 2090 5650 utilem

511 5669 681 5723 edidit
711 5670 1162 5722 commentarium
1188 5708 1204 5734 ,
1238 5665 1331 5736 qui
1361 5667 1428 5722 de
1458 5673 1706 5725 oratione
1733 5678 1788 5722 et
1827 5667 1973 5722 horis
2003 5682 2094 5723 ea-

511 5739 722 5798 uOnicis
748 5739 1080 5794 inscribitur.

584 5806 614 5848 ³
639 5809 714 5865 Ita
742 5810 1057 5884 Cuycbius;
1089 5826 1197 5884 qua
1227 5827 1362 5870 voce
1392 5826 1524 5868 usus
1551 5812 1710 5870 etiam
1739 5811 1804 5867 D.
1831 5809 2098 5884 Hierony-

2205 2475 2325 2516 mus
2365 2461 2419 2516 in
2469 2463 2739 2531 prooemio
2780 2461 2880 2516 lib.
2911 2476 2966 2516 rv
3009 2460 3318 2516 Comment.
3364 2461 3418 2515 in
3463 2459 3760 2517 Jeremiam
3790 2506 3809 2529 ,

2205 2547 2437 2602 eamque
2489 2531 2904 2599 impeccantiam
2961 2531 3211 2587 similiter
3265 2532 3676 2602 interpretatur.
3731 2534 3811 2588 At

2205 2602 2500 2683 Ciaconius
2524 2605 2888 2683 ἀναμαρτήτου
2920 2603 3082 2683 legit:
3114 2602 3254 2672 quod
3286 2604 3399 2658 lere
3432 2604 3580 2683 idem
3609 2613 3729 2683 est,
3762 2605 3812 2659 si

2203 2676 2263 2731 τὸ
2288 2675 2646 2748 ἀναμάρτητοὺ
2675 2675 3020 2748 substantive
3045 2686 3313 2748 sumatur,
3345 2676 3810 2748 quemadmodum

2207 2744 2604 2817 sumitur'cap.
2634 2749 2700 2803 21
2752 2756 2808 2803 et
2856 2744 3052 2800 ultimo
3102 2745 3263 2813 hujus
3307 2747 3660 2814 collationis,
3716 2748 3810 2802 ubi

2209 2818 2490 2891 quaeritur.
2520 2830 2693 2874 utrum
2729 2817 3363 2891 possibilesitghumange
3405 2820 3712 2873 substantia:
3754 2819 3811 2874 τό

2209 2890 2590 2967 ἀναμάρτητον-
2615 2888 2898 2967 possidere.
2943 2889 3112 2945 Sicuti
3133 2888 3294 2967 _apud_
3316 2888 3575 2954 Latinos,
3611 2891 3656 2945 si
3692 2905 3810 2945 rem

2211 2961 2458 3029 Specte's,
2491 2963 2685 3018 eadem
2716 2971 2844 3018 sunt
2870 2962 3180 3015 innocentia
3203 2970 3261 3014 et
3284 2961 3632 3016 innocentem
3663 2975 3810 3027 esse,

2211 3041 2306 3110 aut
2333 3033 2451 3110 sine
2485 3043 2732 3110 peccato,
2761 3032 2901 3104 quod
2917 3035 3154 3110 proprie
3189 3031 3395 3086 dicitur
3423 3035 3808 3110 ἀναμάρτητον.

2214 3099 2310 3184 Est
2351 3099 2496 3184 enim
2541 3099 2804 3184 ἁμαρτίαι
2845 3099 3622 3184 νεϊὰμάρτημα-ρθοοεειίωξ
3662 3109 3811 3184 unde

2213 3174 2616 3250 dvapa'tpmoc,
2639 3174 2692 3230 t'd
2723 3184 2839 3241 est,
2873 3174 3111 3250 vacuus,
3137 3174 3236 3250 aut
3264 3174 3546 3250 immunis_
3577 3191 3619 3250 a7
3647 3177 3810 3250 culpa

2215 3256 2270 3298 et
2300 3245 2540 3315 peccato.
2578 3247 2846 3302 Caeterum
2880 3263 2988 3302 non
3021 3245 3149 3300 mihi
3179 3246 3376 3315 placet,
3403 3263 3507 3302 nec
3533 3246 3661 3302 huic
3683 3247 3808 3302 loco

2205 3317 2496 3393 congruit,
2526 3320 2670 3388 quod
2699 3317 2990 3393 Ciaconius
3019 3319 3378 3393 ἀναμρφτητῳ
3403 3320 3566 3372 vertit
3599 3321 3807 3393 impec-

2207 3389 2560 3470 cabil-itatem.
2588 3391 2985 3470 Ἀναμὰρτητον,
3017 3389 3226 3470 inquit,
3261 3398 3336 3470 est
3363 3391 3769 3470 i_mpeccab_il_i_tas
3788 3435 3804 3457 ,

2202 3460 2310 3542 sive
2335 3460 2905 3542 impeccantia,_q'uasi
2940 3477 3070 3517 vero
3097 3461 3238 3514 idem
3267 3461 3342 3516 sit
3374 3460 3808 3542 impcccabilitas

2205 3540 2261 3586 et
2292 3532 2686 3600 impeccantia:
2723 3533 2824 3588 hoc
2852 3540 2938 3589 est
2959 3574 2973 3598 ,
3002 3547 3108 3587 non
3144 3546 3312 3600 posse
3343 3547 3575 3602 peccare
3595 3576 3612 3600 ,
3656 3532 3808 3604 quod

2205 3611 2289 3658 est
2318 3604 2781 3674 impeccabilitas;
2812 3613 2868 3658 et
2908 3620 3017 3659 non
3063 3618 3329 3672 peccare,
3378 3605 3463 3661 vel
3511 3620 3637 3660 esse
3679 3607 3805 3660 sine

2205 3685 2464 3756 peccato,
2499 3676 2644 3756 quod
2672 3686 2754 3730 est
2797 3675 3186 3756 imneccantia;
3213 3674 3490 3756 Latinius,
3535 3681 3806 3756 Innocen-

2207 3747 2275 3800 tia
2299 3786 2316 3812 ,
2349 3747 2634 3817 integritas
2654 3791 2668 3813 ,
2701 3756 2797 3801 aut
2825 3748 2998 3817 culpa:
3025 3747 3286 3801 vacuitas.
3330 3747 3462 3815 Quae
3488 3763 3624 3804 sane
3655 3749 3804 3802 inul-

2205 3825 2320 3871 tum
2346 3817 2566 3874 dill‘erre
2593 3833 2754 3874 nemo
2787 3833 2896 3873 non
2926 3817 3106 3885 videt,
3150 3819 3308 3872 sicuti
3358 3820 3588 3873 multum
3635 3819 3802 3875 diffe-

2204 3898 2366 3956 runt,
2399 3903 2504 3944 n0n
2552 3905 2715 3960 posse
2744 3904 3000 3960 peccare,
3035 3904 3133 3944 seu
3179 3890 3590 3960 impeccabilem
3635 3906 3760 3946 esse
3785 3936 3799 3957 ,

2203 3968 2261 4032 et
2292 3974 2455 4029 posse
2497 3959 2603 4016 neu
2650 3959 2918 4031 peccare:
2955 3977 3061 4016 non
3105 3975 3267 4031 posse
3308 3959 3477 4027 mori,
3528 3962 3671 4032 quod
3716 3972 3804 4016 est

2203 4029 2454 4087 absolute
2487 4029 2850 4087 immortalem
2878 4047 3036 4098 esse,
3081 4029 3137 4087 et
3178 4047 3338 4102 posse
3379 4048 3486 4087 non
3534 4029 3704 4096 mori,
3743 4046 3803 4086 ut

2203 4110 2422 4227 goterat
2489 4103 2661 4158 Adam
2722 4103 2777 4157 in
2839 4113 2980 4158 statu
3042 4104 3392 4158 innocentiaa.
3453 4103 3558 4158 Sed
3624 4119 3804 4171 nequc

2247 4174 2484 4227 eriotura
2505 4217 2521 4227 .
2550 4189 2725 4227 neque
2758 4174 2945 4227 Patres
2972 4189 3159 4227 vocem
3192 4177 3548 4227 ἀναιιὰοτητον
3587 4175 3665 4227 ita
3706 4190 3802 4227 ac-

2247 4174 2491 4251 eripturn
2505 4217 2521 4242 ,
2550 4189 2725 4251 neque
2758 4174 3548 4251 Patres‘vocemn‘wapa'mjm-rov
3587 4175 3665 4251 ita
3706 4190 3802 4229 ac—

2201 4245 2430 4326 cipiunt.
2459 4244 2739 4326 Scriptura
2761 4244 2988 4300 Joannis
3009 4262 3110 4302 vnt
3130 4263 3143 4298 :
3164 4244 3222 4300 ‘0
3249 4244 3610 4326 similemne
3631 4248 3797 4318 ὑμῶν,

2203 4316 2256 4370 id
2288 4327 2370 4371 est
2391 4360 2404 4384 ,
2435 4319 2525 4389 qui
2555 4318 2665 4371 sine
2693 4328 2901 4389 peccato
2945 4328 3019 4370 est
3064 4327 3313 4389 vestrum,
3348 4316 3443 4372 uti
3484 4316 3751 4372 habemus
3781 4335 3796 4381 ;

2203 4403 2309 4441 non
2334 4430 2350 4453 ,
2403 4388 2493 4456 qui
2534 4388 2906 4458 impeécabilis
2938 4399 3042 4443 est.
3076 4389 3137 4442 D.
3175 4388 3538 4458 Hieronymus
3583 4389 3636 4443 in
3682 4391 3801 4458 epi-

2205 4459 2341 4512 stola
2363 4459 2430 4512 ad
2445 4458 2878 4530 Ctesiphontem,
2909 4460 3232 4530 Pelagianos
3259 4469 3314 4514 et
3337 4475 3526 4515 eorum
3556 4459 3800 4514 fautores

2203 4529 2538 4599 redarguens
2563 4549 2576 4583 :
2611 4529 2818 4584 Pudeat
2843 4575 2858 4599 ,
2888 4529 3062 4603 inquit
3084 4571 3099 4595 ,
3128 4531 3420 4603 principum
3450 4541 3496 4586 et
3540 4531 3801 4603 sociorum

2202 4617 2411 4653 suorum
2432 4646 2446 4667 ,
2477 4603 2564 4671 qui
2594 4603 2738 4656 aiunt
2761 4617 2907 4671 posse
2931 4601 3188 4655 hominem
3210 4601 3320 4656 sine
3347 4612 3557 4671 peccato
3581 4615 3692 4657 esse
3715 4644 3729 4667 ,
3755 4602 3800 4656 si

2200 4673 2354 4749 uelit,
2387 4674 2526 4749 quod
2573 4671 2741 4749 (ἐνίεᾲ
2783 4676 2964 4749 dicunt
3007 4675 3376 4749 ἀναμάρτητον.
3424 4672 3493 4727 Et
3536 4675 3661 4745 quia
3702 4676 3799 4749 hoc

2201 4741 2553 4817 Ecclesiarum
2581 4761 2670 4816 per
2701 4744 2963 4798 Orientem
2987 4741 3138 4817 aures
3167 4741 3300 4817 ferre
3327 4762 3426 4799 non
3456 4741 3698 4817 possunt,
3728 4745 3798 4797 si-

2199 4814 2398 4894 mulant
2428 4832 2482 4868 se
2507 4814 2850 4894 sine_pcccato
2876 4817 3078 4894 quidem
3105 4814 3292 4894 dicere,
3321 4817 3411 4870 sed
3433 4816 3794 4894 ἀναμάρτηῖοῖ

2201 4886 2369 4940 dicere
2401 4903 2504 4939 non
2533 4886 2721 4941 audere
2746 4903 2765 4940 :
2794 4888 2940 4958 quasi
2972 4887 3117 4940 aliud
3145 4888 3210 4940 sit
3237 4889 3346 4940 sine
3371 4886 3624 4958 peccato;
3647 4887 3795 4958 aliud

2199 4958 2600 5032 ᾀγαμάρτητονς
2653 4967 2701 5012 et
2740 4973 2851 5032 non
2887 4955 3121 5032 Graecum
3152 4955 3482 5032 sermonem,
3525 4962 3614 5029 qui
3656 4957 3792 5029 apud

2198 5027 2320 5082 illos
2351 5027 2666 5098 compositus
2706 5038 2779 5083 est
2818 5029 3016 5082 duobus
3055 5029 3219 5082 verbis
3257 5045 3420 5083 sermo
3453 5027 3795 5084 Latinus’ex—

2199 5103 2461 5175 presserit.
2505 5102 2579 5154 tta
2622 5099 3080 5175 D._Hieronymus
3109 5102 3496 5175 ἀναμάρτητον,
3542 5117 3662 5175 ιιυῃ
3697 5101 3792 5153 im-

2152 5183 2160 5194 °
2202 5171 2570 5240 peccabilem,
2622 5171 2715 5227 sed
2759 5187 2865 5227 non
2911 5171 3407 5242 peccanteni,'seu
3453 5173 3664 5242 peccati
3705 5185 3791 5224 es-

2203 5254 2409 5310 pertem
2453 5252 2507 5297 et
2551 5244 2820 5298 insontem
2865 5243 3268 5312 interpretans,
3309 5253 3399 5309 et,
3444 5253 3502 5298 ut
3536 5247 3651 5313 ipse
3681 5242 3832 5302 ait.-

2200 5313 2398 5382 duobus
2425 5313 2618 5379 verbis,
2655 5330 2880 5382 nempe,
2911 5315 3028 5368 sine
3063 5327 3306 5382 peccato.
3349 5315 3618 5372 Similiter
3651 5313 3792 5370 Elias

2198 5381 2495 5448 Cretensis.
2544 5381 2793 5457 Gregorii
2823 5381 3146 5440 Nazianzeni
3196 5386 3516 5442 scholiastes
3549 5387 3795 5457 Graecus,

2198 5457 2444 5511 Oratione
2474 5458 2508 5511 5
2534 5475 2544 5509 :
2577 5456 2781 5526 Homo,
2813 5459 3015 5525 inquit,
3045 5460 3400 5533 ἀναμάρτητος
3424 5459 3636 5530 quidem
3658 5499 3674 5522 ,
3700 5456 3797 5509 hoc

2197 5538 2301 5592 est,
2332 5539 2540 5603 peccato
2568 5544 2756 5582 vacuus
2795 5538 2993 5581 creatus
3035 5541 3149 5595 est;
3189 5532 3562 5603 ἀναμάρτητος
3587 5537 3790 5595 autem,

2197 5614 2300 5651 non
2331 5600 2468 5670 quod
2499 5601 2551 5652 in
2577 5617 2692 5653 eum
2722 5610 2981 5670 peceatum
3013 5617 3111 5654 non
3142 5602 3324 5667 cadat,
3357 5600 3447 5656 sed
3473 5602 3599 5671 quia
3625 5603 3793 5665 ipsum

2202 5686 2412 5744 peccare
2438 5687 2538 5724 non
2565 5672 2618 5744 in
2646 5683 2829 5726 natura
2857 5672 3024 5734 habet,
3049 5687 3217 5725 verum
3247 5673 3417 5744 potius
3443 5675 3494 5726 in
3517 5671 3788 5744 electione,

2203 5751 2260 5795 ut
2288 5743 2374 5817 qui
2407 5753 2452 5796 et
2480 5745 2533 5797 in
2573 5743 2706 5817 bono
2744 5759 2965 5817 manere
2989 5759 3049 5796 ac
3087 5741 3334 5813 proﬁcere
3375 5744 3570 5817 possit,
3603 5741 3792 5796 diuina

2205 5815 2389 5884 gratim
2414 5831 2512 5888 ope
2537 5813 2846 5884 accedente;
2872 5823 2922 5870 et
2947 5815 3068 5871 item
3091 5855 3106 5884 ,
3136 5813 3457 5888 permittente
3485 5813 3602 5871 Deo
3623 5854 3639 5885 ,
3669 5827 3790 5886 pro-
