4092 6322
573 310 722 377 tass
1023 285 1026 288 ’

1033 385 1142 436 tim:
1155 417 1170 432 .

561 445 688 490 cum
717 437 940 500 sublimi
971 446 992 464 '-
1033 402 1243 556 la;
1284 402 1461 445 “leam
1507 402 1606 457 PI‘O
1649 402 1760 439 vna
1799 402 1864 440 ac
1905 402 2083 440 salute

559 502 744 583 nostra
767 573 782 594 ,
813 473 1136 594 “(1:33”;
1205 482 1426 554 ‘llcujus
1455 481 1591 586 lucri
1624 478 1912 583 commodo
1951 491 2083 584 sup.

767 573 782 600 9
803 551 909 643 γεεᾲ
942 551 1223 633 ﬂmmeum
1251 585 1307 632 et
1332 551 1529 630 mentis
1554 584 1606 629 ct
1635 573 1882 643 corporis
1911 573 2083 626 aciem

555 615 820 685 plicamus
880 640 990 691 tota
1096 615 1223 681 me...
1251 615 1307 632 ν,
1332 615 1529 679 aur-Isle:
1555 615 1606 629 υ.
1636 615 1718 628 vv.
1736 615 1882 676 ri"-
1911 615 2082 626 nam"

552 671 851 766 deﬂuant“:
915 653 1088 766 δᾸιιι
1119 684 1238 741 ejus
1269 667 1476 738 trepida
1507 675 1920 736 exspectatione
1952 678 2082 734 pen.

662 729 851 828 ἔξωθε
867 728 1234 824 mediocriter
1261 728 1656 827 formidantes,
1689 773 1758 814 ne
1779 756 1924 828 quod
1950 728 2090 811 iorte

548 799 739 864 demus
867 799 1224 824 ""°““’“""°'
1262 799 1656 827 ’ν’-ι’·υωηνσ,
1689 799 1758 814 --υ
1780 799 1924 862 νιν-ἰνν-
1951 799 2090 811 ..η-ν

544 829 864 974 ἱιιεριιυίκΞέῗ
893 861 1254 930 incongruum
1282 857 1504 974 verbum
1535 851 1964 974 misericordiam
1995 865 2090 904 au-

744 961 985 974 “"““‘
1036 960 1145 974 ‘----
1202 949 1319 974 λιιι-
1369 964 1394 974 Α
1442 948 1484 974 ..ι
1534 945 1685 974 ...ηερ
1733 945 1784 974 ε..
1859 958 1955 974 mm
1999 949 2089 974 an,

538 942 988 1050 aiggf’avcrtat;
1017 960 1148 1050 tum
1199 948 1488 1050 deinde-si
1533 945 1688 1002 nobis
1733 945 1786 1048 in
1837 942 1955 1047 foro
1999 949 2093 996 aut

529 1036 736 1148 ίιξιῖὗιιι
787 1044 1128 1100 saecularium
1184 1040 1546 1096 tribunalibus
1593 1036 1948 1148 constitutis,
2005 1048 2092 1088 as-

527 1129 727 1196 ἷέιειιιε
759 1139 923 1195 etiam
957 1146 1178 1194 econtra
1229 1133 1581 1199 adversario,
1615 1131 1668 1186 in
1701 1129 1876 1184 media
1904 1142 2094 1199 prose-

497 1233 718 1291 cutione
771 1239 934 1302 atque
982 1227 1278 1294 conﬂictu,
1336 1224 1537 1291 tussis,
1591 1229 1864 1287 screatus,
1915 1219 2089 1285 risus,

401 1305 416 1320 ll
498 1325 784 1391 oscitatio,
841 1337 1067 1378 somnus
1117 1318 1457 1390 obrepserit,
1507 1325 1706 1387 quanta
1747 1314 1801 1368 in
1854 1309 2097 1382 pernicie

503 1430 747 1476 nostram
776 1414 1218 1488 vigilantissimns
1247 1411 1496 1466 inimicus
1527 1408 1871 1465 severitatem
1898 1403 2097 1475 judicis

501 1512 870 1572 commovebit
899 1509 1143 1566 invidia?
1175 1507 1392 1576 Quanto
1425 1503 1594 1574 magis
1621 1517 1745 1557 cum
1790 1500 1867 1554 illi
1911 1496 2098 1553 occul-

502 1617 683 1666 torqu
715 1607 957 1663 omnium
991 1602 1259 1674 cognitori
1317 1614 1417 1670 pro
1466 1596 1766 1653 imminenti
1820 1601 2096 1664 perpetuae

506 1703 702 1760 mortis
734 1699 975 1772 periculo
1002 1695 1369 1767 supplicamus
1390 1733 1405 1758 ,
1435 1689 1744 1762 praesertim
1783 1703 1902 1743 cum
1943 1701 1974 1741 e
2016 1683 2100 1740 di-

1235 346 1244 351 -
1557 267 1841 329 JOANNIS
1877 264 2195 326 CASSIANI
2229 259 2723 321 COLLATIONES.

1284 387 1461 445 dicam
1507 401 1606 457 pro
1649 388 1760 439 vita
1799 400 1864 440 ac
1905 384 2084 440 salute
2119 390 2158 443 Α
2192 377 2542 451 cogitationis
2592 373 2861 446 improbas
2909 370 3204 430 vanitatem
3248 376 3471 429 secutus
3513 368 3703 444 [Lips.
3723 370 3790 424 in

3641 248 3790 316 “58

2191 492 2356 547 marg.
2399 471 2744 544 cogitationis
2787 468 3049 540 improba:
3089 467 3330 523 vanitate
3369 463 3639 536 securus]
3679 463 3783 520 ab-

2187 569 2465 626 scesserit.
2497 566 2580 622 llli
2608 575 2788 620 autem
2821 564 2915 633 qui
2945 563 3134 618 oculos
3162 561 3346 618 cordis
3372 557 3455 616 sui
3483 561 3789 628 contegunt

2188 677 2374 720 crasso
2403 659 2682 717 velamine
2727 657 3020 722 vitiorum,
3059 670 3163 722 ac,
3207 653 3509 711 secundum
3553 661 3786 708 senten-

2193 753 2320 809 tiam
2369 753 2707 818 Salvatoris,
2758 750 2985 804 uidentes
3025 763 3129 803 non
3167 748 3379 816 vident,
3421 755 3470 800 et
3509 744 3788 799 audientes

2193 864 2294 902 non
2320 846 2572 912 audiunt,
2591 860 2766 914 neque
2807 840 3104 914 intelligunt
3130 839 3366 913 (Matth.
3401 837 3581 911 xm),
3609 839 3697 893 vix
3729 836 3791 893 in

2193 939 2504 996 recessibus
2534 936 2768 1009 pectoris
2799 935 2886 991 sui
2915 935 3082 991 etiam
3123 933 3220 988 illa
3263 947 3384 1004 qua:
3425 946 3620 1002 magna
3663 937 3795 985 sunt

2195 1041 2250 1089 et
2297 1031 2556 1102 capitalia
2600 1030 2828 1086 crimina
2872 1027 3335 1098 contemplantur,
3387 1025 3563 1081 nullas
3608 1032 3794 1080 autem

2196 1127 2587 1198 cogitationum
2637 1123 3050 1195 subreptiones,
3097 1121 3193 1178 sed
3235 1135 3415 1192 neque
3460 1119 3586 1174 illos
3632 1118 3686 1174 in
3729 1133 3794 1174 se

2197 1223 2440 1278 lubricos
2493 1219 2849 1289 occultosque
2903 1215 3147 1286 pruritus
3201 1215 3293 1285 qui
3345 1223 3589 1270 mentem
3643 1211 3794 1266 tenui

2196 1322 2360 1386 atque
2397 1311 2588 1370 subtili
2627 1309 2978 1382 suggestione
3016 1314 3426 1378 compungunt,
3471 1319 3575 1360 nec
3615 1303 3795 1373 capti-

2201 1408 2397 1463 vitates
2441 1404 2639 1460 animae
2677 1418 2791 1460 suze
2833 1409 3060 1472 possunt
3100 1397 3344 1470 purgatis
3386 1396 3672 1452 obtutibus
3703 1397 3794 1450 in-

2200 1501 2378 1566 tueri,
2407 1499 2504 1556 sed
2535 1496 2918 1569 inverecundis
2948 1509 3166 1566 semper
3197 1491 3629 1564 cogitationibus
3661 1506 3796 1546 eva—

2199 1602 2428 1667 gantes,
2469 1607 2569 1650 nec
2613 1591 2808 1647 dolere
2849 1596 3085 1654 norunt,
3131 1603 3256 1644 cum
3297 1587 3365 1642 ab
3409 1584 3506 1640 illa
3547 1595 3802 1641 contem-

2201 1687 2486 1758 platione,
2539 1699 2658 1755 quae
2709 1680 3004 1753 singularis
3055 1687 3180 1741 est,
3235 1675 3642 1743 distrahuntur,
3699 1691 3804 1732 nec

501 1811 663 1853 verso
695 1770 922 1849 callidus
955 1790 1211 1848 seductor
1241 1787 1444 1857 pariter
1479 1795 1533 1839 et
1571 1783 1895 1839 criminator
1934 1779 2100 1834 assis-
2139 1794 2178 1851 Β
2207 1778 2413 1834 habent
2471 1777 2617 1848 quod
2681 1791 2741 1831 se
2811 1773 3029 1830 doleant
3090 1771 3340 1827 amisisse
3371 1812 3387 1839 ,
3454 1771 3656 1841 quippe
3711 1770 3806 1839 qui

504 1897 620 1956 tat,
649 1888 857 1942 intenta
884 1895 1046 1954 atque
1073 1879 1307 1937 sollicita
1330 1879 1577 1933 oratione
1602 1873 1898 1946 judicantis
1928 1873 2101 1944 pietas

505 1979 850 2052 imploranda
878 1978 995 2034 est?
1022 1976 1132 2032 Nec
1158 1974 1358 2044 injuste
1384 1987 1492 2028 non
1521 1971 1698 2025 solum
1722 1969 1824 2024 levi
1857 1978 2100 2037 peccato,

506 2073 603 2129 sed
635 2073 798 2129 etiam
829 2068 1151 2140 gravissimo
1177 2065 1407 2122 crimine
1433 2061 1732 2132 impietatis
1761 2061 2099 2129 astringitnr,

507 2167 597 2238 qui
642 2178 858 2235 precem
906 2161 1138 2217 Domino
1181 2157 1451 2222 fundens,
1501 2155 1681 2210 subito
1729 2168 1759 2206 a
1807 2159 2100 2221 conspectu

507 2259 628 2329 ejus
670 2256 824 2330 quasi
861 2255 931 2311 ab
974 2252 1148 2310 oculis
1190 2267 1298 2307 non
1330 2248 1567 2306 videntis
1601 2261 1700 2302 nec
1731 2245 2001 2300 audientis
2026 2285 2042 2311 ,
2076 2252 2103 2282 ι

2198 1880 2438 1927 mentem
2477 1883 2634 1926 suam
2676 1865 3087 1938 ingruentibus,
3119 1872 3178 1919 ut
3216 1863 3433 1919 libitum
3481 1871 3603 1930 est,
3648 1861 3807 1932 cogi-

2202 1962 2503 2019 tationibus
2551 1958 2961 2031 cxpandentes,
3014 1955 3151 2011 nihil
3204 1954 3409 2010 habent
3456 1953 3805 2024 propositum

2204 2055 2353 2128 quod
2402 2052 2781 2125 principaliter
2834 2059 3094 2113 teneant,
3141 2047 3229 2104 vel
3275 2045 3421 2119 quod
3469 2045 3808 2102 omnimodis

2203 2149 2614 2220 concupiscant.
2648 2147 2777 2203 Haec
2805 2160 2936 2201 sane
2967 2158 3068 2200 nos
3095 2144 3148 2198 in
3180 2142 3329 2198 hunc
3357 2156 3604 2198 errorem
3633 2155 3808 2197 causa

2207 2244 2510 2316 praecipitat
2535 2240 2661 2312 quia
2681 2239 2711 2279 ιι
2739 2239 3166 2317 ἀναμαρτησίας,
3195 2236 3250 2294 id
3278 2245 3364 2293 est
3381 2276 3400 2306 ,
3430 2236 3811 2308 impeccantiaa

1583 2357 1841 2415 ALARDI
1884 2355 2123 2413 GAZ/El
2159 2353 2734 2413 COMMENTARIUS.

509 2459 676 2528 magis
708 2455 930 2528 Domino
961 2454 1072 2528 Deo
1102 2453 1458 2528 universorum
1482 2469 1601 2528 cum
1638 2451 1775 2528 omni
1805 2449 2101 2528 hutnilitate

510 2539 558 2586 et
599 2519 842 2600 puritatis
883 2526 1159 2600 devotione
1187 2524 1594 2600 supplicandum
1638 2522 1753 2576 est!
1801 2519 2005 2600 Etmon
2030 2520 2103 2600 ‘in

512 2591 860 2667 multiloquio,
903 2597 994 2652 sed
1044 2591 1484 2666 puritate'cordis
1515 2603 1561 2648 ct
1601 2593 1993 2667 compunctione
2022 2591 2104 2646 la-

514 2665 815 2746 crymarum
844 2685 938 2724 nos
965 2665 1207 2724 exaudiri
1233 2668 1482 2722 sciamus.
1520 2666 1623 2722 Ubi
1654 2666 1780 2720 vide
1811 2665 2106 2719 Turrecre-

513 2757 741 2801 malum.

588 2825 616 2854 ιι
651 2813 977 2882 Evagatione
1006 2811 1220 2868 scilicet
1245 2820 1548 2882 spontanea
1576 2818 1632 2866 et
1663 2806 2002 2882 voluntaria,
2035 2806 2103 2860 de

517 2903 620 2960 qua
662 2878 938 2960 Dominus
974 2885 1247 2960 populum
1278 2878 1656 2960 :lsraeliticum
1710 2881 1850 2960 amid
1907 2878 2099 2960 lsaiarn

519 2948 838 3030 prophetam
877 2948 1080 3010 acriier
1117 2954 1467 3024 reprehendit
1491 2955 1719 3030 dicens:
1752 2948 1988 3021 Populus
2019 2948 2104 3002 hic

514 3023 664 3086 labiis
705 3045 784 3082 nte
820 3029 1080 3091 honorat;
1121 3023 1209 3078 cor
1249 3036 1421 3078 autem
1457 3039 1635 3078 eorum
1675 3023 1822 3091 longe
1867 3032 1938 3073 est
1968 3038 1999 3072 a
2026 3036 2106 3073 nte

519 3099 811 3172 (Is.xxtx).
835 3097 952 3172 Qua
981 3096 1048 3172 de
1077 3113 1134 3172 [ε
1164 3097 1400 3172 graviter
1424 3097 2106 3172 nec.minnstcongrnetner

521 3161 648 3229 huic
678 3161 797 3226 loco
827 3161 1049 3223 disserit
1076 3167 1139 3222 D.
1167 3161 1468 3235 Cyprianus
1501 3166 1598 3220 lib.
1627 3165 1694 3217 de
1717 3164 1969 3218 Oratione
2001 3161 2107 3235 Do-

522 3244 718 3299 minica
747 3257 761 3294 :
798 3238 1051 3306 Quando,
1083 3233 1291 3306 inquit,
1324 3247 1519 3290 stamus
1551 3237 1618 3289 ad
1649 3236 1958 3298 orationem,
1990 3233 2099 3302 fra-

524 3331 626 3370 tres
655 3311 971 3367 dilectissimi
991 3309 1259 3380 ,pigilare
1287 3317 1333 3362 et
1364 3308 1656 3362 incumbere
1683 3306 1751 3360 ad
1794 3321 1966 3378 preces
1986 3315 2100 3380 toto

522 3386 676 3441 (οι-(ιε
705 3385 964 3438 debemus.
994 3376 1254 3506 Codqitatio
1283 3381 1449 3434 omnis
1479 3380 1706 3433 carnalis
1747 3376 1803 3432 et
1834 3376 2103 3432 saecularis

523 3455 805 3506 abscedat.
847 3470 938 3506 nec
965 3453 1051 3506 aui
1093 3468 1248 3506 quam
1280 3460 1401 3504 tunc
1433 3454 1637 3504 animus
1666 3466 1822 3506 quam
1850 3448 1901 3502 id
1937 3448 2103 3502 solum

523 3455 805 3520 abscedat,
847 3470 938 3508 nec
965 3448 1248 3523 quidquam
1280 3460 1401 3523 tunc
1433 3454 1637 3504 animus
1666 3466 1822 3520 quam
1850 3448 1901 3502 id
1937 3448 2105 3523 solum

520 3529 706 3601 cogitet
736 3525 892 3601 quod
917 3520 1349 3601 precatur._ldeo
1391 3534 1438 3577 et
1475 3523 1715 3601 sacerdos
1755 3530 1873 3574 ante
1911 3520 2106 3601 oratio-

519 3590 657 3664 ne'nt,
689 3590 990 3667 prtefatione
1018 3595 1306 3668 prtcmissa,
1333 3604 1483 3668 parat
1515 3597 1740 3668 fratrum
1779 3601 1974 3668 mentes
2004 3590 2103 3668 _t_li-

520 3660 726 3725 cendo:
757 3660 978 3724 Sursum
1009 3660 1168 3720 corda
1187 3709 1200 3732 ,
1236 3677 1290 3719 ut
1318 3660 1442 3718 dum
1469 3660 1742 3734 respondet
1778 3663 1915 3732 plebs
1941 3676 1957 3713 :
1993 3660 2104 3714 Ha-

522 3742 696 3796 bemus
724 3740 792 3793 ad
828 3737 1104 3793 Dominum
1126 3781 1140 3803 ,
1170 3738 1506 3790 admoneatur
1535 3733 1666 3788 nihil
1694 3735 1839 3787 aliud
1870 3750 1921 3786 sc
1947 3749 2104 3802 quant

520 3812 805 3867 Dominum
849 3813 1076 3883 coyitare
1106 3807 1289 3883 debere
1315 3824 1333 3861 :
1379 3806 1668 3860 Claudutur
1697 3815 1880 3883 contra
1918 3805 2104 3883 adver—

520 3885 716 3940 sarium
747 3877 957 3945 pectus,
998 3891 1046 3934 et
1085 3880 1182 3932 soli
1225 3878 1333 3931 Deo
1372 3887 1592 3949 pateat;
1643 3893 1734 3930 nec
1776 3877 1842 3929 ad
1883 3877 2102 3949 seenim

521 3955 718 4009 hostem
746 3951 844 4007 Dei
864 3997 878 4021 ,
908 3963 1131 4020 tempore
1159 3947 1410 4021 orationis
1434 3951 1582 4021 adire
1611 3949 1876 4015 patiatur;
1906 3947 2104 4012 obrepit

522 4029 814 4096 frequenter
837 4020 883 4077 et
917 4031 1182 4092 penetrat;
1211 4031 1257 4074 et
1284 4020 1538 4096 subtiliter
1567 4021 1959 4096 fallenspreces
1983 4035 2102 4073 nos-

521 4091 629 4150 iras
671 4113 704 4149 a
748 4095 854 4149 Deo
901 4091 1077 4147 avocat
1104 4135 1117 4158 ,
1167 4103 1222 4145 ut
1265 4092 1412 4145 aliud
1443 4091 1724 4144 habeamus
1754 4093 1806 4143 in
1836 4093 2021 4156 corde,
2053 4099 2101 4144 et

521 4169 667 4222 aliud
698 4169 750 4220 in
791 4183 942 4229 voce,
970 4162 1180 4234 quando
1220 4164 1500 4218 intentione
1538 4159 1738 4218 sincera
1777 4162 1954 4214 debeat
1997 4177 2098 4214 non

521 4241 659 4294 vocis
687 4255 846 4292 sonus
867 4279 882 4303 ,
915 4236 1004 4289 sed
1033 4235 1237 4286 animus
1266 4243 1314 4287 et
1342 4251 1522 4288 sensus
1553 4250 1717 4287 orare.
1771 4234 1898 4298 Qua:
1926 4241 2099 4286 autem

521 4311 737 4382 segnitia
775 4318 848 4362 est
887 4306 1110 4382 alienari
1132 4313 1194 4382 _et
1239 4305 1352 4382 rapi
1392 4306 1578 4382 ineptis
1616 4303 2027 4382 cogitationibus
2049 4313 2100 4382 et

521 4374 957 4452 ριῖοῙιιιιὶενειιιιιΔ
991 4377 1268 4452 Dominum
1305 4374 1624 4447 deprecaris,
1661 4375 1812 4452 quasi
1851 4376 1916 4452 sit
1955 4374 2100 4429 aliud

521 4442 655 4521 quod
684 4442 846 4521 magis
875 4448 1056 4521 debeas
1082 4442 1503 4521 cogitat-equam
1533 4442 1685 4515 quod
1709 4462 1822 4521 cum
1865 4442 1976 4498 Deo
2016 4447 2098 4498 ιο.

521 4469 653 4521 quoa
684 4469 766 4503 ma
803 4469 846 4502 ts
875 4469 1056 4501 aeneas
1082 4469 1306 4518 cogitare
1349 4469 1503 4517 quam
1533 4469 1671 4515 quoa
1709 4469 1822 4500 cum
1865 4469 1976 4498 ueo
2016 4469 2098 4498 w~

520 4524 691 4591 queris
715 4525 737 4575 1’
763 4469 1029 4584 ὅυοιηοάο
1074 4527 1120 4591 te
1162 4519 1332 4591 audiri
1372 4535 1404 4570 a
1445 4517 1552 4571 Deo
1591 4517 1853 4589 postulas,
1879 4533 2010 4591 cum
2051 4524 2100 4572 te

520 4587 629 4663 ipse
659 4609 762 4646 non
793 4590 1024 4644 audias?
1049 4590 1123 4663 vis
1153 4605 1260 4643 esse
1291 4587 1456 4642 Deum
1495 4587 1767 4663 memorem
1814 4589 1888 4663 tui
1913 4631 1927 4654 ,
1975 4605 2092 4642 cum

519 4660 673 4736 rogas
693 4704 708 4730 ,
751 4666 958 4736 quando
1001 4672 1054 4714 tu
1103 4661 1213 4727 ipse
1255 4676 1462 4736 memor_
1487 4661 1561 4712 tui
1593 4677 1695 4714 non
1723 4661 1791 4712 sis
1813 4661 1838 4713 .7
1865 4660 1958 4736 hoc
1986 4668 2093 4725 est,
2123 4674 2175 4733 D

519 4733 755 4789 ab'hoste
785 4735 837 4787 in
869 4744 1027 4787 totum
1057 4748 1160 4784 non
1189 4747 1368 4784 cavere
1394 4749 1411 4795 ;
1443 4733 1538 4784 hoc
1567 4739 1680 4796 est,
1727 4733 1936 4800 quando
1978 4745 2096 4785 oras

519 4805 687 4861 Deum
707 4847 722 4870 ,
752 4807 1065 4875 majestate»:
1097 4802 1193 4875 Dei
1216 4803 1524 4872 negligentia
1548 4801 1806 4875 offendere
1829 4819 1846 4864 ;
1873 4800 1976 4875 hor
1997 4811 2094 4875 est,

519 4877 732 4946 uigilare
763 4870 921 4929 oculis
944 4915 958 4937 ,
993 4883 1041 4930 et
1071 4873 1223 4946 corde
1253 4870 1519 4946 dot-inire;
1551 4889 1666 4926 cum
1707 4874 1884 4946 debeat
1915 4870 2095 4946 Chris-

519 4942 687 5002 tidnus
735 4956 779 5001 et
829 4962 945 5000 cum
988 4945 1177 4998 dormit
1224 4942 1415 5014 oculis,
1471 4946 1628 4997 corde
1671 4944 1920 5014 vigilare,
1970 4943 2099 4997 sicut

518 5020 766 5088 scriptum
797 5027 869 5072 est
899 5033 965 5088 cf
990 5031 1214 5088 persona,
1244 5013 1489 5069 Ecclesia:
1517 5013 1770 5084 loquentis
1794 5015 1853 5088 in
1881 5013 2098 5088 C‘atttico

519 5085 839 5144 canticorum
864 5105 882 5142 :
913 5085 1024 5157 Ego
1049 5086 1280 5158 dormio,
1309 5094 1356 5139 et
1386 5102 1474 5140 cor
1502 5103 1670 5140 meum
1700 5087 1878 5158 uigilat
1907 5085 2096 5158 (Cant.

518 5173 553 5214 v
574 5161 614 5230 ).
651 5156 976 5230 (μανι-θριξὶ
1007 5156 1226 5230 sollicite
1264 5167 1501 5230 elucaute
1536 5156 1833 5230 Apostolus
1859 5156 2098 5230 admonet

517 5226 729 5287 dicens:
764 5226 958 5284 Instate
984 5227 1204 5282 orationi
1230 5226 1498 5300 vigilantes
1526 5229 1580 5282 in
1611 5245 1670 5282 ea
1698 5227 1835 5296 (Col:
1855 5229 1966 5298 ἰν),
1999 5229 2098 5300 do-

517 5319 636 5357 cens
666 5303 855 5355 scilicet
881 5309 926 5354 ct
955 5303 1225 5369 ostendens
1249 5298 1335 5352 eos
1364 5299 1639 5369 impetrare
1666 5301 1803 5367 quod
1836 5298 2097 5369 postulant

515 5374 580 5446 tle
608 5373 715 5446 Deo
743 5388 922 5446 posse,
955 5368 1245 5446 quos_Deus
1275 5368 1458 5446 viderit
1499 5373 1554 5425 in
1594 5373 1822 5446 oratione
1860 5370 2094 5442 vigilare.

515 5443 591 5505 Ita
637 5445 694 5500 S.
723 5441 1044 5516 Cyprianus.
1089 5441 1144 5495 In
1187 5456 1306 5516 quae
1346 5443 1508 5516 verba
1549 5442 1721 5498 sancti
1763 5441 2003 5516 docturis
2043 5451 2098 5498 et

515 5512 794 5587 martyris,
815 5533 841 5566 ιι
865 5513 1126 5587 Gratiano
1153 5513 1314 5567 citata
1331 5512 1445 5585 (De
1457 5513 1731 5569 Consecra.
1758 5513 1876 5566 dist.
1901 5516 1950 5579 l,
1973 5529 2092 5587 cap.

518 5583 800 5656 Quando),
831 5587 1023 5641 doctor
1051 5583 1325 5656 Navarrus
1355 5583 1492 5640 satis
1531 5589 1768 5654 amplum
1813 5594 1867 5656 et
1909 5586 2092 5638 utilem

513 5659 683 5714 edidit
713 5655 1164 5711 cemmentarium
1190 5698 1206 5724 ,
1240 5655 1333 5726 qui
1363 5656 1430 5712 de
1460 5661 1707 5714 oratione
1735 5666 1790 5710 et
1828 5655 1975 5711 horis
2005 5670 2096 5712 ca-

513 5730 724 5789 nOnicis
750 5729 1082 5783 inscribitur.

586 5797 615 5839 ³
639 5799 715 5856 ita
745 5800 1018 5871 Cuychius
1044 5817 1059 5873 ;
1091 5815 1198 5873 qua
1229 5815 1365 5859 voce
1395 5814 1526 5856 usus
1553 5800 1712 5858 etiam
1741 5799 1805 5855 D.
1834 5798 2100 5872 Hierony-

2205 2464 2325 2504 mus
2366 2449 2420 2505 in
2469 2452 2740 2520 prommio
2781 2450 2880 2504 lib.
2912 2465 2966 2505 tv
3009 2449 3319 2504 Comment.
3365 2449 3418 2504 in
3463 2448 3755 2505 Jeremiam
3787 2495 3808 2518 ,

2205 2536 2438 2592 eamque
2473 2519 2929 2592 ’impeccantiam
2962 2519 3211 2576 similiter
3239 2521 3676 2592 interpretatur.
3729 2521 3809 2578 Λι

2205 2591 2500 2672 Ciaconitts
2525 2594 2888 2672 a'tvottsctp'rri‘rou
2920 2591 3083 2672 legit:
3114 2591 3255 2661 quod
3287 2591 3579 2672 lere’idem-
3608 2601 3728 2672 est_,
3758 2593 3810 2648 si

2204 2665 2264 2720 τὸ
2289 2663 2646 2738 ἀναμάρτητοῦ
2676 2663 3020 2738 substantive
3045 2675 3314 2738 sumatur,
3345 2664 3810 2738 quemadmodum

2208 2733 2605 2806 sutnitur'cap.
2635 2737 2700 2792 2!
2753 2745 2808 2792 et
2857 2733 3052 2806 ultimo
3103 2734 3264 2806 hujus
3308 2737 3658 2802 collationis,
3713 2736 3808 2790 ubi

2209 2807 2491 2880 quaeritur,
2520 2805 2694 2862 utrum
2730 2805 2974 2880 possibile
2988 2805 3364 2880 _sit_humana:
3406 2808 3711 2862 substantiw
3751 2807 3810 2863 τό

2210 2879 2591 2956 ἀναμάρτητον-
2616 2877 2898 2956 possidere.
2943 2877 3112 2933 Sicuti
3134 2878 3295 2956 apud
3317 2877 3572 2942 Latinos,
3609 2880 3654 2934 si
3690 2893 3809 2933 rem

2211 2949 2460 3018 spectes,
2492 2949 2685 3007 eadem
2717 2959 2844 3007 sunt
2870 2951 3181 3004 innocentia
3205 2959 3262 3003 et
3284 2949 3629 3004 innocentem
3659 2963 3809 3015 esse,

2211 3031 2306 3098 aut
2333 3023 2452 3098 sine
2485 3031 2733 3098 peccato,
2761 3021 2902 3092 quod
2918 3023 3154 3098 pronrie
3191 3019 3395 3075 dicitur
3422 3023 3806 3098 ἀναμάρτητον.

2214 3089 2311 3173 Est
2352 3089 2497 3173 enim
2541 3089 2803 3173 inpotprint,
2844 3089 3621 3173 νει-ἁμάρτημαφθεοδιιίηιξ
3663 3096 3810 3173 unde

2214 3162 2617 3240 ἀναμάρτητος-ζ
2640 3162 2692 3219 id
2723 3173 2838 3230 est,
2873 3162 3112 3240 vacuus,
3138 3162 3237 3240 ant
3264 3162 3545 3240 immunis_
3575 3178 3619 3240 a_
3645 3165 3809 3240 culpa

2216 3245 2271 3288 et
2301 3234 2541 3304 peécato.
2579 3235 2846 3292 Caeterum
2879 3251 2988 3290 non
3022 3234 3150 3288 mihi
3179 3235 3376 3303 placet,
3403 3250 3507 3290 nec
3531 3234 3658 3290 huic
3682 3235 3809 3292 loco

2129 3290 2173 3352 C
2207 3290 2461 3388 congruit
2482 3349 2498 3373 ,
2527 3290 2671 3377 quod
2699 3306 2991 3388 Ciaconius
3019 3290 3379 3388 ᾲναμᾷρτητριξ
3403 3308 3565 3361 vertit
3595 3290 3808 3388 impecé

2209 3379 2562 3460 cabilitatem.
2589 3380 2986 3460 ‘Ayaptipm‘fov,
3017 3378 3226 3460 inquit,
3261 3386 3335 3460 est
3363 3378 3766 3460 impeccabiloitas
3785 3423 3803 3445 ,

2203 3449 2312 3503 sive
2336 3449 2717 3517 impeccantia,
2747 3449 2905 3517 q'uasi
2941 3465 3071 3505 vero
3097 3450 3238 3503 idem
3268 3450 3341 3504 sit
3374 3449 3808 3519 impeccabilitas

2207 3529 2263 3575 et
2293 3521 2686 3590 impeccantia;
2723 3521 2824 3576 hoc
2853 3528 2938 3576 est
2959 3562 2974 3586 ,
3003 3535 3109 3575 non
3145 3534 3311 3588 posse
3342 3535 3573 3590 peccare
3594 3564 3611 3588 ,
3654 3520 3808 3592 quod

2207 3601 2290 3646 est
2319 3593 2781 3663 impeccabilitas;
2813 3600 2868 3646 et
2909 3607 3018 3648 non
3063 3605 3329 3663 peccare,
3378 3593 3464 3648 vel
3511 3607 3636 3648 esse
3678 3595 3805 3648 sine

2207 3661 2465 3746 peccato,
2500 3664 2645 3746 quod
2673 3674 2755 3719 εει
2797 3663 3186 3746 ιιιιιιεεοειιιιὶιιέ
3213 3661 3492 3746 Latinius,
3535 3669 3807 3746 innocen-

2208 3735 2277 3788 tia
2301 3775 2317 3800 ,
2350 3736 2669 3805 integritas,
2703 3745 2798 3790 aut
2825 3737 2998 3806 culpa:
3026 3735 3286 3789 vacuitas.
3331 3735 3464 3802 Quae
3489 3750 3624 3791 sane
3654 3736 3806 3790 mul-

2207 3814 2320 3860 tum
2347 3806 2566 3862 dill‘erre
2594 3822 2756 3862 nemo
2788 3822 2898 3862 non
2927 3806 3106 3873 videt,
3150 3807 3310 3860 sicuti
3359 3807 3588 3861 multum
3635 3807 3803 3864 dill'e-

2206 3887 2367 3945 runt,
2399 3892 2506 3933 non
2553 3893 2716 3948 posse
2745 3893 3002 3948 peccare,
3035 3892 3133 3932 seu
3179 3878 3590 3948 impeccabilem
3635 3893 3762 3934 esse
3783 3924 3799 3947 ,

2205 3957 2262 4021 et
2293 3963 2456 4018 posse
2499 3947 2604 4004 ιιόιι
2650 3947 2919 4019 peccare:
2955 3964 3061 4004 non
3106 3962 3267 4018 posse
3309 3947 3479 4014 mori,
3529 3951 3671 4021 quod
3719 3960 3806 4005 est

2205 4018 2455 4075 absolute
2488 4018 2850 4076 immortalem
2878 4035 3037 4086 esse,
3082 4030 3138 4075 et
3178 4035 3340 4090 posse
3380 4036 3488 4075 non
3535 4018 3708 4085 mori,
3745 4034 3806 4074 ut

2208 4099 2423 4160 poterat
2489 4092 2663 4146 Adam
2723 4091 2778 4146 in
2839 4101 2980 4147 statu
3043 4092 3393 4146 innocentiae.
3454 4091 3559 4146 Sed
3625 4107 3807 4160 neque

2205 4159 2491 4238 Scriptura
2505 4205 2522 4230 ,
2551 4179 2726 4238 neque
2759 4163 3550 4238 Patresvocema‘waua'mrnrov
3590 4163 3668 4238 ita
3712 4159 3806 4218 ac-

2203 4233 2431 4314 cipiunt.
2460 4233 2739 4314 scriptura
2761 4233 2988 4289 Joannis
3009 4250 3112 4290 vttt
3131 4251 3143 4286 :
3165 4233 3223 4288 '0
3250 4233 3612 4314 ἀὺαμάρτῃτρς
3635 4237 3801 4307 ὑμῶν,

2205 4303 2256 4358 id
2289 4316 2372 4360 est
2393 4349 2407 4373 ,
2437 4307 2526 4378 qui
2555 4306 2666 4360 sine
2693 4316 2902 4378 peccato
2946 4315 3019 4359 est
3063 4314 3281 4378 uestrum
3301 4348 3315 4368 ,
3349 4303 3445 4360 'trt'i
3487 4303 3754 4361 habemus
3783 4323 3800 4370 ;

2204 4391 2310 4430 non
2337 4419 2351 4441 ,
2405 4377 2495 4447 qui
2536 4376 2906 4446 impeccabilis
2938 4387 3042 4431 est.
3077 4377 3137 4430 D.
3175 4376 3540 4447 Hieronymus
3584 4378 3638 4431 in
3685 4380 3806 4446 epi-

2206 4447 2344 4501 stola
2364 4447 2431 4500 ad
2447 4446 2878 4518 Ctesiphontem,
2909 4448 3234 4518 Pelagianos
3261 4457 3315 4503 et
3339 4446 3528 4504 eorum
3557 4447 3805 4503 fautores

2204 4518 2539 4587 redarguens
2558 4537 2577 4592 7:
2612 4517 2818 4592 Pudeat
2844 4564 2859 4586 ,
2889 4517 3063 4592 inquit
3085 4561 3100 4584 ,
3129 4520 3424 4592 principum
3453 4530 3500 4574 et
3541 4519 3806 4592 sociorum

2204 4605 2414 4642 suorum
2433 4635 2448 4656 ,
2479 4591 2566 4659 qui
2595 4591 2739 4644 aiunt
2761 4606 2908 4659 posse
2932 4590 3190 4644 hominem
3211 4590 3323 4645 sine
3350 4601 3557 4660 peccato
3581 4604 3695 4645 esse
3719 4632 3734 4657 ,
3760 4591 3806 4644 si

2201 4662 2356 4738 uelit,
2388 4662 2528 4738 quod
2575 4660 2742 4738 Graeci
2783 4664 2964 4738 dicunt
3008 4663 3379 4738 ἀναμάρτητον.
3427 4661 3496 4716 Et
3537 4663 3662 4733 quia
3706 4666 3805 4738 hoc

2202 4729 2555 4806 Ecclesiarum
2583 4751 2671 4804 per
2702 4733 2964 4806 Orientem
2988 4729 3140 4787 aures
3169 4729 3302 4806 ferre
3329 4751 3428 4787 non
3458 4729 3701 4806 possunt,
3732 4733 3804 4786 si-

2202 4803 2400 4880 mulant
2430 4820 2484 4856 se
2509 4804 2852 4880 sine_peccato
2877 4805 3080 4880 quidem
3105 4803 3294 4880 dicere,
3323 4806 3414 4858 sed
3436 4804 3800 4880 bapdprneou

2202 4874 2371 4928 dicere
2403 4891 2506 4927 non
2535 4874 2723 4929 audere
2747 4891 2766 4929 :
2795 4877 2940 4947 quasi
2973 4876 3119 4928 aliud
3147 4878 3211 4929 sit
3238 4877 3349 4928 sine
3374 4874 3624 4947 peccato,
3648 4875 3800 4947 aliud

2201 4947 2603 5021 ᾁχαμάρτητονλς
2655 4955 2703 5000 et
2741 4962 2853 5021 non
2889 4944 3123 5021 Grecam
3153 4944 3483 5021 sermonem,
3526 4949 3615 5016 qui
3656 4945 3800 5017 apud

2199 5015 2322 5071 illos
2353 5015 2669 5086 compositus
2708 5027 2780 5071 est
2820 5017 3017 5071 duobus
3056 5018 3221 5071 verbis
3259 5034 3423 5072 sermo
3455 5015 3803 5071 Latinus‘cx-

2201 5090 2463 5164 presserit.
2507 5089 2582 5142 lta
2625 5088 3082 5164 Βηιίιετοιιγιιιιιε
3111 5090 3497 5164 ἀναμάρτητον,
3543 5105 3663 5164 non
3698 5089 3801 5141 im-

2154 5173 2162 5182 ·
2205 5159 2572 5228 peccabilem,
2625 5159 2718 5215 sed
2761 5176 2867 5215 non
2913 5159 3409 5230 peccantern,'scu
3454 5161 3664 5230 peccati
3707 5174 3800 5214 ex-

2205 5243 2411 5298 pertem
2455 5240 2510 5286 et
2553 5233 2822 5287 insontem
2866 5231 3269 5300 interpretans,
3311 5241 3401 5299 et,
3446 5241 3503 5286 ut
3537 5235 3651 5301 ipse
3681 5231 3796 5290 ait.
3841 5259 3848 5262 -

2201 5301 2400 5355 duobus
2427 5303 2620 5368 verbis,
2658 5318 2882 5370 nempe,
2913 5303 3031 5356 sine
3065 5315 3308 5370 peccato.
3351 5304 3618 5360 Similiter
3651 5301 3796 5358 Elias

2199 5369 2498 5446 Cretensis,
2546 5369 2796 5446 Gregorii
2826 5369 3148 5428 Nazianzeni
3198 5375 3517 5430 scholiastes
3549 5375 3796 5446 Graecus,

2200 5445 2446 5500 Oratione
2477 5446 2511 5500 5
2537 5463 2547 5497 :
2580 5445 2783 5512 Homo,
2815 5447 3018 5512 inquit,
3048 5448 3402 5520 ἀναμάρτητος
3427 5447 3636 5518 quidem
3659 5487 3674 5510 ,
3701 5445 3799 5497 hoc

2199 5525 2303 5580 est,
2335 5527 2542 5590 peccato
2570 5533 2757 5570 vacuus
2797 5525 2996 5570 creatus
3037 5528 3152 5583 est;
3192 5519 3547 5590 ἀλδαμάρτητος
3587 5525 3790 5582 autem,

2199 5603 2302 5640 non
2333 5589 2470 5658 quod
2501 5589 2553 5640 in
2580 5605 2694 5641 eum
2724 5597 2984 5658 peccatum
3015 5605 3115 5642 non
3145 5590 3327 5656 cadat,
3361 5589 3450 5644 sed
3476 5590 3599 5659 quia
3626 5590 3794 5652 ipsum

2203 5674 2414 5732 peccare
2440 5675 2540 5732 non
2567 5660 2621 5732 in
2648 5669 2831 5713 natura
2859 5659 3026 5722 habet,
3051 5675 3220 5714 verum
3250 5661 3419 5732 potius
3446 5663 3497 5714 in
3520 5659 3788 5732 electione,

2205 5738 2262 5783 ut
2290 5731 2377 5805 qui
2409 5741 2454 5783 et
2482 5731 2534 5783 in
2575 5730 2708 5805 bono
2746 5746 2966 5805 manere
2991 5747 3052 5784 ac
3089 5730 3338 5801 proﬁcere
3378 5733 3572 5805 possit,
3605 5730 3795 5784 divine

2207 5802 2390 5871 gratia
2415 5817 2514 5876 ope
2540 5800 2848 5872 accedente;
2875 5811 2924 5858 et
2950 5800 3109 5872 item,
3139 5800 3460 5876 permittente
3488 5801 3603 5859 Deo
3626 5842 3642 5873 ,
3672 5816 3793 5874 pre-
