4052 6200
1090 590 1095 593 -
1210 514 2658 739 PROLWENA.

402 844 891 923 NOTITIA
959 843 2383 924 HISTORICO-LITTERARIA
2449 844 2570 921 IN
2634 844 2702 925 J.
2776 844 3461 923 CASSIANUM.

1270 1011 1670 1072 (Schamemanni
1695 1012 1929 1063 Biblioth.
1956 1012 2135 1077 Lipsim
2165 1017 2310 1076 1794,
2342 1015 2463 1063 tom.
2497 1012 2600 1076 II.)

1731 1162 2140 1189 -⁴ο.---

779 1285 1017 1343 CAPUT
1052 1286 1375 1344 PRIMUM.

749 1425 876 1479 Vita
903 1426 1123 1479 Joannis
1150 1426 1416 1481 Cassiani.

344 1567 601 1641 Vulgaris
653 1577 735 1626 est
775 1570 994 1642 opinio,
1036 1571 1162 1628 nixa
1218 1573 1538 1629 auctoritate
1583 1573 1881 1641 Gennadii,

278 1661 598 1719 Cassianum
644 1674 709 1719 ex
763 1663 983 1736 Scythia
1024 1664 1237 1722 minore
1260 1707 1275 1735 ,
1319 1682 1428 1723 una
1472 1682 1535 1723 ex
1601 1667 1886 1740 provinciis

272 1754 548 1822 Thraciae,
583 1755 765 1828 fuisse,
785 1757 1101 1814 oriundum.
1141 1761 1405 1815 Attamen
1438 1761 1727 1817 recentiori
1766 1776 1886 1817 aevo

272 1847 499 1905 fuerunt
527 1848 618 1904 viri
656 1848 823 1918 docti,
854 1850 945 1922 qui
973 1853 1319 1925 argumentis
1343 1851 1492 1909 haud
1527 1861 1887 1910 contemnen-

268 1939 379 2007 dis,
411 1943 716 2013 prazsertim
735 1943 805 1999 ab
828 1944 1147 2002 amoenitate
1168 1953 1225 2002 et
1246 1944 1553 2015 fertilitate,
1577 1962 1747 2019 quam
1772 1946 1890 2018 ipse

268 2035 325 2091 in
368 2037 556 2108 patria
600 2036 843 2105 extollit,
875 2038 1117 2111 itemque
1158 2039 1358 2112 lingua:
1387 2040 1597 2095 Latinae
1633 2054 1800 2110 quam
1835 2038 1891 2093 in

267 2130 495 2203 scriptis
523 2130 703 2202 prodit
744 2133 1008 2205 elegantia
1034 2133 1241 2203 ductis,
1278 2133 1707 2201 contenderunt,
1733 2141 1893 2188 nata-

267 2224 341 2283 les
367 2224 501 2297 ejus
532 2225 601 2281 ad
644 2225 878 2281 Galliam
909 2235 964 2282 et
990 2226 1046 2281 in
1073 2227 1251 2298 specie
1286 2225 1627 2281 Provinciam
1669 2240 1785 2281 esse
1810 2240 1893 2280 re-

266 2318 552 2376 ferendas.
614 2318 899 2388 Quidquid
946 2334 1138 2374 verum
1198 2319 1306 2386 sit,
1350 2319 1418 2373 ab
1472 2318 1689 2374 ineunte
1731 2327 1891 2375 aetate

271 2415 458 2478 (natus
489 2418 678 2466 autem
701 2409 944 2467 creditur
966 2410 1107 2466 circa
1131 2427 1335 2466 annum
1363 2417 1470 2467 350
1496 2407 1591 2467 aut
1615 2416 1768 2480 360),
1804 2412 1886 2467 in-

270 2514 492 2562 certum
525 2519 636 2575 quo
684 2512 878 2576 pacto,
925 2505 1070 2577 apud
1112 2505 1413 2561 monachos
1449 2505 1781 2573 Palaestinae,
1835 2506 1889 2562 in

268 2597 615 2655 monasterio
648 2596 909 2668 quodam,
937 2596 1087 2669 quod
1128 2597 1450 2655 Bethlehem
1480 2598 1767 2665 audiebat,
1811 2598 1890 2655 di-

261 2706 425 2749 verso
457 2691 553 2747 illo
579 2699 763 2747 tamen
789 2690 858 2747 ab
884 2690 1317 2764 Hieronymiano
1353 2690 1599 2764 ejusdem
1620 2691 1856 2749 nominis
1872 2731 1889 2760 ,

258 2784 420 2856 quod
441 2784 620 2841 serius
648 2783 750 2840 fuit
773 2792 1133 2855 exstructum,
1159 2785 1420 2843 educatus
1442 2786 1631 2857 ibique
1650 2786 1888 2857 primum

259 2878 557 2950 religionis
597 2878 920 2935 Christianae
949 2878 1209 2936 doctrinis
1253 2880 1500 2936 imbutus
1538 2887 1640 2935 est.
1674 2881 1886 2936 Nactus

254 2981 461 3030 autem
490 2971 755 3049 sodalem,
780 2988 1019 3045 quocum
1039 2972 1460 3031 familiarissime
1485 2971 1723 3040 vivebat,
1749 2972 1884 3029 Ger-

256 3081 517 3122 manum
532 3066 784 3135 nomine,
816 3074 1240 3123 conterraneum
1277 3065 1567 3135 eumdem,
1599 3065 1886 3122 consilium

249 3174 398 3216 cum
430 3174 503 3227 eo
545 3158 662 3214 iniit
689 3160 1039 3216 anachoretas
1066 3160 1123 3215 in
1162 3176 1349 3217 eremo
1373 3159 1655 3232 Scythi(a)
1683 3158 1886 3215 consti-

248 3259 420 3309 tutos
447 3251 841 3309 circumeundi.
886 3254 1212 3323 Susceptum
1248 3262 1332 3309 est
1370 3241 1621 3308 arduum
1647 3252 1752 3308 hoc
1785 3253 1889 3309 iter

241 3360 419 3400 anno
468 3342 679 3394 circiter
705 3350 833 3396 390.
876 3343 1240 3396 Penetrabant
1272 3344 1341 3397 ad
1374 3344 1631 3397 interiora
1659 3344 1887 3399 Thebai-

239 3433 345 3491 dis
396 3438 466 3487 et
511 3439 720 3502 septem
767 3431 1005 3503 integros
1050 3447 1222 3489 annos
1274 3433 1414 3489 inter
1465 3432 1717 3491 horridos
1766 3435 1890 3493 illos

234 3533 501 3599 sanctos
528 3524 831 3596 exigebant.
876 3523 1055 3594 Quid?
1082 3524 1230 3597 quod
1259 3525 1447 3583 eodem
1478 3543 1585 3599 quo
1611 3526 1667 3583 in
1690 3544 1884 3585 mona-

243 3619 505 3677 sterium
530 3620 730 3676 reversi
754 3628 907 3677 erant
933 3635 1077 3677 anno
1100 3626 1280 3691 (397),
1306 3621 1488 3680 denuo
1517 3639 1576 3679 se
1600 3623 1889 3695 profectio-

233 3714 297 3771 ni
328 3713 438 3770 isti
466 3712 879 3781 commiserunt
910 3721 967 3770 et
990 3714 1048 3769 in
1071 3714 1215 3771 tristi
1247 3714 1341 3772 illo
1385 3725 1657 3773 terrarum
1685 3718 1886 3790 angulo

229 3805 311 3863 ad
358 3820 590 3863 annum
640 3822 811 3879 usque
846 3813 953 3863 400
993 3807 1341 3872 delitueruut.
1386 3811 1606 3868 Judices
1646 3827 1774 3885 ergo
1815 3827 1887 3868 an

225 3901 460 3975 injuria
505 3901 746 3957 eremitae
775 3916 979 3957 nomen
1004 3902 1295 3959 Cassianus
1333 3903 1490 3960 ferat.

304 3995 560 4053 Relicto
588 3993 786 4050 iterum
813 3993 1051 4064 deserto,
1088 3997 1378 4053 Cassianus
1409 4015 1537 4054 cum
1565 3999 1737 4057 sodali
1779 4015 1880 4058 suo
1914 4013 1959 4076 ρ

220 4087 800 4159 Constantinopolim
834 4087 1216 4159 proﬁciscitur,
1254 4091 1451 4143 Joanni
1491 4093 1907 4161 Chrysostomo.

223 4184 521 4241 adhaeret
554 4180 628 4235 ab
685 4194 859 4250 eoque
906 4178 1118 4235 diaconi
1172 4194 1400 4236 munere
1446 4190 1692 4238 ornatur.
1755 4187 1888 4240 Mox

222 4278 319 4337 ubi
351 4279 474 4336 ille
529 4290 561 4330 a
603 4272 937 4345 perditorum
981 4273 1267 4332 hominum
1309 4274 1469 4331 turba
1515 4275 1585 4332 de
1620 4276 1749 4334 sede
1788 4294 1887 4335 sua

217 4381 383 4430 esset
415 4368 723 4441 dejectus.
772 4367 886 4439 ejus
935 4382 1096 4423 causa
1134 4371 1217 4435 (a.
1258 4373 1396 4436 405)
1446 4384 1575 4425 cum
1617 4369 1887 4443 legatione

212 4466 379 4525 Cleri
415 4461 1032 4533 Constantinopolitani
1056 4460 1126 4519 ad
1150 4464 1533 4520 Innocentium
1561 4464 1762 4521 missus
1779 4472 1882 4521 est.

212 4562 306 4616 Ex
354 4560 472 4617 illo
512 4570 652 4612 vero
675 4562 921 4627 tempore
946 4554 1016 4611 ad
1055 4570 1264 4613 annum
1305 4555 1478 4613 ferme
1509 4562 1649 4625 415,
1679 4573 1886 4614 memo-

207 4652 299 4711 ria
342 4653 490 4726 ejus
520 4649 583 4705 in
614 4648 852 4705 obscuro
879 4656 982 4705 est.
1010 4649 1150 4705 Sunt
1180 4649 1271 4722 qui
1311 4649 1366 4706 in
1393 4651 1674 4708 Orientem
1710 4666 1889 4709 rever-

206 4764 355 4805 sum
414 4761 577 4803 eum
617 4742 799 4800 dicant
839 4743 1207 4817 eamdemque
1243 4744 1553 4802 existiment
1588 4762 1714 4802 cum
1751 4748 1885 4804 Cas-

200 4841 384 4900 siano
416 4837 793 4913 presbytero,
820 4838 988 4910 quia.
1013 4843 1122 4894 414
1144 4838 1212 4895 ab
1242 4839 1556 4896 Alexandro
1579 4840 1887 4899 Antiochiae

201 4938 521 5011 episcopo
549 4934 801 4992 Romam
839 4932 1040 4989 missus
1063 4930 1167 4989 fuit
1188 4932 1257 4989 ad
1283 4949 1472 5005 pacem
1500 4933 1642 4990 inter
1672 4944 1885 4992 utram-

200 5046 326 5106 que
374 5025 724 5089 Ecclesiam
765 5026 1248 5096 reconciliandam;
1280 5027 1372 5083 alii
1401 5035 1584 5084 tamen
1614 5029 1729 5101 jam
1767 5037 1886 5086 tum

195 5126 580 5186 Massiliam
635 5136 763 5178 eum
805 5121 1141 5179 concessisse
1178 5128 1399 5193 putant,
1450 5122 1540 5178 ubi
1583 5123 1885 5195 presbyteri

192 5219 523 5297 dignitate
546 5222 754 5272 auctus
780 5222 883 5280 est,
908 5223 964 5271 et
989 5215 1058 5271 ab
1084 5230 1150 5272 eo
1179 5213 1353 5271 ferme
1377 5231 1541 5289 quem
1562 5214 1729 5272 modo
1748 5216 1884 5273 indi-

189 5317 499 5375 cavimus
533 5325 695 5367 anno
719 5317 834 5366 tam
864 5309 991 5367 vitae
1009 5302 1175 5381 quam
1196 5307 1458 5366 doctrinae
1481 5309 1890 5367 existimatione

1919 2649 1968 2711 B

1908 1291 1964 1354 Α
1992 1289 2154 1345 sitam
2180 1289 2293 1360 ipse
2318 1288 2726 1357 moderabatur,
2761 1295 2815 1345 et
2837 1295 2956 1345 tum
2983 1302 3106 1357 suo,
3123 1294 3242 1343 tum
3263 1287 3595 1359 scriptorum

1990 1398 2218 1439 suorum
2270 1382 2528 1455 exemplis
2576 1381 2785 1456 egregie
2825 1380 3218 1450 conﬁrmabat,
3270 1379 3395 1438 licet
3448 1380 3596 1437 fama

1991 1473 2139 1531 hisce
2187 1475 2346 1533 editis
2406 1485 2559 1549 parta
2600 1492 2713 1533 non
2765 1475 2916 1532 omni
2968 1475 3089 1532 labe
3139 1490 3324 1531 carere
3393 1475 3592 1546 potuit.

1992 1570 2259 1641 Quamvis
2299 1569 2447 1626 enim
2476 1570 2893 1643 Pelagianorum
2938 1576 3192 1625 strenuus
3237 1574 3380 1624 esset
3415 1566 3598 1623 adver-

1992 1661 2199 1731 sarius,
2237 1677 2298 1719 ea
2336 1670 2522 1719 tamen
2566 1678 2729 1734 super
2772 1669 2994 1734 peccato
3037 1660 3283 1734 originali
3330 1666 3387 1716 et
3428 1659 3599 1732 gratia

1993 1751 2254 1824 dogmata
2277 1753 2430 1822 aluit,
2459 1754 2655 1826 quibus
2689 1754 2803 1825 ipse
2830 1752 3206 1810 haeresiarchas
3230 1767 3434 1808 nomen
3461 1767 3597 1807 con-

1992 1854 2331 1915 sequeretur,
2362 1860 2593 1915 quazque
2619 1861 2733 1899 non
2759 1846 2903 1900 leves
2930 1846 2987 1900 in
3025 1845 3195 1903 Galiia
3224 1845 3446 1917 aliisque
3472 1860 3601 1918 prc-

1995 1936 2185 1993 vinciis
2223 1943 2409 1993 motus
2453 1944 2509 1991 et
2550 1942 2737 1990 contra
2771 1942 3054 1992 auctorem
3091 1934 3316 2006 quidem
3353 1936 3603 2006 Prosperi

1996 2030 2272 2086 calamum
2327 2029 2640 2086 excitarent.
2680 2027 3043 2084 Nihilominus
3079 2027 3345 2100 quidquid
3388 2028 3443 2083 in
3487 2028 3605 2085 aliis

1999 2122 2220 2179 haeresis
2247 2122 2480 2194 speciem
2508 2117 2792 2193 praferret
2813 2135 2977 2191 quam
3015 2118 3256 2201 maxime
3296 2119 3608 2176 detestaba-

1995 2225 2086 2274 tur
2123 2216 2509 2288 coronavitque
2550 2223 2702 2288 gesta
2748 2231 2848 2273 sua
2888 2213 3303 2287 impugnatione
3344 2214 3607 2272 acerrima

1940 2334 1947 2347 κ
1995 2310 2194 2367 erroris
2219 2309 2550 2367 Nestoriani.
2584 2312 2823 2380 Tempus
2859 2323 2969 2379 quo
3004 2307 3182 2364 vivere
3209 2307 3460 2377 desierit,
3490 2323 3605 2365 non

1994 2405 2182 2479 liquet,
2224 2404 2322 2461 sed
2357 2420 2469 2460 non
2515 2403 2689 2459 multo
2715 2418 2746 2458 a
2790 2418 2913 2458 vero
2941 2402 3295 2467 aberraverit,
3334 2401 3427 2476 qui
3461 2398 3603 2459 circa

1994 2516 2044 2555 a.
2075 2504 2181 2555 440
2205 2497 2417 2555 obitum
2446 2497 2566 2570 ejus
2589 2496 2877 2570 contigisse
2904 2497 3198 2554 existimet.

2621 2627 2864 2683 CAPUT
2902 2627 2970 2681 Ιῐ.

2412 2744 2622 2810 Scripta
2659 2744 2879 2797 Joannis
2921 2743 3184 2799 Cassiani.

2000 2879 2050 2929 1.
2082 2877 2160 2930 De
2199 2874 2470 2929 Institutis
2496 2872 2849 2927 canobiorum
2898 2874 3028 2926 libri
3067 2875 3193 2933 XII,
3221 2871 3294 2924 ad
3333 2872 3604 2928 Castorem

2065 2969 2353 3038 Aptensem
2373 2969 2693 3038 episcopum,
2719 2964 2874 3037 cujus
2895 2964 3113 3021 hortatu
3141 2970 3270 3020 sunt
3293 2964 3605 3034 compositi.

2066 3061 2384 3118 Gennadius
2421 3060 2613 3116 tribuit
2655 3059 2709 3114 in
2755 3067 2866 3116 tres
2905 3067 3116 3130 partes,
3150 3073 3384 3130 quarum
3428 3058 3606 3117 media

2064 3171 2161 3212 seu
2228 3154 2366 3211 liber
2410 3159 2643 3226 qua-rtus
2691 3153 2840 3210 solus
2901 3156 3270 3210 Institutiones
3323 3153 3603 3225 continet;

2064 3249 2267 3321 prima,
2292 3249 2465 3304 tn‘bus
2485 3247 2634 3304 libris
2649 3255 2906 3304 constans
2923 3287 2940 3315 ,
2972 3248 3038 3302 de
3066 3248 3257 3302 habitu
3279 3248 3528 3302 monachi
3551 3256 3605 3306 et

2065 3345 2131 3399 de
2176 3345 2426 3398 canonico
2467 3345 2773 3397 orationum
2828 3345 2993 3412 atque
3038 3342 3376 3397 Psalmorum
3414 3342 3601 3406 modo,

2065 3441 2164 3508 qui
2190 3441 2248 3492 in
2272 3438 2612 3492 monasteriis
2641 3439 2867 3507 ὥρῃ)τὶ
2902 3439 3140 3503 tenetur,-
3177 3437 3340 3489 tertia
3369 3432 3605 3511 denique

2065 3536 2177 3587 octo
2215 3529 2609 3603 posterioribus
2645 3529 2798 3585 libris
2834 3529 3228 3602 comprehensa
3268 3529 3334 3584 de
3375 3531 3602 3599 origine,

2065 3625 2331 3694 qualitate
2353 3628 2404 3679 et
2443 3622 2692 3678 remediis
2720 3624 3112 3694 principalium
3133 3625 3388 3677 uitiorum
3413 3621 3603 3679 inscri-

2063 3717 2230 3775 bitur.
2258 3717 2486 3774 Photius
2511 3717 2652 3774 duos
2680 3717 2848 3773 libros
2871 3717 3022 3786 facit,
3052 3719 3459 3774 Institutionum
3480 3716 3606 3773 alte-

2062 3828 2211 3885 rum,
2237 3812 2471 3868 alterum
2495 3813 2562 3867 de
2586 3816 2699 3867 octo
2723 3813 3048 3885 capitalibus
3076 3813 3224 3866 vitiis
3249 3809 3603 3882 inscriptum;

2062 3922 2292 3978 eamque
2327 3905 2647 3963 divisionem
2685 3913 2904 3962 secutus
2946 3913 3028 3986 est
3066 3904 3359 3977 Guychius.
3396 3903 3606 3960 Cassia-

2063 4016 2169 4056 nus
2190 4000 2303 4072 ipse
2326 4016 2436 4056 non
2464 3999 2562 4056 nisi
2590 4016 2761 4056 unum
2787 4008 2841 4056 et
2862 4000 3188 4056 continuum
3205 4000 3314 4055 Xll
3340 3997 3606 4052 librorum

2064 4109 2203 4165 opus
2224 4094 2492 4165 agnoscit,
2534 4093 2681 4163 quod
2710 4091 3009 4165 perfectam
3037 4093 3203 4147 vitam
3247 4089 3607 4145 monasticam

2066 4184 2325 4254 exemplis
2354 4194 2409 4239 et
2430 4184 2714 4254 praeceptis
2742 4183 2922 4238 docet.
2949 4187 3225 4252 Tempus,
3263 4195 3373 4252 quo
3414 4181 3601 4253 scripti

2067 4278 2195 4345 sint,
2224 4285 2474 4331 accurate
2510 4274 2732 4330 deﬁnire
2760 4290 2869 4330 non
2898 4274 3041 4331 licet.
3072 4273 3134 4331 Id
3163 4283 3345 4332 unum
3382 4282 3606 4332 censent

2064 4370 2399 4428 Benedictini
2439 4371 2691 4425 Historiw
2740 4369 3022 4425 litterariae
3074 4370 3267 4427 Galliae
3322 4375 3563 4426 auctores
3579 4413 3598 4434 ,

2064 4468 2295 4540 scriptos
2332 4482 2448 4524 esse
2472 4475 2595 4523 ante
2624 4466 3042 4538 Pelagianorum
3084 4482 3181 4540 per
3218 4469 3604 4524 Innocentium

2063 4569 2120 4617 et
2164 4560 2447 4617 Zosimum
2484 4559 2914 4628 damnationem,
2957 4559 3015 4616 h.
3054 4574 3104 4617 e.
3142 4567 3267 4616 ante
3291 4575 3464 4618 annos
3493 4566 3602 4618 417

2063 4662 2159 4710 aut
2185 4659 2310 4709 418.

1993 4754 2045 4805 2.
2090 4749 2404 4806 Collationes
2461 4752 2688 4805 Patrum
2752 4750 2933 4804 XXIV
2974 4745 3203 4804 diversis
3264 4748 3603 4820 temporibus

2062 4842 2205 4899 intra
2231 4856 2405 4898 annos
2443 4848 2550 4898 4t9
2589 4850 2644 4897 et
2685 4846 2790 4898 427
2828 4842 3018 4899 litteris
3064 4840 3357 4897 mandatae.
3396 4841 3603 4897 Decem

2062 4936 2270 5007 priores
2311 4931 2544 4991 Leontio
2574 4935 2828 5007 episcopo
2871 4932 3235 5005 Foroiuliensi
3277 4941 3332 4990 et
3353 4931 3603 4991 Helladio

1996 5093 1998 5095 ,
2061 5032 2121 5088 S.
2174 5028 2411 5085 Castoris
2465 5027 2698 5093 Abbati;
2749 5035 2965 5098 septem
3027 5035 3318 5098 sequentes
3370 5030 3601 5085 Honora

2066 5138 2195 5179 mox
2223 5122 2477 5195 episcopo
2504 5119 2841 5188 Arelatensi;
2869 5128 3081 5192 septem
3108 5121 3437 5193 posteriores
3455 5120 3607 5187 Iovi;-

2065 5217 2230 5274 niano
2292 5224 2347 5273 et
2415 5214 2683 5273 Minervio
2752 5214 2976 5288 aliisque
3053 5215 3334 5272 monachis
3410 5215 3606 5273 inscri-

2063 5311 2294 5368 buntur.

188 5410 315 5471 fuit
356 5398 766 5479 conspicuus.
797 5404 1057 5462 Inclaruit
1083 5404 1352 5477 imprimis
1378 5403 1616 5462 fundatis
1646 5404 1885 5475 duobus,
1916 5390 1967 5453 D
1997 5411 2049 5462 3.
2091 5411 2167 5463 De
2206 5408 2583 5463 Incarnatione
2613 5405 2815 5462 Christi
2852 5403 3111 5459 adversus
3153 5405 3456 5461 Nestorium
3479 5401 3603 5460 libri

193 5508 396 5565 altero
429 5503 738 5569 virorum,
767 5499 937 5555 altero
965 5498 1238 5572 virginum
1255 5498 1625 5566 monasteriis,
1650 5514 1888 5572 quorum

192 5596 613 5674 disciplinam
650 5590 720 5649 ad
757 5591 1057 5650 Palaestinae
1092 5599 1148 5649 et
1173 5592 1386 5666 Elgypti
1419 5593 1632 5666 regulas
1660 5607 1887 5666 compo-

263 5822 357 5888 (α)
392 5813 527 5888 Sig
552 5809 685 5880 ipse
707 5807 764 5865 in
800 5810 1184 5888 σοιζαιίοπερμε
1215 5809 1285 5866 ab
1308 5808 1475 5888 initio.
1520 5806 1627 5888 Alii
1655 5809 1891 5888 scythiae

180 5881 431 5965 legunt.
469 5885 746 5940 Eremus
766 5890 883 5938 erat
895 5881 1061 5954 juxta
1082 5885 1324 5941 Maream
1348 5881 1528 5940 lacum
1555 5881 1612 5937 in
1636 5882 1892 5954 digypto,

266 6011 353 6121 ς
439 5974 761 6033 Panos.
800 5971 1015 6027 XLIX.

117 6094 269 6160 ΑΧα

2064 5500 2197 5567 .Vll,
2227 5499 2366 5556 circa
2412 5514 2617 5555 annum
2647 5502 2753 5553 430
2791 5497 2995 5553 exarati
3037 5505 3091 5552 et
3129 5495 3300 5554 Leoni
3325 5504 3443 5552 tum
3470 5494 3603 5552 Dia-

2071 5609 2235 5663 cono,
2262 5601 2386 5667 post
2408 5595 2667 5665 episcopo
2690 5595 2946 5649 Romano
2974 5590 3234 5663 inscripti.

1997 5824 2121 5882 quae
2143 5809 2276 5866 alias
2306 5808 2470 5882 etiam
2496 5810 2659 5882 Scetis
2678 5849 2694 5871 ,
2721 5809 2952 5882 scetica,
2977 5807 3216 5882 Scetinai,
3252 5803 3519 5861 Scetiaca.
3551 5803 3610 5850 et

1999 5874 2270 5953 Scythica,
2298 5880 2605 5951 Scythiam,
2630 5879 2955 5948 Scythiotica
2982 5874 3313 6003 appellatur-.1
