4052 6200
390 335 448 390 η
905 387 913 395 ,
1253 333 1346 388 AD
1383 332 1615 390 orem
1647 332 1930 389 JOANNIS
1964 332 2273 392 CASSIANI
2310 336 2843 395 PROLEGOMENA.
3642 358 3703 411 12

456 457 620 516 Falso
644 459 899 515 Cassiano
921 456 1285 526 ascribuntur,
1316 462 1393 514 De
1416 458 1697 527 spirituali
1715 456 1995 549 medicina,
2011 462 2063 524 Α
2092 462 2427 519 Basileensis.
2453 478 2503 518 a.
2554 468 2723 531 1485,
2776 481 3026 537 expressa
3070 467 3270 525 iterum
3316 474 3516 529 ibidem
3555 482 3704 549 apud

383 555 634 613 Monachi
671 568 767 610 seu
817 556 971 610 Dosis
1018 554 1225 609 medica
1270 554 1345 608 ad
1390 552 1775 608 exinaniendos
1822 547 1998 608 animi
2099 550 2515 610 Amerbachium
2538 571 2588 611 a.
2620 560 2780 629 1497,
2802 566 2857 614 et
2873 560 3129 630 Lugduni
3149 567 3306 619 1516.
3328 564 3547 625 Addita:
3573 547 3703 629 sunt

376 651 643 717 affectus,
676 663 841 719 quam
879 645 1209 704 Godel'ridus
1242 646 1562 702 Tilmannus
1600 644 1986 703 Carthusianus

375 743 437 797 in
469 741 693 813 epistola
731 740 967 812 quadam
997 739 1066 796 ad
1108 742 1378 796 Joannem
1419 740 1767 811 Gropperum
1813 738 1986 795 archi-

373 835 672 892 diaconum
704 828 772 892 ‘S.
818 832 1081 891 Gereonis
1129 831 1199 889 ad
1256 832 1541 890 Coloniam
1588 832 1982 906 Agrippinam,

372 937 657 1001 tamquam
684 944 744 984 ex
775 929 972 984 Graeco
996 942 1027 982 a
1050 942 1109 983 se
1127 942 1446 983 conversam
1475 926 1680 982 recitat.
1711 927 1980 983 Particula

374 1031 464 1081 est
518 1023 871 1089 brevissima,
933 1037 1100 1092 quam
1159 1030 1331 1077 totam
1393 1021 1619 1079 inseruit
1677 1025 1759 1079 Jo.
1815 1026 1977 1094 Bapt.

367 1119 620 1185 Guesnay
651 1114 906 1171 Cassiano
958 1114 1226 1170 illustrato
1265 1114 1358 1170 lib.
1422 1117 1467 1182 l,
1509 1130 1559 1170 c.
1604 1120 1695 1181 58,
1746 1131 1799 1185 p.
1858 1120 1975 1171 188.

265 1257 272 1263 .
371 1210 629 1280 Ejusdem
654 1206 846 1264 farinae
875 1216 1004 1263 sunt
1036 1209 1346 1277 Theologica
1375 1209 1646 1275 Confessio
1674 1215 1728 1263 et
1759 1208 1826 1262 de
1854 1209 1977 1265 Con-

369 1303 519 1369 ﬂictu
541 1303 795 1356 vitiorum
810 1306 863 1355 et
877 1303 1161 1357 virtutum.
1191 1299 1769 1366 Aliacommemorare
1789 1287 1971 1356 taedet.

371 1392 701 1449 Tillemontii
730 1392 1043 1464 conjectura
1070 1390 1172 1448 fuit
1191 1394 1332 1449 Acta
1367 1394 1423 1450 S.
1459 1393 1688 1449 Victoris
1712 1394 1975 1462 Martyris

369 1488 514 1557 apud
544 1489 873 1545 Ruinartum
913 1489 1072 1544 obvia
1094 1488 1412 1544 Cassianum
1443 1495 1724 1544 auctorem
1752 1486 1970 1555 habere,

370 1582 455 1638 cui
480 1591 661 1638 tamen
688 1588 957 1640 Auctores
985 1582 1243 1639 Historia:
1268 1582 1372 1637 litt.
1399 1581 1587 1639 Gallia
1612 1595 1726 1636 non
1746 1595 1973 1636 consen-

369 1676 529 1732 tiunt.
570 1677 894 1757 ‘Condidisse
937 1686 1198 1750 praeterea
1244 1675 1416 1731 fertur
1465 1676 1784 1744 Cassianus,
1846 1689 1972 1747 qua

2096 647 2413 702 Collationes
2440 648 2494 703 in
2530 652 2734 706 Veneta
2757 667 2808 706 a.
2840 657 3000 720 1491,
3034 669 3225 711 recusa
3254 661 3505 717 Bononiae
3540 668 3696 734 1521,

2094 747 2149 794 et
2174 741 2432 809 Lugduni
2452 747 2607 812 1525,
2634 759 2757 815 quae
2774 746 2956 802 omnia
2972 747 3132 804 simul
3158 751 3561 823 paraphrastice
3582 757 3701 814 red-

2090 830 2203 888 dita
2237 850 2268 889 a
2291 837 2546 905 Dionysio
2576 840 2932 896 Carthust'ano
2968 841 3149 898 lucem
3180 844 3430 903 viderunt
3473 850 3699 909 Colonia:

2096 930 2252 981 1540.
2279 930 2467 984 Libros
2502 932 2605 987 VII
2626 939 2813 988 contra
2842 938 3143 1019 Nestorium
3169 938 3401 1010 primus,
3432 953 3696 1014 quantum

2091 1020 2332 1092 memini,
2374 1024 2603 1080 seorsim
2632 1026 2824 1082 extulit
2853 1029 3156 1086 Cratander
3190 1035 3509 1091 Basilcensis
3543 1043 3697 1109 typo-

2087 1116 2330 1184 graphus
2355 1132 2407 1172 a.
2446 1123 2606 1188 1534,
2638 1120 2792 1192 cujus
2818 1122 3133 1194 exemplum
3178 1127 3509 1197 repetierant
3531 1134 3692 1187 Pari-

2085 1208 2281 1262 sienses
2304 1207 2610 1282 bibliopola:
2629 1229 2679 1269 a.
2706 1218 2843 1269 1545
2865 1223 2920 1270 et
2938 1221 3098 1285 1569,
3126 1216 3376 1291 idemque
3398 1237 3697 1293 repraesen-

2085 1299 2218 1354 tavit
2258 1302 2460 1359 notulis
2498 1305 2776 1361 nonnullis
2801 1305 3075 1379 adsparsis
3114 1325 3165 1365 a.
3206 1317 3340 1366 1572
3366 1317 3524 1369 Josua
3548 1319 3696 1373 Sim-

2084 1394 2250 1449 Ierus.
2279 1396 2488 1453 Dehinc
2536 1399 2707 1469 prima
2735 1417 2953 1471 operum
2977 1405 3206 1459 collectio
3225 1406 3279 1460 in
3301 1409 3523 1476 ofﬁcina
3553 1413 3693 1466 Hen-

2084 1489 2461 1559 rico-Petrina,
2482 1500 2537 1546 et
2563 1508 2669 1548 una
2692 1509 2819 1549 cum
2834 1496 3061 1553 Joannis
3083 1500 3406 1555 Damasceui
3434 1502 3690 1573 operibus

2080 1594 2132 1634 a.
2171 1587 2330 1649 1559,
2358 1583 2941 1659 iterumque1569,'_et
2969 1590 3131 1647 tertio
3170 1599 3309 1648 1575
3340 1609 3555 1652 excusa.

2153 1674 2577 1733 Desiderabatur
2611 1678 2729 1749 jam
2758 1680 2852 1749 ,vir
2878 1679 3102 1750 doctus,
3144 1683 3236 1754 qui
3275 1685 3488 1756 partim
3534 1687 3687 1758 vitia,

364 1782 511 1823 nunc
524 1768 743 1839 quidem
760 1784 871 1824 non
891 1776 1086 1835 exstat,
1108 1770 1371 1837 Regulam
1385 1771 1756 1824 Monasticam.
1783 1771 1972 1824 Patere
2078 1778 2201 1835 quae
2216 1768 2404 1824 crebra
2429 1785 2540 1825 non
2564 1780 2814 1842 potuerat
2841 1787 2953 1829 non
2976 1774 3264 1832 admittere
3282 1778 3336 1833 in
3357 1778 3449 1834 tali
3470 1788 3691 1839 auctore

363 1859 496 1917 illud
548 1861 699 1916 aiunt
750 1861 1084 1917 Benedictini
1142 1860 1310 1915 modo
1355 1859 1552 1915 laudati
1611 1876 1676 1915 ex
1727 1861 1966 1919 Castoris
1997 1846 2044 1908 Β
2075 1860 2423 1921 librariorum
2467 1881 2690 1936 manus,
2739 1884 2871 1926 mss.
2915 1879 3083 1942 atque
3121 1871 3397 1930 editorum
3438 1876 3689 1933 codicum

363 1953 619 2025 Aptensis
655 1952 891 2024 episcopi
931 1953 1019 2021 Lad
1065 1953 1385 2010 Cassianum
1430 1953 1681 2025 epistola.
1723 1954 1827 2010 Sed
1863 1954 1968 2011 hoc
2074 1957 2362 2016 collatione
2390 1969 2447 2017 et
2465 1961 2667 2032 judicio
2708 1966 2887 2037 sagaci
2924 1967 3206 2036 eximeret,
3239 1971 3433 2041 partim
3460 1971 3691 2029 obscura

360 2062 653 2120 perperam
680 2046 748 2102 ab
777 2046 904 2118 ipsis
927 2046 1193 2103 traditum
1215 2062 1333 2102 esse
1362 2046 1734 2118 cognovimus.
1764 2047 1967 2103 Contra
2074 2057 2132 2103 et
2159 2048 2460 2108 difﬁciliora
2489 2055 2785 2113 elucidaret
2813 2065 2868 2113 et
2893 2057 2962 2115 de
2995 2060 3269 2117 erroribus
3305 2064 3542 2120 auctoris
3566 2080 3688 2121 mo-

362 2144 638 2201 Benedicti
682 2160 809 2199 vero
838 2144 1163 2201 Anianensis
1213 2144 1581 2200 testimonium
1606 2144 1722 2215 jam
1759 2144 1827 2199 ab
1854 2144 1970 2201 aliis

358 2238 633 2294 monitum
664 2246 771 2305 est,
805 2237 858 2293 id
889 2236 1035 2294 haud
1065 2252 1264 2293 novam
1292 2246 1347 2293 et
1375 2236 1698 2309 peculiarem
1733 2237 1968 2292 Cassiani

362 2332 630 2405 regulam,
665 2331 762 2389 sed
805 2340 1111 2403 excerptam
1142 2322 1437 2403 quamdam
1476 2346 1542 2387 ex
1570 2329 1792 2387 diversis
1819 2331 1968 2387 insti-

352 2426 634 2482 tutionum
661 2425 778 2497 ejus
806 2424 938 2481 locis
975 2439 1323 2481 concernerc.

428 2519 710 2576 Creditum
737 2534 777 2574 a‘
808 2516 1129 2590 quibusdam
1155 2516 1287 2583 fuit,
1320 2516 1641 2574 Cassianum
1673 2533 1837 2588 opera
1865 2533 1963 2574 sua

349 2629 472 2670 non
514 2612 731 2677 Latino,
763 2611 864 2668 sed
912 2614 1109 2669 Graeco
1157 2610 1415 2667 idiomate
1452 2611 1757 2682 scripsisse,
1787 2627 1963 2684 eaque

350 2715 545 2779 postea
573 2720 693 2761 esse
728 2704 1016 2773 translata;
1046 2703 1144 2761 sed
1172 2703 1227 2759 hi
1266 2703 1476 2760 dudum
1500 2706 1702 2761 erroris
1732 2705 1961 2762 convicti

345 2808 504 2856 sunt.
537 2802 769 2855 Exstant
796 2797 1016 2870 quidem
1044 2799 1233 2855 Graeca
1259 2797 1512 2869 quaedam
1553 2797 1793 2855 Cassiani
1816 2798 1962 2870 apud

354 2894 616 2952 Photium
650 2893 709 2948 in
738 2891 1074 2948 Bibliotheca
1100 2891 1225 2948 cod.
1257 2897 1378 2953 197,
1407 2892 1501 2947 sed
1528 2908 1592 2947 ex
1612 2892 1810 2947 Latino
1831 2908 1963 2947 con-

351 3006 532 3058 versa,
570 3005 672 3045 nec
699 3004 825 3044 vero
865 3004 932 3043 ex
965 2987 1096 3058 ipsis
1122 2986 1361 3043 Cassiani
1391 2985 1544 3042 libris
1564 3026 1579 3053 ,
1608 2985 1703 3042 sed
1738 3001 1879 3058 quos
1906 2985 1960 3042 in

349 3083 743 3156 compendium
764 3081 1042 3154 redegerat
1070 3082 1362 3137 Eucherius
1386 3081 1779 3150 Lugdunensis.
1810 3081 1962 3151 Legi-

356 3192 480 3234 mus
511 3177 655 3231 enim
695 3173 838 3246 apud
863 3173 1209 3230 Gennadium
1244 3189 1292 3229 c.
1322 3179 1416 3244 63,
1449 3172 1777 3227 Eucherium
1802 3188 1953 3227 com-
1986 3211 2031 3275 Ο

354 3270 597 3343 posuisse
630 3268 914 3341 Epitomen
960 3268 1213 3324 Latinam
1261 3284 1325 3324 ex
1364 3267 1637 3339 prioribus
1689 3268 1760 3323 ιν
1809 3267 1959 3323 libris

355 3364 765 3421 lnstitutionum
795 3372 850 3419 et
892 3365 995 3420 VII
1037 3361 1737 3436 prioribus,Collationum.
1779 3364 1959 3432 Atque

352 3476 499 3517 nunc
523 3459 685 3516 etiam
725 3461 919 3518 Graeca
956 3458 1227 3531 ejusmodi
1263 3474 1368 3514 ms.
1398 3464 1688 3528 supersunt
1719 3456 1775 3511 in
1800 3457 1961 3513 variis

354 3552 729 3619 Bibliothecis,
752 3552 912 3609 veluti
936 3553 990 3607 in
1012 3553 1281 3619 Casarea,
1308 3560 1444 3607 teste
1467 3549 1780 3617 Lambecio,
1804 3554 1959 3605 temo

348 3649 430 3705 1V
458 3664 578 3720 pag.
633 3652 730 3703 167
763 3646 873 3713 (ed.
908 3645 1120 3701 Kollar.
1178 3660 1297 3716 pag.
1337 3649 1438 3699 373
1482 3646 1660 3714 sqq.),
1711 3650 1767 3698 et
1806 3651 1959 3699 tomo

350 3744 420 3810 V,
453 3758 505 3813 p.
536 3748 642 3798 276
668 3740 772 3807 (ed.
811 3739 1025 3794 Kollar.
1059 3755 1181 3810 pag.
1208 3744 1311 3794 582
1335 3740 1513 3809 sqq.);
1540 3737 1671 3792 item
1710 3736 1878 3809 Regia
1904 3746 1961 3793 et

338 3834 681 3891 Jesuitarum
702 3831 893 3899 Paris,
915 3840 977 3888 ut
1004 3831 1280 3887 Fabricius
1299 3830 1353 3885 in
1372 3829 1511 3886 Bibl.
1534 3833 1607 3884 M.
1629 3838 1684 3885 et
1707 3829 1813 3885 lnf.
1833 3832 1954 3887 Lat.

338 3943 419 3983 ex
446 3926 669 3985 Simonii
706 3928 948 3982 Censura
988 3924 1058 3980 ad
1096 3923 1313 3995 Dupinii
1346 3923 1736 3989 bibliothecam
1768 3923 1955 3980 refert.

338 4018 556 4077 .Similia
586 4018 729 4091 typis
754 4016 953 4073 tradita
976 4027 1126 4087 sunt,
1155 4033 1278 4089 qua:
1308 4018 1409 4073 sub
1434 4016 1717 4097 Athanasii
1741 4018 1964 4075 nomine

349 4112 663 4170 ferebantur
692 4128 722 4168 a
746 4113 1136 4180 Monte/’alcone
1159 4111 1226 4168 ad
1249 4112 1547 4168 Athanasii
1579 4112 1778 4181 Opera,
1805 4119 1955 4167 torno

351 4208 424 4273 ll,
453 4215 606 4276 parte
639 4221 686 4271 ι,
722 4223 840 4275 pag.
873 4212 1129 4263 366-386.

419 4300 659 4353 Joannes
712 4296 1057 4365 Rosweydus
1100 4297 1238 4351 inter
1273 4299 1421 4352 Vitas
1470 4300 1696 4354 Patrum
1744 4298 1959 4355 exhibet

346 4391 555 4447 'librum
579 4388 769 4445 ordine
796 4395 1051 4459 quartum
1083 4403 1149 4443 ex
1174 4389 1373 4444 Severo
1404 4390 1640 4458 Sulpicio
1664 4400 1720 4445 et
1743 4382 1956 4446 Joanne

333 4485 602 4543 ~Ca55iano
634 4483 1023 4539 concinnatum
1060 4490 1114 4538 et
1148 4482 1202 4537 in
1230 4497 1360 4538 mss.
1388 4482 1694 4551 codicibus,
1720 4498 1958 4553 quorum

2079 2152 2266 2212 neret;
2297 2161 2634 2218 quamquam
2660 2150 2773 2220 ipsa
2803 2150 3068 2208 librorum
3105 2153 3312 2209 indoles
3340 2171 3450 2210 non
3487 2172 3683 2227 quem-

2081 2235 2162 2291 vis’
2190 2237 2396 2293 critica:
2419 2240 2553 2296 artis
2584 2258 2814 2313 gnarum
2855 2259 3047 2317 capere
3073 2254 3233 2317 atque
3257 2247 3482 2304 invitare
3527 2257 3682 2321 pote-

2078 2336 2180 2396 rat,
2221 2330 2318 2385 sed
2350 2332 2520 2401 magis
2544 2335 2892 2402 exspectandi
2920 2346 3077 2391 erant
3100 2337 3196 2392 viri
3223 2340 3537 2396 monasticis
3561 2350 3683 2397 stu-

2075 2420 2178 2478 diis
2204 2421 2448 2478 innutriti
2488 2432 2545 2478 et
2585 2424 2789 2479 alacres
2829 2427 2895 2481 ad
2936 2442 2999 2481 ea
3035 2430 3421 2498 promovenda.
3457 2433 3681 2501 Talem,

2075 2514 2266 2583 credo,
2299 2514 2561 2587 reperisse
2600 2515 2702 2571 sibi
2748 2516 3031 2573 videbatur
3067 2519 3353 2575 cardinalis
3397 2520 3465 2577 de
3509 2524 3681 2580 eccle-

2074 2608 2283 2665 siastica
2341 2608 2643 2664 litteratura
2702 2609 3084 2667 meritissimns
3131 2614 3401 2669 Antonius
3443 2616 3679 2684 Carafa,

2073 2718 2201 2758 cum
2228 2705 2453 2758 Henrico
2495 2704 2741 2773 Cuychio,
2773 2702 3068 2775 professori
3106 2706 3460 2774 Lovaniensi,
3498 2716 3684 2779 postea

2073 2796 2329 2868 episcopo
2370 2796 2837 2866 Ruremondano,
2878 2797 3196 2855 Cassianum
3236 2800 3673 2860 commendaret.

2070 2890 2179 2945 Sed
2204 2890 2399 2945 eodem
2423 2899 2671 2962 tempore
2694 2891 3012 2949 stimulabat
3040 2894 3225 2965 magni
3258 2894 3498 2950 nominis
3531 2895 3679 2951 criti-

2070 2996 2198 3037 cum
2243 2991 2299 3037 et
2342 2982 2687 3054 elegantioris
2713 2983 2989 3041 doctrinm
3034 2985 3192 3042 laude
3238 2987 3681 3044 florentissimum

2071 3074 2247 3130 virum
2274 3079 2493 3131 Petrum
2531 3080 2864 3134 Ciacconium
2904 3080 3281 3152 presbyterum
3323 3081 3677 3151 Toletanum,

2069 3177 2129 3224 ut
2151 3169 2326 3226 eidem
2347 3172 2694 3245 expurgando
2720 3189 2914 3229 manus
2937 3174 3269 3230 admoveret.
3302 3177 3549 3246 Uterque
3573 3177 3677 3232 etsi

2068 3265 2336 3334 posterior
2378 3265 2610 3323 fortasse
2650 3267 2849 3323 invitus
2887 3267 3146 3324 voluntati
3184 3268 3304 3339 ejus
3352 3268 3679 3323 auctoritati-

2068 3372 2174 3428 que
2201 3358 2269 3414 de
2288 3361 2517 3427 ratione,
2547 3376 2655 3431 qua
2681 3369 2861 3431 partes
2888 3359 3109 3416 editoris
3133 3360 3201 3415 ab
3226 3360 3289 3414 iis
3314 3359 3680 3416 administrari

2068 3460 2309 3521 cuperet,
2341 3453 2583 3507 obsecuti
2621 3462 2769 3519 sunt,
2812 3462 2867 3507 et
2900 3452 3170 3524 Cuychius
3193 3467 3393 3508 novam
3438 3452 3678 3509 Cassiani

2068 3547 2361 3603 editionem
2408 3548 2479 3602 ad
2526 3546 2739 3603 codices
2793 3548 3039 3619 Belgicos
3075 3549 3420 3604 emendatam
3453 3559 3507 3604 et
3532 3550 3679 3606 notis

2066 3639 2370 3696 commodis
2396 3640 2726 3695 illustratam
2755 3639 2932 3697 emisit
2956 3644 3277 3712 Antuerpiw
3302 3658 3365 3697 ex
3391 3644 3497 3710 off.
3524 3628 3679 3699 Plan-

2069 3737 2167 3790 tiu.
2191 3738 2353 3789 1578.
2382 3733 2697 3789 Ciacconius
2718 3748 2844 3789 vero
2866 3734 3258 3802 recensionem,
3288 3751 3452 3806 quam
3471 3735 3540 3794 ad
3554 3744 3678 3794 octo

2068 3843 2200 3884 mss.
2250 3826 2585 3899 exemplaria
2631 3826 2771 3882 Bibl.
2839 3828 3116 3883 Vaticana:
3164 3837 3474 3900 paraverat,
3535 3831 3677 3902 typis

2067 3921 2394 3993 descriptam
2418 3938 2529 3976 non
2559 3920 2710 3977 vidit.
2738 3920 2890 3976 Obiit
2913 3920 3061 3977 enim
3096 3920 3243 3978 diem
3264 3938 3587 3995 supremum
3619 3940 3670 3981 a.

2072 4020 2203 4071 1581
2240 4034 2252 4069 :
2293 4015 2440 4070 illam
2473 4030 2599 4070 vero
2642 4030 2708 4069 ex
2748 4014 3088 4085 autographo
3127 4014 3293 4086 ipsius
3318 4016 3511 4072 excudi
3546 4015 3676 4074 fecit

2066 4111 2369 4165 Dominicus
2403 4113 2546 4167 Basa
2577 4110 2945 4179 tgpographus
2978 4112 3248 4165 Romanus
3276 4126 3325 4165 a.
3360 4115 3496 4165 1588
3518 4152 3545 4179 ,.
3572 4110 3674 4168 nisi

2065 4203 2207 4259 forte
2233 4220 2408 4258 annus
2448 4210 2585 4257 1580
2615 4218 2712 4272 pro
2736 4218 2863 4257 vero
2900 4202 3065 4273 hujus
3094 4202 3345 4259 editionis
3372 4204 3534 4259 natali
3576 4204 3672 4260 ha-

2066 4297 2310 4362 bendus,
2348 4296 2647 4366 eademque
2688 4304 2870 4366 postea
2900 4288 3051 4352 novo
3081 4296 3240 4351 titulo
3286 4313 3333 4351 a.
3372 4303 3508 4351 1588
3537 4313 3674 4368 prae-

2066 4388 2272 4445 ferente
2319 4389 2387 4443 sit
2427 4396 2641 4443 ornata.
2675 4390 2835 4445 Certe
2881 4405 3056 4445 annus
3104 4394 3241 4442 1580
3281 4389 3548 4459 ascriptus
3589 4398 3672 4446 est

2066 4482 2308 4555 epistola:
2350 4481 2693 4538 dedicatoriac
2712 4523 2727 4550 ,
2754 4498 2920 4554 quam
2957 4482 3100 4539 idem
3128 4481 3498 4554 typographus
3527 4498 3668 4555 prac-

350 4577 500 4634 haud
526 4593 725 4649 paucos
745 4575 831 4632 ille
851 4575 1146 4643 consuluit,
1174 4575 1340 4631 modo
1361 4575 1622 4645 Sulpicio,
1645 4572 1815 4632 modo
1836 4576 1963 4631 Cas-
1990 4580 2041 4641 D
2073 4575 2189 4632 ﬁxit
2213 4576 2284 4632 ad
2299 4576 2625 4648 Gregorium
2645 4578 2807 4646 XIII.
2833 4575 2974 4632 Il1ud
2991 4576 3184 4631 saltem
3208 4583 3356 4630 certo
3380 4574 3504 4632 inde
3522 4576 3672 4633 disci-

334 4672 498 4728 ~siano
523 4671 865 4742 inscriptum.
894 4668 1139 4741 Ambigit
1164 4684 1293 4740 ergo
1315 4671 1402 4724 Jo.
1434 4671 1594 4740 Bapt.
1628 4671 1883 4741 Guesnay
1904 4669 1957 4725 in

379 4811 391 4824 .
418 4766 453 4822 l.
499 4764 841 4822 Eucherione
876 4764 994 4820 haec
1018 4765 1269 4834 Epitome
1295 4763 1458 4819 tribui
1489 4764 1680 4835 possit,
1716 4780 1785 4819 an
1813 4764 1957 4821 forte

334 4860 400 4917 id
437 4861 714 4916 Victorem
750 4857 1043 4931 quemdam
1082 4855 1307 4921 Afrum,
1350 4856 1418 4913 de
1443 4873 1550 4929 quo
1603 4858 1955 4915 Cassiodorus

332 4972 395 5010 rc.
428 4960 497 5010 29
526 4955 936 5010 Institutionum
969 4952 1186 5021 scribit,
1219 4968 1347 5009 eum
1374 4953 1520 5007 dicta
1551 4955 1799 5009 Cassiani
1816 4970 1951 5024 pur-

334 5064 503 5117 gasse
528 5054 579 5103 et
604 5064 726 5118 qua:
752 5049 1049 5115 defuissent
1082 5030 1393 5111 addidisse,
1412 5045 1696 5102 referenda
1721 5046 1808 5102 sit.
1847 5047 1952 5104 Sed

348 5141 656 5198 Cassiodori
689 5140 853 5197 verba
880 5158 990 5196 non
1026 5149 1136 5196 tam
1161 5141 1453 5211 epitomen,
1479 5155 1646 5211 quam
1684 5155 1950 5214 expurga-

346 5236 561 5293 tionem
589 5250 839 5292 errorum
863 5234 1164 5306 signiﬁcare
1193 5233 1462 5288 videntur.

952 5364 1194 5420 CAPUT
1234 5365 1333 5418 Ill.

620 5479 893 5537 Editimzes
921 5493 1138 5548 operum
1161 5478 1381 5533 Joannis
1407 5477 1669 5533 Cassiani.

1139 5598 1182 5651 Ι.

409 5710 813 5769 Institutionum
850 5708 1012 5763 libros
1056 5710 1139 5764 IV
1170 5716 1225 5763 et
1268 5706 1334 5764 de
1383 5707 1560 5765 causis
1605 5715 1659 5764 et
1700 5707 1952 5765 remediis

347 5811 606 5867 vitiorum
642 5811 754 5862 octo
775 5805 1034 5877 primum,
1061 5805 1105 5861 si
1135 5821 1262 5861 vera
1301 5805 1467 5862 tradit
1510 5806 1791 5863 Fabricius
1829 5822 1952 5879 pro-

331 5904 641 5963 cruderunt
655 5903 885 5972 ofﬁcina:
907 5901 1228 5959 Venetorum
1242 5917 1290 5958 a.
1323 5906 1479 5959 1481.
1507 5902 1665 5960 Certa
1685 5908 1768 5958 est
1787 5900 1950 5958 editio

2068 4687 2212 4741 mus,
2243 4671 2591 4727 Ciacconium
2611 4670 2790 4743 ipsum
2818 4668 2980 4741 hujus
2999 4668 3234 4725 auctoris
3261 4667 3456 4725 edendi
3480 4685 3672 4726 curam

2064 4766 2333 4838 suscipere
2376 4766 2648 4832 noluisse,
2682 4764 2777 4821 sed
2819 4763 3221 4820 lucubrationes
3253 4780 3379 4821 suas
3412 4764 3672 4821 cardinali

2063 4861 2440 4917 transmisisse.
2486 4859 2735 4929 Repetita
2775 4867 2861 4914 est
2908 4860 3158 4914 Romana
3212 4857 3377 4913 editio
3419 4861 3673 4929 Lugduni

2068 4958 2223 5021 1606,
2251 4962 2305 5008 et
2328 4957 2506 5010 Roma:
2555 4956 2682 5007 1611
2710 4974 2723 5018 ;
2758 4949 3129 5022 Cuychianam
3163 4950 3479 5023 singulatim
3512 4968 3668 5025 repe-

2059 5048 2215 5103 titam
2253 5063 2365 5103 non
2402 5045 2643 5101 memini.
2678 5047 2755 5101 Ex
2799 5052 3034 5115 utraque
3065 5059 3194 5099 vero
3238 5043 3374 5099 facili
3406 5044 3670 5101 methodo

2060 5158 2224 5199 unam
2244 5141 2586 5198 concinnavit
2609 5140 2854 5197 Alardus
2886 5141 3112 5197 Gaurus
3135 5141 3340 5209 (Gazet)
3368 5140 3672 5196 monachus

2061 5238 2387 5295 Vedastinus
2407 5236 2653 5293 Atrebati
2673 5237 2768 5301 (de
2787 5235 3050 5306 I'Abbaye
3068 5236 3136 5289 de
3150 5238 3230 5292 St.
3243 5265 3259 5276 -
3272 5238 3444 5292 Vaast
3464 5236 3532 5290 de
3550 5237 3671 5290 l’o—r-

2062 5334 2159 5389 dre
2187 5334 2253 5387 de
2280 5335 2569 5390 St.-Bcnoit
2602 5333 2636 5384 ὰ
2662 5333 2886 5397 Arms),
2910 5336 3129 5385 secutus
3152 5329 3207 5383 in
3230 5328 3499 5400 plerisque
3532 5329 3669 5399 Cuy-

2061 5427 2273 5495 chium,
2313 5427 2383 5483 ita
2418 5436 2601 5482 tamen
2626 5431 2690 5481 ut
2715 5423 3059 5481 Ciacconium
3092 5422 3331 5492 aliosque
3373 5422 3523 5491 prius
3550 5418 3665 5477 edi~

2060 5530 2176 5590 tos,
2210 5522 2380 5577 immo
2426 5521 2589 5576 etiam
2626 5535 2797 5577 novos
2835 5517 3105 5591 quosdam
3146 5530 3279 5572 mss.
3311 5514 3525 5570 codices
3554 5530 3670 5573 non

2058 5616 2370 5690 negligeret.
2402 5613 2625 5671 Addidit
2645 5614 2714 5671 de
2730 5630 2829 5672 suo
2853 5610 3321 5671 Commentarium
3341 5616 3670 5681 perpetuum

2060 5711 2306 5765 omnium
2336 5708 2590 5764 ordinum
2619 5707 2911 5781 religiosis,
2943 5707 3215 5780 praecipue
3254 5719 3385 5760 vero
3432 5703 3666 5761 Benedi-

2059 5803 2216 5860 ctinis
2245 5803 2464 5871 utilem;
2493 5811 2656 5874 atque
2695 5802 2773 5859 sic
2807 5803 3069 5861 instructa
3096 5799 3295 5873 prodiit
3341 5798 3462 5856 haec
3502 5797 3663 5856 editio

2061 5902 2234 5955 Duaci
2262 5914 2311 5954 a.
2346 5903 2504 5967 1616,
2532 5899 2608 5954 ΙΙΙ
2638 5896 2801 5954 tomis
2830 5897 2989 5970 in-8°,
3014 5896 3247 5971 indeque
3271 5895 3471 5968 saepius
3507 5890 3664 5950 variis

3514 6034 3576 6104 (4
