4052 6200
218 413 275 467 13
827 415 1108 472 ΝΟΤΙΤΙΑ
1145 415 1964 474 HlSTORlCO-LITTERABIA
2001 418 2070 474 IN
2106 415 2421 474 JOANNEM
2457 418 2856 477 CASSIANUM.
3445 429 3510 482 H

207 534 267 590 in
291 535 412 592 locis
439 545 494 594 et
515 537 806 596 novissime
828 540 1026 614 Lipsiae
1062 547 1200 599 1733
1229 543 1370 616 typis
1400 542 1628 600 describi
1667 557 1787 600 me-
1819 547 1873 610 Α
1903 543 2008 599 ﬁne
2059 562 2071 598 :
2115 545 2451 614 Eapliciunt,
2498 551 2601 600 etc.
2640 548 2918 617 Impressoe
2945 547 3168 604 Basilea:
3202 563 3305 620 per
3332 552 3508 619 magi-

207 629 323 686 truit.
349 631 657 704 Sequuntur
689 635 930 690 Annales
957 637 1306 706 singularum
1333 638 1647 694 editionum.

797 733 1040 791 Samum
1078 749 1186 792 xv.

919 833 1083 885 1485.

277 917 520 982 Basilece,
549 922 606 974 in
631 921 730 988 fol.
768 921 1060 979 Cassianus
1099 921 1171 978 de
1204 919 1478 978 Institutis
1521 919 1797 977 coenobio-

207 1025 361 1076 rum,
418 1011 657 1083 origine,
709 1014 889 1072 causis
943 1023 1001 1072 et
1051 1014 1306 1072 remediis
1352 1014 1635 1082 vitiorum,
1681 1013 1794 1069 col-
1833 1018 1837 1022 ’

215 1101 598 1178 lationibusque
638 1107 893 1164 Patrum.
945 1109 1008 1164 In
1049 1107 1154 1164 ﬁne
1199 1125 1213 1162 :
1249 1108 1564 1178 Eapliciunt
1603 1109 1802 1175 viginti

201 1202 432 1268 quatuor
467 1201 780 1255 collationes
818 1205 1117 1256 sanctorum
1144 1204 1372 1257 Patrum
1409 1202 1700 1270 conscripto
1727 1200 1797 1254 ab

197 1293 394 1348 Joanne
441 1294 705 1347 heremita
745 1297 842 1362 qui
875 1297 926 1348 et
961 1295 1248 1351 Cassianus
1285 1293 1506 1351 dicitur.
1543 1297 1798 1364 Impresse

207 1385 424 1441 Basilea:
455 1401 598 1440 anno
623 1388 837 1442 Domini
850 1387 1328 1445 MCCCCLXXXV.

196 1471 205 1478 ’
269 1480 504 1534 Textum
523 1477 777 1550 praecedit
801 1483 1091 1551 registrum
1109 1472 1510 1553 alphabeticum
1531 1497 1717 1538 rerum
1744 1489 1800 1538 et

206 1572 608 1630 sentientiarum
635 1576 1095 1648 memorabilium,
1121 1578 1178 1634 in
1209 1593 1320 1651 quo
1347 1577 1417 1634 ad
1446 1577 1614 1634 libros
1631 1585 1686 1634 et
1709 1588 1813 1634 ca-'

200 1665 308 1738 'pita
333 1665 543 1739 singula
577 1669 896 1728 excitantur.
933 1673 995 1727 In
1029 1687 1219 1729 aversa
1248 1671 1390 1728 tituli
1433 1659 1625 1745 pagina
1669 1671 1797 1744 legi-

203 1769 288 1816 tur
319 1779 331 1814 :
356 1763 565 1818 Auctor
595 1767 717 1834 quis
745 1782 809 1820 ac
836 1767 1015 1836 qualis
1045 1767 1219 1834 fuerit
1257 1786 1274 1821 :
1306 1782 1438 1838 quos
1467 1767 1630 1821 libros
1672 1785 1688 1820 :
1723 1766 1798 1820 ad

197 1869 328 1924 quos
345 1873 361 1909 :
377 1859 428 1910 et
441 1855 507 1910 de
519 1857 714 1925 quibus
727 1861 1004 1930 scripserit
1029 1879 1046 1914 :
1064 1860 1502 1916 commendatitia
1519 1859 1800 1930 brevisque

1901 641 2076 692 stram
2120 639 2378 692 Joannem
2422 639 2744 693 Amerbach.
2782 642 2952 696 ιΛηηο
2995 643 3214 698 Domini
3247 643 3504 700 M.CCCC.

1904 732 2264 788 LXXXXVH.
2293 739 2349 786 et
2372 730 2561 787 subter
2592 750 2604 786 :
2645 737 2750 788 Deo
2779 737 3009 803 gratias.

1975 821 2154 879 Prima
2189 823 2516 881 Basileensis
2552 823 2621 880 ad
2662 823 2873 900 singula
2908 827 3073 884 verba
3119 839 3201 887 est
3239 831 3510 908 descripta

1905 913 2218 972 charactere
2253 915 2486 972 Gothico
2516 915 2752 986 minuto,
2785 917 2926 974 binis
2959 922 3248 982 columnis.

2388 1022 2399 1030 ’
2497 1029 2745 1072 SECULO
2783 1032 2822 1072 X
2831 1031 2892 1074 VI
2903 1057 2918 1074 .

2627 1113 2792 1166 1516.

1978 1199 2260 1268 Lugduni,-
2296 1202 2457 1256 in-8°.
2497 1200 2724 1257 Joannis
2763 1201 3040 1271 Eremitae,
3077 1203 3171 1278 qui
3213 1212 3269 1262 et
3307 1207 3516 1265 Cassia-

1905 1305 2010 1347 nus
2034 1291 2250 1362 dicitur,
2277 1291 2398 1349 Vita
2420 1303 2474 1350 et
2493 1293 2610 1350 libri
2633 1296 2766 1364 XII,
2791 1295 3082 1352 videlicet:
3110 1297 3178 1354 de
3217 1299 3513 1359 Ctenobio-

1905 1401 2030 1441 rum
2056 1385 2320 1468 Institutis
2356 1387 2476 1445 libri
2510 1389 2606 1455 IV,
2649 1395 2705 1445 et
2731 1389 2798 1446 de
2829 1391 2966 1446 Octo
2994 1389 3146 1447 Vitiis
3183 1384 3507 1464 capitalibus

1907 1477 2028 1534 libri
2055 1481 2206 1536 VIII.
2238 1483 2354 1538 Cat.
2382 1482 2522 1538 Bibl.
2559 1473 2763 1538 Bodlei.
2792 1484 3058 1540 Auctores
3085 1487 3340 1541 Historia:
3377 1489 3490 1543 Litt

1909 1574 2100 1630 Gallia:
2139 1575 2204 1629 T.
2255 1576 2331 1642 Il,
2388 1591 2446 1646 p.
2494 1578 2624 1644 224,
2661 1574 2805 1648 apud
2851 1579 3115 1634 Simonem
3162 1581 3512 1652 Berilaquam

1907 1666 2334 1740 Lugdunensem
2363 1669 2767 1744 typographum
2791 1669 2932 1727 hanc
2956 1671 3246 1730 editionem
3277 1675 3508 1748 impres-

1906 1775 2026 1816 sam
2065 1759 2261 1818 ferunt.

2641 1863 2798 1912 1521.

198 1918 460 2018 expositio
503 1918 559 2004 in
589 1947 730 2006 hanc
780 1918 1107 2008 sententiam
1139 1951 1392 2009 desinens
1447 1973 1460 2008 :
1513 1955 1583 2009 Ut
1627 1918 1882 2025 igiturB
1980 1953 2248 2014 Bononiae,
2307 1950 2456 2021 apud
2509 1951 2780 2006 Benedict.
2813 1951 3037 2018 Hector;
3082 1955 3246 2007 ill-3°.
3293 1955 3517 2012 Joannis

191 2043 456 2112 praeclari
475 2042 632 2112 hujus
657 2047 766 2098 uiri
781 2045 1067 2115 (Cassiani)
1089 2047 1264 2117 macra
1291 2051 1449 2102 tanta
1465 2045 1800 2104 commenda-

203 2136 337 2190 tione
363 2134 533 2204 dig-na
555 2137 625 2191 ab
645 2139 890 2194 omnibus
910 2141 1083 2209 lege-re
1107 2141 1446 2210 cupientibus
1467 2139 1689 2206 facil-ius
1706 2137 1804 2190 ha-

201 2227 316 2282 beri
332 2231 541 2298 possint
564 2249 580 2284 :
600 2247 776 2301 nuper
803 2234 861 2285 in
889 2233 1096 2301 inclyta
1125 2232 1513 2287 Basileensium
1539 2229 1674 2282 urbe
1683 2230 1808 2298 post

198 2323 664 2376 accuratissimam
701 2323 1009 2377 eorumdcm
1043 2323 1464 2378 emendationem
1494 2341 1511 2376 :
1551 2323 1806 2389 artiﬁcio-

187 2427 423 2481 sumque
443 2417 488 2468 et
500 2415 795 2484 perutilem
813 2418 865 2469 et
883 2418 1045 2470 antea
1065 2430 1172 2470 non
1187 2417 1358 2469 visam
1370 2413 1763 2468 distinctionem
1781 2431 1798 2466 :

192 2507 414 2574 singula
439 2523 558 2560 cum
585 2509 1025 2578 inscriptionibus
1045 2507 1157 2564 suis
1185 2527 1201 2562 :
1230 2509 1288 2562 in
1307 2508 1403 2562 hoc
1421 2521 1589 2561 unum
1611 2521 1802 2576 corpus

186 2601 322 2651 sunt
343 2598 592 2654 collecta:
621 2601 958 2670 elimatisque
984 2601 1293 2656 litterarum
1318 2599 1720 2654 characteribus
1740 2603 1803 2654 ut

185 2691 402 2760 liquido
426 2695 667 2748 cernitur
689 2697 984 2764 impressa:
1007 2694 1082 2748 ad
1102 2695 1396 2763 frugiferis
1416 2693 1553 2748 artis
1577 2693 1803 2762 impres-

173 2788 347 2842 soriae
370 2788 880 2843 commendationem
902 2807 918 2843 :
943 2790 1287 2858 omniumque
1313 2786 1609 2856 diligenter
1639 2787 1697 2838 in
1721 2785 1804 2840 his

173 2880 482 2950 legentium
513 2885 806 2938 utilitatem
825 2903 841 2938 :
858 2885 1259 2954 Saluatori-sque
1277 2884 1454 2937 nostri
1469 2884 1593 2937 Jesu
1607 2881 1809 2937 Christi

175 2975 427 3042 gloriam
471 2981 523 3030 et
539 2978 836 3046 honorem}
857 2979 956 3048 qui
991 2983 1070 3032 est
1095 2977 1396 3032 benedictus
1444 2977 1503 3029 in
1548 2975 1745 3030 scecula
1763 2973 1800 3042 ξε

177 3083 335 3123 anno
378 3071 691 3125 nativitatis
727 3071 974 3140 ejusdem,
995 3071 1470 3128 MCCCCLXXXV.
1503 3071 1586 3124 De
1611 3065 1805 3124 eodem

169 3170 517 3232 argumento
555 3178 742 3218 versus
781 3162 1076 3219 hexametri
1118 3163 1398 3236 seXaginta
1441 3160 1635 3235 adjecti
1677 3168 1806 3217 sunt

167 3250 224 3306 in
271 3252 531 3308 secunda
574 3255 768 3326 pagina
802 3255 934 3310 noni
959 3270 1026 3310 ex
1071 3254 1210 3310 loliis
1243 3254 1481 3327 registri,
1525 3255 1619 3325 qui
1663 3251 1798 3308 inci-
1837 3287 1882 3350 C

169 3343 345 3414 piunt
366 3363 382 3398 :
400 3347 636 3398 Caesaris
651 3347 872 3412 imperio
888 3347 1184 3410 famuletur
1199 3347 1492 3400 Rhomulus
1513 3345 1676 3407 orbis,
1697 3351 1802 3398 etc.

163 3445 221 3492 et
243 3434 542 3495 desinunt
566 3436 1145 3492 :ScrmonesAbrahce:
1171 3436 1236 3491 de
1254 3439 1434 3492 carnis
1458 3438 1572 3507 lege
1585 3437 1806 3492 doman-

167 3531 280 3586 dae.
299 3526 670 3600 Epigraphen
696 3526 899 3584 faciunt
927 3527 981 3584 hi
1002 3528 1112 3585 duo
1151 3547 1165 3584 :
1199 3532 1335 3598 Quos
1365 3547 1497 3602 opus
1523 3532 1617 3586 hoc
1637 3533 1801 3588 libros

159 3629 373 3681 teneat
410 3639 723 3692 cognoscere
746 3627 798 3678 si
820 3627 918 3680 vis.
953 3628 1023 3681 Et
1051 3626 1188 3696 quid
1208 3629 1434 3697 quisque
1462 3632 1603 3683 tenet
1633 3647 1649 3682 :
1673 3629 1800 3684 sub-

163 3723 390 3790 rriptos
411 3719 632 3788 perlege
660 3734 866 3774 tersus.

241 3817 600 3882 Impressum
624 3819 706 3867 est
747 3811 1000 3868 volumen
1026 3813 1170 3884 typis
1197 3813 1444 3870 Gothicis
1482 3813 1799 3886 grandibus,

161 3909 269 3966 sed
323 3907 675 3964 tenuioribus
714 3917 768 3964 et
808 3909 1010 3978 acutis,
1059 3909 1204 3968 binis
1248 3901 1517 3967 columnis
1563 3910 1803 3985 abs/nu-

171 4003 352 4058 meris
389 4009 452 4056 et
481 4000 818 4058 custodibus.
850 4002 1088 4074 Plagulze
1131 4005 1358 4076 signatae
1401 4012 1564 4070 sunt;
1602 4003 1804 4060 adsunt

169 4097 351 4150 etiam
375 4095 650 4151 librorum
676 4095 817 4151 tituli
844 4097 1148 4168 majusculo
1175 4097 1489 4150 charactere
1521 4096 1725 4149 exarati
1749 4097 1805 4150 in

167 4205 402 4246 summa
435 4205 566 4256 ora,
607 4198 662 4244 et
684 4190 877 4246 littera:
909 4189 1138 4246 initiales
1177 4188 1402 4244 minutae
1432 4187 1487 4242 in
1537 4187 1801 4258 capitulis.

249 4281 320 4337 Id
351 4297 532 4337 unum
556 4279 674 4336 fere
718 4281 991 4355 singulare
1023 4281 1078 4336 in
1108 4279 1516 4337 characteribus
1547 4279 1800 4336 observa-

169 4376 385 4444 vimus,
425 4373 581 4446 quod
611 4375 817 4448 syllaba
856 4379 900 4431 is
945 4375 999 4431 in
1044 4375 1150 4432 ﬁne
1184 4391 1382 4432 vocum
1427 4391 1522 4448 per
1548 4390 1805 4446 compen-

167 4469 337 4526 dium
365 4469 532 4525 linetn
569 4478 732 4526 recta:
765 4469 1223 4541 perpendicularis
1261 4469 1494 4541 desuper
1523 4468 1803 4540 paululum

171 4577 376 4618 versus
427 4561 713 4618 sinistram
753 4561 964 4619 inﬂexa:
1005 4571 1221 4619 exarata
1267 4563 1356 4618 sit.
1405 4561 1669 4618 Eamdem
1713 4561 1800 4618 ed.

1907 2043 2172 2110 Eremite,
2199 2043 2291 2114 qui
2316 2051 2372 2098 et
2398 2043 2686 2099 Cassianus
2717 2042 2932 2112 dicitur,
2964 2059 3101 2116 opus
3133 2044 3202 2102 de
3241 2047 3516 2106 Institutis

1909 2135 2309 2204 coenobiorum,
2349 2136 2572 2209 origine,
2612 2135 2792 2194 causis
2830 2146 2886 2194 et
2931 2137 3186 2194 remediis
3228 2139 3513 2212 vitiorum,

1912 2223 2405 2300 Collationibusque
2443 2231 2684 2286 Patrum.
2725 2232 2842 2288 Cat.
2887 2232 3028 2287 Bibl.
3066 2235 3196 2302 Reg.
3228 2236 3409 2290 Paris.
3445 2237 3512 2290 T.

1911 2323 1957 2386 1,
1987 2337 2038 2392 ρ.
2068 2327 2192 2383 382.
2221 2337 2279 2376 n.
2314 2327 2440 2378 772.

2636 2421 2792 2472 1525.

1980 2509 2250 2578 Lugduni,
2289 2525 2390 2580 per
2432 2512 2686 2566 Jacobum
2729 2513 2889 2581 Μῃτά
2942 2514 3108 2582 in—8°,
3161 2512 3334 2569 Iidem
3381 2513 3508 2570 libri

1910 2601 2277 2672 Sponsoribus
2317 2602 2567 2659 Patribus
2614 2603 2877 2660 Maurinis
2928 2604 2982 2660 in
3027 2608 3166 2662 Hist.
3213 2607 3324 2664 litt.
3377 2609 3512 2666 Gal-

1911 2694 2052 2750 liwl.
2082 2696 2126 2750 Ι.

2631 2789 2790 2838 1528.

1983 2877 2070 2944 (In
2097 2875 2205 2932 [ine
2227 2893 2239 2930 :
2262 2879 2282 2946 )
2308 2878 2584 2944 IIaganoce
2609 2879 2704 2942 (a),
2734 2892 2832 2945 per
2865 2877 2980 2930 Joh.
3010 2878 3292 2940 Secerium,
3336 2893 3513 2933 mense

1911 2970 2131 3032 Martio,
2161 2966 2332 3026 iit-4°.
2373 2971 2444 3023 D.
2489 2967 2726 3025 Cassiani
2771 2967 3356 3040 Constantinopolitani
3398 2968 3514 3025 dia-

1912 3063 2034 3119 coni
2073 3061 2142 3118 de
2171 3063 2294 3119 Lib.
2337 3063 2572 3118 Arbitrio
2615 3061 2862 3119 Collatia.
2913 3063 3053 3118 Octo
3093 3062 3323 3136 plagulas
3361 3063 3516 3120 lucu—

1912 3157 2058 3212 lento
2086 3157 2397 3213 charactere
2427 3159 2704 3226 Romano,
2737 3163 2797 3210 ut
2833 3154 3078 3212 Justinus
3115 3154 3329 3212 duobus
3355 3155 3516 3213 annis

1911 3261 2035 3310 ante
2082 3251 2286 3308 ibidem
2333 3268 2585 3319 excusus,
2647 3251 2950 3323 impressae.
3001 3252 3194 3307 Exstat
3251 3251 3416 3307 etiam
3462 3253 3517 3308 in

1911 3350 2026 3404 Cat.
2057 3349 2195 3405 Bibl.
2237 3352 2368 3418 Reg.
2411 3350 2588 3404 Paris.
2621 3346 2846 3404 Collatio
2876 3345 2999 3404 haec
3023 3345 3074 3400 in
3111 3361 3276 3418 opere
3305 3344 3515 3420 integro

1909 3448 1988 3496 est
2012 3440 2268 3514 vigesima
2292 3441 2468 3496 tertia.
2513 3438 2758 3504 Rescidit
2794 3446 2979 3495 autem
3005 3438 3204 3506 editor,
3231 3445 3294 3494 ut
3321 3441 3514 3497 Patres
3599 3429 3610 3432 ’

1909 3534 2138 3591 Maurini
2165 3534 2332 3591 modo
2357 3533 2558 3590 laudati
2591 3539 2832 3600 monent,
2867 3540 3030 3604 caput
3055 3532 3332 3602 ultimum,
3363 3532 3510 3606 ejus-

1907 3644 2011 3700 que
2031 3629 2150 3684 loco
2177 3630 2338 3684 XVII
2367 3628 2468 3683 alia
2493 3643 2559 3683 ex
2583 3625 2700 3684 aliis
2725 3626 3114 3684 Collationibus
3137 3626 3513 3684 consarcinata

1908 3721 2205 3790 substituit,
2253 3729 2315 3776 ut
2343 3721 2388 3776 si
2421 3721 2630 3794 justum
2667 3720 2798 3776 velis
2846 3736 2963 3777 esse
3004 3721 3252 3788 titulum,
3294 3720 3514 3776 inscribi

1909 3813 2206 3883 debuisset,
2248 3817 2532 3870 Tractatus
2567 3815 2633 3870 de
2659 3817 2846 3872 Libero
2891 3817 3139 3872 Arbitrio
3164 3833 3231 3870 ea:
3271 3817 3520 3872 Cassiani

1911 3907 2315 3972 Collationibus,
2341 3911 2645 3979 prcesertim
2671 3911 2846 3965 ΧΧΠΙ
2867 3909 3188 3978 descriptus.

2625 4007 2789 4057 1540.

1982 4093 2227 4156 Coloniae,
2276 4110 2343 4148 ea:
2383 4095 2605 4163 officina
2661 4096 2848 4149 Melch.
2889 4095 3274 4158 Novesianum;
3323 4093 3515 4156 ili-fol.

1911 4185 2136 4239 Joannis
2165 4185 2405 4240 Cassiani
2444 4185 2564 4240 libri
2601 4188 2713 4240 XII
2744 4185 2810 4240 de
2837 4184 3108 4238 Institutis
3131 4183 3512 4240 coenobiorum

1913 4282 1968 4332 et
2007 4275 2076 4331 de
2117 4275 2258 4330 vitiis
2286 4277 2627 4346 capitalibus,
2668 4291 2768 4331 nec
2810 4290 2922 4331 non
2951 4273 3068 4330 libri
3097 4264 3207 4332 duo
3243 4276 3508 4334 Collatio-

1911 4385 2044 4424 num
2084 4370 2278 4426 XXIV
2300 4369 2394 4426 SS.
2419 4371 2643 4424 Patrum
2669 4369 3070 4444 paraphrastice
3092 4370 3308 4441 redditi,
3335 4371 3514 4430 studio

1909 4467 2160 4535 Dionysii
2182 4461 2544 4522 Carthusiani.
2579 4463 2801 4537 Adjecta
2825 4472 2908 4521 est
2933 4467 3004 4521 D.
3033 4465 3263 4522 Joannis
3291 4465 3511 4522 Climaci

1911 4557 2052 4614 scala
2101 4555 2362 4626 Paradisi,
2403 4557 2616 4626 Latine,
2659 4573 2724 4614 ex
2759 4558 3198 4630 interpretatione
3238 4557 3516 4616 Ambrosii

169 4656 444 4712 servabat
469 4654 616 4726 lolim
645 4658 786 4712 Bibl.
831 4660 990 4713 Ducis
1019 4658 1085 4712 de
1129 4659 1182 4712 la
1230 4658 1478 4712 VaIIiére.
1531 4657 1802 4711 Caeterum
1834 4651 1886 4714 D
1916 4651 2184 4710 monachi.
2236 4645 2362 4712 Cat:
2407 4655 2548 4710 Bibl.
2597 4655 2796 4710 Bodlei.
2841 4657 3016 4712 Paris.
3067 4658 3196 4726 Reg.
3253 4663 3308 4711 et
3355 4657 3518 4712 Casa-

177 4751 477 4807 I-‘abricius
497 4749 554 4804 in
577 4750 715 4805 Bibl.
746 4753 820 4805 Μ.
848 4760 900 4806 et
921 4753 972 4806 I.
1001 4753 1126 4807 Lat.
1172 4749 1356 4806 laudat
1379 4749 1672 4806 editionem
1715 4752 1808 4807 Ve-

179 4851 367 4900 neram
397 4860 456 4899 a.
493 4849 656 4912 148t,
680 4859 844 4915 quam
874 4844 1126 4917 equidem
1154 4853 1337 4900 tamen
1368 4845 1630 4916 tantisper
1661 4844 1808 4900 inter

173 4937 398 4996 fabulas
424 4937 667 5005 habebo,
693 4937 869 4994 donec
887 4939 1032 4995 aliud
1062 4937 1215 4995 luero
1240 4937 1483 4994 edoctus.
1702 4929 1706 4934 ’

927 5037 1084 5087 1491.

257 5131 532 5191 Venetiis,
565 5129 754 5196 in-fol.
784 5127 872 5183 Jo.
907 5103 1196 5184 Cassianus
1229 5125 1296 5184 de
1322 5125 1590 5183 Institutis
1616 5141 1807 5183 coeno-

187 5219 404 5278 biorum
459 5242 472 5278 :
510 5229 568 5277 et
593 5219 844 5294 ejusdem
882 5220 1221 5277 Collationes
1257 5224 1506 5278 Patrum.
1551 5220 1810 5277 Producit

193 5315 514 5371 Blaeuarius
544 5315 613 5368 Τ.
655 5315 703 5381 Ι,
737 5329 792 5384 ρ.
827 5327 897 5380 ιι,
929 5329 984 5386 p.
1022 5319 1150 5382 538,
1184 5329 1249 5370 ex
1280 5315 1418 5370 Bibl.
1450 5316 1808 5370 Menarszance

199 5407 452 5480 Patalogo
499 5424 558 5481 p.
616 5411 704 5476 19,
757 5423 815 5465 n.
869 5413 992 5464 161.
1042 5408 1307 5465 Exstabat
1347 5409 1512 5464 etiam
1558 5407 1614 5462 in
1665 5407 1802 5464 Bibl.

199 5500 374 5560 Pinc".

877 5652 887 5656 ρ
920 5593 1080 5645 1497.

264 5683 489 5739 Basilee
511 5699 617 5755 per
650 5685 732 5738 Jo.
762 5682 1094 5750 Amerbach;
1127 5685 1292 5738 ἱνα-4ο.
1329 5685 1568 5740 Joannes
1596 5683 1806 5741 Cassia-

191 5787 294 5831 nus
313 5775 382 5834 de
411 5776 688 5834 Institutis
741 5774 1144 5847 coenobiorum,
1171 5784 1303 5849 etc.,
1348 5786 1410 5834 ut
1437 5778 1490 5834 in
1522 5778 1719 5851 prima.
1749 5779 1808 5834 In

1912 4751 2122 4802 natans.

2637 4849 2796 4898 1542;

1988 4937 2260 5004 Lugduni,
2293 4937 2443 5006 apud
2465 4937 2717 4991 Jacobum
2745 4938 2978 5002 Giunta;
3010 4939 3163 4990 iri-8°.
3192 4931 3520 4990 Collationes

1915 5027 2163 5082 Patrum.
2217 5031 2370 5098 Opus
2405 5028 2630 5082 Joannis
2685 5029 2956 5094 Eremitze,
3002 5026 3092 5099 qui
3138 5037 3193 5084 et
3234 5027 3520 5086 Cassianus

1918 5118 2133 5187 dicitur,
2165 5119 2232 5176 de
2263 5117 2530 5175 Institutis
2557 5118 2956 5190 coenobiorum,
2996 5120 3219 5197 origine,
3260 5122 3437 5179 causis
3465 5129 3520 5178 et

1916 5213 2175 5270 remediis
2207 5213 2484 5280 vitiorum,
2507 5213 3005 5288 Collationibusque
3030 5219 3276 5274 Patrum.
3319 5213 3520 5272 Addita

1919 5307 2174 5364 Auctoris
2195 5308 2323 5364 vita.
2357 5310 2472 5366 Cat.
2505 5311 2640 5366 Bibl.
2674 5312 2931 5368 Casa-nat.
2965 5313 3036 5366 lt.
3066 5313 3184 5370 Cat.
3215 5311 3282 5368 de
3313 5311 3368 5368 la
3403 5310 3528 5368 Bibl

1917 5401 1982 5458 de
2019 5405 2346 5476 St-Jacques,
2375 5406 2409 5460 ci-
2437 5407 2590 5476 Lie'ge
2621 5411 2778 5478 1788,
2805 5423 2860 5480 p.
2895 5410 3016 5464 190.

2647 5507 2807 5560 1559.

1987 5596 2230 5659 Basilete,
2277 5612 2345 5651 ea:
2378 5597 2485 5666 off.
2521 5598 2998 5656 chrico-Petrina
3014 5619 3030 5667 ;
3073 5601 3131 5654 in
3154 5601 3250 5669 fol.
3295 5600 3521 5658 Joannis

1917 5687 2158 5745 Cassiani
2197 5704 2360 5763 opera
2399 5689 2611 5763 aliquot
2657 5708 2782 5748 cum
2818 5695 2873 5750 S.
2926 5693 3156 5748 Joannis
3190 5691 3521 5749 Damasceni

1917 5793 2044 5852 Opp.

263 5970 340 6036 (α)
373 5968 440 6027 Id
470 5978 556 6028 est
584 5971 804 6040 Hayna:
831 5967 1297 6042 (Grossen-Hayn)
1319 5969 1376 6024 in
1403 5969 1649 6026 Saxonia
1677 5969 1973 6040 Supe-riori,
2007 5977 2068 6027 ut
2092 5977 2240 6026 recte
2263 5968 2598 6026 Benedictini
2623 5989 2634 6025 :
2667 5971 2701 6024 ἀ
2722 5971 2902 6036 Hayn,
2927 5965 3064 6020 dans
3091 5962 3144 6014 la
3169 5953 3508 6013 Hecate-Saeve
