4052 6200
528 379 593 431 15
652 438 659 443 ,
1386 375 1478 429 AD
1517 373 1743 430 OPERA
1783 370 2064 428 JOANNIS
2100 369 2406 428 CASSIANI
2444 368 2973 427 PROLEGOMENA.
3779 379 3846 433 16

597 500 721 557 Jam
746 498 976 572 pridem,
1003 514 1201 572 nempe
1224 514 1275 557 a.
1307 504 1445 556 1548
1485 498 1667 555 omnia
1695 513 1762 554 ex
1793 496 1981 555 eadem
2005 495 2129 554 oiﬁ-
2161 500 2215 564 A
2242 499 2319 555 Μ.
2388 501 2454 553 D.
2534 499 2847 562 LXXVIII.)
2898 495 3072 553 multa
3133 505 3468 571 conquestus
3531 498 3602 557 de
3661 503 3837 561 saeculi

527 592 647 649 cina
692 591 1013 664 prodierant
1058 592 1284 650 Joannis
1331 590 1655 648 Damasceni
1706 606 1907 664 opera,
1962 605 2129 663 quam

528 685 827 743 editionem
852 685 907 741 in
934 685 1035 743 hac
1062 700 1178 743 esse
1207 700 1479 753 recusam,
1510 683 1655 741 haud
1679 684 1951 740 incertum
1979 682 2126 740 vide-

527 785 639 846 tur,
667 780 884 836 tametsi
913 779 1000 836 illa
1034 779 1356 837 Cassianum
1385 794 1498 834 non
1526 778 1814 851 complexa
1843 777 2028 842 fuerit,
2068 786 2134 835 ut

526 889 593 929 ex
618 873 772 929 titulo
808 873 947 929 illius
975 873 1029 928 in
1069 874 1184 929 Cat.
1234 874 1375 931 Bibl.
1401 876 1533 942 Reg.
1573 874 1750 928 Paris.
1779 869 1939 929 obvio
1980 871 2042 927 T.
2079 872 2127 940 1,

524 982 580 1039 p.
614 972 738 1035 357,
768 982 825 1020 n.
863 970 988 1033 382,
1017 974 1261 1039 apparet.
2025 968 2044 986 ‘

1253 1064 1410 1116 1572.

599 1157 807 1225 Tiguri,
845 1155 1039 1222 in-fol.
1085 1152 1317 1210 Joannis
1352 1152 1591 1210 Cassiani
1633 1150 1704 1209 de
1748 1151 2129 1209 Incarnatione

522 1246 722 1305 Christi
772 1257 963 1304 contra
1022 1248 1335 1304 Nestorium
1390 1245 1711 1303 haereticum
1756 1245 1826 1301 ad
1880 1247 2128 1301 Leonem

522 1345 796 1400 Romanae
841 1341 993 1399 urbis
1030 1343 1367 1414 episcopum,
1406 1341 1529 1397 libri
1561 1343 1695 1409 V11;
1730 1340 1874 1395 inter
1911 1342 2126 1409 Scripta

524 1441 762 1492 veterum
789 1439 987 1493 Latina
1015 1437 1081 1491 de
1119 1452 1230 1491 una
1248 1451 1483 1507 persona
1503 1443 1561 1492 et
1579 1434 1752 1490 duab.
1776 1437 1894 1489 nat.
1927 1433 2131 1490 Christi

524 1529 665 1588 edita
694 1547 727 1587 a
778 1532 948 1587 Josua
983 1530 1238 1599 Simlero,
1273 1546 1398 1603 pag.
1450 1536 1537 1586 17.
1578 1527 1795 1584 Additze
1835 1535 1963 1584 sunt
1996 1529 2126 1586 Vita

527 1626 773 1683 Cassiani
796 1634 850 1682 et
869 1627 1241 1682 annotationes
1272 1625 1326 1681 in
1351 1624 1518 1681 libros
1542 1623 1661 1697 ejus
1683 1640 1714 1681 a
1741 1638 1863 1697 pag.
1889 1627 1978 1678 47.

1240 1723 1401 1775 1575.

594 1816 838 1878 Basilece,
860 1831 928 1868 ea:
948 1815 1055 1880 off.
1084 1814 1578 1873 Henrico—Petrina,
1595 1826 1773 1866 mense
1793 1811 2122 1880 Septembri;

521 1910 577 1960 in
606 1909 704 1973 fol.
736 1908 822 1957 TA
849 1905 976 1956 ΤΟΥ
999 1904 1155 1957 MAK.
1202 1901 1494 1956 [QANNOI'
1522 1901 1656 1956 ΤΟΥ
1682 1902 2129 1956 ΔΑΜΛΣΚΗΝΟΥ

523 1998 726 2053 ἘΡΓΑ.
753 1998 984 2053 Joannis
1000 1997 1325 2054 Damasceni
1343 2012 1508 2069 opera
1536 1996 1741 2065 omnia,
1764 2012 1887 2068 quae
1908 1996 2129 2070 quidem

522 2100 738 2165 exstant
779 2112 792 2148 :
836 2092 1076 2147 maxima
1113 2100 1265 2162 parte
1309 2092 1570 2147 hactenus
1608 2107 1718 2147 non
1757 2090 1886 2148 visa.
1926 2094 2064 2147 item
2109 2109 2125 2146 :

525 2183 756 2241 Joannis
806 2183 1050 2241 Cassiani
1109 2184 1366 2240 Eremitaz
1415 2198 1527 2240 non
1584 2199 1808 2256 prorsus
1849 2183 2130 2240 dissimilis

526 2276 834 2352 argumenti
870 2277 991 2333 libri
1018 2278 1246 2350 aliquot,
1289 2293 1525 2349 quorum
1569 2277 1836 2344 omnium,
1875 2284 1991 2333 tam
2029 2277 2131 2333 hu-

516 2370 630 2443 jus,
660 2384 825 2441 quam
856 2370 997 2427 illius
1020 2371 1329 2439 elenchum,
1359 2384 1510 2426 versa
1538 2371 1750 2443 pagina,
1783 2370 2125 2443 singulorum

522 2473 706 2519 autem
746 2472 1063 2536 argumenta
1117 2464 1173 2520 in
1217 2463 1532 2536 praefatione
1581 2463 1833 2535 reperies.
1879 2465 2127 2521 Accessit

523 2557 684 2613 Joan.
723 2556 1044 2614 Damasceni
1070 2557 1349 2630 operibus,
1384 2557 1626 2631 itemque
1659 2556 1918 2628 Cassiani,
1940 2574 2123 2615 rerum

392 2676 419 2688 κ
526 2664 591 2705 ac
614 2648 908 2706 verborum
928 2650 1393 2719 memorabilium,
1414 2667 1516 2707 nec
1546 2667 1659 2707 non
1687 2651 1937 2708 locorum
1955 2665 2125 2709 sacrm

524 2743 837 2815 Scripturae,
877 2759 999 2816 quae
1030 2744 1083 2799 in
1119 2743 1203 2800 his
1238 2745 1575 2816 explicantur
1606 2752 1771 2818 atque
1803 2744 2122 2818 allegantur,

524 2836 842 2910 trigeminus
862 2836 1021 2893 index
1041 2852 1207 2910 quam
1234 2837 1637 2911 diligentissime
1656 2838 2016 2911 conscriptus.

593 2930 787 2984 Insunt
825 2930 1008 2985 omnia
1057 2928 1316 2999 Cassiani,
1372 2945 1570 3001 nempe
1609 2930 1678 2986 de
1725 2930 1857 2986 Inst.
1905 2930 2124 2988 caenob.

520 3021 561 3077 l.
586 3023 683 3088 1V,
710 3020 855 3078 afol.
885 3026 1027 3092 903;
1053 3021 1121 3077 de
1148 3024 1287 3079 Octo
1315 3022 1468 3079 Vitiis
1499 3023 1820 3095 capitalibus
1852 3025 1889 3080 l.
1918 3024 2070 3093 Vlll,
2093 3040 2126 3082 ει

523 3112 620 3169 fol.
659 3119 804 3182 932;
841 3114 1169 3171 Collationes
1206 3118 1308 3173 PP.
1337 3118 1555 3183 XXIV,
1581 3132 1613 3173 a
1637 3116 1733 3174 fol.
1764 3123 1899 3186 990;
1927 3126 1982 3174 et
2003 3118 2126 3175 libri

2238 598 2458 664 propter
2492 605 2776 647 enormem
2814 590 2871 645 in
2918 588 3070 647 libris
3124 590 3425 649 scribendis
3479 593 3840 666 intemperan-

2236 683 2370 739 tiam
2411 682 2783 756 librorumque
2818 682 2980 740 Simul
3010 683 3343 755 proterviam
3386 692 3442 742 et
3474 687 3839 760 corruptelam

2222 775 2579 845 infelicitate;
2623 794 2741 832 eam
2782 778 2846 832 ob
2879 793 3100 833 causam
3145 781 3290 834 inter
3330 782 3470 845 illos,
3517 798 3649 852 quos
3693 784 3843 841 Chri-

2237 872 2419 925 stiana
2444 885 2585 940 resp.
2612 872 2900 926 Dominica:
2934 873 3101 927 vincte
3132 873 3355 928 cultores
3386 874 3565 938 habet,
3593 891 3701 931 non
3724 892 3844 931 con-

2238 962 2579 1018 temnendam
2606 978 2825 1032 operam
2850 978 3075 1027 navare,
3115 972 3305 1021 censet
3334 980 3451 1036 eos,
3484 971 3583 1037 qui
3604 974 3838 1024 veterum

2235 1071 2365 1111 mss.
2409 1056 2647 1112 codicum
2679 1057 2786 1126 fide
2821 1056 3023 1126 adjuti,
3068 1060 3126 1112 in
3154 1061 3501 1117 restituendis
3530 1065 3841 1119 emaculan-

2235 1151 2425 1221 disque
2465 1153 2560 1208 SS.
2605 1154 2832 1207 Patrum
2877 1156 3254 1216 monumentis,
3296 1157 3466 1225 iisque
3508 1156 3747 1225 legendis
3779 1173 3841 1214 ac

2230 1247 2599 1316 perdiscendis
2632 1263 2784 1303 omne
2809 1263 2968 1303 suum
3004 1249 3246 1305 studium
3282 1251 3547 1306 collucent.
3577 1252 3741 1322 Quod
3771 1269 3847 1311 ne

2235 1337 2439 1410 absque
2458 1355 2621 1395 causa
2648 1339 2845 1396 dixisse
2869 1338 3146 1396 videretur
3166 1340 3239 1396 ad
3265 1340 3455 1398 laudes
3475 1350 3531 1399 et
3552 1358 3846 1401 commen-

2234 1428 2510 1486 dationem
2546 1432 2774 1487 Patrum
2819 1446 2879 1488 se
2918 1433 3205 1499 convertit,
3251 1433 3347 1490 sed
3394 1450 3526 1491 mox
3568 1435 3639 1492 ad
3672 1452 3730 1493 se
3756 1452 3842 1493 re-

2234 1522 2387 1580 diens
2427 1544 2439 1579 :
2497 1527 2760 1592 Quoniam
2806 1530 3007 1590 autem,
3051 1526 3248 1598 inquit,
3292 1531 3502 1598 partim
3544 1534 3839 1601 temporum

2232 1617 2439 1687 injuria
2454 1622 2505 1674 et
2514 1622 3003 1690 vetustate,partim
3019 1622 3321 1677 scribarum
3331 1624 3837 1695 oscitantia,partim

2231 1714 2394 1767 etiam
2421 1713 2790 1768 hcercticorum
2810 1715 3062 1770 insolenti
3087 1718 3388 1772 temeritate
3418 1718 3607 1772 horum
3632 1718 3843 1774 labores

2237 1807 2597 1876 compluribus
2625 1809 2681 1861 in
2710 1808 2834 1862 locis
2864 1808 3067 1875 foedati
3091 1813 3142 1864 et
3165 1811 3351 1865 multis
3378 1811 3584 1866 mendis
3613 1815 3853 1882 respersi

2160 1867 2207 1930 Β
2237 1867 2385 1960 sunt,
2408 1903 2459 1953 et
2478 1900 2649 1953 multa
2657 1867 2997 1969 passim'loca
3021 1902 3079 1956 in
3103 1904 3176 1956 eis
3196 1908 3481 1958 occurrunt
3496 1867 3847 1967 hiulca,‘dis-

2241 1977 2406 2056 torta,
2459 2010 2673 2058 manca,
2724 1997 2952 2063 confusa
3003 2000 3054 2052 et
3093 1997 3261 2051 veluti
3305 2013 3474 2069 scopa:
3513 1999 3785 2055 dissoluta:
3819 2018 3843 2053 :

2237 2086 2435 2142 idcirco
2454 2088 2644 2143 danda
2668 2093 2746 2144 est
2762 2105 2944 2160 opera,
2967 2094 3028 2145 ut
3049 2093 3503 2159 erpetustissimis
3515 2094 3841 2162 optimisque

2240 2182 2640 2250 exemplaribus
2655 2184 2781 2240 'mss.
2808 2199 2903 2239 suo
2921 2186 3091 2239 nitori
3105 2188 3156 2239 et
3169 2186 3480 2254 integritati
3501 2201 3666 2255 quam
3685 2203 3852 2241 accu—

2238 2274 2512 2328 ratissime
2540 2279 2919 2331 restituantur.
2948 2280 3032 2334 Ea
3054 2279 3225 2347 igitur
3263 2293 3345 2332 res
3364 2294 3447 2333 me
3474 2294 3682 2348 quoque
3705 2294 3844 2348 per-

2235 2369 2418 2430 movit,
2444 2369 2682 2437 mih-ique
2706 2373 2985 2438 persuasit
3012 2387 3185 2440 operae
3205 2375 3445 2441 pretium
3488 2388 3704 2442 remque
3730 2388 3855 2428 om-

2231 2462 2387 2516 nibus
2410 2461 2721 2516 divinarum
2751 2464 3059 2517 litterarum
3088 2465 3403 2527 cultoribus,
3436 2470 3488 2519 et
3516 2469 3843 2536 cumprimis
3887 2478 3901 2489 '

2230 2558 2535 2611 monasticis
2538 2557 2882 2626 perfectionis
2892 2558 3225 2611 amatoribus
3234 2560 3547 2627 neutiquam
3558 2561 3651 2628 ing
3657 2565 3847 2616 ratam

2232 2664 2315 2703 me
2335 2651 2642 2717 facturum;
2672 2651 2723 2704 si
2734 2652 2793 2703 in
2821 2650 3165 2720 repurgando
3195 2651 3626 2721 illustrandoque
3638 2655 3848 2709 Joanne

2235 2745 2490 2801 Cassiano
2526 2743 2738 2813 aliquid
2761 2758 2934 2813 operte
2957 2743 3281 2798 collocarem.
3307 2745 3460 2812 Quod
3484 2750 3546 2800 ut
3568 2747 3837 2813 facerem,

2232 2835 2590 2890 illustrissimi
2624 2839 2788 2904 atque
2822 2835 3144 2905 amplissimi
3184 2836 3481 2892 cardinalis
3517 2841 3583 2894 D.
3611 2840 3859 2894 Antonii

2236 2929 2454 2996 Carafce
2477 2931 2793 2991 auctoritas,
2814 2944 2933 2999 qua:
2952 2931 3185 2984 maximi
3203 2931 3353 2999 apud
3372 2946 3453 2984 me
3472 2934 3724 2986 momenti
3738 2938 3845 2996 est,

2236 3024 2497 3091 effecith
2510 3024 2819 3085 enim,datis
2831 3024 2905 3078 ad
2915 3040 2997 3079 me
3006 3040 3074 3078 ese
3084 3025 3215 3078 urbe
3230 3026 3422 3079 litteris
3434 3025 3494 3078 id
3500 3026 3609 3079 sibi
3615 3031 3847 3095 gratum

2236 3122 2287 3172 et
2307 3118 2627 3174 Christiana:
2650 3121 2788 3188 reip.
2816 3134 2921 3172 non
2958 3118 3345 3172 incommodum
3371 3120 3492 3185 fore
3510 3122 3757 3189 scripsit;
3789 3126 3855 3177 et

523 3207 626 3262 V11
675 3216 865 3264 contra
911 3209 1252 3279 Nestorium,
1300 3225 1331 3265 a
1377 3209 1468 3267 fol.
1521 3194 1681 3268 {239.
1732 3211 2003 3269 I’raefatus
2044 3221 2127 3269 est
2160 3245 2205 3311 Ο
2238 3211 2371 3280 quid
2386 3213 2445 3265 in
2465 3211 2580 3281 ejus
2605 3214 2836 3267 auctoris
2860 3212 3212 3281 recognitione
3236 3213 3361 3280 fieri
3373 3214 3710 3281 potissimum
3729 3216 3862 3269 rel-

524 3302 743 3357 Marcus
788 3304 1068 3373 Happerus
1102 3302 1452 3373 Basileensis,
1492 3305 1715 3376 epistola
1758 3305 1827 3362 ad
1853 3304 2125 3363 Thomam

524 3409 556 3450 a
583 3393 769 3451 Planta
807 3395 972 3466 episc.
1003 3395 1322 3453 Curiensem
1361 3413 1457 3455 seu
1487 3399 1725 3456 Rhmtiaa
1759 3400 1885 3457 altae
1908 3400 1964 3457 d.
1993 3404 2122 3458 Bas.

525 3487 752 3542 Kalend.
782 3488 1017 3557 August.
1065 3494 1235 3556 1575;
1277 3491 1374 3546 sed
1410 3487 1477 3547 de
1515 3492 1745 3561 ratione,
1783 3509 1888 3564 qua
1918 3492 1971 3547 in
2009 3500 2125 3549 tra-

432 3648 437 3657 l
524 3580 722 3637 ctando
755 3590 988 3639 .auctore
1027 3583 1107 3638 vel
1155 3582 1270 3663 ipse
1300 3582 1381 3640 vel
1425 3584 1732 3657 superiores
1772 3585 2009 3669 editores
2044 3586 2125 3643 usi

528 3673 743 3741 fuerint,
771 3676 942 3734 altum
971 3684 1120 3735 tenet
1151 3676 1447 3735 silentium.

1250 3777 1411 3827 1560.

593 3866 792 3928 Romae,
834 3866 1001 3919 ίη-εο.
1042 3866 1132 3921 Jo.
1182 3865 1423 3922 Cassiani
1456 3865 1596 3923 Vita:
1638 3868 1864 3922 Patrum
1906 3880 1973 3922 ex
2006 3864 2124 3937 ejus

518 3961 951 4016 Institutionibus
997 3963 1444 4018 Renuntiantium
1488 3969 1543 4016 et
1597 3960 1977 4018 Collationibus
2031 3974 2124 4015 ex-

519 4061 720 4126 cerptaa
751 4072 764 4109 :
793 4053 847 4110 in
881 4056 1023 4112 Vitis
1045 4056 1140 4112 SS.
1167 4056 1381 4126 Aloysii
1404 4056 1706 4126 Lipomani,
1734 4061 1846 4109 tota
1867 4061 2020 4125 parte
2046 4067 2117 4109 ιῐ.

1244 4154 1401 4205 1578.

586 4240 923 4307 Antuerpioe,
964 4258 1031 4295 ea:
1056 4246 1201 4310 offic.
1245 4244 1613 4314 Christophori
1645 4245 1917 4311 Plautini;
1946 4245 2116 4317 iit-3°.

514 4333 585 4388 D.
611 4330 838 4386 Joannis
869 4330 1105 4386 Cassiani
1129 4333 1414 4403 Eremitae,
1438 4335 1866 4391 Monasticarum
1894 4335 2120 4392 Institu-

516 4423 731 4480 tionum
764 4422 887 4479 libri
926 4424 1020 4491 IV,
1051 4422 1117 4480 de
1146 4422 1301 4480 Vitiis
1328 4424 1606 4496 capitalib.
1633 4425 1723 4481 lib.
1755 4428 1906 4481 V111.
1946 4427 2122 4483 Colla-

512 4517 688 4574 tiones
734 4517 832 4574 SS.
884 4519 1110 4573 Patrum
1157 4518 1370 4587 XXIV,
1416 4515 1484 4573 de
1532 4517 1698 4575 Verbi
1746 4521 2119 4578 Incarnatione

2238 3305 2328 3367 let,
2355 3308 2619 3375 exposuit.
2648 3305 2789 3373 Quid
2808 3320 2931 3359 sero
2952 3306 3008 3358 in
3026 3320 3089 3359 ea
3110 3321 3167 3359 re
3184 3320 3218 3358 a
3238 3305 3388 3359 nobis
3407 3308 3713 3374 priestitum
3741 3310 3857 3371 sit,

2234 3396 2466 3449 aliorum
2494 3400 2603 3449 esto
2618 3396 2915 3464 judicium.
2947 3395 3090 3452 Illud
3110 3410 3279 3449 unum
3315 3396 3603 3464 afﬁrmare
3622 3397 3799 3453 audeo
3827 3420 3855 3454 ε

2233 3488 2378 3558 quod
2397 3490 2448 3541 si
2470 3490 2592 3557 quis
2625 3489 2764 3541 hanc
2788 3492 3029 3543 nostram
3050 3505 3167 3543 cum
3183 3489 3460 3558 prioribus
3489 3490 3856 3557 editio-nibus,

2232 3597 2369 3651 quas
2387 3586 2501 3637 tum
2515 3598 2548 3635 a
2573 3583 2980 3646 Basiliensibus,
3008 3588 3172 3637 tuma
3189 3584 3631 3653 Lugdunensibus
3646 3590 3862 3654 mucis.

2233 3674 2427 3729 abhinc
2446 3676 2605 3728 annis
2621 3676 3495 3746 accepimus,compararit(omitto
3504 3680 3857 3748 antiquiores

2231 3770 2515 3837 impressas
2551 3767 2771 3830 codices,
2804 3770 2862 3823 in
2890 3770 3088 3838 quibus
3128 3772 3307 3824 omnia
3327 3787 3465 3841 pene
3491 3772 3685 3826 mutila
3712 3779 3857 3829 sunt

2232 3863 2284 3913 et
2310 3861 2670 3931 imperfecta),
2712 3876 2906 3914 novam
2933 3860 3153 3930 hujusce
3175 3864 3453 3933 scriptoris
3486 3865 3701 3931 faciem,
3742 3881 3861 3922 no.

2230 3970 2353 4009 ram
2380 3956 2637 4022 formam,
2667 3972 2967 4026 novumque
2989 3957 3192 4011 cultum
3220 3958 3526 4013 adhibitum
3549 3960 3721 4026 fuisse
3740 3960 3861 4016 de-

2223 4050 2521 4120 prehendet
2554 4070 2570 4106 :
2595 4051 2655 4105 id
2682 4050 2826 4121 quod
2850 4066 2917 4105 ea:
2930 4054 3257 4121 praefatione
3264 4055 3512 4122 proxime
3529 4054 3769 4122 subjecta
3791 4063 3863 4112 et

2229 4147 2369 4200 notis
2416 4147 2781 4214 castigatoriis
2815 4145 2890 4200 ad
2924 4147 3116 4201 calcem
3144 4149 3315 4217 operis
3354 4146 3627 4216 adjunctis
3653 4153 3864 4223 mani.

2227 4240 2430 4305 festum
2462 4238 2669 4293 evadet.
2697 4237 2912 4310 Duplex
2941 4239 3202 4296 nimirum
3232 4248 3313 4296 est
3347 4249 3602 4296 notarum
3639 4257 3853 4314 genus,

2229 4332 2427 4404 quibus
2465 4347 2563 4403 pro
2587 4347 2674 4397 eo,
2710 4347 2877 4405 quem
2901 4332 3003 4389 sibi
3044 4334 3157 4407 ipse
3195 4342 3459 4390 statuerat
3482 4348 3669 4405 scopo,
3705 4336 3864 4393 Cas-

2227 4427 2379 4483 siano
2397 4426 2693 4500 opitulatus
2707 4435 2823 4495 est;
2850 4427 2993 4496 aliae,
3018 4442 3153 4499 quas
3172 4428 3550 4495 castigatorias
3575 4436 3753 4497 vocat,
3780 4429 3858 4487 in

2228 4520 2426 4592 quibus
2471 4536 2603 4578 mss.
2636 4519 2902 4577 variantes
2931 4530 2987 4577 et
3027 4519 3471 4576 emendationum
3508 4535 3701 4577 causas
3745 4537 3866 4580 ex-

513 4610 605 4668 lib.
649 4612 774 4667 VII.
806 4612 964 4667 Nunc
988 4609 1212 4667 demum
1244 4620 1369 4685 post
1389 4612 1560 4668 varias
1583 4611 1847 4671 editiones
1877 4614 1947 4671 ad
1969 4631 2118 4672 com-
2144 4615 2195 4677 D
2230 4614 2410 4684 ponit;
2461 4613 2546 4670 his
2595 4613 2816 4686 insuper
2867 4612 3079 4686 adjecta
3133 4621 3216 4671 est
3270 4612 3573 4670 Elucidatio
3633 4630 3857 4674 vocum

515 4706 750 4779 plurium
777 4722 909 4763 mss.
936 4705 1100 4763 fidem
1123 4723 1154 4763 a
1177 4722 1286 4764 non
1312 4707 1496 4780 paucis
1522 4707 1846 4765 mendarum
1874 4709 2113 4768 millibus

513 4800 813 4859 incredibili
840 4801 1024 4857 labore
1045 4802 1323 4876 expurgati
1356 4822 1369 4859 :
1404 4801 1459 4859 id
1490 4802 1639 4875 quod
1661 4819 1727 4859 ex
1750 4802 2011 4877 subjectis
2046 4803 2118 4861 ad

512 4896 717 4954 calcem
760 4895 1208 4970 castigationibus
1249 4895 1406 4955 facile
1453 4898 1707 4971 cognosci
1750 4898 1966 4970 poterit.
2004 4897 2121 4955 Ad-

511 4988 639 5045 ditis
666 4989 825 5045 etiam
871 4990 944 5047 ad
985 4990 1237 5063 quaedam
1275 4991 1393 5048 loca
1433 4992 1694 5049 censoriis
1722 4991 2115 5059 notationibus,

510 5089 566 5138 ct
593 5082 948 5140 obscurarum
980 5100 1176 5144 vocum
1212 5103 1277 5144 ac
1311 5087 1704 5145 sententiarum
1737 5084 2117 5153 elucidatione,

513 5191 619 5232 una
647 5192 776 5233 cum
816 5176 1030 5234 duobus
1058 5179 1322 5237 indicibus
1363 5179 1817 5253 locupletissimis.
1858 5183 2117 5237 Accesse-

510 5278 641 5327 runt
677 5287 895 5345 quoque
942 5274 1170 5346 Regulae
1219 5275 1313 5331 SS.
1362 5278 1593 5331 Patrum
1635 5289 1704 5329 ex
1743 5272 2116 5345 antiquissimo

510 5366 901 5440 Afﬁiginiensis
937 5368 1250 5426 monasterii
1297 5384 1404 5427 ms.
1450 5369 1634 5428 codice
1674 5368 1995 5442 desumpta.
2039 5372 2118 5429 0-

512 5478 639 5535 pera
663 5468 718 5519 et
738 5461 916 5519 studio
941 5466 1159 5519 Henn'ci
1189 5464 1414 5534 Cuychii
1433 5479 1604 5521 sacrae
1633 5463 1928 5538 theologia:
1947 5465 2113 5524 licen-

507 5554 620 5614 tiati
646 5560 853 5628 (postea
882 5557 1115 5631 episcopi
1140 5557 1601 5616 Ruremondensis
1620 5564 1661 5627 ).

578 5649 772 5707 Editor
799 5650 853 5706 in
876 5652 1102 5724 epistola
1131 5651 1200 5710 ad
1230 5654 1609 5710 Hermannum
1633 5653 1891 5710 comitem
1912 5670 1943 5711 a
1968 5657 2116 5712 Ren-
2162 5688 2164 5690 τ

507 5741 754 5800 neborch
804 5743 1059 5802 Ecclesia:
1099 5746 1158 5803 S.
1204 5743 1499 5835 Salvator-is
1539 5745 1684 5819 apud
1727 5746 2115 5820 Ultrajectinos

508 5836 864 5910 praepositum
897 5846 951 5893 et
987 5837 1453 5909 archidiaconum,
1483 5847 1587 5898 etc.
1622 5840 1768 5910 (data
1790 5842 2015 5898 Lovanii
2045 5858 2110 5900 ex

507 5930 777 5990 Albanam
833 5929 1195 5988 Dominarum
1239 5933 1596 6005 monasterio,
1646 5935 1894 5992 Calendis
1937 5938 2107 5993 Mart.

2223 4708 2789 4772 Graeco-Latinarum,
2827 4723 2951 4779 quae
2996 4707 3050 4763 in
3090 4707 3345 4764 Cassiano
3385 4707 3587 4779 passim
3635 4723 3858 4765 occur-

2227 4812 2380 4872 runt,
2421 4818 2761 4875 quarumque
2798 4801 3119 4874 signiﬁcatio
3161 4804 3328 4875 paulo
3355 4803 3640 4859 obscurior
3680 4802 3859 4861 vide-

2226 4895 2409 4952 batur.
2440 4896 2577 4954 Aliae
2613 4898 2864 4952 censoriae
2895 4895 3079 4964 dictae,
3121 4912 3257 4969 quas
3293 4896 3458 4954 veluti
3498 4895 3737 4953 antidota
3778 4908 3863 4956 et

2227 4991 2463 5047 amuleta
2502 4989 2755 5063 quaedam
2793 4998 2982 5047 contra
3014 4990 3331 5048 obscuriora
3369 4993 3581 5065 aliquot
3620 4992 3737 5047 loca
3777 5003 3857 5051 et

2226 5101 2458 5156 errores,
2482 5096 2598 5143 tam
2641 5086 2695 5142 in
2733 5086 2893 5143 tertia
2918 5085 3150 5154 decima,
3191 5102 3359 5160 quam
3406 5088 3461 5143 in
3499 5086 3615 5143 aliis
3644 5086 3855 5144 Colla-

2225 5180 2464 5239 tionibus
2497 5181 2653 5238 obvia
2693 5196 2810 5237 esse
2834 5180 3022 5248 voluit,
3061 5181 3459 5254 digressionum
3502 5182 3678 5237 instar
3711 5179 3856 5251 ple—

2223 5276 2348 5333 nius
2374 5275 2443 5333 de
2471 5274 2695 5349 singulis
2714 5281 2967 5331 tractant.
2995 5275 3316 5332 Tenendum
3352 5290 3501 5341 vero,
3528 5271 3677 5345 quod
3712 5279 3852 5332 tam

2224 5369 2278 5426 in
2313 5368 2631 5443 praefatione
2660 5368 2827 5426 totius
2860 5366 3133 5437 editionis,
3164 5382 3331 5439 quam
3359 5366 3414 5421 in
3454 5362 3859 5426 admonitione

2223 5462 2291 5521 ad
2338 5473 2496 5521 notas
2541 5465 2659 5523 illas
2687 5461 2961 5521 censorias
3002 5461 3291 5534 proﬁtetur
3324 5468 3379 5516 et
3415 5464 3731 5514 constanter
3770 5476 3861 5520 se

2222 5557 2501 5617 afﬁrmare
2528 5559 2678 5628 dicit,
2708 5560 3044 5635 argumentis
3075 5559 3205 5615 item
3226 5565 3469 5612 astruere
3492 5550 3708 5621 nititur,
3738 5570 3870 5608 er—

2222 5669 2368 5710 rores
2402 5658 2531 5711 istos
2554 5671 2660 5710 non
2693 5659 2807 5711 tam
2828 5659 2937 5728 ipsi
2965 5656 3238 5716 Cassiano,
3264 5665 3429 5721 quam
3449 5648 3859 5710 Collatoribus.

2223 5764 2353 5818 quos
2381 5750 2471 5806 ille
2502 5753 2584 5805 ita
2615 5753 2861 5822 opinatos
2887 5754 3061 5821 fuisse
3082 5749 3306 5812 scribat,
3326 5743 3675 5816 imputandos
3694 5756 3857 5799 esse;

2223 5843 2384 5913 Quod
2411 5843 2615 5916 reliqua
2650 5844 2862 5914 attinet,
2900 5849 3138 5918 capitum
3168 5844 3562 5901 distinctionem
3599 5851 3633 5893 a
3664 5849 3858 5905 supe—

2221 5935 2452 5995 rioribus
2474 5937 2781 6009 [editoribus
2824 5947 3125 6012 receptam,
3166 5937 3413 6012 quamvis
3451 5948 3588 5993 mss.
3639 5942 3857 5989 exem-
