4052 6200
281 213 342 266 Π
901 207 1189 267 NOTITIA
1226 159 2041 266 HISTORICO-LITTIiRARIA
2080 205 2150 262 IN
2185 204 2505 264 JOANNEM
2541 206 2946 266 CASSIANUM.
3521 217 3587 274 18

281 332 506 407 plaribus
549 347 666 412 non
711 330 937 390 omnino
986 330 1330 390 conformem
1380 329 1864 404 deprehendisset,
1894 334 1948 398 Α
1974 344 2036 386 ea
2063 337 2255 387 notare
2278 345 2388 388 non
2420 330 2523 387 fuit
2544 332 2861 402 consilium,
2888 337 2946 390 in
2973 335 3291 392 immensum
3329 341 3470 395 enim
3483 355 3588 396 vo-

279 443 384 484 non
409 435 608 484 temere
629 435 814 484 tamen
849 435 1063 484 mutare
1085 425 1284 496 voluit,
1314 425 1484 482 libros
1510 441 1642 482 vero
1673 425 1743 482 de
1781 427 1870 480 In-

276 519 583 578 carnatione
627 520 874 578 nondum
926 519 1206 578 distinctos
1223 562 1238 589 ,
1297 519 1352 576 in
1398 519 1574 592 capita
1626 517 1865 590 digessit.

281 609 495 668 Addidit
520 611 750 676 indices,
789 629 965 670 unum
996 613 1384 686 explicatarum
1411 611 1479 668 ab
1511 617 1737 668 auctore
1771 612 1868 668 SS.

277 705 700 774 sententiarum;
758 707 1017 776 alterum,
1070 705 1370 780 insignium
1416 720 1481 762 ac
1529 703 1868 761 memorabi-

278 797 404 856 lium
432 813 638 857 rerum.

989 897 1154 950 1588.

340 987 542 1048 Romae,
580 1002 648 1040 ex
685 989 900 1058 typogr.
932 989 1240 1053 Vaticana;
1277 986 1439 1041 in-8°.
1473 982 1699 1040 Joannis
1735 983 1870 1040 Cas-

266 1073 407 1130 siani
437 1076 697 1134 Eremitae
730 1077 803 1134 de
831 1075 1099 1133 Institutis
1120 1074 1550 1133 renuntiantium
1579 1073 1702 1131 libri
1727 1075 1866 1140 XII,

267 1167 599 1226 "Collationes
627 1178 946 1228 sanctorum
980 1171 1204 1227 Patrum
1235 1170 1448 1239 XXIV,
1473 1169 1544 1226 ab
1570 1169 1872 1228 innumeris

273 1277 405 1334 pene
439 1263 661 1320 mendis
702 1263 898 1321 auxilio
937 1262 1427 1321 vetustissimorum
1472 1263 1744 1320 codicum
1774 1279 1870 1320 ex-

270 1363 542 1429 purgatae,
567 1365 621 1412 et
645 1355 714 1412 ad
737 1371 891 1412 suam
921 1357 1282 1431 integritatem
1305 1357 1590 1414 restitutae.
1629 1355 1872 1430 Adjectze

265 1457 404 1506 sunt
432 1448 794 1521 quarumdam
821 1449 1180 1508 obscurarum
1215 1449 1514 1508 dictionum
1543 1449 1868 1522 interpreta-

265 1541 446 1600 tiones
481 1541 673 1600 ordine
705 1542 974 1616 alphabeti
1009 1541 1284 1616 disposita:
1321 1562 1336 1599 :
1373 1551 1428 1600 et
1460 1542 1872 1600 observationes

261 1633 322 1690 in
353 1634 471 1691 loca
499 1634 752 1708 ambigua
787 1645 843 1694 et
880 1637 1063 1696 minus
1084 1645 1234 1706 tuta,
1265 1652 1391 1710 qua;
1423 1637 1575 1710 pium
1609 1637 1872 1694 lectorem

1921 458 1942 470 ρ
1978 424 2158 478 lumen
2187 429 2536 492 emcrescerct;
2561 429 2696 481 satis
2725 429 2799 482 sit
2821 427 2916 482 hoc
2951 429 3060 484 loco
3089 432 3376 495 monuisse,
3403 430 3588 490 lectio-

1977 532 2106 573 nem
2138 525 2482 574 vetustorum
2517 518 2766 576 codicum
2803 528 2957 577 tanta
2991 538 3020 578 a
3060 523 3220 580 nobis
3259 521 3426 582 fuisse
3460 526 3584 583 reli-
3627 592 3630 595 _

1979 611 2140 682 gione
2183 620 2586 682 conservatam,
2619 622 2682 670 ut
2716 630 2892 688 neque
2933 630 3132 673 eorum
3169 617 3507 690 varietatem,
3538 619 3584 677 si

1977 702 2198 776 quando
2245 703 2543 774 inciderat,
2594 707 2992 780 neglexerimus
3057 713 3152 777 (a).
3213 713 3420 767 Prester
3471 713 3584 769 haec

1977 798 2192 854 ercas
2214 812 2380 861 voces,
2404 799 2599 868 quibus
2623 800 2707 855 hic
2731 806 2919 856 auctor
2938 802 3162 858 libenter
3189 805 3386 868 utitur,
3409 809 3462 861 et
3479 807 3584 862 La-

1983 893 2126 946 tinas
2140 893 2410 962 quasdam
2425 893 2738 950 rudioribus
2751 897 3099 960 consulentes,
3115 899 3390 968 alphabeti
3395 899 3584 955 ordine

1982 985 2270 1056 dispositas
2293 988 2460 1043 latius
2487 989 2922 1059 ea-planavimus,
2949 990 3201 1046 adductis
3225 1007 3408 1047 eorum
3433 995 3579 1059 locis,

1981 1093 2050 1133 ea:
2059 1095 2288 1150 quorum
2299 1081 2540 1148 fontibus
2551 1082 2794 1137 hausisse
2803 1083 3123 1140 Cassianum
3135 1087 3580 1142 existimavimus.

1984 1174 2078 1227 Tes
2083 1175 2304 1228 timonia
2312 1188 2480 1229 sacrae
2489 1175 2785 1246 Scriptum
2796 1177 2975 1231 omnia
2985 1176 3276 1246 diligenter
3283 1181 3588 1250 conquisita

1981 1267 2039 1320 in
2056 1269 2304 1336 margine
2320 1269 2654 1336 notavimus;
2676 1273 2728 1324 et
2747 1285 2870 1340 quae
2888 1274 3048 1325 erant
3065 1285 3133 1324 ea:
3149 1271 3293 1326 LXX
3312 1274 3581 1343 Interpre-

1980 1363 2097 1413 tum
2107 1358 2354 1424 editione,
2367 1365 2464 1416 aut
2475 1377 2510 1414 a
2520 1365 2707 1419 nostra
2718 1363 2946 1431 vulgata
2957 1363 3256 1432 aliquando
3267 1363 3504 1429 diversa,
3517 1380 3586 1421 ne

1979 1453 2124 1518 forte
2156 1453 2350 1508 vitiosa
2383 1454 2746 1517 crederentur,
2787 1457 2846 1508 in
2873 1454 3066 1509 indicis
3094 1457 3333 1524 formam
3371 1456 3586 1526 digesta

1979 1545 2200 1598 seorsim
2239 1547 2626 1615 impressimus,
2673 1546 2868 1616 quibus
2909 1551 2960 1602 et
3003 1548 3193 1606 Graeca
3209 1591 3226 1611 ,
3269 1549 3412 1604 unde
3454 1555 3586 1605 sunt

1981 1640 2313 1709 transcripta
2327 1681 2344 1703 ,
2375 1638 2755 1709 conjunximus
2785 1657 2852 1696 ea:
2893 1629 3269 1712 antiquissimo
3304 1646 3585 1700 Vaticana:

257 1725 551 1784 offendere
585 1737 825 1802 possent.
863 1732 1134 1789 Praeterea
1169 1709 1376 1788 indices
1399 1709 1511 1788 duo
1535 1729 1873 1788 testimonio-
1899 1709 1944 1772 Β
1981 1729 2301 1785 bibliothecae
2337 1731 2471 1786 libro
2512 1736 2564 1786 et
2597 1733 2724 1786 aliis
2751 1709 3074 1790 veneranda:
3095 1739 3378 1792 vetustatis
3403 1752 3580 1792 exem-

265 1836 395 1878 rum
429 1837 602 1880 sacrae
634 1823 952 1898 Scriptum,
990 1841 1115 1898 quae
1137 1842 1170 1883 a
1199 1828 1458 1884 Cassiano
1489 1825 1576 1882 vel
1603 1825 1875 1898 explican-

257 1923 380 1984 tur,
415 1916 498 1972 vel
531 1917 707 1984 aliter,
740 1934 909 1991 quam
943 1919 1161 1992 vulgata
1189 1919 1354 1977 editio
1391 1919 1586 1989 habet,
1615 1919 1869 1975 citantur.

261 2008 441 2066 Index
473 2019 750 2084 postremo
781 2027 967 2070 rerum
992 2013 1460 2070 memorabilium.
1489 2006 1734 2070 Accessit
1760 2015 1876 2068 Re-

263 2103 391 2176 gula
417 2104 476 2161 S.
509 2105 812 2175 Pachomii,
841 2122 966 2179 quae
997 2123 1026 2164 a
1051 2109 1110 2165 S.
1142 2109 1488 2179 Hieronymo
1514 2106 1574 2162 in
1608 2089 1875 2162 Latinum

260 2211 580 2254 sermonem
616 2213 880 2256 conversa
920 2209 1034 2270 est,
1081 2201 1257 2258 multo
1297 2199 1663 2266 emendatior,
1708 2212 1876 2270 quam

259 2298 451 2347 antea.

335 2384 731 2458 Typographus
783 2385 1107 2443 Dominicus
1164 2387 1304 2442 Basa
1360 2382 1630 2441 dedicavit
1673 2383 1872 2442 editio-

254 2491 394 2534 nem
409 2478 673 2552 Gregorio
687 2482 831 2536 XIII
848 2479 1048 2536 Pontif.
1067 2480 1212 2536 Max.
1237 2478 1298 2548 ('l‘
1323 2484 1478 2546 1585)
1497 2479 1727 2552 epistola
1745 2479 1871 2536 data

254 2572 448 2627 Roma:
469 2572 726 2628 Kalendis
757 2573 1128 2628 intercalarib.
1155 2588 1211 2626 a.
1243 2574 1316 2629 Η.
1346 2575 1414 2628 D.
1442 2574 1634 2628 LXXX
1661 2575 1870 2640 (1580).

253 2665 402 2720 Tam
435 2665 492 2720 in
537 2665 642 2740 hac
685 2665 1013 2724 dedicatoria
1047 2681 1205 2734 vero,
1245 2681 1412 2738 quam
1457 2666 1514 2722 in
1545 2661 1872 2738 praefatione

250 2771 358 2815 sua
385 2758 458 2816 ad
481 2759 744 2818 lectorem
777 2761 924 2818 hunc
959 2760 1201 2818 laborem
1231 2760 1473 2817 maxime
1498 2775 1664 2833 opera
1683 2759 1872 2817 cardi-

247 2852 401 2910 nalis
437 2855 662 2912 Antonii
691 2855 902 2913 Carafae
938 2864 1253 2929 susceptum
1295 2871 1361 2912 ac
1408 2853 1717 2927 perfectum
1751 2869 1873 2911 esse

251 2946 552 3019 signiﬁcat.
589 2950 768 3019 Quam
803 2950 1024 3022 quidem
1053 2948 1346 3023 posteriori
1387 2947 1443 3004 in
1473 2947 1593 3004 loco
1637 2946 1873 3005 declarat

249 3041 535 3113 apertius,
585 3043 722 3100 dum
770 3043 962 3100 codicis
997 3044 1121 3114 jam
1167 3044 1303 3098 editi
1337 3047 1388 3098 et
1423 3045 1572 3099 Petri
1608 3045 1874 3100 Ciacconii

251 3139 652 3206 manuscriptis
680 3139 1018 3208 marginibus
1037 3140 1202 3194 .aucti
1221 3135 1436 3208 copiam
1461 3135 1530 3192 ab
1560 3152 1628 3192 eo
1659 3136 1764 3192 sibi
1791 3135 1869 3194 fa-

247 3234 411 3283 ctam
467 3241 588 3284 esse
632 3230 914 3301 praedicat,
961 3246 1026 3285 ne
1083 3229 1199 3298 ejus
1249 3231 1544 3283 auctoritas
1595 3223 1838 3298 deﬁceret
1853 3271 1870 3292 ,

250 3319 428 3387 cujus
463 3321 550 3384 (Ο.
591 3321 874 3384 Ciacconii)
909 3336 1070 3389 opera
1107 3322 1209 3374 iste
1238 3320 1388 3372 labor
1423 3324 1694 3390 susceptus
1722 3327 1873 3377 esset.

247 3408 454 3467 Addit
494 3409 719 3474 deinde,
771 3412 998 3466 Petrum
1039 3410 1388 3468 Ciacconium
1433 3411 1719 3470 cardinalis
1765 3414 1877 3472 lau-

247 3500 378 3558 dati
399 3499 880 3559 cohortationibus
903 3502 1217 3560 Cassianum
1241 3502 1311 3560 ab
1333 3503 1640 3562 innumeris
1660 3507 1874 3566 mendis

237 3603 632 3670 expurgatum
658 3595 710 3652 in
736 3596 1022 3670 pristinum
1042 3599 1392 3672 splendorem
1421 3600 1740 3672 restituisse,
1770 3619 1871 3660 no-

251 3697 457 3762 tasque
495 3688 794 3759 addidisse,
835 3691 933 3750 sed
965 3707 1171 3750 nomen
1205 3709 1272 3750 ex
1313 3693 1583 3752 modestia
1626 3687 1872 3768 proﬁteri

241 3795 578 3850 recusasse,
612 3797 779 3856 seque
806 3783 968 3858 igitur
995 3785 1198 3844 codicis
1231 3785 1578 3844 Ciacconiani
1607 3787 1872 3846 beneﬁcio

249 3871 542 3948 adjutum,
573 3875 893 3934 Cassianum
929 3885 986 3936 et
1009 3877 1440 3936 emendatiorem
1465 3889 1520 3936 et
1555 3881 1872 3954 locupletio-

249 3980 385 4022 rem
404 3966 572 4023 simul
599 3968 868 4039 emittere,
894 3970 1042 4042 quod
1068 3972 1241 4029 multa
1269 3973 1544 4030 Ciacconii
1572 3991 1741 4032 manu
1775 3975 1871 4032 de-

245 4073 376 4115 nuo
421 4059 680 4132 adjuncta
722 4062 1018 4136 reperisset
1037 4105 1054 4131 ,
1099 4079 1224 4134 quae
1266 4065 1472 4120 librum
1519 4066 1874 4123 illustriorem

245 4151 495 4210 reddere
523 4164 764 4226 possent.
799 4155 908 4214 Sed
943 4155 1216 4228 ejusmodi
1251 4165 1570 4228 augmenta,
1605 4173 1729 4230 qua:
1752 4173 1873 4232 spe-

1974 1823 2245 1893 plaribus.
2274 1824 2585 1890 Adjecimus
2614 1829 2666 1876 et
2686 1827 2976 1880 secundum
3000 1829 3249 1892 indicem,
3279 1831 3392 1884 loca
3415 1833 3474 1885 in
3502 1833 3585 1887 his

1981 1915 2133 1969 libris
2159 1914 2328 1968 obiter
2346 1915 2618 1984 explicata
2641 1916 3013 1970 continentem.
3035 1921 3202 1973 Porro
3221 1921 3280 1972 id
3299 1923 3445 1989 quod
3469 1928 3589 1978 erat

1981 2009 2220 2061 maxime
2240 2009 2619 2070 necessarium,
2649 2007 2909 2062 adversus
2927 2008 3198 2078 quasdam
3221 2013 3401 2066 minus
3425 2014 3587 2068 tritas

1982 2100 2146 2170 hujus
2175 2103 2410 2156 auctoris
2433 2103 2745 2164 sententias,
2779 2101 2925 2172 quod
2950 2103 3259 2159 antidotum
3282 2106 3357 2160 sit
3379 2105 3587 2162 exhibi-

1978 2199 2113 2257 tum,
2139 2195 2412 2264 superiore
2431 2196 2654 2264 epistola
2676 2194 2937 2252 diximus.
2962 2197 3190 2268 Scripsit
3216 2199 3435 2269 quidem
3461 2200 3590 2256 Cas-
3673 2242 3680 2250 .

1973 2289 2162 2342 sianus
2188 2287 2411 2342 hortatu
2436 2290 2622 2344 Leonis
2645 2291 2679 2344 Ι
2733 2291 2886 2344 Pent.
2920 2293 3072 2347 Mam.
3105 2291 3400 2348 luculentas
3423 2293 3587 2349 libros

1979 2381 2046 2435 de
2085 2383 2462 2438 Incarnatione
2506 2384 2726 2438 Domini
2761 2387 2950 2438 contra
2993 2385 3329 2454 Nestorium;
3363 2385 3458 2440 sed
3501 2400 3586 2442 eos

1980 2475 2126 2545 quod
2151 2475 2363 2530 nullum
2389 2479 2630 2532 exstaret
2648 2478 2707 2530 in
2740 2478 3009 2533 Vaticana
3035 2477 3348 2533 bibliotheca
3383 2494 3582 2534 manu-

1977 2572 2239 2640 scriptum
2261 2571 2559 2639 exemplar,
2585 2569 2662 2624 ad
2685 2569 2836 2638 cujus
2859 2569 3020 2638 ﬁdem
3043 2569 3324 2624 emendari
3340 2574 3581 2641 possent,

1980 2666 2034 2717 et
2071 2663 2141 2716 ab
2170 2664 2419 2718 instituto
2452 2667 2656 2727 nostro,
2696 2677 2801 2733 quo
2844 2664 3106 2718 hominem
3135 2679 3256 2718 vere
3279 2665 3588 2733 religiosum

1980 2755 2286 2822 informare
2318 2755 2648 2817 studuimus,
2687 2756 2918 2810 multum
2959 2755 3248 2819 distarent,
3288 2757 3583 2820 omisimus,

1980 2847 2176 2902 addita
2203 2848 2396 2918 regula
2423 2848 2480 2904 S.
2510 2849 2802 2910 Pachomii,
2830 2856 2936 2904 etc.

2051 2941 2188 2996 Haec
2227 2939 2337 3010 ille,
2373 2940 2465 3012 qui
2504 2939 2550 2996 si
2585 2939 2906 2997 Ciacconius
2946 2938 3135 3009 fuerit,
3178 2938 3431 2996 dolemus
3467 2941 3591 3013 qui-

1979 3032 2126 3102 dem,
2155 3049 2283 3090 eum
2311 3049 2446 3103 non,
2471 3041 2534 3090 ut
2559 3049 2591 3090 a
2625 3033 2953 3108 praecedenti
2993 3033 3201 3090 editore
3231 3033 3440 3090 factum
3477 3043 3582 3106 est,

1976 3137 2163 3202 aperte
2198 3128 2534 3199 declarasse,
2575 3127 2840 3202 quidquid
2869 3128 3110 3186 muneris
3143 3127 3319 3184 critici
3356 3128 3416 3184 in
3455 3129 3582 3187 Cas-

1980 3223 2194 3280 sianum
2232 3239 2263 3279 a
2293 3239 2352 3281 se
2385 3223 2646 3280 collatum
2685 3222 2776 3290 sit,
2812 3221 3162 3296 intelligimus
3201 3231 3408 3292 autem,
3435 3238 3586 3280 eam-

1983 3313 2108 3370 dem
2139 3315 2238 3388 ipsi
2254 3317 2314 3372 in
2343 3315 2636 3373 tractando
2672 3314 2930 3374 Cassiano
2953 3314 3219 3372 rationem
3245 3315 3314 3372 ab
3340 3318 3584 3374 Antonio

1983 3409 2192 3467 Carales
2233 3409 2399 3467 fuisse
2437 3409 2838 3484 prmscriptam,
2882 3425 3048 3483 quam
3084 3410 3328 3483 Cuychio
3371 3411 3588 3484 placere

1977 3501 2079 3558 sibi
2097 3503 2798 3576 illesigniﬁcaverat.Cujus
2821 3519 3036 3560 summa
3078 3504 3298 3578 quidem
3327 3520 3392 3561 eo
3410 3513 3582 3562 teten-
3681 3515 3684 3520 '

1982 3592 2126 3650 disse
2164 3595 2404 3666 videtur,
2449 3604 2516 3652 ut
2559 3596 2790 3653 lectores
2829 3595 2900 3654 de
2945 3597 3079 3653 locis
3123 3597 3584 3670 Pelagianismum

1980 3687 2351 3744 redolentibus
2371 3697 2742 3745 monerentur.
2771 3688 2923 3745 Idem
2948 3690 3118 3758 enim,
3139 3689 3288 3762 quod
3310 3691 3588 3764 Cuychius

1984 3781 2038 3838 in
2067 3785 2210 3838 notis
2241 3785 2493 3838 censente
2520 3781 2670 3853 fecit,
2702 3782 2793 3840 hic
2822 3799 2917 3856 per
2943 3785 3354 3850 observationes,
3385 3785 3585 3843 ultimo

1985 3877 2107 3934 loco
2150 3887 2276 3935 ante
2320 3878 2526 3936 indices
2563 3878 2854 3949 exhibitas,
2895 3888 3156 3952 praestare
3195 3880 3426 3951 studuit,
3474 3883 3589 3938 loca

1983 3972 2186 4035 omnia,
2225 3987 2348 4042 quae
2377 3970 2765 4042 Pelag'ianismi
2796 3976 3148 4044 suspicionem
3184 3990 3442 4044 generare
3462 3989 3588 4045 pos-
3695 3982 3702 3992 '

1985 4069 2122 4128 sent,
2157 4065 2404 4120 undecim
2427 4066 2880 4136 propositionibus
2905 4066 3244 4137 complexus,
3280 4065 3480 4136 quibus
3507 4065 3591 4120 in-

1985 4172 2149 4228 super
2166 4174 2358 4228 paueaa
2383 4160 2506 4212 alia:
2525 4163 2801 4214 sententia:
2825 4159 3072 4214 Cassiani
3086 4161 3239 4226 piam
3259 4160 3584 4227 interpreta-

247 4244 415 4304 tione
451 4246 680 4320 quidem
721 4264 786 4306 ex
822 4249 1110 4320 utriusque
1153 4247 1409 4306 editionis
1449 4249 1576 4316 (hoc
1620 4249 1722 4306 sibi
1761 4251 1878 4308 vult
1987 4255 2181 4305 tionem
2203 4252 2590 4314 desiderantes,
2610 4251 2757 4306 nulla
2785 4249 2989 4306 ordinis
3015 4249 3278 4306 librorum
3299 4258 3396 4308 aut
3422 4252 3588 4309 colla-

256 4336 644 4413 antiquiorqm
669 4348 724 4397 et
752 4345 930 4409 novae)
965 4340 1371 4414 comparatione
1402 4341 1635 4399 lectores
1665 4341 1875 4400 discere
1983 4343 2201 4400 tionum
2229 4345 2440 4400 ratione
2481 4343 2684 4410 habita,
2719 4343 3068 4416 adjiciuntur.
3097 4345 3214 4402 Has
3235 4361 3366 4402 vero
3407 4347 3586 4404 obser-

245 4429 437 4502 jubet,
467 4443 674 4506 praeter
707 4435 976 4509 Regulam
1003 4435 1058 4492 S.
1090 4433 1366 4492 Pachomii
1396 4434 1874 4508 nulladeprehen—
1908 4430 1958 4492 D
1987 4441 2226 4494 rationes
2249 4437 2578 4495 antecedunt
2600 4441 3010 4495 annotationum
3035 4439 3257 4495 nomine
3279 4439 3588 4512 explicatio-

249 4522 470 4581 dimus.
514 4525 778 4598 Sequitur
816 4542 946 4584 vero
995 4527 1138 4584 hanc
1175 4525 1554 4600 praefationem
1597 4529 1768 4585 altera
1806 4529 1878 4586 ad
1982 4547 2081 4588 nes
2132 4547 2331 4590 vocum
2388 4533 2741 4602 Graecarum,
2793 4530 2990 4604 quibus
3039 4531 3332 4590 Cassianus
3387 4534 3584 4604 utitur,

249 4621 506 4678 lectores
545 4636 768 4695 quoque
803 4621 1093 4694 inscripta,
1131 4637 1299 4694 quam
1342 4622 1563 4696 quidem
1608 4623 1878 4680 Ciacconii

247 4729 405 4782 me,
437 4730 510 4771 ex
546 4714 918 4788 superioribus
939 4731 1054 4772 non
1091 4715 1324 4773 obscure
1346 4715 1682 4790 intelligitur.
1711 4716 1878 4790 Igitur

241 4806 380 4879 ipsa
419 4807 613 4876 verba,
653 4807 852 4881 quibus
892 4823 1118 4882 operam
1156 4824 1315 4867 suam
1343 4809 1601 4880 declarat,
1635 4825 1876 4884 appona-

239 4917 389 4961 ωας
420 4925 436 4960 :
488 4905 759 4962 Vaticana
801 4905 1134 4970 bibliotheca,
1163 4905 1362 4976 inquit,
1397 4910 1510 4961 octo
1549 4906 1699 4962 nobis
1735 4908 1879 4960 anti-

553 4999 798 5055 ezrhibuit
815 4999 1066 5056 Cassiani
1079 5001 1433 5070 exemplaria,
1463 5004 1514 5055 et
1533 5016 1600 5055 ea:
1619 5000 1700 5056 his
1725 5017 1874 5071 quee-

249 5092 394 5148 dam
417 5091 857 5149 emeiidatissime
880 5096 1104 5166 scripta,
1134 5107 1200 5150 ex
1228 5107 1465 5164 quorum
1487 5093 1774 5172 collatione
1802 5093 1878 5149 in-
1904 5163 1915 5168 _

247 5185 641 5244 numerabilis
678 5185 796 5243 loca
823 5195 952 5244 sunt
977 5187 1033 5244 in
1060 5185 1162 5243 hac
1190 5184 1426 5244 editione
1449 5184 1695 5241 restituta
1741 5203 1756 5240 :
1781 5185 1877 5242 sed

1983 4625 2322 4700 alphabetico
2341 4627 2512 4683 etiam
2527 4626 2739 4694 ordine,
2761 4624 2860 4682 sed
2884 4623 3160 4707 uberiores
3181 4641 3246 4683 ac
3263 4627 3586 4698 crebriores,

1985 4735 2153 4792 quam
2177 4719 2320 4792 apud
2342 4717 2666 4793 Cuychium,
2693 4717 2783 4792 qui
2809 4719 3189 4774 elueidationes
3212 4719 3341 4776 istas
3364 4719 3592 4790 castiga-

1983 4812 2155 4869 torias
2181 4812 2327 4868 notis
2353 4812 2467 4868 suis
2498 4811 2840 4883 adjunxerat.
2877 4811 2980 4867 His
3008 4811 3232 4868 accessit
3265 4813 3432 4866 etiam
3457 4809 3594 4866 indi-

1985 4906 2140 4962 cnlus
2176 4907 2427 4962 locorum
2465 4904 2760 4978 Scriptura;
2801 4919 2972 4960 sacra:
3003 4903 3159 4975 juxta
3198 4904 3360 4958 LXX
3393 4901 3592 4960 versio-

1985 5015 2112 5056 nem
2143 4999 2489 5055 Iaudatorum
2526 4999 2622 5066 (ὁ),
2654 4997 2852 5054 additis
2877 4995 3110 5062 Graecis,
3137 4994 3280 5052 unde
3304 4994 3594 5071 desumpta

1987 5101 2136 5159 sunt,
2157 5108 2224 5146 eae
2234 5093 2592 5146 vetustissimo
2615 5093 2895 5148 Vaticana:
2912 5089 3232 5147 bibliotheca:
3249 5093 3384 5148 libro
3398 5096 3453 5148 et
3464 5093 3591 5149 aliis

1987 5185 2408 5242 correctioribus.

1987 5325 2088 5394 qui
2113 5324 2171 5377 in
2196 5323 2436 5378 omnium
2465 5326 2592 5394 tunc
2613 5321 2865 5394 manibus
2904 5323 3288 5386 versabantur,
3315 5321 3601 5394 imbiberat

1987 5393 2071 5465 ﬁt,
2096 5398 2160 5448 ut
2185 5395 2298 5449 loca
2323 5393 2578 5464 quaedam
2605 5393 2719 5459 (sed
2737 5397 3011 5465 praecipue
3033 5411 3100 5450 ea:
3126 5393 3444 5454 Proverbiis,
3471 5408 3595 5462 qua:

1990 5466 2226 5534 fortasse
2245 5465 2369 5535 jam
2391 5466 2518 5520 olim
2541 5467 2600 5519 in
2628 5465 2744 5534 ejus
2773 5467 3032 5520 memoria
3054 5465 3384 5528 insederant)
3412 5476 3598 5535 secun—

331 5540 401 5611 (ὁ)
431 5541 757 5614 Cassianus,
796 5537 996 5614 inquit,
1024 5540 1350 5614 testimonia
1376 5553 1547 5614 sacra:
1585 5541 1881 5614 Scriptura
1988 5531 2122 5614 dum
2147 5531 2856 5614 eoruminterpretdtionem
2883 5539 3022 5592 citet.
3051 5539 3136 5614 Ea
3163 5549 3279 5614 nos,
3308 5531 3511 5614 majori
3528 5548 3596 5588 ex

255 5605 596 5674 fere'omnia
619 5627 691 5666 ea:
716 5605 947 5680 vulgata
975 5605 1204 5666 editione
1218 5609 1482 5683 adducit,
1507 5627 1674 5683 quam
1697 5605 1882 5666 inelio-
1984 5611 2148 5683 parte
2171 5607 2240 5662 ab
2268 5607 2392 5683 aliis
2420 5605 2962 5683 nonanimadversa,
2989 5610 3088 5683 aut
3115 5605 3474 5683 negligentius
3503 5619 3597 5658 ca-

257 5671 372 5736 rem
401 5697 519 5738 esse
551 5671 1056 5752 interpretationem
1081 5685 1132 5737 et
1159 5681 1235 5737 ad
1260 5671 1544 5738 veritatem
1567 5682 1888 5738 Hebraicam
1984 5671 2285 5754 stigata,et
2303 5680 2476 5754 siqua
2488 5678 2894 5754 aliaavulgata
2905 5671 3092 5754 uestra
3103 5671 3332 5754 editione
3343 5671 3598 5754 aliquam

240 5767 583 5825 inpressam
610 5743 888 5823 afﬁrmat.
907 5755 1108 5812 Verum
1127 5757 1383 5826 quoniam
1392 5756 1536 5812 LXX
1547 5755 1885 5824 interpretes,
1995 5743 2173 5806 talum
2181 5743 2582 5820 discrepabunt,
2604 5750 2662 5804 in
2679 5743 2872 5805 indicis
2889 5749 3128 5816 formam
3146 5743 3468 5811 redegimus,
3489 5747 3574 5794 etc

327 5330 410 5395 (a)
453 5327 597 5383 Haec
631 5339 764 5382 cum
785 5323 971 5395 verbis:
993 5323 1437 5382 antecedentibus
1460 5322 1702 5395 rotundo
1743 5323 1881 5394 pari-

249 5393 348 5452 ter
389 5393 726 5453 charactere
771 5394 1055 5468 exscriptis
1105 5395 1190 5451 vix
1235 5393 1532 5452 commode
1581 5395 1654 5452 ab
1699 5393 1880 5466 aliquo

245 5468 542 5524 eoneiliari
569 5475 850 5531 poterunt.
