4062 6196
502 207 571 261 t9
724 186 727 187 ί
1240 246 1247 251 κ
1367 202 1460 256 AD
1501 201 1733 258 OPERA
1767 172 2046 258 JoANNts
2084 201 2389 258 cassum
2429 200 2965 258 PROLEGOMENA.

1091 339 1338 383 δεουιο
1366 340 1524 383 XVII.

1222 423 1379 476 1606.

573 513 848 584 Lugduni,
888 515 1061 571 ίη-8ο.
1087 514 1325 583 !Joannis
1364 514 1600 572 Cassiani
1646 512 1715 570 de
1756 514 2107 574 Institutione

505 606 966 665 Renuntiantium
1010 607 1131 665 libri
1177 610 1324 675 XII,
1372 606 1706 664 Collationes
1746 610 1839 667 SS.
1881 612 2108 666 Patrum

504 704 718 759 XXIV.
751 701 1004 759 Occurrit
1030 701 1083 756 in
1121 703 1237 759 Cat.
1268 701 1404 757 Bibl.
1441 703 1616 757 Musei
1638 705 1803 759 Britt.
1842 706 1920 758 Ex
1947 703 2106 759 titulo

504 804 674 869 patet,
705 795 1083 869 repetitionem
1116 798 1383 867 Romana:
1422 808 1569 865 esse;
1611 794 1666 851 id
1696 795 1848 868 quod
1876 798 2109 854 Gazaeus

506 891 675 947 etiam
705 890 761 946 in
785 888 1102 962 praefatione
1131 886 1383 944 editionis
1405 903 1518 945 sua:
1546 888 1856 946 conﬁrmat.

622 968 635 983 ’
1228 985 1386 1038 1611.

574 1081 772 1138 Romae,
813 1078 955 1146 typis
1004 1076 1240 1133 Camera:
1281 1077 1632 1147 Λροετοιιῖεως
1672 1080 1834 1133 in-8°.
1881 1076 2109 1134 Joannis

503 1168 738 1225 Cassiani
780 1167 1038 1224 Eremita:
1077 1167 1202 1224 libri
1241 1170 1351 1225 XII
1385 1169 1452 1226 de
1480 1169 1756 1226 lnstitutis
1791 1170 2106 1227 renuntian-

500 1261 661 1329 tium,
704 1260 1041 1317 Collationes
1078 1263 1176 1319 SS.
1209 1263 1437 1318 Patrum
1468 1264 1687 1333 XXIV,
1732 1263 1853 1319 libri
1889 1265 1994 1319 VII
2040 1262 2109 1319 de

501 1351 666 1409 Verbi
705 1352 1087 1409 Incarnatione
1119 1368 1243 1409 cum
1273 1354 1719 1411 annotationibus
1747 1363 1802 1412 et
1837 1354 2109 1412 observa-

503 1445 766 1503 tionibus.
798 1448 1165 1503 Accesserunt
1199 1447 1411 1520 Regula
1445 1449 1499 1504 S.
1531 1444 1839 1516 Pachomii;
1883 1447 2110 1521 Regulae

503 1540 597 1596 SS.
626 1542 853 1596 Patrum
884 1546 936 1595 et
961 1541 1018 1597 S.
1055 1541 1310 1613 Prosperi
1336 1540 1602 1613 Aquitani
1634 1541 1772 1598 liber
1813 1541 1881 1600 de
1918 1540 2109 1599 Gratia

504 1633 606 1689 Dei
636 1640 690 1690 et
723 1634 895 1690 libero
921 1632 1190 1704 Arbitrio,
1230 1642 1286 1692 et
1312 1634 1721 1693 observationes
1747 1635 1803 1691 in
1838 1635 1956 1691 loca
1982 1650 2110 1690 am-

506 1725 666 1799 bigua
710 1743 727 1782 :
769 1727 952 1783 omnia
990 1728 1167 1784 multo
1209 1729 1580 1786 emendatiora
1616 1745 1780 1802 quam
1818 1738 1984 1786 antea
2013 1745 2105 1786 ex-

506 1836 655 1877 cusa.
695 1823 813 1878 Cat.
839 1823 976 1879 Bibl.
1009 1827 1147 1893 Reg.
1172 1826 1329 1879 Paris
1367 1829 1417 1879 et
1442 1825 1579 1880 Bibl.
1613 1825 1965 1879 Casanatens.

834 1976 843 1981 ,
1227 1919 1389 1970 1616.

576 2007 766 2068 Duaci,
804 2022 872 2059 ea:
910 2006 1273 2076 tgpographia
1314 2007 1629 2062 Baltazaris
1672 2008 1899 2073 Belleri;
1940 2009 2110 2075 ili-8°,

507 2101 588 2154 ΠΙ
629 2100 807 2153 tomis.
848 2098 1076 2154 Joannis
1131 2098 1374 2155 Cassiani
1421 2098 1754 2173 presbyteri,
1813 2115 1982 2172 quem
2025 2099 2112 2155 alii

507 2190 811 2259 eremitam,
858 2191 944 2246 alii
982 2190 1237 2247 abbatem
1284 2180 1626 2264 nuncupant,
1676 2193 1856 2264 Opera
1901 2193 2106 2251 omnia.

508 2283 822 2340 Novissime
854 2285 1152 2357 recognita,
1183 2293 1473 2359 repurgata
1509 2294 1563 2342 et
1590 2285 1736 2342 notis
1768 2285 2116 2358 amplissimis

508 2376 796 2433 illustrata.
834 2378 1044 2447 Quibus
1070 2393 1353 2435 accessere
1390 2380 1497 2436 alia
1530 2379 1775 2453 ejusdem
1804 2378 2112 2452 argumenti

510 2470 792 2543 opuscula,
822 2487 1057 2545 quorum
1082 2473 1393 2529 Elenchum
1418 2488 1654 2547 sequens
1681 2473 1873 2546 pagina
1900 2471 2116 2528 exhibe-

508 2565 609 2621 bit.
660 2565 853 2624 Studio
892 2575 947 2623 et
992 2582 1156 2639 opera
1202 2570 1275 2623 D.
1325 2569 1529 2624 Alardi
1570 2568 1782 2633 Gazcei,
1826 2566 2115 2624 coenobitae

508 2660 784 2717 Vedastini
808 2661 930 2718 ord.
959 2660 1256 2718 Benedicti.

593 2760 802 2813 Tomus
825 2757 1096 2814 secundus
1116 2755 1329 2814 duabus
1358 2753 1601 2826 partibus
1621 2760 1854 2824 constat,
1884 2767 2118 2826 quarum

512 2850 682 2905 altera
717 2850 905 2922 incipit
928 2866 957 2906 a
993 2849 1316 2921 praefatione
1341 2847 1662 2905 Collationis
1685 2849 1896 2915 XVIII,
1929 2846 2117 2918 pagina

515 2948 638 3010 881,
683 2958 805 3015 qua:
835 2952 922 3000 est
950 2942 1096 2999 tituli
1133 2943 1321 3015 ipsius.
1364 2941 1665 3013 Utriusque
1693 2939 1829 2996 tomi
1861 2938 2118 2995 elenchus

2139 1690 2187 1753 B

3747 211 3835 265 20-

2137 327 2183 391 A
2216 331 2316 381 aut
2354 326 2702 396 reformando
2729 341 2835 380 non
2874 340 3198 396 magnopere
3227 326 3585 383 laborandum
3625 334 3819 388 emisti-

2209 422 2375 483 mavi,
2402 436 2520 475 cum
2549 422 2682 474 satis
2711 418 3055 474 emendatum
3080 424 3131 475 et
3157 422 3493 477 enucleatum
3523 438 3643 477 eum
3669 427 3825 483 nobis

2213 515 2532 585 reliquerint
2572 514 2835 583 Cuyehius
2865 515 2919 568 et
2952 513 3279 578 Ciacconius,
3308 518 3419 569 viri
3451 517 3746 573 doctissimi
3770 526 3820 576 et

2217 608 2627 668 accuratissimi,
2641 608 2740 677 qui
2751 606 2851 660 hac
2862 608 2918 659 in
2934 621 2992 660 re
3002 611 3281 661 strenuam
3291 623 3507 678 operam
3523 618 3819 667 uacarunt.

2218 702 2432 758 Contuli
2449 705 2629 756 tamen
2659 717 2777 755 cum
2801 701 3010 770 aliquot
3033 703 3429 772 exempla-ribus
3453 709 3567 759 tum
3589 709 3831 771 excusis,

2217 800 2331 850 tum
2352 810 2503 859 mss.,
2522 800 2572 850 et
2582 794 2808 849 subinde
2827 795 3077 865 quaedam
3098 796 3211 850 loca
3228 797 3295 850 ab
3310 798 3417 851 illis
3425 803 3821 869 praetermissa,

2218 893 2317 951 aut
2343 891 2521 942 minus
2559 903 2795 959 expensa
2825 890 3055 952 correxi,
3090 894 3190 945 aut
3228 893 3459 953 excussi,
3495 897 3547 946 et
3573 892 3824 949 adhibita

2218 986 2381 1038 etiam
2408 985 2656 1053 Dionysii
2677 984 3030 1039 Carthasiani
3044 985 3399 1054 paraphrasi,
3428 985 3599 1039 lucem
3624 989 3837 1055 ascivi;-

2218 1092 2375 1146 quem
2390 1080 2568 1131 tamen
2576 1077 3000 1147 paraphrastem
3012 1077 3183 1142 (salva
3199 1080 3342 1133 tanti
3352 1081 3462 1132 viri
3473 1065 3827 1149 auctoritate)

2216 1184 2621 1238 nonnumquam
2663 1169 2732 1222 ab
2760 1170 2995 1223 auctoris
3021 1173 3228 1231 mente,
3265 1186 3326 1224 ac
3358 1175 3624 1227 sententia
3669 1173 3841 1229 aber~

2218 1276 2366 1316 rasse
2394 1262 2696 1325 submonui,
2722 1262 2929 1317 lectoris
2955 1263 3169 1316 interim
3182 1262 3393 1331 judicio
3416 1265 3837 1323 arbitrandum.

2288 1356 2358 1410 II.
2383 1356 2772 1411 Annotationes
2801 1355 2917 1422 fere
2948 1360 3240 1426 perpetuas
3269 1356 3466 1425 adjeci,
3497 1359 3692 1428 quibus
3721 1376 3825 1416 non

2218 1448 2389 1502 solum
2419 1462 2585 1511 voces,
2616 1451 2667 1502 et
2689 1447 2944 1502 dictiones
2971 1446 3241 1517 quasdam
3269 1449 3506 1511 Graecas,
3536 1450 3827 1515 barbaras,

2219 1545 2319 1596 aut
2342 1543 2517 1596 minus
2543 1542 2797 1610 vulgatus
2823 1541 3117 1609 elucidat'i;
3143 1542 3238 1597 sed
3266 1547 3316 1598 et
3340 1546 3630 1598 sententias
3655 1560 3827 1615 quas-

2221 1649 2324 1703 que
2341 1635 2688 1697 obscuriores,
2718 1635 2904 1714 itidem
2933 1637 3253 1705 quaestiones
3284 1637 3603 1705 theologicae
3628 1639 3706 1693 ad
3728 1654 3844 1694 mo~

2220 1731 2486 1782 nastieum
2514 1730 2825 1783 institutum
2862 1733 3178 1799 spectantes,
3223 1746 3418 1801 easque
3454 1734 3718 1802 perutiles
3760 1748 3827 1788 ea:

2220 1823 2487 1875 occasione
2505 1827 2853 1884 occurrentes,
2873 1826 3081 1892 quanta
3092 1825 3254 1893 potui
3267 1824 3541 1891 facilitate
3558 1831 3609 1880 et
3615 1829 3827 1896 perspi-

2220 1916 2418 1968 cuitate
2434 1930 2537 1985 pro
2552 1920 2713 1984 captu
2724 1915 3007 1983 juniorum
3023 1919 3336 1971 examinari
3356 1936 3371 1971 :
3393 1919 3538 1973 unde
3553 1920 3715 1974 multi
3730 1920 3834 1974 loci
3842 1924 3847 1927 “

2188 2074 2197 2084 ,
2221 2024 2516 2064 communes
2543 2011 2608 2064 de
2636 2010 2790 2065 rebus
2817 2013 3124 2066 monasticis
3151 2013 3209 2066 in
3240 2027 3369 2067 usus
3395 2014 3737 2084 quotidianos
3765 2028 3830 2068 ac

2219 2097 2435 2163 familia
2444 2113 2523 2150 res
2537 2097 2781 2167 depromi
2792 2104 3011 2168 queant.
3025 2102 3055 2155 Ι
3056 2115 3263 2169 ngenue
3277 2102 3493 2156 interim
3507 2103 3688 2169 fateor
3702 2102 3843 2156 sub-1

2220 2184 2347 2237 inde
2368 2184 2621 2253 adjutum
2640 2202 2723 2241 me
2748 2191 2861 2242 tum
2879 2190 3245 2245 natationibus
3268 2191 3507 2261 Cuychii,
3536 2196 3651 2246 tum
3671 2192 3832 2249 Ciac-

2221 2279 2378 2339 conii,
2410 2292 2548 2345 quas
2577 2280 2809 2349 proinde
2848 2284 2898 2335 et
2925 2284 3072 2344 meis,
3111 2284 3322 2353 publico
3369 2284 3499 2338 bono
3530 2285 3843 2347 consulens,.

2220 2372 2300 2424 ita
2331 2373 2552 2433 inserui,
2578 2377 2642 2427 ut
2669 2377 2846 2426 tamen
2875 2388 3003 2427 suas
3027 2380 3218 2445 cuique
3244 2382 3457 2432 auctori
3479 2364 3720 2447 acceptas
3744 2394 3831 2433 re.

2220 2464 2441 2529 ferrem,
2462 2464 2601 2517 nihil
2618 2464 2854 2518 alienum
2878 2467 3012 2519 mihi
3026 2468 3324 2522 vindicans.
3350 2471 3529 2537 Neque
3548 2484 3670 2523 vero
3692 2471 3851 2524 mihi

2223 2556 2423 2610 cncidit
2453 2556 2594 2610 illud
2620 2558 2787 2612 Plinii
2811 2557 2885 2611 ad
2928 2561 3321 2628 Vespasianum
3354 2563 3481 2615 scite
3527 2564 3789 2632 scriptum
3811 2583 3841 2629 ,~.

2222 2650 2523 2722 Benignum
2571 2664 2722 2720 esse,
2765 2660 2818 2707 et
2858 2650 3073 2724 ingenui
3108 2652 3331 2725 plenum
3372 2654 3598 2726 pudoris
3642 2654 3842 2725 tateri,.

2223 2758 2320 2814 per
2346 2759 2484 2816 quos
2512 2743 2921 2815 profecerimus.

2295 2837 2394 2891 Ill.
2417 2840 2585 2892 Porro
2603 2840 2853 2907 antiquos
2873 2840 3032 2901 ritus,
3057 2842 3107 2893 et
3122 2840 3373 2894 instituta
3396 2845 3631 2896 ceterum
3647 2857 3851 2896 mana--

2224 2930 2441 2985 chorum
2463 2936 2575 2984 tum
2596 2934 2653 2984 in
2677 2933 2870 2999 ofﬁciis
2894 2931 3091 2987 dirinis
3107 2934 3457 3002 peragendis,
3486 2939 3605 2988 tum
3624 2937 3680 2989 in
3705 2935 3853 2989 aliis-

514 3043 640 3108 post
660 3035 880 3092 titulum
896 3035 1079 3091 statim
1103 3034 1190 3089 hic
1212 3040 1514 3104 comparet.
1535 3033 1733 3087 Insunt
1756 3033 2114 3101 tomopri-mo;
2153 3064 2197 3128 C
2225 3024 2694 3078 arercitationibus
2724 3026 2960 3079 ascetieis
2984 3027 3187 3079 curiose
3212 3026 3507 3088 observavi,
3531 3032 3580 3080 et
3606 3029 3751 3082 relut
3774 3029 3833 3081 in

513 3130 583 3187 de
625 3130 895 3187 Institutis
931 3129 1310 3185 coenobiorum
1347 3127 1469 3183 libri
1505 3127 1642 3195 XII,
1674 3141 1801 3182 cum
1832 3140 2116 3182 commen-

514 3223 667 3280 tariis
706 3230 763 3280 et
802 3222 1210 3294 natationibus,
1246 3222 1452 3296 Regula
1490 3223 1545 3278 S.
1592 3220 1868 3277 Pachomii
1911 3220 2043 3276 olim
2084 3235 2115 3275 a

484 3321 539 3375 S.
572 3319 921 3390 Hieronymo
971 3317 1172 3372 Latine
1195 3315 1458 3372 translata
1490 3334 1504 3370 :
1534 3330 1680 3370 nunc
1703 3313 1867 3370 etiam
1894 3312 2117 3370 scholiis

517 3420 570 3469 et
618 3410 764 3468 notis
811 3409 1105 3478 illustrata;
1159 3410 1347 3466 Flores
1401 3396 1642 3465 (ἰδέεὶδηί
1694 3406 1804 3464 sive
1858 3404 2118 3462 illustrio-

514 3523 605 3564 res
648 3506 930 3570 sententize
975 3512 1032 3561 (ι
1075 3504 1243 3576 ipsius
1286 3503 1543 3575 operibus
1583 3502 1843 3558 collectae.
1889 3499 2121 3563 Joannis

516 3601 760 3660 Cassiani
790 3599 861 3657 de
895 3598 1094 3656 Christi
1136 3600 1515 3654 Incarnatione
1555 3596 1649 3652 lib.
1680 3599 1807 3652 νη.
1851 3599 2006 3650 Temo
2041 3596 2119 3649 al-

452 3688 457 3693 ’
517 3703 628 3751 tero
657 3715 672 3749 :
697 3696 784 3749 Jo.
806 3692 1043 3749 Cassiani
1068 3690 1436 3747 Collationum
1461 3691 1565 3746 PP.
1596 3690 1812 3756 XXIV,
1839 3702 2123 3745 commen-

514 3786 667 3842 tariis
707 3793 763 3841 et
798 3783 945 3840 notis
986 3785 1285 3840 illustrataz.
1327 3783 1571 3856 Dionysii
1612 3782 1953 3840 Carthasiani
1996 3786 2120 3838 Do-

514 3878 689 3933 ctrina
724 3874 995 3935 Catholica
1027 3872 1311 3932 Collationi
1343 3878 1484 3932 XIII
1511 3876 1822 3931 substituta.
1866 3879 1940 3931 D.
1975 3876 2116 3930 Pro-

513 3972 656 4045 speri
717 3969 1022 4043 Aquitanici
1077 3969 1213 4025 liber
1284 3968 1352 4026 de
1424 3968 1613 4025 Gratia
1664 3968 1763 4024 Dei
1832 3975 1888 4023 et
1941 3965 2115 4024 libero

511 4065 755 4129 Arbitrio
792 4072 981 4121 contra
1024 4064 1376 4121 Collatorem.
1414 4065 1487 4118 Β.
1520 4065 1593 4118 D.
1620 4060 1842 4118 Henrici
1868 4060 2113 4133 Cuychii,

512 4161 747 4234 episcopi
810 4156 1312 4225 Ruremondensis,
1377 4156 1758 4215 annotationes
1809 4156 1919 4212 sive
1973 4160 2114 4210 notae

512 4256 761 4308 censoriae
786 4254 854 4308 ad
875 4256 964 4308 Jo.
1003 4253 1239 4310 Cassiani
1265 4252 1452 4309 libros.
1481 4253 1691 4309 Statuta
1719 4250 1954 4308 duarum
1980 4266 2111 4307 con-

512 4344 891 4418 grcgationum
931 4345 1042 4399 sive
1083 4346 1455 4413 Capitulorum
1494 4346 1825 4417 generalium
1868 4345 1989 4402 0rd.
2035 4348 2107 4401 D.

2228 3121 2412 3175 tabula
2428 3123 2637 3192 depicta
2654 3124 2838 3177 lectori
2850 3123 3164 3191 diligentius
3182 3125 3515 3194 inspicienda
3537 3130 3587 3179 et
3606 3129 3852 3180 contem--

2219 3214 2432 3283 pianda
2452 3220 2715 3286 proposui
2756 3235 2772 3270 :
2806 3216 2893 3272 Ea:
2917 3217 3110 3286 quibus
3144 3217 3352 3279 itidem,
3392 3221 3673 3288 tamquam
3707 3219 3848 3274 locis

2227 3309 2610 3371 communibus,
2624 3312 3018 3379 antiquitatum
3029 3313 3452 3365 monasticarum
3470 3314 3741 3367 studiosus
3756 3316 3836 3368 in-

2230 3402 2458 3469 telligat,
2480 3403 2675 3470 quibus
2693 3402 3000 3457 auctoribus
3020 3406 3071 3457 et
3085 3403 3511 3459 obsewatorszus
3526 3406 3839 3476 hujusmodi
3850 3413 3855 3417 '

2227 3497 2367 3548 ritus
2383 3500 2434 3549 et
2451 3496 2802 3550 observant-ue
2818 3498 3145 3560 monasticw,
3170 3498 3364 3566 quibus
3383 3515 3585 3567 magna
3593 3515 3729 3570 pars
3751 3514 3837 3554 re-

2228 3591 2436 3658 gularis
2455 3591 2754 3661 disciplima
2772 3594 3092 3656 continetur,
3111 3596 3276 3662 quasi
3282 3610 3383 3664 per
3398 3608 3589 3648 manus
3610 3595 3848 3651 traditae

2226 3682 2302 3737 ad
2323 3699 2418 3738 nos
2440 3688 2799 3755 pervenerint.

2297 3779 2390 3834 1V.
2433 3782 2633 3836 Verum
2662 3780 2803 3834 illud
2828 3782 3102 3850 praecipue
3130 3784 3384 3851 spectari,
3416 3786 3466 3837 et
3490 3784 3584 3838 hoc
3606 3784 3841 3853 potissi-

2224 3886 2371 3925 mum
2392 3874 2601 3927 nomine
2623 3874 2876 3929 Cassium
2894 3889 2978 3928 me
2996 3873 3213 3937 addixi;
3234 3879 3296 3930 ut
3314 3877 3369 3928 in
3389 3879 3648 3943 gratiam,
3670 3880 3721 3930 et
3735 3876 3833 3931 ob-

2224 3966 2465 4033 sequium
2481 3968 2896 4022 commilitonum
2911 3970 2961 4022 et
2972 3968 3161 4033 eonfra
3169 3972 3311 4021 trum
3322 3984 3579 4032 meorum,
3597 3970 3841 4034 ordinis,

2223 4060 2468 4127 inquam,
2505 4061 2840 4116 Benedictini
2872 4061 3253 4116 cwnobitarum
3288 4063 3401 4130 (cui
3430 4077 3512 4116 me
3550 4066 3690 4118 Deus
3723 4078 3831 4119 sua

2223 4155 2408 4219 gratia
2428 4156 2749 4225 inscriptum
2776 4157 2967 4223 roluit)
2984 4156 3293 4225 plerasque,
3320 4172 3381 4210 ac
3401 4158 3705 4226 praecipuas
3727 4160 3843 4215 Re-

2222 4248 2380 4315 gulas
2409 4250 2736 4302 sanctissimi
2758 4251 2940 4303 Patris
2962 4251 3139 4302 nostri
3154 4249 3448 4312 Benedicti,
3475 4255 3745 4319 quantum
3771 4255 3828 4307 in

2218 4356 2301 4394 me
2325 4345 2476 4403 esset,
2505 4344 2611 4396 Deo
2628 4342 2879 4411 juvante,
2901 4345 3069 4411 prout
3096 4356 3151 4397 se
3179 4342 3331 4398 dedit
3353 4359 3573 4407 occaszo,
3601 4360 3667 4399 ea:
3693 4346 3827 4402 Cas-

512 4436 807 4496 Benedicti.
847 4436 992 4493 Petri
1022 4436 1288 4495 Ciacconii
1322 4438 1623 4511 presbyteri
1652 4438 1898 4493 Toletani
1928 4438 2110 4494 obser-
2141 4433 2192 4496 D
2220 4435 2372 4487 siuna
2397 4435 2743 4504 explicarem,
2776 4438 2827 4489 et
2852 4435 3146 4506 complures
3179 4436 3297 4506 ejus
3322 4439 3457 4493 locos
3482 4422 3556 4493 a'd
3581 4440 3832 4496 Cassiani

511 4533 758 4589 vationes
791 4531 846 4587 in
867 4534 955 4587 Jo.
981 4530 1325 4589 Cassianum.
1353 4530 1565 4587 Indices
1592 4539 1851 4604 quatuor,
1874 4546 2112 4603 quorum
2161 4567 2165 4571 ν

506 4628 717 4696 primus
749 4631 833 4680 est
854 4624 1103 4680 locorum
1130 4637 1307 4680 sacrze
1328 4623 1625 4695 Scriptura:
1662 4622 1963 4679 secundum
1990 4622 2109 4679 vul-

509 4728 691 4794 gatam
719 4718 1010 4776 editionem
1039 4719 1240 4791 passim
1266 4719 1321 4774 in
1350 4718 1457 4775 hoc
1481 4734 1646 4791 opere
1683 4718 2109 4790 explicatorum;

506 4815 790 4879 secundus,
818 4812 1187 4886 quorumdam
1211 4812 1460 4869 locorum
1481 4811 1785 4869 secundum
1805 4810 2110 4868 versionem

506 4912 668 4967 LXX
688 4912 1088 4983 lnterpretum;
1112 4909 1324 4970 tertius,
1344 4922 1530 4962 rerum
1556 4915 1611 4963 et
1629 4921 1828 4963 vocum
1847 4920 2109 4979 quarum-

506 5003 632 5059 dam
675 5003 730 5057 in
771 5011 921 5059 textu
966 5001 1211 5060 Cassiani
1266 5000 1703 5070 occurrentium;
1749 5006 2011 5072 quartus,
2053 5000 2109 5056 in

505 5095 895 5151 commentaria
924 5103 977 5151 et
1014 5095 1337 5153 notationes.
1385 5095 1699 5168 Praetigitur
1734 5102 1791 5151 et
1824 5103 1979 5152 tomo
2016 5109 2107 5151 se-

505 5186 686 5244 cundo
730 5191 796 5243 D.
842 5189 1103 5249 Anselmi,
1148 5188 1520 5245 Cantuariens.
1563 5187 1825 5261 archiep.,
1872 5190 2107 5246 Carmen

502 5280 745 5338 divinum
785 5280 852 5337 de
889 5279 995 5337 vita
1034 5281 1430 5337 monachorum
1458 5289 1513 5337 et
1553 5284 1701 5338 Laus
1744 5282 1869 5337 vitae
1911 5298 2107 5340 mona-

502 5375 650 5430 stica:
680 5373 888 5431 incerto
919 5381 1159 5430 auctore.
1204 5376 1494 5443 Praeterea,
1521 5373 1652 5447 quid
1685 5375 1740 5430 in
1763 5374 1864 5430 hac
1891 5384 2104 5447 postre-

502 5484 593 5524 ma
644 5466 881 5525 editione
924 5467 1291 5525 allaboratum
1333 5476 1427 5525 aut
1471 5477 1722 5526 curatum
1760 5468 1922 5525 fuerit
1955 5471 2103 5543 quod

500 5563 723 5637 quidem
749 5563 818 5620 ad
849 5579 942 5621 sex
984 5572 1265 5622 momenta
1301 5564 1468 5622 refert
1496 5564 1693 5634 editor,
1722 5564 1895 5637 ipsius
1920 5564 2102 5624 verbis

498 5658 938 5733 cognoscendum
972 5657 1244 5716 dabimus.

570 5753 615 5809 Ι.
650 5755 893 5810 Primum
919 5753 1133 5825 quidem
1162 5754 1228 5811 de
1259 5757 1413 5811 textu
1448 5755 1700 5812 Auctoris
1731 5753 2096 5828 repurgando,

2219 4528 2442 4597 scripta,
2468 4528 2613 4582 velut
2636 4528 2711 4582 ad
2729 4533 3079 4600 p-rototypum
3102 4544 3261 4586 suum
3284 4536 3563 4602 referrem,
3593 4551 3655 4589 ac
3672 4550 3826 4591 revo-

2221 4635 2416 4676 carem.
2451 4621 2600 4687 Unde
2621 4622 2825 4693 liquido
2849 4629 3098 4695 apparet,
3126 4632 3337 4694 quanta
3362 4645 3514 4691 cura,
3537 4645 3702 4699 quam
3723 4630 3824 4699 pia

2222 4720 2272 4771 et
2288 4717 2475 4772 solerti
2487 4719 2828 4774 aemulatione
2844 4723 3210 4779 sanctissimus
3222 4728 3383 4795 pater
3402 4724 3717 4779 Benedictus
3738 4739 3826 4780 ve-

2222 4813 2357 4865 teres
2382 4813 2661 4866 monachos
2677 4815 2888 4867 imitari
2900 4815 3192 4881 studuerit,
3213 4822 3464 4873 eteorum
3484 4821 3721 4887 vestigiis
3741 4822 3822 4875 in-

2219 4908 2426 4971 sistere,
2458 4922 2660 4977 suoque
2683 4911 2921 4981 exemplo
2949 4915 3001 4965 et
3024 4914 3362 4969 institutione
3388 4928 3510 4969 suos
3534 4915 3829 4970 caenobitas
3902 4912 3911 4917 ’

2215 5000 2295 5054 ad
2321 5016 2504 5055 eorum
2532 5003 2884 5058 imitationem
2909 5020 3220 5075 provocare.

2287 5094 2353 5149 V.
2379 5093 2472 5149 Ad
2495 5094 2605 5149 htBC
2627 5098 2918 5152 sententias
2944 5098 3265 5154 illustriores
3287 5100 3537 5155 Cassiani
3556 5097 3825 5153 similibus

2216 5189 2491 5242 sententiis
2532 5191 2584 5242 et
2616 5189 2799 5258 elogiis
2835 5191 2930 5247 SS.
2964 5193 3192 5247 Patrum
3229 5193 3439 5255 Basilii,
3472 5192 3814 5265 Hieronmii,

2214 5282 2531 5351 Augustini,
2565 5285 2830 5353 Gregorii,
2857 5286 3192 5357 aliorumque
3210 5290 3416 5358 passim
3443 5287 3734 5347 illustrari,
3765 5287 3815 5339 et

2214 5377 2481 5440 roboravi,
2506 5381 2557 5432 et
2577 5393 2645 5432 ea:
2664 5379 2771 5432 illis
2796 5381 3083 5436 nonnullas
3102 5382 3394 5436 selectiores
3416 5385 3465 5436 et
3486 5381 3684 5441 breves,
3727 5392 3813 5431 re-

2213 5471 2294 5526 lut
2314 5473 2557 5527 stellulas
2576 5474 2983 5543 Splendidiores,
3006 5477 3063 5529 in
3082 5491 3249 5530 unum
3274 5477 3533 5536 collectas,
3556 5476 3605 5527 et
3624 5470 3812 5526 ordine

2211 5564 2450 5634 digestas
2476 5566 2552 5621 ad
2577 5568 2770 5623 calcem
2799 5571 2972 5640 operis
2994 5572 3224 5641 seposui,
3253 5584 3357 5640 quo
3382 5573 3432 5623 et
3458 5566 3679 5634 facilius
3704 5580 3826 5620 meo

2208 5663 2393 5715 moria:
2410 5661 2741 5717 mandentur
2758 5678 2792 5717 a
2803 5662 3133 5733 junioribus,
3152 5667 3202 5720 et
3226 5664 3461 5725 tenacius
3482 5663 3805 5731 inﬁgantur.

2280 5756 2375 5813 Vl.
2404 5756 2497 5812 Ad
2518 5761 2839 5824 extremum,
2859 5773 2925 5813 ne
2946 5758 3082 5830 quid
3103 5759 3345 5815 lectorem
3370 5758 3427 5812 in
3450 5754 3613 5827 hujus
3638 5753 3815 5827 amris
