4052 6200
371 249 428 302 21
1005 245 1284 304 NOTITIA
1321 243 2140 302 HISTORICO-LITTE‘RARIA
2174 241 2243 299 IN
2279 242 2596 302 JOANNEM
2633 245 3037 303 CASSIANUM.
3236 199 3244 208 .
3608 254 3686 310 22

294 337 300 344 D
371 371 592 426 decursu
613 373 896 435 remorari,
915 373 1000 427 vel
1013 371 1316 440 offendere,
1329 373 1610 442 uelquovis
1625 371 1782 426 modo
1800 373 1858 425 in
1875 386 1962 426 er-
1994 375 2047 438 Α
2075 368 2242 442 pitula
2273 378 2335 426 ut
2363 371 2418 427 in
2444 371 2616 444 prima
2645 373 2793 431 notis
2817 373 3106 432 distinctus
3128 382 3233 444 est,
3253 391 3378 449 qua
3403 376 3685 438 columnis

372 479 539 520 rorem
565 465 816 520 inducere
859 471 1056 536 posset,
1085 471 1286 537 printer
1315 470 1529 521 nostras
1556 467 1932 520 annotationes
1945 507 1960 529 ,

371 559 526 613 etiam
548 558 688 612 alias
713 559 1123 621 observationes,
1143 562 1196 614 et
1215 559 1482 614 censorias
1506 561 1664 612 notas
1685 561 1800 612 tum
1826 557 1965 626 Cuy-

371 651 488 714 chii,
517 655 632 706 tum
662 653 932 709 Ciacconii
953 652 1355 723 adjungendas,
1381 657 1434 708 et
1454 652 1530 707 ad
1557 653 1753 706 calcem
1776 650 1963 705 itidem

369 755 457 797 suo
484 744 672 798 ordine
691 745 1022 800 collocandae
1044 745 1206 810 dumi,
1230 746 1428 816 quibus
1452 743 1714 799 antidotis
1731 745 1963 798 monitus

367 837 588 905 quilibet
614 838 928 895 Cassianum
945 839 1191 910 deinceps
1210 840 1487 906 inoffenso
1506 837 1642 907 pede
1652 839 1958 907 percurrat,

365 931 621 1002 nihilque,
651 933 796 1002 quod
815 933 891 988 ad
911 935 1088 1005 operis
1105 934 1486 1004 perfectionem
1500 932 1583 985 vel
1589 932 1764 984 animi
1771 932 1861 984 sui
1881 943 1961 984 se-

364 1025 640 1079 curitatem
655 1028 956 1095 pertineat,
1000 1026 1234 1095 amplius
1262 1025 1539 1080 desideret.
1568 1025 1713 1092 Quas
1741 1023 1958 1094 quidem

363 1117 748 1176 obseruationes
777 1120 1064 1188 diligenter
1079 1120 1146 1174 iis
1161 1117 1534 1188 prwlegendas
1553 1117 1753 1172 suadeo
1771 1121 1823 1172 et
1848 1132 1958 1172 mo.

361 1225 470 1274 nec,
491 1215 595 1282 qui
608 1229 722 1266 non
739 1212 1042 1282 usqueadeo
1053 1215 1110 1264 in
1129 1212 1213 1266 his
1234 1215 1456 1274 versati,
1469 1211 1633 1266 libros
1649 1212 1956 1281 praesertim

359 1304 744 1367 Collationum,
776 1307 1010 1376 aliosque
1034 1304 1376 1368 utilissimos,
1415 1309 1468 1359 et
1489 1321 1526 1358 a
1556 1305 1650 1360 SS.
1673 1304 1951 1366 Patribus,

356 1396 655 1458 Benedicto,
674 1398 868 1451 Thema
877 1398 1173 1466 Aquinate,
1185 1397 1435 1467 aliisque,
1451 1401 1513 1451 ut
1523 1396 1730 1450 dictum
1739 1400 1836 1458 est,
1852 1397 1958 1450 teri

351 1491 550 1553 solitos,
578 1492 784 1546 utiliter
800 1507 864 1546 ac
876 1492 1170 1547 salubriter
1178 1507 1392 1547 versare
1409 1493 1696 1546 voluerint.
1714 1489 1953 1563 Subjecit

347 1581 514 1655 igitur
551 1591 713 1640 notas
762 1599 889 1640 suas
935 1583 1168 1658 singulis
1193 1585 1380 1642 statim
1425 1585 1707 1658 capitulis,
1761 1584 1951 1641 doctas

347 1673 552 1747 ubique
573 1682 630 1731 et
671 1674 815 1750 frugi
867 1677 1072 1749 plenas.
1107 1676 1486 1735 Praefationem
1534 1675 1795 1749 praecedit
1833 1676 1946 1747 epi-

345 1767 480 1824 stola
507 1767 626 1840 ejus
653 1768 982 1826 dedicatoria
1007 1769 1076 1827 ad
1103 1772 1413 1842 Philippum
1449 1771 1800 1829 Caverellium
1829 1784 1946 1827 cm-
1977 1751 2025 1812 Β

343 1860 488 1918 nobii
517 1861 794 1919 Vedastini
824 1862 970 1936 apud
997 1864 1282 1921 Atrebates
1314 1872 1445 1921 tunc
1469 1863 1794 1936 prasulem,
1822 1863 1950 1920 data

344 1971 412 2011 ea:
434 1957 728 2028 mdeipsius
754 1963 808 2013 et
825 1962 1190 2031 prepositura
1205 1961 1262 2017 S.
1280 1961 1576 2022 Michaelis,
1601 1957 1952 2031 apparitionis

344 2048 488 2106 feriis
518 2051 653 2121 εις).
688 2053 779 2121 1:).
805 2053 976 2109 CXV.
1011 2052 1210 2110 Addita
1249 2061 1332 2108 est
1356 2051 1518 2108 etiam
1550 2051 1780 2124 Cuychii
1804 2065 1949 2122 prai—

343 2139 490 2200 fatio.
522 2145 826 2218 Utriusque
849 2146 983 2202 torni
1025 2145 1192 2202 limen
1219 2145 1464 2202 obsitum
1497 2153 1581 2201 est
1617 2143 1950 2200 carminibus

339 2237 703 2310 gratulatoriis
734 2248 792 2296 et
830 2239 1305 2312 anagrammaticis
1359 2237 1429 2293 ad
1467 2236 1758 2305 editorem,
1805 2236 1949 2294 inter

327 2339 466 2399 quae
501 2329 668 2386 etiam
720 2345 892 2386 unum
938 2330 995 2386 in
1035 2329 1277 2386 secundo
1320 2335 1494 2394 tomo,
1537 2326 1684 2398 quod
1725 2326 1943 2398 proprio

339 2423 730 2480 commentario
769 2425 1096 2480 instructum
1143 2430 1245 2479 est.
1278 2420 1490 2477 Titulus
1518 2419 1698 2476 tabula
1735 2435 1802 2476 ex
1831 2435 1941 2477 aere

335 2515 544 2590 sculpta
583 2517 882 2590 impressus
910 2525 1012 2575 est.

401 2705 678 2775 Lugduni,
709 2710 909 2776 sumpt.
941 2708 1110 2762 Laur.
1159 2702 1420 2769 Durand;
1459 2704 1650 2771 in-fol.
1676 2703 1767 2758 Jo.
1811 2701 1941 2758 Cas-

323 2799 464 2856 siani
497 2801 637 2856 Vita:
664 2804 885 2858 Patrum
914 2817 984 2856 ea:
1011 2802 1163 2855 libris
1183 2799 1300 2869 ejus
1330 2799 1399 2853 de
1423 2800 1693 2854 Institutis
1721 2801 1936 2853 Renun-

322 2895 587 2949 tiantium
625 2900 675 2949 et
727 2895 1108 2951 Collationibus
1157 2898 1441 2965 excerpta.
1477 2895 1538 2948 In
1586 2892 1772 2948 Herib.
1826 2893 1937 2948 Ro-

320 2989 538 3058 sweydi
565 2992 706 3045 Vitis
745 3005 799 3061 p.
837 2995 964 3046 563.

1049 3087 1206 3138 1628.

395 3177 628 3234 Coloniae
669 3179 928 3248 Agripp,
969 3181 1165 3246 sumpt.
1189 3177 1324 3232 Ant.
1358 3177 1568 3237 Hierat,
1615 3173 1802 3240 in-fol.
1836 3171 1929 3225 Jo.

309 3269 570 3328 Cassiani
613 3269 796 3338 presb.
839 3268 1192 3324 Massiliensis
1227 3268 1295 3322 de
1331 3266 1599 3323 lnstitutis
1649 3263 1928 3320 cmnobio-

301 3375 454 3418 rum
483 3359 608 3415 libri
636 3362 731 3427 ιν,
758 3369 860 3416 etc.
899 3380 911 3415 :
941 3357 1124 3415 omnia
1155 3373 1220 3414 ex
1249 3373 1469 3431 recogn.
1497 3357 1702 3414 Alardi
1728 3358 1928 3414 Gauri.

303 3459 386 3512 tn
415 3455 566 3510 Bibl.
603 3457 706 3509 PP.
749 3457 811 3510 T.
844 3456 908 3507 v.
937 3461 1074 3525 part.
1107 3466 1178 3508 η.
1273 3503 1290 3516 ,

645 3570 661 3582 -
1052 3550 1208 3601 1628.

389 3640 666 3701 Atrebati,
693 3640 845 3710 apud
881 3642 961 3694 Jo.
1001 3643 1161 3709 Bapt.
1197 3643 1249 3694 et
1281 3639 1627 3697 Guilielmum
1663 3641 1921 3703 Riverios,

307 3734 418 3788 sub
440 3735 598 3802 signo
622 3736 760 3789 Boni
791 3735 1061 3798 Pastoris;
1089 3736 1172 3787 in-
1178 3735 1278 3801 fol.

305 3849 312 3856 ~
389 3823 546 3878 Nova
570 3821 735 3878 editio
763 3821 832 3878 ab
860 3821 1055 3878 eodem
1079 3821 1260 3878 denuo
1283 3823 1578 3895 recognita,
1620 3830 1673 3879 et
1699 3838 1728 3877 a
1769 3837 1923 3877 men-

306 3915 419 3983 dis,
443 3930 570 3988 quae
601 3915 927 3986 irrepserant
967 3915 1021 3972 in
1054 3916 1238 3988 priori,
1272 3926 1559 3990 repurgata
1599 3934 1613 3972 :
1645 3931 1925 3973 commen-

306 4008 472 4064 tariis
521 4007 649 4080 ipsis
694 4008 852 4064 tertia
904 4016 1057 4080 parte
1116 4007 1448 4064 auctioribus
1490 4009 1756 4064 illustrior
1794 4008 1920 4063 red-

303 4100 420 4158 dita
467 4117 765 4173 :novoque
817 4101 1042 4172 insuper
1070 4101 1124 4154 in
1180 4099 1350 4154 libros
1399 4087 1470 4155 de
1518 4099 1923 4186 lncarnatione,

305 4193 402 4266 qui
430 4192 863 4260 desiderabatur,
894 4189 1290 4248 commentario
1321 4190 1672 4262 locupletata.

384 4289 596 4343 Praeter
635 4300 722 4352 ea,
777 4299 904 4357 qua
947 4283 1002 4340 in
1047 4283 1204 4340 titulo
1255 4284 1522 4356 promissa
1552 4291 1720 4350 sunt,
1765 4299 1911 4341 novo

301 4379 478 4436 etiam
503 4379 694 4435 ordine
734 4379 944 4450 singula
977 4385 1108 4434 sunt
1152 4377 1430 4450 disposita.
1461 4377 1549 4435 Sic
1586 4385 1712 4450 post
1751 4379 1916 4434 Insti-

2071 455 2217 514 binis
2244 458 2527 530 impressa:
2555 470 2702 518 sunt.
2737 463 2955 520 Titulus
2975 462 3131 522 adest
3166 465 3394 538 duplex,
3421 466 3573 540 prelo
3597 468 3676 524 al-

2071 557 2188 620 ter,
2203 551 2341 608 alter
2365 567 2474 610 rere
2499 553 2811 632 impressus.

2797 655 2956 707 1642.

2140 743 2388 804 Parisiis,
2420 742 2572 812 apud
2609 745 2776 799 Laur.
2803 747 3108 814 Cottereau;
3132 749 3314 814 iit-fol.
3345 748 3507 804 Joan.
3534 749 3667 806 Cas-

2067 834 2200 892 siani
2230 850 2396 908 opera
2421 837 2606 894 omnia
2637 854 2766 895 cum
2787 841 3196 896 commentariis
3220 841 3424 898 Alardi
3452 843 3640 899 Gauri
3652 885 3676 905 ,

2068 937 2172 986 etc.
2208 930 2326 986 Cat.
2350 930 2494 986 Bibl.
2523 933 2656 1000 Reg.
2689 934 2870 988 Paris.
2907 936 2959 987 et
2977 933 3120 989 Bibl.
3143 936 3252 989 Jos.
3279 937 3478 992 Renati
3497 938 3673 1006 Impe-

2066 1023 2222 1076 rialis
2251 1023 2402 1078 card.

2789 1121 2950 1173 1677.

2090 1239 2097 1246 ·
2135 1209 2410 1278 Lugduni,
2473 1211 2624 1281 apud
2665 1213 3017 1278 Anissonios;
3062 1213 3250 1280 in-fol.
3307 1214 3398 1268 Jo.
3433 1210 3674 1269 (Bassiani

2063 1301 2242 1373 Opera
2265 1301 2447 1358 omnia
2475 1319 2541 1360 ex
2568 1303 2655 1360 ed.
2679 1307 2886 1364 Alardi
2909 1308 3121 1374 Gauri;
3139 1306 3192 1362 in
3217 1307 3356 1364 Bibl.
3385 1309 3540 1365 Mam.
3561 1309 3668 1364 PP.

2061 1402 2216 1452 tomo
2249 1399 2372 1465 VII,
2400 1414 2451 1471 p.
2483 1404 2546 1454 17
2579 1414 2733 1472 seqq.

2628 1520 2886 1564 δεεσιο
2912 1521 3090 1564 XVIII.

2784 1615 2942 1666 1711.

2127 1698 2374 1761 Parisiis,
2404 1701 2586 1768 in-fol.
2618 1702 2844 1758 Joannis
2876 1701 3118 1760 Cassiani
3149 1702 3384 1761 Collatio
3403 1705 3568 1770 XIII,
3593 1701 3669 1761 de

2059 1791 2405 1848 Protectione
2435 1794 2564 1862 Dei;
2604 1811 2733 1851 cum
2776 1797 3048 1868 Operibus
3086 1801 3338 1870 Prosperi
3370 1801 3562 1869 Aquit.
3603 1815 3664 1871 p.

2061 1886 2166 1939 283
2193 1897 2348 1957 seqq.

2392 1999 2408 2010 -
2786 1985 2810 2034 1
2823 1984 2947 2036 722.

2129 2071 2500 2138 France/arti,
2531 2077 2728 2142 sumpt.
2777 2075 2989 2130 Thomas
3017 2075 3301 2141 Fritschii;
3339 2075 3525 2142 in-fol.
3566 2077 3659 2131 Jo.

2057 2162 2294 2217 Cassiani
2337 2165 2514 2235 Opera
2569 2166 2748 2222 omnia
2789 2181 2856 2223 ex
2906 2167 2993 2224 ed.
3037 2168 3245 2224 Alardi
3285 2169 3488 2225 Gazcei.
3534 2168 3653 2225 Cat.

2051 2255 2192 2310 Bibl.
2229 2256 2484 2312 Casanat.

2773 2358 2935 2411 1733.

2117 2443 2332 2512 Εὴοεὰυ,
2353 2444 2504 2514 apud
2531 2447 2847 2503 Wetstenios
2871 2453 2923 2504 et
2944 2448 3149 2516 Smith;
3178 2449 3372 2516 in-fol.
3399 2449 3488 2504 Jo.
3517 2449 3655 2506 Cas-

2046 2534 2180 2592 siani
2201 2539 2379 2610 Opera
2408 2540 2591 2596 omnia
2634 2557 2762 2599 cum
2788 2543 3198 2599 commentariis
3229 2545 3296 2598 D.
3329 2543 3514 2600 Alardi
3543 2544 3661 2601 Ga-

2045 2629 2143 2686 zaai
2194 2630 2415 2688 cmnob.
2455 2633 2675 2691 Vedast.
2729 2635 2850 2692 0rd.
2889 2639 2945 2693 S.
2990 2635 3190 2692 Bened.
3215 2636 3353 2706 Quae
3381 2636 3544 2693 editio
3577 2637 3650 2692 ab

2046 2721 2242 2778 eodem
2284 2723 2464 2780 denuo
2517 2728 2820 2799 recognita,
2869 2729 3277 2784 commentariis
3328 2729 3456 2802 ipsis
3489 2731 3657 2786 tertia

2044 2822 2198 2886 parte
2223 2815 2562 2874 auctioribus
2590 2819 2852 2876 illustrior
2877 2821 3088 2878 reddita
3119 2842 3132 2877 :
3159 2837 3410 2894 novoque
3435 2823 3664 2896 insuper

2043 2907 2098 2963 in
2128 2907 2297 2966 libros
2345 2909 2414 2966 de
2449 2912 2854 2982 Incarnatione,
2893 2913 2985 2986 qui
3025 2913 3454 2976 desiderabatur.
3495 2932 3662 2972 com-

2041 3003 2314 3060 mentario
2346 3003 2689 3077 locupletata.

1969 3115 2014 3180 ο
2112 3097 2193 3153 Ut
2221 3097 2411 3154 titulus
2457 3099 2722 3166 ostendit,
2769 3100 2935 3157 altera
2985 3103 3164 3160 Gazaai
3193 3102 3356 3159 editio
3399 3112 3659 3163 accurate

2041 3204 2292 3262 expressa
2337 3201 2448 3260 est;
2505 3193 2652 3264 quod
2699 3194 2849 3266 prelo
2897 3197 3394 3253 Amstelodamensi
3431 3195 3652 3255 factum

2040 3296 2159 3340 esse
2185 3299 2248 3340 ex
2278 3285 2454 3341 nitore
2494 3295 2752 3358 typorum
2778 3295 2833 3344 et
2860 3287 3054 3362 insigni
3084 3289 3460 3346 Westenianio
3489 3289 3544 3346 in
3575 3291 3645 3347 ti-

2038 3377 2151 3433 tulo
2197 3376 2462 3452 impresso
2506 3379 2833 3453 colligimus.
2870 3381 3070 3440 Charta
3101 3390 3288 3440 tamen
3317 3399 3508 3456 aspera
3558 3393 3645 3441 est

2039 3475 2094 3527 et
2122 3471 2311 3528 cruda.

2643 3555 2690 3604 ΙΙ
2698 3594 2707 3604 .
2745 3555 3024 3607 Versiones.

2756 3659 2913 3710 1563.

2113 3742 2368 3803 Veneria,
2429 3759 2532 3813 per
2573 3747 2648 3801 M.
2729 3749 3103 3814 Tramezzino;
3149 3749 3317 3802 in-4°.
3385 3767 3411 3796 ι
3461 3748 3649 3819 Opera

2033 3830 2088 3888 di
2112 3833 2370 3890 Cassiano
2388 3837 2629 3892 Eremita
2667 3837 2807 3895 delle
2839 3840 3192 3896 Costitutioni
3221 3848 3278 3896 et
3308 3840 3526 3914 Origine
3553 3841 3638 3900 de’

2033 3926 2310 3998 Monacbi,
2340 3944 2370 3984 e
2403 3928 2488 3985 de’
2531 3931 2762 3988 Remedi
2787 3947 2818 3988 e
2839 3934 3014 3991 Cause
3038 3933 3092 3990 di
3133 3934 3262 3990 tutti
3291 3935 3306 3990 i
3339 3935 3473 4007 viai,
3495 3935 3637 3994 dove

2033 4019 2077 4074 si
2107 4021 2343 4078 recitano
2372 4024 2740 4096 ventiquattro
2781 4026 3176 4099 ragionamenti
3220 4029 3307 4084 de’
3334 4029 3508 4085 nostri
3539 4045 3640 4085 an-

2031 4111 2160 4168 tichi
2216 4113 2435 4171 Padri..
2461 4156 2476 4172 .
2536 4116 2772 4173 tradotta
2821 4135 2918 4189 per
2973 4124 3063 4176 Fr.
3105 4121 3390 4176 Benedetto
3429 4122 3599 4190 Buffi.

2035 4207 2272 4262 Eremita
2304 4206 2390 4262 de’
2421 4209 2742 4265 Calmaldoli
2781 4209 2837 4266 di
2881 4211 3073 4266 Latino
3101 4210 3155 4265 in
3198 4211 3430 4284 volgare.
3461 4235 3488 4262 ι
3519 4215 3642 4271 Cat.

2031 4298 2168 4354 Bibl.
2197 4299 2454 4354 Casanat.

2751 4402 2908 4456 1663.

302 4477 545 4530 taliones
577 4473 762 4530 statim
819 4475 1134 4531 Collationcs
1183 4489 1310 4529 cum
1363 4472 1623 4529 Doctrina
1674 4473 1917 4546 Dionysii
1951 4479 2000 4542 D
2099 4491 2291 4552 paris,
2375 4490 2497 4545 ελσε
2557 4491 2774 4547 Charles
2857 4494 3135 4558 εαυνευως
3197 4495 3370 4550 “pse.
3438 4515 3466 4545 ,ι
3525 4498 3642 4554 Les

296 4564 496 4623 Carth.
529 4573 586 4620 et
612 4566 860 4636 Prosperi
904 4565 1042 4621 libro
1071 4564 1138 4621 de
1184 4563 1373 4621 Gratia
1413 4571 1736 4636 sequuntur.
1783 4568 1917 4621 Post

297 4674 438 4732 qua
465 4659 670 4717 inserta
697 4669 826 4717 sunt
851 4661 1118 4718 Caelestini
1137 4675 1300 4730 papae
1333 4674 1436 4730 pro
1460 4662 1718 4731 Prospero
1741 4665 1792 4716 et
1815 4663 1910 4717 Hi-

295 4753 473 4816 lario,
499 4754 570 4808 de
594 4755 788 4812 Gratia
826 4756 927 4810 Dei
962 4753 1186 4824 epistola
1211 4752 1286 4807 ad
1313 4753 1577 4822 quosdam
1610 4754 1916 4811 Galliarum

295 4850 579 4920 episcopos
593 4890 607 4910 ,
635 4847 764 4904 item
795 4848 1032 4904 Canones
1060 4846 1272 4902 concilii
1295 4846 1518 4902 secundi
1550 4848 1910 4912 Arausicani,

293 4944 414 4998 cita
445 4946 691 5012 tempora
732 4944 918 4998 Leonis
953 4957 1115 5012 papae
1138 4943 1312 5011 primi
1336 4940 1403 4996 de
1441 4941 1606 4996 libero
1641 4943 1910 5007 Arbitrio,

291 5043 432 5102 etc.,
453 5043 512 5090 et
534 5039 602 5092 D.
618 5036 870 5106 Prosperi
883 5035 1108 5106 epistola
1131 5035 1206 5089 ad
1229 5037 1619 5104 Augustinum.
1642 5038 1772 5093 Mox
1795 5052 1913 5094 ruro

289 5148 395 5192 sus
435 5143 568 5206 post
615 5133 846 5206 Cuychii
883 5139 939 5190 et
963 5133 1231 5191 Ciacconii
1272 5132 1680 5192 observationes
1716 5135 1914 5208 legitur

287 5234 634 5301 postremum
653 5229 980 5286 deCassiani
993 5229 1242 5285 doctrina
1258 5229 1716 5286 Annotamentum
1735 5245 1912 5286 emcero

287 5331 458 5398 mm
487 5324 778 5392 ea:_Didaci
792 5325 1026 5381 Alvarez
1039 5324 1178 5380 lib."1
1204 5325 1354 5394 Disp.
1383 5327 1436 5390 2,
1458 5326 1490 5392 ς
1514 5329 1568 5390 3,
1585 5323 1651 5379 de
1669 5325 1911 5380 Auxiliis

294 5421 504 5476 diem
528 5421 728 5491 gratiae
757 5423 809 5474 et
829 5419 1033 5474 vilibus
1063 5419 1224 5474 liberi
1243 5419 1483 5474 arbitrii.
1515 5420 1659 5474 Tum
1686 5418 1910 5476 demum

295 5511 417 5570 libri
457 5516 565 5570 VII
602 5513 675 5570 de
707 5511 1109 5580 lncarnatione,
1132 5511 1343 5584 Regula
1371 5512 1432 5572 S.
1461 5512 1758 5582 Pacbomii,
1791 5512 1914 5570 Flo-

295 5621 384 5664 res
409 5621 482 5664 ex
520 5608 783 5667 Cassiano
817 5622 988 5679 usque
1023 5607 1090 5664 ad
1120 5607 1334 5666 Indices
1365 5609 1690 5666 exhibentur
1724 5607 1908 5665 exclu-

290 5698 371 5756 sis
397 5700 471 5757 ab
489 5701 598 5759 hoc
619 5715 874 5774 corpore,
905 5715 1029 5772 quae
1059 5717 1122 5757 ex
1149 5701 1416 5759 contentis
1451 5700 1912 5774 primm'editionis

291 5792 351 5850 in
374 5794 487 5854 hoc
519 5811 669 5853 novo
698 5793 926 5853 elencho
954 5793 1174 5853 desunt.
1214 5797 1419 5853 Textus
1442 5810 1538 5869 per
1564 5795 1774 5868 singula
1811 5809 1902 5851 ca-

2025 4583 2389 4641 Conférences
2435 4584 2506 4641 de
2547 4585 2764 4641 Cassien
2818 4585 3086 4642 traduites
3132 4601 3201 4640 en
3248 4585 3488 4664 francois
3535 4603 3641 4660 par

2023 4681 2100 4734 De
2135 4679 2386 4748 Saligny.
2421 4701 2448 4728 ι
2482 4679 2602 4736 Cat.
2625 4679 2766 4736 Bibl.
2810 4683 2940 4750 Reg.
2983 4681 3161 4735 Paris.
3201 4673 3472 4738 Eamdetn
3505 4697 3634 4738 ver-

2023 4771 2234 4829 sionem
2271 4772 2341 4828 ab
2376 4771 2570 4830 eodem
2601 4771 2895 4844 bibliopola
2932 4789 2985 4829 a.
3022 4775 3237 4829 166511
3265 4774 3434 4830 tomis
3461 4774 3632 4830 emis-

2022 4881 2141 4923 sam
2169 4869 2287 4925 Cat.
2320 4869 2462 4925 Bibl.
2489 4869 2820 4931 Tellerianw,
2848 4882 2948 4924 nec
2969 4882 3085 4923 non
3100 4866 3262 4921 aliam
3295 4871 3452 4921 1682.
3485 4869 3633 4938 Lug-

2023 4960 2162 5016 duni
2182 4977 2271 5033 ap.
2300 4965 2381 5017 Jo.
2417 4961 2612 5019 Matth.
2639 4963 2942 5016 Mai-tinum
2970 4960 3023 5014 II
3057 4957 3244 5025 tomis,
3277 4959 3450 5016 θηται.
3485 4962 3633 5018 Bibl.

2019 5055 2281 5120 Casanat.
2327 5051 2570 5110 laudant.
2626 5053 2935 5108 Observant
2993 5049 3323 5108 Benedictini
3369 5052 3632 5112 Collatio-

2019 5163 2148 5204 nem
2177 5149 2311 5204 XIII
2358 5162 2390 5203 a
2427 5144 2744 5202 traductore
2784 5131 2941 5218 iustis
2985 5145 3055 5204 de
3106 5148 3290 5204 causis
3327 5162 3446 5205 esse
3485 5164 3632 5207 rese-

2021 5249 2191 5300 ctam.

2739 5342 2908 5394 1667.

2091 5433 2277 5496 Paris,
2336 5432 2459 5488 cher.
2517 5432 2608 5490 Ch.
2659 5433 2938 5498 Sauream;
3004 5433 3169 5487 iri-8°.
3227 5452 3253 5478 α
3302 5431 3409 5485 ω
3459 5427 3628 5484 lustio

2020 5523 2228 5581 tutions
2254 5523 2322 5582 de
2354 5525 2576 5583 Cassien
2601 5523 2870 5582 traduites
2905 5539 2971 5581 en
3005 5523 3246 5598 francois
3283 5535 3382 5593 par
3417 5524 3494 5578 De
3523 5522 3627 5578 Sa-

2023 5617 2195 5690 ligny.
2231 5641 2258 5668 ι»

2655 5701 2748 5750 ΠΙ.
2777 5697 2999 5748 Codices.

2095 5795 2195 5853 Hic
2219 5810 2314 5853 eos
2339 5794 2688 5854 solummodo
2738 5804 2932 5852 notare
2976 5794 3132 5860 licet,
3177 5801 3316 5862 quos
3357 5779 3624 5849 Cuychii»
