4052 6200
363 258 432 312 '23
1230 255 1323 309 AD
1360 253 1593 311 OPERA
1627 251 1910 309 JOANNIS
1944 251 2251 309 CASSIANI
2290 252 2823 311 PROLEGOMENA.
3614 262 3686 318 24

364 377 635 449 adhibuit,
661 377 859 451 quippe
903 376 997 449 qui
1041 392 1155 434 non
1195 379 1378 453 solum
1429 393 1543 434 non
1587 377 1689 433 sibi
1732 375 1813 432 fas
1855 388 1972 433 esse
1998 380 2052 444 Α
2080 379 2148 432 de
2160 395 2218 433 re
2237 381 2445 449 agitur,
2471 380 3408 449 quamammeantiquisecodicibus
3419 385 3684 441 etschedis

368 471 603 529 credidit
624 472 856 528 lectores
884 471 1084 540 celare,
1119 469 1211 527 ubi
1242 479 1297 528 et
1341 487 1450 543 quo
1484 471 1608 545 jure
1634 486 1664 525 a
1702 485 1762 526 se
1789 476 1972 527 textus
2073 471 2328 541 pendeat,
2353 474 2411 525 in
2435 473 2631 541 quibus
2651 488 2750 543 per
2771 487 2941 528 annos
2959 473 3087 543 plus
3098 474 3379 531 duodecim
3397 477 3685 547 diligentia

368 573 617 623 mutatus
654 566 745 635 sit,
795 566 942 638 quod
969 582 1082 622 nou
1112 566 1212 623 nisi
1253 564 1508 622 omnibus
1535 580 1669 622 mss.
1699 565 1965 636 exempla-
2080 581 2246 635 quam
2260 569 2505 621 maxima
2516 567 2735 622 assidue
2751 573 2998 623 versatus
3021 583 3141 623 sum
3155 575 3208 625 et
3226 575 3416 627 nactus
3440 589 3559 628 sum
3584 578 3685 631 Ta-

369 660 520 717 ribus
572 659 1034 716 consentientibus
1080 658 1225 724 fecit,
1270 658 1363 715 sed
1412 658 1574 714 etiam
1617 658 1762 714 ultro
1796 657 1971 713 varias
2082 660 2298 714 bularia
2314 675 2446 715 sane
2463 676 2629 730 quam
2648 661 2920 716 luculenta
2934 664 3109 732 iisque
3125 666 3467 733 potissimum
3485 668 3685 724 instru-

371 753 652 822 lectiones,
671 753 740 810 de
771 753 968 825 quibus
1001 754 1115 825 ipse
1141 759 1376 808 statuere
1405 767 1516 807 non
1553 751 1803 818 auderet,
1834 750 1969 807 alio-
2078 758 2165 808 cta
2190 757 2564 818 monumentis,
2590 756 2787 824 quibus
2816 758 3136 811 monasterii
3151 759 3207 814 S.
3239 761 3471 814 Victoris
3497 763 3686 817 Massi-

312 874 347 887 »ν
369 862 496 903 rum
522 845 714 919 judicii
758 845 1040 902 exercendi
1069 845 1240 917 gratia
1282 844 1553 916 apposuit.
1604 848 1742 902 Sunt
1786 853 1971 901 autem
2081 847 2261 901 liensis
2298 847 2520 918 ejusque
2544 848 2881 918 patriarcha
2924 852 2976 903 et
3017 850 3307 922 conditoris
3344 854 3400 908 S.
3441 853 3688 909 Cassiani

375 955 608 997 numero
644 956 771 1007 sea,
811 955 950 1011 quos
988 938 1293 995 describere
1331 947 1516 995 tamen
1551 954 1663 995 non
1698 939 1970 996 sustinuit.

374 1036 420 1089 Ι.
470 1032 651 1090 Codex
678 1034 1074 1101 Afﬂiginiensis
1102 1030 1331 1087 abbatis:
1359 1030 1413 1085 in
1442 1030 1750 1087 Brabantia.

374 1128 445 1183 II.
487 1125 671 1183 Codex
692 1125 1086 1182 canonicorum
1111 1125 1283 1199 regul.
1309 1126 1361 1181 in
1392 1126 1751 1183 Corsendonck
1768 1124 1822 1181 in
1844 1126 1974 1180 Bra-

445 1219 645 1277 bantia.

374 1315 477 1370 Ill.
519 1312 704 1370 Codex
745 1314 1127 1369 Bethlemitici
1158 1315 1474 1369 monasterii
1506 1311 1814 1369 canonicor.
1855 1326 1969 1383 reg.

447 1424 615 1480 prope
643 1406 971 1463 Lovanium.

376 1501 472 1557 IV.
511 1499 695 1556 Codex
726 1498 970 1555 canonic.
1006 1497 1180 1570 regul.
1246 1498 1299 1554 in
1354 1502 1521 1556 Busco
1570 1499 1787 1555 Domini
1822 1500 1975 1554 Isaac

448 1611 616 1668 prope
648 1595 931 1652 Nivellam.

380 1690 447 1744 V.
478 1688 661 1746 Codex
691 1690 1096 1745 Plantinianus.

2078 942 2245 995 initia
2272 941 2503 1010 ﬁdeliter
2526 944 2579 995 et
2600 943 2803 1010 copiose
2828 942 3097 1012 explicata
3126 950 3530 1002 conservantur.
3565 949 3687 1015 Qui-

2084 1034 2181 1088 bus
2202 1037 2331 1089 item
2348 1035 2603 1105 partibus
2629 1036 2703 1090 sit
2728 1038 2959 1105 auctior,
2981 1037 3144 1104 facile
3167 1044 3244 1094 est
3271 1042 3519 1110 colligere
3532 1046 3584 1096 et
3593 1042 3685 1111 ju-

2082 1129 2265 1183 dicare
2292 1145 2360 1184 ea:
2389 1132 2911 1195 commentariorum,
2933 1146 3067 1201 quos
3094 1134 3151 1185 in
3171 1133 3335 1188 lucem
3359 1135 3512 1190 edere
3531 1138 3686 1191 insti-

2082 1224 2304 1287 tuimus,
2331 1225 2641 1279 accessione.
2678 1226 2861 1279 Vitam
2889 1225 2946 1280 S.
2974 1225 3224 1281 Cassiani
3247 1232 3300 1281 et
3316 1243 3398 1282 res
3422 1231 3686 1298 prmelare

2083 1320 2260 1385 gestas
2277 1317 2372 1370 viz:
2383 1317 2454 1370 ab
2480 1318 2745 1371 historicis
2761 1318 3028 1372 veteribus
3051 1318 3319 1373 delibatos
3332 1324 3385 1373 et
3406 1322 3687 1391 majoriea:

2077 1413 2240 1478 parte
2261 1410 2544 1478 ignoratus
2572 1426 2641 1465 ea:
2668 1410 2784 1481 ejus
2808 1412 3024 1482 scriptis
3049 1412 3281 1481 ﬁdeliter
3308 1414 3550 1469 collectas
3570 1416 3690 1485 pri-

2083 1517 2168 1555 mo
2196 1506 2572 1559 commentario
2608 1506 2667 1558 in
2690 1505 2865 1559 multa
2892 1508 3075 1575 capita
3102 1506 3503 1576 descripsimus.
3552 1511 3686 1564 Tum

2083 1596 2315 1651 alterum
2330 1597 2454 1666 subj
2457 1600 2670 1661 coimus,
2686 1601 2744 1652 in
2762 1614 2868 1668 quo
2883 1602 3221 1670 apertissime
3235 1602 3366 1656 reda
3373 1604 3591 1670 rguitur
3604 1605 3687 1658 in-

2084 1690 2576 1745 consideratissima
2604 1692 2965 1761 quorumdam
2990 1696 3283 1758 temeritas,
3310 1710 3432 1764 quae
3445 1696 3553 1749 sibi
3563 1699 3689 1751 tan-

424 1782 680 1840 .Utinam
710 1797 838 1837 vero
865 1783 1169 1838 Ciaccom'us
1198 1794 1415 1852 quoque
1452 1786 1584 1844 octo,
1611 1795 1747 1852 quos
1775 1788 1976 1836 contu-
2006 1753 2054 1815 B
2088 1788 2203 1838 tum
2221 1784 2318 1853 jus
2347 1785 2598 1840 censendi
2611 1753 2669 1840 et
2694 1786 2992 1855 judicandi
3010 1787 3076 1841 de
3098 1753 3449 1858 antiquorum
3473 1791 3688 1859 scriptis

376 1877 499 1933 lisse
547 1876 825 1948 professus
879 1883 982 1940 est,
1044 1877 1335 1931 Vati-“canos
1373 1872 1586 1931 codices
1639 1873 1746 1931 hoc
1784 1873 1977 1932 saltem

376 1969 544 2027 modo
573 1968 882 2025 indicasset.

1126 2060 1222 2115 ιν».

444 2158 736 2211 Postremo
778 2154 903 2209 loco
932 2152 1092 2209 nobis
1132 2152 1653 2210 commemorandus
1690 2154 1794 2210 erit
1824 2154 1978 2222 liber,

375 2247 528 2319 cujus
568 2246 708 2303 seria
736 2245 956 2318 quidem
989 2243 1254 2317 professio
1292 2261 1353 2301 ea
1390 2245 1508 2313 fuit,
1557 2254 1619 2301 ut
1661 2246 1979 2302 Cassianum

376 2349 503 2413 post
542 2340 790 2396 omnium
822 2339 1166 2410 superiorum
1210 2338 1485 2395 editorum
1522 2338 1757 2405 labores,
1804 2356 1978 2395 corre-

377 2437 595 2490 ctiorem
613 2432 856 2502 tandem,
898 2434 1289 2504 locupletiorem
1326 2438 1378 2488 et
1407 2435 1698 2488 auctiorem
1729 2432 1977 2502 sisteret,

376 2527 473 2585 sed
501 2527 655 2599 cujus
685 2534 880 2583 auctor
919 2541 1259 2598 nequaquam
1284 2541 1428 2592 eam,
1457 2541 1622 2598 quam
1659 2526 1763 2582 sibi
1799 2541 1980 2597 spera-

379 2620 473 2677 bat
493 2620 723 2692 gratiam
751 2619 895 2692 apud
921 2618 1119 2676 doctos
1145 2619 1279 2675 iniit.
1309 2602 1401 2675 En.
1422 2618 1639 2675 titulum
1673 2639 1686 2675 :
1717 2622 1775 2677 S.
1815 2624 1978 2676 Joan-

378 2730 471 2769 nes
508 2715 799 2771 Cassianus
840 2714 1168 2777 illustratus,
1199 2716 1308 2768 sive
1339 2714 1689 2795 Chronologia
1734 2717 1873 2770 Vita:
1918 2715 1975 2770 S.

377 2810 599 2864 Joannis
630 2809 879 2865 Cassiani
902 2808 1136 2871 abbatis,
1158 2811 1210 2862 et
1238 2808 1554 2861 monasterii
1573 2808 1631 2862 S.
1663 2808 1889 2862 Victoris
1908 2807 1979 2861 ab

381 2906 561 2961 eodem
588 2906 845 2960 Massilia
881 2904 1102 2966 conditi,
1128 2904 1414 2973 primariae
1438 2904 1581 2955 inter
1618 2901 1979 2957 Occidentalia

382 3000 615 3056 ca-nobia
639 3000 1009 3068 antiquitatis,
1027 2999 1097 3052 ab
1109 3013 1252 3051 anno
1279 2998 1481 3053 Christi
1503 2997 1776 3061 CCCCXX.
1806 2997 1981 3066 Opera

2083 1880 2390 1947 usurpavit,
2419 1883 2483 1933 ut
2506 1895 2573 1933 ea:
2591 1881 2762 1949 ipsius
2787 1880 3036 1936 Cassiani
3047 1883 3275 1950 egregiis
3300 1882 3688 1936 lucubrationi-

2086 1969 2203 2032 bus,
2229 1976 2433 2040 prwter
2456 1988 2519 2025 ea
2543 1980 2665 2041 qua
2692 1973 2749 2029 S.
2780 1974 3011 2043 Prosper
3028 1974 3157 2043 jure
3184 1975 3385 2045 refellit
3410 1978 3460 2029 et
3488 1976 3689 2030 erroris

2088 2068 2352 2133 coarguit,
2400 2082 2657 2135 magnam
2678 2071 2893 2137 partem
2922 2082 3024 2137 pro
3063 2067 3285 2120 libidine
3319 2072 3417 2121 aut
3465 2068 3690 2135 indigne

2086 2160 2320 2211 resecari
2339 2160 2632 2223 voluerint,
2662 2165 2761 2214 aut
2782 2161 2928 2215 illius
2948 2202 2963 2223 ,
3004 2162 3189 2230 quales
3224 2176 3367 2214 nunc
3391 2165 3549 2222 sunt,
3580 2174 3689 2213 non

2088 2267 2197 2305 esse
2223 2253 2637 2308 reclamarerint
2657 2259 2822 2324 atque
2840 2256 2952 2309 suis
2978 2257 3215 2324 ipsorum
3235 2256 3475 2309 censuris
3502 2254 3686 2307 vanis-

2088 2361 2193 2415 que
2227 2351 2532 2401 commentis
2564 2350 2621 2399 in
2648 2350 2864 2415 inﬁmas
2897 2350 3088 2401 vilium
3134 2350 3458 2417 scriptorum
3497 2348 3689 2401 classes

2088 2441 2410 2508 redegerint.
2455 2441 2703 2495 Alterum
2745 2440 2812 2492 de
2857 2438 2972 2507 ejus
3017 2441 3193 2507 gloria
3236 2442 3683 2493 commentarium

2086 2548 2220 2587 noro
2240 2532 2474 2602 quodam
2499 2532 2653 2586 modo
2680 2531 2849 2586 veluti
2872 2513 3138 2586 summdm
3163 2531 3459 2600 quamdam
3483 2533 3682 2601 operis,

2089 2642 2270 2679 rerum
2309 2622 2708 2695 ternporumque
2732 2625 2920 2680 ordine
2948 2629 3187 2687 seruato,
3219 2628 3527 2679 contextum
3556 2627 3691 2703 calci

2090 2719 2253 2787 hujus
2277 2722 2410 2774 torni
2423 2723 2453 2775 Ι
2470 2723 2539 2787 (Β)
2560 2719 2874 2788 adjecimus,
2887 2724 2949 2774 ut
2954 2720 3250 2790 palamﬁat
3268 2721 3326 2772 in
3346 2735 3434 2773 ore
3454 2721 3692 2773 omnium

2088 2815 2310 2880 quantis
2345 2828 2465 2882 prce
2499 2814 2788 2867 sanctitate
2824 2816 2877 2867 et
2911 2812 3161 2866 doctrina
3192 2808 3371 2865 rirum
3401 2825 3693 2881 proseque-

2089 2909 2241 2959 retur
2267 2907 2555 2960 honoribus
2583 2922 2646 2961 ac
2679 2906 2877 2961 studiis
2913 2906 3169 2961 Ecclesia.
3209 2906 3486 2960 Voluimus
3528 2907 3693 2958 etiam

2087 3002 2381 3055 inusitatas
2400 3003 2516 3054 vias
2534 3000 2800 3069 indagare
2812 3042 2827 3063 ,
2842 3001 3001 3054 tritas
3020 3000 3324 3068 relinquere
3334 3001 3693 3068 interpretan-

378 3100 435 3147 et
468 3092 648 3146 studio
684 3093 747 3146 P.
790 3089 1015 3145 Joannis
1052 3088 1308 3161 Baptista:
1346 3090 1640 3145 Cons-su
1674 3087 1973 3160 Aquensis,
2010 3116 2060 3177 Ο
2088 3095 2151 3149 di
2173 3095 2289 3164 ejus
2318 3098 2611 3149 sententias
2639 3111 2707 3149 ea:
2739 3093 3122 3149 consuetudine
3145 3094 3377 3145 aliorum
3404 3096 3691 3147 Doctorum

378 3183 616 3256 theologi
654 3199 685 3240 e
712 3183 979 3241 Societate
1010 3186 1162 3240 Jesu.
1209 3184 1430 3241 Accedit
1465 3185 1729 3241 Elenchus
1767 3187 1977 3238 sancto.

381 3281 872 3349 rum,virorumque
880 3279 1174 3334 illustrium
1185 3283 1236 3334 et
1244 3280 1977 3347 abbatiarum,prioratuum,

380 3376 658 3438 cellarum,
705 3374 1043 3428 ecclesiarum
1090 3373 1161 3427 ab
1201 3372 1381 3429 eodem
1421 3374 1744 3447 monasterio
1785 3372 1982 3441 depen-

381 3469 642 3524 dentium.
669 3471 800 3523 Item
827 3467 1221 3523 Onomasticum
1246 3482 1427 3521 rerum
1452 3471 1503 3521 et
1522 3467 1805 3520 verborum
1828 3465 1980 3533 dif/i-

382 3564 625 3617 ciliorum
680 3565 737 3616 in
803 3562 1208 3618 Commentariis
1246 3561 1284 3617 S
1299 3602 1311 3614 .
1370 3561 1641 3616 Cassiani.
1700 3559 1976 3628 Lugduni,

383 3661 582 3727 sumpt.
612 3658 842 3713 Antonii
863 3656 1070 3713 Cellier.
1116 3660 1276 3718 1652,
1311 3656 1477 3709 in-4°.

452 3752 593 3806 Cave
617 3764 745 3805 vero
773 3765 843 3804 ne
866 3748 996 3819 quid
1022 3747 1197 3803 simile
1240 3747 1312 3802 illi
1340 3762 1520 3817 operae
1548 3746 1639 3802 hic
1666 3753 1977 3818 exspectes,

382 3858 549 3914 quam
571 3842 673 3899 sub
700 3842 888 3898 eadem
911 3841 1202 3915 epigrapbe
1231 3839 1534 3897 Chiiﬂetius
1569 3840 1785 3897 navavit
1810 3840 1981 3895 Pauli-

383 3952 456 3993 no
486 3936 716 3992 Nolano.
748 3936 959 3991 Scilicet
996 3950 1120 4007 qum
1155 3934 1225 3992 ad
1261 3934 1658 3991 Monasterium
1709 3941 1979 4005 spectant,

292 4080 317 4105 ,
384 4045 446 4087 ea
483 4029 702 4102 quidem
739 4028 868 4084 satis
906 4028 1043 4084 bene
1083 4044 1143 4085 se
1192 4027 1418 4093 habent,
1451 4037 1513 4084 ut
1551 4027 1623 4083 ab
1661 4035 1884 4082 auctore
1926 4026 1983 4082 in

383 4124 468 4180 bis
498 4124 659 4181 rebus
692 4123 996 4181 diutissime
1036 4131 1249 4180 versato
1282 4132 1339 4179 et
1382 4121 1729 4179 documentis
1760 4120 1984 4177 vetustis

383 4217 694 4274 abundante
720 4217 1017 4288 exspectari
1044 4225 1223 4289 potest
1239 4216 1337 4289 (α).
1368 4215 1475 4273 Sed
1497 4231 1623 4289 quae
1648 4215 1716 4272 de
1741 4213 1983 4272 Cassiani

385 4312 496 4367 vita
522 4310 756 4377 disserit,
784 4310 983 4382 ingenii
1019 4326 1079 4366 se
1105 4311 1285 4382 ipsum
1315 4311 1549 4367 ludentis
1576 4311 1831 4383 ﬁgmenta
1859 4316 1989 4365 sunt

386 4412 440 4461 et
466 4403 676 4461 dudum
700 4403 771 4457 ab
800 4402 1057 4459 omnibus
1085 4403 1327 4474 explosa.
1355 4404 1490 4472 Quae
1518 4418 1660 4457 nova
1683 4409 1865 4458 autem
1895 4417 1988 4456 su-

2087 3189 2145 3241 in
2171 3186 2532 3256 explanandis
2555 3188 2760 3240 caeteris
2796 3185 3072 3245 Patribus,
3102 3199 3195 3237 nec
3222 3184 3478 3236 metiendi
3500 3198 3591 3237 eas
3629 3189 3693 3239 ut

2089 3280 2315 3351 quidam
2342 3280 2547 3334 indocti
2571 3284 2670 3333 aut
2702 3278 3038 3347 longitudine
3064 3279 3163 3330 aut
3189 3278 3546 3330 contractione
3569 3292 3693 3332 ora-

2090 3377 2269 3437 tionis,
2305 3378 2404 3429 aut
2425 3374 2804 3443 ambiguitate,
2831 3376 2929 3425 aut
2955 3371 3261 3439 inﬂexione,
3308 3373 3408 3423 aut
3439 3372 3692 3425 immuta-

2089 3472 2230 3526 tione
2260 3469 2559 3522 verborum.
2593 3467 2818 3522 Constat
2847 3479 2988 3536 opus
3017 3463 3224 3518 duobus
3254 3462 3432 3525 libris,
3457 3477 3693 3534 quorum

2083 3565 2296 3633 primus
2347 3560 2616 3631 capitibus
2650 3561 2833 3615 LXIV
2871 3560 3127 3628 Efﬁgiem
3170 3562 3226 3616 S.
3275 3559 3539 3621 Cassiani,
3578 3557 3692 3614 sive

2089 3657 2272 3712 Ideam
2295 3657 2433 3711 Vitae
2446 3656 2726 3723 Religiosa:
2744 3653 3019 3725 proponit,
3042 3656 3183 3709 alter
3205 3654 3274 3711 de
3297 3655 3479 3712 Gloria
3488 3658 3548 3708 et
3563 3655 3697 3708 Bea-

2089 3752 2322 3806 titudine
2349 3749 2592 3821 ejusdem
2612 3749 2814 3804 XXIX
2838 3747 3108 3820 capitibus
3132 3748 3262 3821 agit.
3293 3752 3476 3820 Atque
3498 3746 3582 3802 bis
3610 3727 3694 3802 iu1

2090 3844 2474 3916 scriptionibus
2526 3843 2790 3899 librorum
2836 3842 2967 3898 satis
3025 3851 3269 3899 mentem
3314 3858 3473 3899 suam
3511 3840 3696 3898 decla-

2090 3952 2239 3992 rasse
2267 3936 2432 3992 videri
2478 3943 2669 3991 auctor
2697 3934 2884 4006 possit.
2915 3935 3052 4004 Quae
3087 3934 3230 4008 frugi
3268 3935 3323 3991 in
3350 3935 3413 3990 iis
3449 3943 3605 4002 sunt,
3633 3949 3698 3990 ea

2090 4028 2265 4086 ferme
2301 4028 2648 4085 continentur
2680 4028 2737 4084 in
2782 4035 2906 4084 octo
2932 4028 3341 4100 [posterioribus
3386 4027 3501 4083 libri
3536 4027 3699 4098 primi

2092 4122 2379 4195 capitibus,
2413 4137 2651 4194 quorum
2673 4121 2860 4177 titulos
2910 4120 2995 4177 hic
3034 4136 3388 4194 apponamus.
3430 4119 3701 4175 Videlicet

2093 4224 2257 4287 caput
2280 4222 2346 4270 57
2378 4215 2686 4271 inscribitur
2716 4219 2791 4271 De
2810 4216 3061 4272 Cassiani
3073 4217 3304 4285 scriptis.
3335 4216 3478 4272 Vera
3502 4217 3552 4268 et
3566 4214 3699 4282 legi-

2095 4313 2229 4365 tima
2250 4312 2499 4367 Cassiani
2517 4325 2679 4379 opera
2703 4325 2824 4378 qua:
2845 4312 3099 4365 exstant?
3120 4311 3297 4381 Caput
3324 4313 3394 4363 58
3418 4326 3429 4361 :
3451 4308 3580 4374 Qum
3603 4306 3703 4361 du-

2102 4404 2190 4457 bia
2218 4407 2268 4457 et
2296 4404 2523 4472 spuria?
2549 4403 2724 4473 Caput
2744 4405 2814 4456 59
2846 4419 2858 4455 :
2907 4403 3019 4469 Quo
3049 4403 3184 4468 loco,
3225 4405 3456 4469 tempore
3482 4402 3535 4452 et
3555 4397 3697 4452 idio-

390 4512 485 4569 per
531 4496 766 4554 Cassiani
811 4495 1057 4552 doctrina
1121 4494 1363 4551 attulerit
1384 4536 1401 4563 ,
1453 4494 1659 4566 optime
1715 4509 1778 4548 ex
1820 4493 1988 4564 ipsius
2015 4489 2066 4552 D
2099 4500 2244 4551 mate
2270 4497 2585 4566 scripserit?
2614 4496 2790 4566 Caput
2815 4499 2885 4550 60
2923 4510 2937 4547 :
2972 4496 3287 4551 Illustratur
3304 4493 3574 4560 Religiosa
3610 4489 3699 4545 di-

390 4590 567 4648 verbis
601 4590 884 4663 intelliges.
928 4592 1154 4657 Fatetur
1183 4588 1518 4657 Guesnaius,
1556 4602 1780 4659 operam
1816 4586 1990 4643 edito-

386 4701 516 4742 rum
553 4684 794 4742 Cassiani
832 4699 941 4740 non
972 4682 1211 4751 laudare,
1236 4681 1403 4738 animi
1441 4697 1560 4738 esse
1588 4680 1783 4753 ingrati
1814 4698 1829 4735 :
1855 4686 1991 4737 atta-

386 4793 514 4836 men
563 4777 814 4835 nondum
847 4777 917 4832 ita
956 4775 1201 4849 dignitati
1257 4775 1413 4832 illum
1466 4790 1584 4833 esse
1648 4775 1988 4844 restitutum,

384 4874 515 4946 quin
538 4889 608 4930 ne
645 4872 818 4946 perire
845 4870 1067 4945 quidem
1108 4869 1268 4928 tacite
1297 4869 1635 4942 obscureque
1661 4868 1815 4942 plura
1847 4869 1903 4924 in
1925 4884 1990 4925 eo

388 4983 583 5040 genere
633 4967 1045 5037 concederetur,
1102 4973 1159 5023 et
1194 4965 1331 5023 alios
1387 4974 1648 5038 praeterea
1697 4964 1887 5021 oculos
1935 4972 1993 5020 et

389 5073 587 5115 manus
630 5060 943 5129 postularet.
982 5062 1142 5116 Nunc
1178 5074 1309 5133 ergo
1338 5075 1555 5132 sperare
1599 5074 1658 5115 se
1703 5057 1994 5115 correctio-

389 5167 506 5217 rem
544 5153 719 5209 multo
741 5193 756 5221 ,
799 5153 1210 5224 locupletiorem
1265 5163 1320 5210 et
1354 5154 1655 5211 auctiorem
1694 5169 1858 5225 quam
1907 5168 1995 5209 us-

391 5246 538 5319 piam
575 5254 735 5302 antea
762 5262 888 5302 eum
922 5246 1288 5319 proditurum.
1330 5250 1470 5304 Nam
1508 5248 1568 5301 id
1603 5248 1787 5302 videor
1807 5263 1990 5319 posse,

391 5337 583 5411 inquit,
611 5342 667 5394 in
690 5341 773 5395 his
797 5343 1165 5397 controversiis
1188 5341 1339 5396 haud
1358 5345 1551 5396 temere
1570 5343 1837 5411 proﬁteri,
1857 5343 1994 5395 satis

392 5449 476 5488 me
485 5434 735 5489 idoneum
744 5437 948 5489 censeri
956 5440 1139 5490 testem
1149 5436 1358 5500 debere,
1380 5452 1715 5507 quamquam
1724 5436 1790 5489 de
1806 5440 1993 5491 caetero

392 5530 711 5585 tenuitatem
718 5544 891 5585 meam
901 5546 1073 5601 neque
1082 5533 1292 5601 ignoro,
1308 5546 1480 5601 neque
1488 5532 1715 5600 inﬁcior,
1737 5531 1995 5601 quoniam

462 5743 538 5817 (ᾳ)
565 5738 720 5817 Idem
748 5740 911 5817 paulo
937 5747 1061 5817 post
1082 5749 1276 5817 auctor
1304 5743 1474 5800 lactus
1497 5749 1581 5800 est
1609 5743 1813 5816 Operis,
1840 5742 1991 5817 quod

394 5809 616 5869 titulum
638 5808 767 5870 fert'
784 5808 1030 5870 Massilia
1078 5814 1303 5872 Gentilis
1338 5820 1390 5872 et
1417 5817 1607 5882 Sacra,
1648 5808 1707 5873 et
1735 5808 1996 5887 Lugduni

2098 4591 2328 4662 sciplina
2366 4589 2670 4644 eorumdem
2690 4589 2973 4660 praeclaris
3000 4587 3432 4645 Institutionibus
3447 4590 3500 4640 et
3518 4599 3701 4639 exem-

2093 4687 2224 4755 plis,
2245 4689 2296 4740 et
2321 4686 2552 4739 multum
2570 4687 2747 4755 pietas
2769 4685 2988 4755 publica
3001 4686 3364 4754 promovetur.
3390 4680 3569 4752 Caput
3590 4683 3655 4736 61
3685 4699 3704 4737 ι

2102 4779 2417 4835 Collationes
2439 4778 2731 4848 publicatae
2756 4779 3015 4834 Massilia:
3048 4780 3289 4848 primum
3314 4780 3428 4831 tum
3457 4776 3595 4830 alibi
3611 4775 3707 4830 di-

2100 4874 2267 4927 versis
2297 4873 2621 4942 temporibus
2638 4875 2880 4941 ingentes
2906 4874 3146 4927 excitant
3172 4873 3477 4925 animorum
3506 4874 3707 4925 motus.

2100 4966 2277 5037 Caput
2296 4970 2365 5020 62
2400 4967 2526 5021 :An
2550 4967 2640 5021 ille
2668 4965 2809 5020 idem
2834 4967 2935 5036 qui
2951 4981 2987 5018 a
3013 4980 3109 5020 suo
3137 4966 3288 5032 fonte
3313 4967 3479 5034 fluxit
3503 4964 3714 5021 Cassia-

2099 5077 2223 5125 nus,
2254 5061 2512 5116 doctrina:
2551 5064 2762 5131 integer
2801 5077 2865 5116 ac
2892 5063 3074 5117 liturae
3097 5075 3273 5131 purus
3310 5060 3386 5114 ad
3412 5075 3508 5115 nos
3535 5073 3713 5129 usque

2096 5158 2442 5227 pervenerit?
2469 5154 2630 5223 Quod
2664 5163 2850 5211 contra
2891 5153 3187 5210 Baronium
3220 5152 3500 5209 asseritur.
3533 5154 3720 5224 Caput

2103 5254 2171 5304 63
2195 5268 2207 5303 :
2237 5250 2327 5304 An
2351 5250 2561 5318 aliquos
2586 5249 2838 5303 habuerit
2863 5249 3154 5305 Cassianus
3175 5248 3444 5302 benevolos
3468 5262 3532 5301 ac
3558 5246 3718 5301 beni-

2104 5356 2235 5411 gnos
2262 5344 2578 5413 interpretes
2602 5358 2665 5397 ac
2686 5342 3012 5412 defensores.
3029 5340 3142 5399 Ubi
3165 5342 3328 5414 longa
3346 5340 3512 5397 series
3538 5338 3725 5395 Theo-

2102 5435 2355 5507 logorum
2399 5444 2733 5507 recensetur,
2784 5451 2908 5510 quae
2960 5435 3141 5494 minus
3182 5443 3339 5492 caute
3384 5450 3416 5490 a
3446 5431 3720 5491 Cassiano

2098 5529 2380 5586 enuntiata
2417 5530 2474 5586 in
2516 5529 2802 5587 meliorem
2840 5539 3053 5603 partem
3110 5525 3452 5603 interpretari
3515 5529 3697 5582 conat.

2100 5740 2245 5817 apud
2273 5741 2529 5802 eumdem
2554 5742 2907 5822 bibliopolam
2944 5743 3163 5819 prodiit,
3180 5736 3357 5813 ¹1657,
3382 5740 3574 5809 in-fol.
