4052 6200
309 178 370 230 25
1435 173 1804 230 PREFATIO
1844 174 2122 231 HENRICI
2157 175 2453 232 CUYCHll.
3535 187 3604 239 26

306 309 450 370 sunt,
492 299 646 371 cujus
683 298 905 372 quidem
961 300 1420 372 interpretationis
1462 302 1887 359 Fraternitatem
1917 308 1970 369 Α
2000 303 2122 370 bu,
2149 303 2244 375 qui
2273 319 2383 360 non
2403 303 2604 377 ubique.
2623 305 2941 363 Cassianum
2968 306 3274 364 orthodoxa
3301 323 3488 380 sapere
3521 308 3601 366 fa-

305 399 423 454 Jesu
465 395 532 451 ab
581 397 730 452 omni
772 405 1020 472 tempore
1069 406 1358 469 patronam
1419 413 1538 456 sese
1579 399 1891 456 exhibuisse
2000 403 2242 464 teantur,
2264 397 2518 455 intendit:
2540 401 2976 464 Ratimtabz‘h’ter,
3006 401 3200 473 inquit,
3229 403 3478 458 debemus
3502 406 3602 461 Ca-

304 496 522 545 constat.
554 490 730 560 Caput
751 495 820 545 64
852 509 865 542 :
892 495 1096 547 Errare
1116 495 1362 548 Doctores
1392 493 1655 549 Catholici
1663 497 1893 563 possunt
1999 493 2316 546 tholico-rum
2342 494 2487 548 dicta
2509 497 2566 548 in
2597 496 2958 564 benigniorem
2971 501 3188 566 partem
3225 513 3390 568 quam
3405 513 3596 568 possu-

301 585 432 636 citra
452 583 662 636 Mresis
683 584 878 638 labem.
907 588 1080 654 Atque
1102 583 1190 640 hic
1215 583 1336 640 linis
1349 593 1433 641 est
1455 585 1626 641 totius
1647 586 1765 658 ejus
1788 585 1891 642 dis-
1999 601 2117 639 mus
2142 588 2521 657 interpretari;
2561 590 2929 645 haereticorum
2969 605 3094 645 vero
3126 591 3389 645 ivi-odium
3418 607 3600 646 eorum

301 674 583 746 putationis
608 685 665 732 et
687 676 844 745 dicae,
871 693 1029 749 quam
1051 678 1111 734 in
1137 679 1316 735 verbis
1332 694 1497 752 supra
1522 679 1699 736 allatis
1715 679 1890 736 omni-
1993 684 2295 751 perfectum
2313 684 2486 753 juxta
2517 689 2753 756 ipsorum
2791 689 3032 743 haeresim
3060 691 3346 746 cestimare.

302 840 3598 868 ——-—-——_———___________________________

878 943 1494 1020 PRfEFATIO
1561 945 1654 1020 Β.
1736 947 1834 1022 D.
1912 946 2406 1026 HENRICI
2473 950 3004 1028 CUYCHII.

1729 1131 2151 1149 Ἦ

354 1244 482 1298 Non
519 1249 602 1298 est
649 1242 790 1314 apud
829 1257 914 1298 me
961 1241 1221 1313 dubium,
1250 1243 1512 1300 benevole
1555 1254 1611 1301 et
1658 1246 1886 1304 candide

285 1333 480 1402 lector,
508 1335 634 1406 quin
663 1335 901 1390 studium
919 1334 1022 1390 hoc
1044 1343 1098 1391 et
1117 1335 1270 1392 labor
1289 1351 1454 1408 quem
1485 1338 1541 1393 in
1571 1341 1637 1394 ι).
1671 1342 1885 1396 Joanne

283 1428 539 1483 Cassiano
574 1427 929 1495 illustrando,
973 1437 1028 1484 et
1067 1438 1311 1486 veterum
1363 1431 1612 1488 codicum
1651 1434 1886 1489 auctori-

280 1528 386 1577 tate
427 1521 502 1576 ab
547 1521 844 1578 innumeris
892 1523 1132 1592 mendis,
1170 1540 1293 1594 qua:
1323 1525 1404 1580 vel
1450 1525 1779 1598 scriptorum
1822 1543 1886 1583 ac

284 1614 750 1687 typographorum
787 1617 1024 1685 incuria,
1050 1618 1134 1674 vel
1174 1619 1305 1674 alias
1330 1619 1400 1674 ob
1434 1634 1624 1676 causas
1657 1621 1886 1692 irrepse-

281 1715 422 1774 rant,
473 1709 819 1780 repurgando
855 1701 1410 1788 recOgnoscendoque’
1444 1713 1836 1769 exantlavimus
1866 1731 1878 1768 :
1913 1683 1960 1744 Β

276 1802 411 1874 apud
439 1804 787 1875 compluris,
810 1804 900 1876 qui
932 1807 1225 1862 Auctorem
1251 1805 1398 1862 hurc
1428 1815 1678 1862 nostrum
1713 1808 1886 1864 haere-

277 1897 392 1952 tica:
417 1896 562 1952 labis
591 1897 929 1968 insimulant,
961 1899 1375 1971 improbabitur.
1406 1903 1544 1956 Nam
1559 1910 1616 1956 et
1638 1902 1888 1958 Gelasius

278 1989 521 2061 pontifex
573 1989 700 2046 dist.
746 1993 889 2057 XV,
940 2009 1059 2064 cap.
1107 1996 1308 2050 Sancta
1365 1998 1609 2051 Romana
1657 1995 1888 2051 Joannis

275 2084 517 2140 Cassiani
538 2085 799 2155 opuscula
824 2087 962 2142 inter
978 2087 1288 2160 apocrypha
1299 2097 1578 2144 numerat.
1607 2090 1680 2143 Et
1698 2089 1888 2144 beatus

278 2177 512 2251 Prosper
548 2189 742 2234 contra
787 2181 1006 2236 tertiam
1039 2182 1310 2237 decimam
1335 2182 1729 2249 Collationem,
1763 2199 1887 2255 qua:

276 2273 577 2344 Pelagiana:
602 2273 879 2328 hmreseos
907 2273 1147 2345 reliquiis
1186 2289 1324 2345 pene
1352 2282 1466 2329 tota
1499 2290 1739 2345 respersa
1771 2284 1884 2345 est,

277 2369 518 2426 libellum
545 2369 734 2438 edidit,
763 2371 849 2426 cui
890 2370 1111 2426 titulum
1146 2371 1444 2442 inscripsit,
1474 2381 1661 2428 contra
1697 2374 1883 2430 Colla-

272 2471 467 2520 torem.
524 2465 730 2520 Verum
784 2463 925 2519 sicut
966 2465 1147 2535 negari
1204 2479 1312 2519 non
1357 2473 1538 2536 potest
1569 2465 1882 2522 obscuriora

271 2555 486 2628 aliquot
519 2556 667 2623 loca,
710 2566 764 2613 et
802 2573 1036 2625 errores,
1075 2565 1185 2613 tam
1229 2558 1284 2613 in
1320 2559 1420 2613 ista
1455 2559 1609 2615 tertia
1651 2560 1884 2631 decima,

270 2666 426 2722 quam
479 2650 536 2704 in
571 2651 838 2723 plerisque
861 2651 977 2706 aliis
1004 2651 1401 2708 Collationibus
1431 2653 1655 2709 inveniri
1703 2675 1715 2710 :
1747 2669 1887 2725 quos

271 2759 368 2799 nos
404 2743 484 2800 ad
514 2745 716 2800 calcem
749 2745 919 2800 totius
958 2745 1136 2816 operis
1164 2747 1568 2816 annotavimus,
1599 2756 1653 2803 et
1680 2763 1748 2803 ne
1786 2749 1886 2804 im-

273 2837 519 2907 prudens
565 2839 736 2894 lector
780 2838 834 2893 in
884 2855 980 2894 eos
1007 2839 1359 2912 impingeret,
1387 2842 1665 2897 censorias
1691 2851 1880 2912 notas,

272 2944 333 2984 ac
362 2931 531 2986 veluti
560 2931 803 2986 antidota
847 2939 900 2987 et
935 2933 1172 2987 amuleta
1217 2933 1471 3004 quaedam
1508 2934 1837 3005 subjecimus
1870 2956 1882 2990 :

2001 1265 2088 1305 ma
2117 1250 2448 1321 Collatione,
2480 1253 2619 1309 sicut
2647 1269 2677 1308 a
2715 1257 2776 1309 B.
2811 1257 3080 1326 Prospero
3105 1253 3456 1311 observatum
3486 1264 3596 1322 est,

1995 1345 2088 1400 sed
2126 1345 2178 1400 in
2208 1346 2326 1401 aliis
2366 1347 2528 1402 etiam
2553 1347 2782 1404 subinde
2825 1348 2948 1404 licet
2993 1347 3414 1419 deprehendere.
3458 1351 3599 1404 Nam

1997 1439 2315 1496 Collationis
2356 1442 2530 1498 tertiae
2563 1459 2678 1512 cap.
2713 1441 2924 1498 decimo
2954 1442 3297 1514 Paphnutius
3323 1443 3492 1498 abbas
3525 1443 3596 1498 ita

1994 1534 2234 1606 loquitur
2267 1555 2280 1589 :
2325 1541 2425 1594 Per
2461 1538 2609 1611 quod
2645 1537 2934 1594 manifeste
2976 1538 3260 1610 probatur,
3307 1547 3359 1593 et
3388 1538 3598 1593 initium

1995 1637 2198 1685 nostrae
2229 1631 2420 1686 salutis
2464 1632 2686 1687 Domini
2716 1633 3000 1688 vocatione
3035 1632 3171 1704 fieri,
3209 1633 3458 1698 dicentis,
3489 1636 3600 1688 Emi

1994 1722 2060 1775 de
2109 1727 2254 1778 terra
2293 1729 2387 1778 tua
2423 1745 2438 1779 :
2476 1733 2531 1780 et
2557 1727 3089 1783 consummationem
3135 1725 3478 1798 perfectionis
3533 1740 3596 1781 ac

1993 1813 2239 1883 puritatis
2299 1816 2370 1868 ab
2415 1817 2608 1870 eodem
2661 1818 2906 1873 similiter
2939 1818 3136 1885 tribui,
3168 1833 3293 1873 cum
3340 1817 3598 1884 dicit,'Et

1992 1909 2118 1961 veni
2153 1909 2208 1960 in
2241 1911 2442 1961 ter-ram
2473 1923 2636 1977 quam
2673 1914 3039 1962 monstravere
3083 1912 3184 1962 tibi
3208 1929 3222 1962 :
3255 1910 3309 1963 id
3353 1918 3453 1978 est,
3487 1926 3597 1964 non

1994 2007 2165 2063 quam
2189 2000 2245 2046 tu
2271 2008 2332 2046 ex
2358 1993 2644 2062 temetipso
2671 2008 2850 2060 nosse,
2878 1993 2957 2048 vel
2984 1993 3246 2049 industria
3278 2001 3374 2048 tua
3399 1994 3599 2064 poteris

1995 2083 2272 2153 reperire;
2302 2083 2397 2140 sed
2441 2099 2605 2156 quam
2645 2100 2744 2158 ego
2794 2085 2892 2140 tibi
2923 2081 3032 2140 non
3079 2084 3259 2141 solum
3299 2085 3596 2157 ignoranti,

1995 2176 2088 2232 sed
2118 2177 2284 2232 etiam
2318 2193 2427 2232 non
2470 2178 2756 2248 inquirenti
2783 2185 3177 2235 monstravero.
3210 2182 3280 2235 Et
3302 2195 3420 2250 cap.
3457 2185 3522 2234 12
3575 2198 3588 2233 :

1991 2269 2188 2325 Nullus
2225 2269 2506 2340 justorum
2545 2270 2649 2326 sibi
2691 2270 2896 2328 sufﬁcit
2936 2270 3005 2326 ad
3047 2271 3402 2345 obtinendam
3443 2271 3597 2342 justi-

1992 2363 2144 2432 tiam,
2185 2363 2290 2419 nisi
2345 2381 2441 2436 per
2465 2374 2745 2422 momenta
2791 2366 3002 2438 singula
3032 2367 3284 2423 titubanti
3317 2365 3494 2422 eidem
3538 2377 3594 2423 et

1992 2455 2265 2510 corruenti
2303 2454 2617 2513 fulcimenta
2663 2475 2854 2514 manus
2893 2475 3007 2515 suae
3035 2460 3378 2531 supposuerit
3408 2459 3592 2515 divina

1991 2547 2295 2604 clementia.
2335 2551 2543 2619 Quibus
2587 2552 2712 2608 licet
2756 2553 2986 2626 adjicere
3031 2569 3092 2610 ea
3137 2569 3259 2626 qua:
3307 2555 3363 2608 in
3408 2568 3595 2608 conse-

1993 2643 2284 2712 quentibus
2312 2643 2520 2714 aliquot
2563 2644 2702 2701 illius
2739 2647 3058 2703 Collationis
3095 2648 3362 2718 capitibus
3390 2647 3594 2702 haben-

1993 2742 2124 2789 tur:
2156 2744 2212 2790 et
2237 2751 2360 2805 quae
2401 2736 2564 2792 habet
2596 2738 2766 2794 abbas
2793 2741 2984 2796 Daniel
3023 2741 3220 2798 Collat.
3261 2747 3293 2796 5
3333 2758 3450 2812 cap.
3495 2747 3592 2810 15,

1995 2834 2046 2880 et
2073 2825 2242 2881 abbas
2265 2828 2499 2884 Serenus
2539 2828 2738 2888 Collat.
2776 2839 2806 2885 7
2844 2848 2962 2903 cap.
3005 2839 3096 2888 20.
3142 2835 3276 2902 Quae
3315 2835 3498 2889 omnia
3543 2841 3596 2889 et

1995 2919 2077 2976 his
2125 2921 2320 2978 similia
2359 2923 2474 2978 loca
2518 2925 2819 2996 complura,
2851 2941 2976 2981 cum
3007 2941 3070 2980 ex
3105 2927 3373 2981 diametro
3399 2927 3595 2982 adver~

270 3019 340 3076 ita
371 3030 691 3078 consumth
710 3024 1075 3094 animum”,
1093 3025 1194 3081 hos
1211 3043 1318 3082 non
1343 3035 1454 3083 tam
1477 3028 1572 3099 ipsi
1595 3029 1877 3097 Cassiano,
1925 3041 1970 3104 ρ
1997 3022 2184 3070 sentur
2214 3015 2278 3070 iis
2303 3031 2429 3087 quae
2456 3017 2509 3071 in
2539 3018 2698 3074 tertia
2727 3017 2941 3074 decima
2969 3019 3268 3075 Collatione
3305 3019 3373 3075 de
3398 3018 3594 3076 Christi

269 3131 440 3186 quam
493 3117 878 3187 Collatoribus,
954 3136 1094 3191 quos
1158 3121 1246 3176 ille
1291 3121 1363 3176 ita
1418 3123 1667 3194 Opinatos
1720 3122 1888 3180 fuisse

267 3211 490 3277 scribit,
541 3209 890 3280 imputandos
950 3227 1088 3267 esse.
1139 3215 1282 3267 Nam
1321 3213 1427 3269 hoc
1467 3215 1522 3268 in
1551 3216 1740 3285 primis
1774 3216 1886 3288 ipsa

267 3301 397 3371 ejus
430 3300 701 3370 praelatio,
739 3318 863 3372 qua:
899 3303 1292 3358 Collationibus
1337 3306 1702 3374 praemittitur,
1736 3324 1889 3364 coar-

265 3393 390 3465 guit
419 3413 431 3448 :
459 3394 513 3447 in
543 3409 646 3464 qua
667 3409 724 3449 se
750 3411 858 3450 non
884 3410 1001 3462 sua,
1031 3395 1124 3450 sed
1145 3397 1242 3452 SS.
1273 3400 1490 3453 Patrum
1517 3408 1570 3454 et
1589 3400 1887 3457 anachore-

267 3493 462 3541 tarum
514 3485 760 3540 instituta
821 3484 963 3542 fideli
1033 3502 1284 3544 sermone
1330 3499 1680 3547 narraturum
1739 3493 1888 3563 polli-

269 3587 450 3635 cetur.
475 3581 552 3634 Ea
574 3588 792 3650 propter
817 3579 1134 3637 Collationis
1150 3582 1420 3655 vigesima!
1443 3583 1618 3656 capite
1645 3585 1882 3657 decimo,

267 3681 624 3746 posteaquam
651 3683 1145 3732 commemorasset
1161 3676 1228 3732 de
1245 3677 1469 3734 Theona
1489 3678 1710 3746 abbate,
1737 3681 1882 3751 quod

267 3766 505 3822 divortio
534 3767 601 3821 ab
633 3783 800 3823 uxore
820 3767 983 3824 factio
1011 3767 1081 3824 ad
1100 3769 1538 3826 anachoreticam
1573 3773 1738 3828 vitam
1766 3789 1886 3830 sese

267 3861 608 3930 traduxerat,
651 3863 724 3918 ita
753 3863 982 3934 subjecit
1023 3882 1036 3919 :
1068 3866 1113 3918 A
1145 3863 1347 3920 lectore
1376 3865 1482 3920 hoc
1511 3866 1750 3936 primum
1784 3867 1884 3923 de-

271 3969 475 4026 posco,
503 3963 565 4010 ut
613 3957 725 4010 sive
769 3955 875 4011 hoc
920 3956 968 4011 ei
1006 3956 1252 4026 placeat,
1289 3959 1399 4013 sive
1445 3959 1756 4029 displiceat,
1796 3977 1885 4016 me

269 4061 497 4119 quoquo
539 4046 707 4100 modo
742 4060 773 4100 a
797 4046 1068 4100 calumnia
1096 4047 1334 4100 alienum
1362 4063 1482 4101 esse
1504 4050 1804 4105 concedens
1833 4052 1886 4106 in

271 4153 362 4196 suo
405 4140 525 4194 hoc
569 4137 737 4203 facto,
795 4147 889 4193 aut
935 4136 1136 4205 laudet,
1165 4146 1276 4194 aut
1317 4139 1683 4210 reprehendat
1709 4151 1888 4198 aucto-

272 4249 402 4290 rem.
438 4235 566 4303 Ego
595 4241 782 4288 autem
823 4232 915 4304 qui
940 4249 1051 4288 non
1080 4247 1260 4288 meam
1287 4249 1453 4306 super
1477 4233 1575 4288 hac
1594 4251 1652 4291 re
1675 4242 1889 4291 senten-

271 4329 399 4384 tiam
431 4327 708 4400 prompsi,
727 4327 822 4383 sed
847 4327 920 4382 rei
949 4337 1118 4398 gestae
1147 4327 1430 4384 historiam
1452 4329 1682 4401 simplici
1705 4345 1886 4386 narra-

1995 3107 2167 3179 gratia
2203 3108 2528 3165 Chaeremon
2559 3111 2741 3167 Abbas
2755 3113 2983 3168 sensisse
3013 3111 3286 3180 scribitur,
3319 3128 3430 3167 non
3463 3128 3594 3183 pos-

1995 3216 2116 3257 sum
2141 3201 2195 3257 in
2213 3203 2456 3259 animum
2481 3220 2666 3260 meum
2684 3205 2939 3262 inducere
2962 3208 3228 3262 Joannem
3255 3208 3593 3274 Cassianum,

1995 3295 2110 3367 qui,
2141 3297 2282 3352 sicut
2308 3297 2424 3352 libri
2456 3297 2523 3354 de
2553 3297 2748 3354 Christi
2775 3300 3153 3356 Incarnatione
3191 3300 3261 3356 ab
3293 3301 3383 3355 illo
3412 3300 3596 3371 scripti

1994 3398 2284 3457 testantur,
2302 3401 2355 3446 et
2373 3393 2424 3446 in
2448 3392 2797 3448 confutandis
2820 3394 3198 3450 hmreticorum
3217 3395 3598 3466 opinionibus,

1995 3491 2048 3538 et
2078 3484 2133 3538 in
2178 3485 2511 3541 stabiliendis
2565 3495 2619 3542 et
2656 3487 3049 3544 confirmandis
3104 3487 3330 3555 nostris,
3380 3503 3595 3543 summa

1993 3576 2188 3650 ingenii
2221 3579 2540 3636 dexteritate
2594 3581 2850 3652 pollebat,
2887 3582 3084 3637 horum
3119 3581 3398 3637 sententiis
3435 3581 3597 3637 etiam

1995 3670 2134 3727 inter
2181 3687 2258 3728 se-
2285 3674 2648 3745 pugnantibus
2706 3690 2769 3730 ac
2817 3674 3206 3731 dissidentibus
3243 3675 3597 3746 astipulatum

1993 3762 2180 3821 fuisse.
2215 3767 2475 3839 Exiguam
2493 3768 2634 3822 enim
2659 3766 2958 3824 admodum
2979 3767 3419 3840 rectejudicandi
3442 3766 3601 3822 facul-

1994 3865 2164 3917 tatem
2192 3859 2490 3929 habuisset,
2517 3862 2560 3917 si
2586 3861 2725 3917 hanc
2752 3862 3073 3933 opinionum
3101 3861 3451 3934 pugnantiam
3476 3875 3599 3931 qua:

1995 3950 2051 4006 in
2101 3953 2495 4010 Collationibus
2541 3955 2800 4021 cernitur,
2843 3954 2921 4010 vel
2961 3970 3072 4010 non
3123 3953 3473 4021 advertisset,
3517 3953 3598 4007 vel

1995 4045 2062 4100 ab
2095 4061 2156 4101 ea
2187 4045 2288 4102 sibi
2325 4063 2438 4102 non
2465 4046 2712 4102 cavisset.
2759 4046 2984 4102 Accedit
3013 4045 3160 4118 quod
3194 4047 3247 4101 in
3276 4046 3423 4100 hisce
3455 4045 3602 4101 libris

1997 4137 2064 4194 de
2092 4141 2469 4195 Incarnatione
2497 4139 2684 4204 Verbi,
2727 4155 2867 4209 quos
2895 4140 2999 4194 sub
3023 4140 3187 4193 tinem
3217 4139 3339 4191 vitae
3363 4136 3595 4208 scripsit,

1999 4239 2220 4302 rogatus
2243 4247 2272 4285 a
2303 4235 2358 4287 S.
2388 4233 2571 4286 Leone
2598 4235 2860 4285 Romana:
2898 4230 3045 4286 urbis
3079 4229 3480 4294 archidiacono,
3507 4231 3598 4302 qui

2002 4323 2264 4380 Cassiano
2305 4331 2790 4394 contemporaneus
2835 4340 2898 4379 ac
2926 4323 3280 4396 postmodum
3315 4327 3600 4382 Romanus

273 4422 415 4478 tione
446 4421 774 4492 complexus
800 4436 954 4489 sum;
997 4437 1216 4493 aequum
1245 4430 1329 4478 est
1355 4430 1416 4478 ut
1466 4424 1610 4480 sicut
1647 4423 1780 4480 mihi
1815 4424 1885 4483 de
1918 4413 1967 4474 D
1997 4415 2239 4489 pontifex
2281 4416 2385 4473 fuit
2425 4418 2542 4488 ejus
2576 4417 2816 4474 nominis
2864 4420 3105 4490 primus,
3145 4419 3407 4474 adversus
3443 4419 3596 4474 Pela-

273 4529 465 4570 eorum
488 4514 583 4586 qui
611 4513 717 4569 hoc
754 4512 957 4569 factum
985 4516 1237 4586 probant,
1269 4515 1428 4572 laude
1456 4517 1589 4572 nihil
1621 4518 1833 4574 vindico
1867 4537 1881 4574 :

276 4607 344 4662 ita
364 4623 564 4664 eorum
580 4607 671 4677 qui
696 4606 749 4662 id
775 4607 1108 4678 improbant,
1132 4624 1243 4663 non
1270 4609 1452 4680 pulser
1477 4609 1700 4667 invidia.
1725 4612 1888 4684 Quod

277 4701 372 4756 etsi
411 4717 527 4758 non
571 4701 774 4773 passim
835 4701 926 4757 ubi
967 4702 1308 4758 Collatorum
1377 4713 1622 4761 recenset
1677 4721 1888 4763 errores

275 4794 646 4861 admonuerit,
697 4811 924 4852 omnem
971 4804 1158 4852 tamen
1193 4797 1409 4854 errandi
1451 4799 1816 4872 sHSpicionem
1856 4817 1888 4856 a

275 4900 330 4942 se
355 4888 645 4944 sustulisse
685 4887 920 4956 videtur,
963 4888 1182 4960 quando
1231 4906 1289 4946 se
1321 4906 1433 4946 non
1467 4907 1593 4959 sua,
1626 4893 1722 4949 sed
1761 4893 1883 4950 illo-

276 4996 399 5038 rum
428 4998 570 5055 quos
592 4983 876 5054 loquentes
903 4984 1200 5040 introducit
1223 4985 1442 5056 placita,
1475 5000 1538 5042 ea
1570 5002 1680 5058 qua
1706 4986 1774 5042 ab
1808 4988 1886 5045 eis

278 5085 559 5148 acceperat
604 5076 713 5132 fide
773 5086 1144 5144 narraturum,
1200 5077 1254 5132 in
1320 5078 1441 5150 ipso
1490 5080 1660 5135 totius
1710 5081 1888 5153 operis

277 5169 497 5226 exordio
537 5170 808 5242 promisit.
835 5174 914 5228 Ut
939 5171 1188 5227 omittam
1219 5171 1368 5242 quod
1400 5171 1454 5227 in
1475 5171 1602 5244 ipsis
1625 5173 1887 5230 Collatio-

278 5261 435 5319 nibus
461 5262 768 5337 frequenter
798 5264 1055 5329 dissonae,
1083 5264 1471 5338 discrepantes,
1500 5274 1554 5322 et
1581 5275 1885 5339 pugnantes

278 5352 342 5410 de
360 5357 533 5428 gratia
568 5358 769 5415 Christi
825 5359 1108 5415 sententiae
1154 5358 1446 5416 habentur.
1485 5362 1630 5416 Nam
1672 5360 1758 5417 alii
1799 5377 1884 5418 ex-

281 5451 426 5507 clusa
474 5454 642 5526 gratia
680 5468 816 5526 pene
858 5455 1044 5510 omnia
1078 5453 1324 5511 referunt
1365 5455 1434 5511 ad
1482 5455 1712 5512 liberum
1751 5455 1887 5512 arbi-

283 5545 470 5616 trium,
526 5548 612 5604 alii
665 5557 857 5605 contra
913 5549 992 5606 sic
1054 5549 1443 5606 commendant
1505 5549 1776 5623 gratiam,
1824 5558 1885 5607 ut

286 5636 511 5697 liberum
549 5643 830 5700 arbitrium
858 5643 1150 5700 exclusisse
1189 5644 1494 5701 videantur.
1531 5647 1712 5718 Quam
1752 5660 1879 5701 sen-

286 5732 577 5794 tentiarum
606 5737 1099 5796 contradictionem
1120 5754 1236 5796 non
1249 5747 1462 5796 tantum
1487 5739 1541 5795 in
1561 5738 1717 5796 tertia
1741 5739 1887 5796 deci-

1993 4512 2214 4583 gianum
2242 4513 2536 4583 quemdam
2563 4512 2964 4568 Antiochenum
2989 4513 3306 4584 episcopum
3337 4512 3594 4583 disputat,

1993 4606 2134 4662 sicut
2153 4621 2224 4662 ex
2261 4614 2413 4662 sexto
2443 4615 2498 4661 et
2523 4605 2756 4678 septimo
2790 4606 2910 4662 libri
2949 4605 3086 4662 sexti
3125 4606 3406 4678 capitibus,
3438 4613 3492 4660 et
3532 4621 3594 4660 ex

1996 4707 2054 4756 3|
2090 4715 2207 4772 cap.
2255 4701 2379 4757 libri
2409 4701 2586 4756 ultimi
2631 4699 2977 4757 manifestum
3025 4709 3123 4758 est.
3173 4700 3342 4773 Cujus
3385 4715 3600 4755 errores

1995 4793 2308 4850 lectissimis
2349 4795 2674 4868 optimisque
2717 4795 3050 4868 argumentis
3094 4795 3168 4850 ita
3213 4795 3509 4849 insectatur
3545 4801 3601 4847 et

1995 4889 2266 4959 confutat,
2296 4870 2358 4944 ut
2389 4889 2522 4946 hinc
2549 4890 2752 4961 liquido
2797 4897 3051 4960 appareat
3088 4887 3264 4957 ipsum
3298 4884 3599 4956 Pelagiana:

1994 4992 2159 5038 sectae
2207 4999 2554 5054 nequaquam
2605 4983 3002 5054 patrocinatum
3053 4978 3235 5035 fuisse.
3285 4982 3398 5036 Nec
3425 4979 3600 5037 feren-

1994 5076 2128 5133 dum
2168 5086 2273 5146 est,
2307 5077 2453 5148 quod
2480 5076 2701 5148 quidam
2733 5076 2885 5131 illum
2914 5092 2944 5131 a
2989 5074 3148 5132 beato
3196 5075 3597 5149 Chrysostomo

1991 5178 2214 5243 propter
2238 5169 2461 5242 hujusce
2488 5170 2692 5227 erroris
2713 5170 3079 5243 suspicionem
3111 5171 3421 5242 eXplosum,
3455 5169 3599 5228 able-

1993 5275 2201 5337 gatum,
2243 5266 2324 5322 vel
2363 5265 2599 5338 ejectum
2633 5265 2800 5324 fuisse
2827 5274 3112 5335 asserunt,
3143 5264 3448 5338 praesertim
3470 5281 3599 5323 cum

1993 5360 2139 5416 nulla
2169 5359 2320 5416 istius
2359 5375 2474 5416 suae
2510 5361 2837 5432 suspicionis
2869 5360 3135 5418 evidentia
3182 5369 3276 5417 aut
3305 5368 3452 5416 certa
3494 5361 3598 5418 do-

1993 5461 2243 5512 cumenta
2281 5453 2558 5526 proferant
2596 5473 2609 5510 :
2663 5463 2719 5511 et
2757 5455 2871 5526 ipse
2902 5454 3331 5527 Chrysostomus
3377 5470 3596 5527 quoque

1993 5557 2217 5621 propter
2260 5549 2344 5604 sui
2389 5548 2654 5620 temporis
2695 5558 3005 5621 grassantes
3027 5547 3278 5605 haereses
3315 5547 3467 5604 liberi
3509 5565 3598 5605 ar-

1993 5641 2136 5698 bitrii
2186 5643 2329 5699 vires
2369 5658 2782 5716 nonnumquam
2817 5643 2889 5699 ita
2927 5643 3184 5711 extollat,
3215 5641 3369 5714 quasi
3411 5642 3598 5713 gratiae

1992 5736 2191 5793 Christi
2240 5736 2473 5809 iniquior
2517 5736 2687 5794 fuisse
2734 5735 2975 5794 videatur
3010 5754 3023 5792 :
3068 5748 3402 5806 quamquam
3441 5748 3597 5787 secus
