4062 6196
376 229 444 281 27
927 224 942 237 ³
1234 231 1326 284 AD
1367 230 1596 286 OPERA
1633 232 1913 288 JOANNIS
1951 231 2256 288 CASSIANI
2294 233 2831 289 PROLEGOMENA.
3622 238 3696 290 28

388 365 476 405 res
527 349 742 406 habeat.
804 354 1152 424 Quapropter
1213 369 1340 410 cum
1381 355 1585 411 incerta
1641 357 1867 412 omnino
1915 357 1988 412 sit
2015 361 2067 423 Α
2096 357 2326 413 miriﬁce
2359 358 2606 424 recreati,
2651 358 2707 412 in
2735 356 2850 428 ejus
2883 341 3369 428 prazceptionibus,
3403 357 3689 424 institutis,

379 443 533 500 istius
570 444 841 502 discessus
865 462 1060 514 causa,
1105 457 1159 503 et
1215 464 1283 504 ex
1328 449 1436 506 ﬁne
1481 450 1692 518 septimi
1751 450 1867 506 libri
1915 451 1982 507 de

379 537 757 594 Incarnaticne
799 539 972 610 palam
1017 539 1086 595 sit
1127 542 1466 609 Cassianum,
1507 541 1689 596 divum
1744 543 1982 615 Chryso-

381 635 622 685 stomum
653 631 731 686 uti
780 633 1047 704 Optimum
1093 643 1149 691 et
1181 635 1620 706 probatissimum
1659 639 1981 710 magistrum

377 736 538 777 suum
578 739 795 796 semper
838 736 1149 783 veneratum
1207 728 1398 796 fuisse,
1465 732 1816 787 temerarium
1863 748 1981 789 esse

377 831 596 886 censeo,
623 817 821 874 sinistri
873 828 927 875 et
968 821 1157 876 incerti
1188 821 1461 892 quidpiam
1500 823 1566 878 de
1607 840 1672 879 eo
1697 825 1976 896 suspicari.

379 911 491 964 Aut
516 911 660 966 enim
693 929 789 984 per
825 913 1110 969 haereticos
1137 915 1204 970 ab
1242 916 1479 972 Ecclesia
1518 919 1980 990 Constantinopo-

379 1003 560 1069 litana,
611 1006 725 1060 sive
771 1007 1225 1078 Jerosolymitana
1267 1009 1470 1081 ejectus
1512 1020 1612 1080 est,
1667 1021 1731 1068 ut
1791 1023 1982 1069 auctor

380 1106 461 1152 est
499 1098 917 1166 Volaterranus;
953 1110 1049 1155 aut
1084 1102 1390 1159 solitudinis
1426 1103 1755 1161 desiderium
1801 1107 1980 1179 ipsum

378 1190 610 1261 impulit,
665 1200 724 1246 ut
771 1192 824 1247 in
871 1194 1284 1251 Narbonensem
1332 1198 1675 1264 Galliam(in
1729 1215 1832 1271 qua
1881 1201 1981 1255 sita

377 1291 460 1340 est
523 1286 792 1353 Massilia)
841 1288 1084 1360 ignotam
1135 1290 1237 1345 sibi
1295 1292 1626 1362 provinciam
1679 1293 1981 1361 secederet,

376 1375 558 1448 ibique
587 1378 697 1435 duo
723 1382 1073 1451 monasteria,
1103 1385 1340 1439 virorum
1367 1386 1595 1440 alterum
1620 1429 1634 1454 ,
1672 1395 1726 1442 et
1751 1387 1980 1442 alterum

377 1471 670 1528 mulierum
705 1475 993 1544 conderet;
1037 1485 1132 1532 aut
1170 1477 1404 1550 denique
1436 1487 1656 1551 propter
1685 1480 1860 1536 studia
1899 1481 1980 1536 in-

379 1577 685 1636 genuarum
732 1569 1165 1642 disciplinarum,
1229 1581 1281 1628 et
1332 1589 1552 1629 morum
1627 1577 1982 1647 gravitatem,

378 1659 677 1716 Massiliam
737 1665 1114 1736 commigravit
1169 1686 1180 1720 :
1229 1668 1694 1737 quemadmodum
1743 1671 1982 1726 Romani

380 1771 600 1827 quoque
629 1772 726 1827 pro
765 1758 946 1813 Attica
1003 1760 1432 1832 peregrinatione
1460 1762 1526 1818 ad
1563 1763 1868 1835 disciplinas
1896 1781 1981 1820 ca-

379 1849 672 1920 pessendas
712 1852 1120 1908 Massilioticum
1164 1857 1506 1926 gymnasium
1553 1858 1829 1927 petebant.
1875 1862 1982 1915 Us-

379 1956 483 2011 que
513 1941 648 1996 adeo
683 1943 824 1996 enim
857 1944 908 1996 in
951 1961 1012 2000 ea
1057 1944 1189 1999 urbe
1219 1961 1438 2001 morum
1464 1948 1695 2019 gravitas
1717 1965 1780 2004 ac
1810 1960 1984 2006 matu-

375 2033 528 2102 ritas,
580 2040 634 2087 et
673 2032 900 2090 honesta
943 2037 1117 2092 studia
1170 2037 1494 2106 ﬂoruerunt,
1537 2051 1597 2098 ut
1649 2044 1871 2100 Plautus
1928 2047 1982 2100 in

378 2126 597 2191 Casina,
631 2128 1002 2186 Massilienses
1020 2147 1201 2188 mores
1226 2141 1506 2205 tamquam
1537 2137 1774 2207 optimos
1791 2147 1842 2193 et
1865 2154 1985 2210 pro-

379 2218 686 2276 batissimos
711 2221 924 2278 dixerit.
977 2225 1181 2281 Eadem
1225 2244 1440 2300 quoque
1478 2230 1651 2286 studia
1699 2241 1754 2287 et
1803 2249 1984 2288 mores

379 2312 606 2368 miriﬁce
624 2316 973 2373 commendat
1012 2321 1227 2374 Marcus
1254 2322 1484 2389 Tullius,
1519 2338 1648 2378 cum
1686 2324 1840 2392 alibi,
1863 2333 1979 2380 tum

379 2408 649 2478 praecipue
673 2409 727 2463 in
761 2411 1006 2468 oratione
1049 2429 1144 2484 pro
1172 2418 1238 2469 L.
1267 2416 1460 2472 Flacco
1501 2417 1691 2489 :cujus
1709 2418 1830 2474 haec
1854 2429 1984 2475 sunt

379 2499 538 2554 verba.
572 2517 586 2554 :
625 2501 806 2573 Neque
831 2521 960 2561 vero
995 2515 1067 2572 te,
1116 2509 1385 2578 Massilia,
1427 2519 1712 2581 praetereo,
1751 2529 1874 2584 qua:
1912 2516 1978 2568 L.

379 2593 632 2648 Flaccum
666 2596 890 2653 militem
925 2609 1255 2671 quaestorem
1295 2605 1592 2676 cognovisti
1632 2626 1644 2661 :
1687 2606 1846 2676 cujus
1879 2623 1981 2678 ego

379 2683 608 2740 civitatis
651 2686 989 2760 disciplinam
1031 2702 1193 2765 atque
1231 2697 1581 2766 gravitatem,
1633 2713 1743 2752 non
1799 2699 1980 2754 solum

380 2777 627 2852 Graecia,
671 2784 762 2839 sed
803 2783 947 2840 haud
977 2787 1090 2842 scio
1126 2803 1193 2842 an
1231 2788 1441 2844 cunctis
1479 2790 1726 2861 gentibus
1757 2799 1980 2863 antepo-

378 2879 612 2935 nendam
647 2880 777 2951 jure
807 2879 1004 2935 dicam.
1045 2881 1178 2950 Quae
1220 2890 1330 2938 tam
1361 2883 1554 2954 procul
1587 2900 1616 2938 a
1659 2884 1980 2940 Graecorum

379 2973 625 3029 omnium
664 2973 1009 3046 regionibus,
1059 2975 1381 3046 disciplinis,
1424 2977 1734 3049 linguisque
1773 2979 1981 3044 divisa,

378 3081 502 3123 cum
532 3069 585 3123 in
610 3069 816 3124 ultimis
845 3070 1002 3125 terris
1047 3069 1220 3125 cincta
1260 3070 1545 3128 Gallorum
1576 3073 1828 3144 gentibus
1857 3074 1979 3129 bar-
2016 3100 2060 3162 ρ

379 3161 545 3220 bariac
567 3165 826 3222 fluctibus
858 3165 1091 3221 alluatur
1119 3187 1130 3222 τ
1163 3166 1240 3222 sic
1273 3169 1598 3239 Optimatum
1633 3171 1858 3225 consilio
1889 3187 1982 3243 gu-

377 3256 654 3326 bernatur,
701 3267 764 3314 ut
805 3273 995 3314 omnes
1046 3259 1161 3330 ejus
1213 3261 1458 3317 instituta
1498 3263 1720 3319 laudare
1770 3264 1982 3320 facilius

382 3352 614 3423 possint,
657 3369 819 3425 quam
859 3353 1124 3409 aemulari.
1173 3357 1341 3411 Porro
1389 3373 1552 3427 quam
1599 3365 1746 3413 recte
1783 3359 1983 3414 Cassia-

379 3462 482 3502 nus
519 3447 630 3518 ipse
679 3447 748 3503 de
783 3447 981 3503 Christi
1019 3450 1190 3520 gratia
1227 3452 1482 3517 senserit,
1531 3451 1635 3506 alia
1665 3452 1782 3522 ejus
1816 3468 1978 3524 opera

381 3545 693 3595 testantur:
740 3539 792 3595 in
823 3541 1018 3612 quibus
1073 3559 1185 3598 non
1223 3544 1355 3615 quid
1393 3544 1480 3599 alii
1530 3545 1736 3617 opinati
1778 3546 1983 3601 fuerint

380 3633 523 3688 sicut
555 3634 606 3688 in
647 3622 1069 3697 Collationibus,
1101 3635 1196 3691 sed
1247 3652 1408 3691 suam
1446 3637 1609 3707 ipsius
1660 3637 1981 3693 sententiam

379 3727 629 3798 exponit;
665 3728 718 3783 id
766 3727 911 3800 quod
942 3730 1107 3784 etiam
1148 3729 1199 3784 in
1241 3729 1431 3801 primis
1465 3730 1680 3786 duabus
1719 3733 1983 3788 censoriis

380 3821 525 3875 notis
551 3837 579 3876 a
609 3820 770 3876 nobis
798 3830 1124 3877 annotatum
1149 3831 1247 3877 est.
1289 3826 1438 3877 Inter
1477 3839 1537 3878 ca
1565 3840 1691 3878 vero
1729 3840 1892 3896 opera
1927 3825 1980 3880 in

379 3913 576 3984 quibus
605 3929 666 3968 ex
699 3914 911 3984 propria
941 3913 1181 3984 loquitur
1227 3915 1524 3982 sententia,
1559 3924 1754 3987 praeter
1791 3919 1981 3972 Mona-

379 4007 634 4062 sticarum
679 4007 1145 4062 Constitutionum
1193 4008 1362 4064 libros
1413 4019 1669 4082 quatuor,
1713 4019 1770 4067 et
1813 4011 1984 4068 libros

380 4109 504 4156 octo
543 4099 610 4156 de
647 4100 808 4156 Vitiis
835 4101 1168 4172 capitalibus,
1217 4111 1427 4174 septem
1459 4104 1530 4158 illi
1571 4104 1638 4159 de
1685 4105 1848 4160 Verbi
1887 4108 1978 4160 In-

378 4195 690 4249 carnatione
752 4191 869 4249 libri
914 4203 1047 4250 sunt
1089 4195 1506 4252 annumerandi.
1570 4199 1687 4253 Hos
1725 4198 1871 4254 enim
1914 4197 1984 4253 ab

380 4287 498 4356 ipso
527 4287 783 4340 Cassiano
809 4288 984 4343 editos
1011 4297 1066 4344 et
1091 4290 1431 4361 conscriptos
1459 4306 1577 4347 esse
1613 4307 1775 4346 nemo
1813 4290 1982 4347 addu-

384 4377 602 4443 bitabit,
630 4376 718 4446 qui
765 4377 884 4433 illos
910 4378 1194 4450 diligenter
1229 4382 1500 4449 lectitarit,
1531 4391 1585 4438 et
1608 4385 1756 4439 istud
1783 4385 1984 4440 oratio-

2013 1729 2060 1790 Β

2093 460 2148 507 et
2174 451 2567 508 Collationibus
2598 451 2992 523 perdiscendis,
3021 459 3073 506 et
3113 450 3180 506 ad
3201 467 3376 526 “usum
3415 451 3698 523 applican-

2091 544 2174 601 dis
2209 561 2371 601 omne
2403 561 2563 601 suum
2602 544 2845 600 studium
2882 544 3303 599 collocaverunt.
3346 545 3562 616 Reliqui
3590 559 3692 600 au-

2090 647 2202 694 tem
2229 640 2319 710 qui
2358 639 2459 694 sub
2511 638 2732 694 nomine
2771 638 3004 694 Cassiani
3035 637 3496 693 circumferuntur
3536 638 3686 703 libri;

2091 739 2278 804 utpote
2319 732 2642 803 Theologica
2686 730 2993 798 Confessio,
3039 747 3161 803 quae
3201 732 3248 788 ei
3305 746 3334 785 a
3362 730 3692 802 quibusdam

2090 823 2368 892 tribuitur,
2407 829 2490 880 De
2535 824 2806 880 Cout’lictu
2840 822 3094 879 vitiorum
3144 831 3198 880 ct
3231 823 3490 880 virtutum
3529 822 3690 889 liber,

2093 917 2185 989 qui
2231 917 2373 989 apud
2421 917 2812 974 Dominieanos
2855 917 3182 974 Leodienses
3220 917 3460 972 Cassiani
3499 917 3684 972 intitu-

2090 1009 2232 1065 latur
2271 1020 2367 1066 :et
2413 1009 2456 1066 si
2487 1010 2578 1082 qui
2606 1009 2690 1066 alii
2721 1009 3085 1078 inveniantur,
3132 1025 3161 1064 a
3203 1010 3362 1065 nobis
3389 1018 3519 1065 sunt
3562 1024 3699 1081 pra?-

2093 1103 2324 1158 termissi
2353 1121 2366 1157 :
2391 1111 2507 1160 tum
2537 1104 2683 1176 quod
2713 1103 2858 1175 apud
2884 1102 3221 1159 Gennadium
3251 1113 3304 1158 et
3326 1103 3689 1167 Trithemium

2091 1212 2201 1252 non
2235 1196 2577 1252 inveniantur
2614 1197 2874 1252 Cassiano
2916 1195 3193 1263 attributi,
3223 1203 3338 1250 tum
3373 1196 3518 1266 quod
3549 1196 3697 1252 illius

2093 1290 2297 1362 stylum
2339 1305 2450 1345 non
2489 1290 2785 1346 redoleant.
2838 1291 3117 1360 Sequitur,
3160 1285 3527 1360 ut’exponam
3564 1297 3690 1346 utro

2092 1382 2374 1448 idiomate,
2401 1383 2669 1438 Graecone
2713 1398 2782 1436 an
2823 1383 3020 1437 Latino
3057 1382 3330 1454 scripserit
3361 1382 3646 1438 Cassianus
3674 1403 3693 1438 ;

2091 1491 2218 1531 nam
2258 1485 2312 1532 et
2341 1476 2446 1532 hoc
2481 1475 2626 1548 apud
2679 1475 2981 1548 quosdam,
3009 1483 3230 1548 propter
3267 1475 3548 1531 Trithemii
3570 1517 3586 1542 ,
3630 1484 3692 1532 ut

2093 1570 2308 1642 opinor,
2353 1571 2731 1627 auctoritatem
2780 1569 2835 1624 in
2885 1569 3243 1640 quaastionem
3289 1569 3422 1623 verti
3463 1567 3618 1622 video
3673 1587 3691 1619 :

2095 1680 2427 1737 quamquam
2453 1677 2562 1721 non
2589 1679 2920 1736 magnopere
2951 1663 3314 1721 laborandum
3350 1661 3421 1718 sit
3449 1662 3500 1717 in
3540 1661 3700 1718 istius

2093 1760 2410 1829 quaestionis
2464 1759 2837 1816 dissolutione.
2922 1761 3062 1815 Nam
3106 1758 3234 1831 ipse
3294 1758 3586 1813 Cassianus
3638 1755 3696 1810 in

2095 1851 2412 1925 praefatione
2460 1853 2824 1909 Collationum
2869 1868 3093 1908 suarum
3149 1850 3504 1907 manifestum
3533 1849 3701 1905 nobis

2093 1947 2299 2015 praebet
2337 1947 2718 2003 testimonium
2749 1946 2898 2018 quod
2941 1947 3137 2002 Latino
3171 1960 3425 2001 sermone
3463 1943 3690 2015 scripse-

2091 2039 2181 2094 rit.
2212 2041 2272 2095 ln
2322 2054 2382 2094 ea
2431 2040 2700 2110 siquidem
2750 2038 3043 2094 Leontium
3076 2036 3391 2109 ppntiﬁcem
3455 2043 3510 2089 et
3550 2034 3692 2088 Ella-

2091 2132 2240 2188 dium
2269 2131 2494 2188 fratrem
2542 2133 2833 2205 alloquitur
2880 2133 2933 2187 in
2980 2131 3100 2187 haec
3133 2130 3341 2186 verba:
3392 2128 3694 2184 Obtineant

2092 2226 2363 2281 orationes
2398 2235 2593 2282 vestra:
2627 2227 2694 2282 ab
2724 2243 2789 2282 eo
2817 2226 2909 2298 qui
2953 2225 3146 2298 dignos
3183 2238 3286 2279 nos
3332 2222 3414 2278 vel
3447 2221 3561 2276 visu
3596 2235 3689 2274 eo-

2091 2334 2238 2386 rum,
2281 2320 2362 2374 vel
2415 2319 2779 2389 discipulatu,
2842 2319 2927 2374 vel
2975 2317 3256 2375 consortio
3299 2316 3600 2388 iudicavit,
3631 2323 3692 2368 ut

2091 2413 2245 2468 nobis
2268 2412 2581 2467 earumdem
2618 2411 2968 2467 traditionum
3001 2412 3327 2466 memoriam
3356 2411 3602 2480 planam,
3635 2415 3690 2461 et

2091 2521 2398 2560 sermonem
2429 2505 2494 2560 ad
2525 2504 2812 2560 dicendum
2867 2502 3078 2558 facilem
3117 2501 3365 2558 conferre
3390 2501 3640 2573 dignetur
3671 2517 3688 2553 :

2091 2615 2198 2670 quo
2231 2608 2342 2654 tam
2375 2608 2559 2655 sancte
2587 2614 2708 2666 eas,
2737 2606 2956 2668 tamque
3000 2597 3204 2668 integre
3230 2612 3396 2667 quam
3443 2595 3510 2649 ab
3559 2594 3691 2665 ipsis

2093 2694 2401 2764 accepimus
2448 2694 2808 2765 explicantes,
2846 2693 2991 2763 ipsos
3018 2689 3431 2764 quodammodo
3483 2689 3533 2742 in
3578 2688 3689 2744 suis

2091 2785 2351 2840 institutis
2396 2786 2804 2856 incorpOratos,
2837 2784 3064 2855 etquod
3107 2784 3281 2854 majus
3323 2789 3441 2848 est,
3489 2779 3690 2835 Latino
3789 2785 3809 2800 ‘

2091 2878 2428 2949 disputantes
2481 2878 2700 2949 eloquio
2755 2878 2905 2933 vobis
2967 2876 3219 2932 exhibere
3281 2877 3572 2947 possimus.
3626 2876 3696 2928 Et

2091 2973 2407 3028 Collationis
2458 2972 2631 3028 tertiae
2667 2971 2842 3042 capite
2879 2971 3069 3043 quinto
3126 2969 3339 3025 decimo
3362 3012 3376 3036 ,
3413 2968 3694 3040 proferens

2093 3067 2218 3140 illud
2266 3066 2532 3137 Apostoli,
2576 3068 2916 3135 Sufﬁcicntm
2947 3070 3130 3120 nostra
3165 3081 3232 3118 ea:
3256 3069 3360 3120 Deo
3386 3069 3498 3128 est;
3542 3060 3690 3134 quod

2092 3161 2274 3216 minus
2320 3161 2532 3227 Latine,
2581 3160 2778 3230 inquit,
2828 3159 2923 3215 sed
2970 3158 3278 3230 expressius
3308 3157 3410 3212 dici
3461 3162 3683 3226 potest:

2089 3254 2363 3311 ldoneitas
2412 3263 2597 3309 nostra
2648 3269 2709 3308 ex
2757 3257 2870 3307 Deo
2909 3261 3012 3307 est.
3055 3253 3400 3322 Quamquam
3448 3250 3594 3305 enim
3635 3249 3694 3304 in

2090 3347 2587 3402 commemorandis
2637 3355 2692 3400 et
2734 3345 2964 3400 citandis
3010 3360 3178 3398 sacrm
3231 3345 3523 3414 Scriptura:
3571 3357 3696 3396 sen-
3761 3407 3764 3410 _

2093 3438 2274 3496 tentiis
2295 3441 2406 3496 fere
2434 3449 2697 3511 sequatur
2725 3441 2936 3495 LXXII
2981 3441 3346 3510 interpretum
3376 3437 3688 3502 lectionem,

2091 3543 2146 3591 et
2173 3535 2358 3592 multm
2385 3535 2586 3605 passim
2617 3534 2865 3589 obscura:
2896 3541 2951 3588 et
2983 3531 3362 3588 Grmcolatiua:
3406 3544 3566 3584 voces
3605 3529 3686 3583 in-

2091 3636 2176 3683 ter
2206 3628 2496 3700 legendum
2527 3642 2643 3682 sese
2691 3626 2925 3682 offerant
2973 3647 2985 3681 :
3028 3641 3259 3698 quarum
3295 3624 3604 3694 catalogum
3636 3632 3696 3680 et

2096 3721 2604 3793 interpretationem
2657 3729 2778 3792 post
2825 3721 2988 3775 ﬁnem
3022 3720 3187 3774 tntius
3231 3719 3412 3790 operis
3444 3717 3689 3790 adjunxi-

2092 3831 2218 3871 mus
2257 3838 2268 3870 :
2312 3817 2433 3887 quia
2462 3824 2645 3871 tamen
2676 3830 2842 3888 prope
2873 3814 3171 3870 Massiliam
3196 3856 3210 3880 ,
3259 3813 3346 3868 ubi
3397 3813 3693 3868 etiamnum

2092 3908 2210 3980 ejus
2235 3908 2501 3962 memoria
2526 3908 2754 3963 celebris
2787 3908 3040 3973 habetur,
3065 3915 3120 3962 et
3149 3923 3259 3962 non
3294 3906 3347 3960 in
3375 3906 3612 3971 Graecia,
3640 3913 3698 3960 et

2091 4001 2157 4055 ad
2182 4002 2464 4072 episcopos
2493 4001 2686 4059 Galliae
2711 4003 2936 4058 Latinos
2955 4001 3242 4069 scribebat,
3265 4016 3376 4056 non
3400 3999 3504 4055 alio
3525 4014 3692 4071 quam

2092 4095 2590 4173 Latino_sermone,
2624 4096 2680 4151 in
2705 4111 2814 4167 quo
2849 4095 2923 4151 illi
2963 4094 3156 4150 versati
3200 4103 3349 4149 erant
3367 4134 3384 4162 ,
3413 4102 3467 4149 et
3497 4092 3556 4148 in
3580 4107 3695 4163 quo

2094 4188 2206 4258 ipse
2238 4189 2358 4261 jam
2404 4205 2622 4262 quoque
2677 4205 2845 4260 prope
2879 4189 3285 4244 Massilioticum
3346 4186 3691 4260 gymnasium

2093 4281 2345 4338 habitans
2372 4283 2539 4338 tritus
2575 4291 2711 4349 erat,
2740 4283 2818 4338 uti
2843 4281 3050 4338 debuit.
3088 4282 3191 4338 Sed
3223 4297 3397 4354 neque
3430 4281 3497 4338 de
3525 4281 3694 4336 inter-

2093 4386 2244 4448 prete
2295 4376 2535 4432 Cassiani
2570 4393 2833 4448 umquam
2882 4377 3126 4434 auditum
3169 4386 3283 4445 est,
3322 4392 3497 4447 neque
3521 4375 3694 4430 ullum

382 4471 468 4526 nis
499 4471 649 4525 ﬁlum
685 4487 807 4525 cum
840 4471 1113 4542 prioribus
1137 4472 1254 4541 eius
1284 4475 1541 4543 operibus
1565 4477 1980 4546 comparaverit.
2017 4475 2066 4535 D
2095 4473 2356 4528 hactenus
2391 4473 2774 4529 Grmcanicum
2795 4473 3087 4544 exemplar,
3115 4473 3226 4529 sive
3251 4473 3514 4544 scriptum
3535 4513 3550 4538 ,
3584 4471 3698 4527 sive

381 4567 458 4621 Ut
485 4565 702 4620 interim
723 4565 936 4621 silentio
956 4574 1274 4638 praeteream
1303 4567 1471 4622 libros
1499 4567 1602 4622 hos
1634 4585 1662 4624 a
1685 4569 1985 4627 Trithemio

381 4667 435 4714 et
464 4658 776 4726 Gennadio,
811 4659 903 4732 qui
932 4659 1225 4716 illustrium
1253 4660 1511 4716 Virorum
1539 4661 1750 4719 Indices
1778 4663 1982 4721 descri-

384 4761 626 4825 pserunt,
676 4753 815 4809 inter
868 4769 1030 4826 opera
1093 4754 1330 4810 Cassiani
1399 4759 1700 4813 numerari.
1770 4759 1984 4816 Priores

382 4861 508 4901 vero
552 4844 668 4900 libri
703 4844 806 4901 hoc
847 4846 1077 4902 consilio
1118 4846 1186 4901 ab
1231 4863 1296 4903 eo
1336 4848 1523 4920 scripti
1562 4865 1678 4905 esse
1714 4850 1980 4918 videntur,

381 4948 441 4995 ut
485 4940 540 4995 iu
587 4940 652 4995 iis
696 4940 821 4996 vita:
871 4941 1001 5012 pia},
1035 4940 1306 5013 religiosa:
1334 4951 1389 4997 et
1426 4943 1746 5000 monasticae
1775 4953 1981 5000 certam

381 5033 674 5103 quamdam
705 5035 1124 5109 absolutamque
1155 5034 1388 5092 formam
1428 5038 1664 5109 posteris
1702 5039 1979 5108 traderet,

381 5125 528 5197 digni
558 5124 760 5180 idcirco
788 5128 877 5198 qui
908 5145 1207 5200 numquam
1237 5130 1304 5188 de
1343 5132 1596 5188 manibus
1622 5134 1861 5190 maxime
1897 5149 1983 5190 re-

381 5218 702 5290 ligiosorum
745 5218 1120 5291 deponantur;
1158 5231 1383 5293 propter
1409 5233 1592 5280 sancta
1626 5226 1984 5299 salutariaque

381 5331 502 5388 quae
531 5315 817 5372 continent
846 5315 1102 5390 dogmata
1141 5326 1195 5373 et
1231 5320 1495 5390 exempla.
1535 5319 1702 5390 Cujus
1731 5320 1806 5376 rei
1837 5320 1984 5377 locu-

381 5412 709 5484 pletissimos
747 5420 910 5469 testes
953 5412 1216 5470 habemus
1243 5413 1429 5471 divum
1467 5413 1840 5483 Benedictum,
1866 5418 1981 5472 Do-

380 5507 664 5575 minicum,
692 5507 962 5564 Thomam
1000 5506 1355 5580 Aquinatem,
1387 5508 1718 5579 Dionysium
1748 5509 1983 5567 Carthu-

380 5599 617 5666 sianum,
651 5599 919 5674 lgnatium
940 5599 1233 5658 Societatis
1259 5603 1386 5659 Jesu
1416 5603 1656 5674 primum
1677 5611 1985 5674 auctorem,

379 5702 710 5767 caeterosque
755 5695 877 5753 vita:
936 5696 1298 5753 sanctimonia
1357 5705 1411 5753 et
1453 5698 1756 5755 mouastica
1813 5698 1985 5770 perfe-

376 5791 558 5846 ctione
586 5789 866 5864 insigniter
893 5790 1070 5848 claros
1105 5807 1118 5847 :
1148 5790 1240 5865 qui
1273 5791 1525 5848 Auctoris
1554 5790 1715 5865 hujus
1755 5790 1987 5849 lectione

2093 4582 2371 4633 excusum,
2398 4567 2544 4639 quod
2569 4566 2726 4623 nobis
2763 4567 2982 4638 quidem
3009 4566 3193 4622 videre
3220 4566 3396 4629 licuit,
3431 4565 3484 4619 in
3513 4564 3690 4621 lucem

2092 4659 2298 4716 datum.
2328 4661 2449 4715 Jam
2476 4675 2604 4716 vero
2635 4657 2783 4731 quod
2807 4659 2876 4716 ad
2917 4660 3086 4730 ipsius
3123 4658 3363 4714 Cassiani
3403 4655 3694 4712 lectionem

2091 4754 2305 4820 attinet,
2343 4770 2462 4810 eam
2491 4770 2591 4811 nos
2620 4753 2688 4808 ab
2724 4753 2950 4810 inﬁnitis
2993 4751 3389 4824 propemodum
3418 4748 3698 4806 erroribus

2091 4863 2154 4904 ac
2183 4848 2414 4917 mendis,
2441 4865 2506 4905 ex
2531 4848 2819 4904 collatione
2841 4855 3088 4904 veterum
3111 4862 3243 4902 mss.
3275 4843 3694 4916 exemplarium,

2092 4951 2147 4998 et
2189 4945 2255 4998 D.
2318 4941 2558 5014 Dionysii
2605 4941 2946 4999 Carthusiani
3004 4940 3402 5013 paraphrastica
3465 4937 3696 4994 transla-

2092 5038 2260 5104 tione,
2294 5052 2414 5108 qum
2451 5036 2635 5092 multis
2673 5036 2728 5091 in
2756 5036 2888 5093 locis
2911 5050 3047 5091 mss.
3079 5033 3359 5092 codicibus
3387 5029 3695 5088 conformis

2092 5140 2211 5197 est,
2241 5129 2638 5186 vindicavimus
2671 5147 2684 5184 :
2726 5127 3190 5200 quemadmodum
3231 5142 3296 5182 ex
3339 5123 3694 5196 castigatoriis

2091 5223 2254 5288 notis,
2279 5239 2511 5296 quarum
2540 5222 2751 5279 tabulas
2785 5231 2907 5295 post
2954 5223 3120 5279 ﬁnem
3154 5221 3335 5294 operis
3355 5219 3693 5286 exhibemus,

2091 5317 2522 5375 animadvertere
2572 5317 2712 5374 licet.
2768 5316 3019 5390 Capitum
3057 5317 3296 5389 partitio,
3346 5329 3469 5387 quae
3507 5313 3700 5369 multis

2091 5414 2144 5470 in
2182 5413 2312 5470 locis
2356 5429 2490 5469 mss.
2526 5412 2924 5485 exemplaribus
2981 5412 3051 5469 ab
3093 5413 3303 5469 excusis
3343 5412 3554 5469 diversa
3590 5416 3690 5473 est,

2092 5507 2440 5580 Dionysiana:
2481 5507 2792 5580 paraphrasi
2841 5505 2957 5564 fere
2990 5515 3351 5563 consentanea
3395 5513 3478 5562 est
3529 5524 3543 5557 :
3586 5515 3691 5557 nos

2093 5607 2277 5657 tamen
2315 5602 2383 5657 ab
2424 5618 2486 5658 ea
2525 5601 2898 5669 distinctione,
2931 5617 3053 5674 qua:
3081 5600 3344 5658 hactenus
3379 5600 3433 5655 in
3462 5599 3693 5668 impres-

2095 5695 2169 5753 sis
2204 5695 2350 5753 libris
2397 5696 2694 5764 invenitur,
2735 5695 2993 5752 duximus
3030 5711 3144 5751 non
3183 5703 3390 5750 temere
3421 5690 3684 5749 receden-

2096 5789 2231 5848 dum
2283 5791 2451 5850 fuisse
2499 5813 2514 5851 :
2554 5800 2917 5865 praeterquam
2955 5789 3104 5865 quod
3137 5789 3304 5847 libros
3336 5789 3403 5847 de
3443 5792 3695 5846 Incarna-
