4062 6196
321 283 381 336 31
1183 278 1276 333 ΑΙ)
1313 276 1547 333 OPERA
1582 277 1862 335 JOANNlS
1895 278 2200 335 CASSIANI
2240 279 2774 338 PROLEGOMENA.
3564 290 3632 343 32

321 414 549 462 taneum
568 402 869 460 existimavi
894 402 1134 476 primum
1153 401 1223 459 de
1240 404 1502 472 Auctore,
1525 410 1644 458 tum
1664 400 1732 459 de
1755 416 1920 474 opere
1947 405 2001 469 Α
2028 401 2266 476 cipulatu
2306 410 2362 460 et
2388 402 2732 460 ordinatione
2762 401 3139 476 postmodum.
3182 405 3341 461 Nunc
3367 413 3431 462 ut
3458 406 3634 466 ordini

323 515 494 574 pauca
531 496 768 571 praefari,
802 512 927 570 quae
955 504 1076 554 tum
1122 512 1189 553 ex
1219 497 1362 569 ipso,
1388 504 1511 553 tum
1540 512 1603 552 ex
1638 494 1757 552 aliis
1786 511 1920 552 auc-

321 594 533 651 toribus
556 593 782 650 collecta
799 608 913 648 non
942 606 1135 665 parum
1163 590 1233 648 ad
1255 591 1372 663 ejus
1392 588 1922 647 commendationem

324 687 589 744 momenti
631 684 881 753 afferant,
917 693 972 741 et
1001 684 1224 741 lectoris
1256 684 1502 740 animum
1532 682 1796 739 nonnulla
1822 698 1921 738 an-

322 779 585 852 tiquitatis
613 788 669 835 et
697 778 975 836 historicas
1007 775 1243 834 veritatis
1278 775 1583 848 cognitione
1624 774 1923 831 informent

324 871 490 929 simul
519 862 575 928 et
606 871 896 929 oblectent.
924 874 1009 927 De
1039 873 1281 926 Auctore
1301 868 1471 923 multa
1499 877 1627 924 sunt
1650 868 1709 923 in
1735 868 1924 941 elogiis

326 966 570 1023 virorum
603 966 918 1034 illustrium,
946 978 1072 1035 quae
1096 960 1398 1034 praefationi
1425 961 1801 1034 subiiciemus,
1828 961 1927 1019 ob-

324 1069 543 1116 servatu
580 1058 760 1131 digna.
801 1059 1015 1112 Nomen
1045 1055 1226 1128 ipsum
1260 1064 1316 1112 et
1361 1071 1691 1127 cognomen,
1729 1070 1922 1130 genus,

324 1152 486 1220 ordo,
524 1165 752 1218 munus,
797 1147 1070 1221 dignitas,
1117 1149 1351 1222 denique
1390 1149 1692 1205 sanctitatis
1740 1148 1927 1206 titulus

325 1244 503 1302 eidem
548 1259 579 1299 a
613 1241 946 1315 quibusdam
981 1242 1297 1299 attributus.
1344 1244 1484 1315 Quae
1511 1243 1695 1298 omnia
1733 1250 1795 1299 ut
1832 1257 1924 1298 or-

324 1335 449 1392 dine
475 1350 897 1407 prosequamur,
942 1342 999 1390 et
1037 1333 1283 1390 nonnihil
1311 1333 1678 1401 elucidemus;
1720 1333 1779 1389 in
1816 1332 1927 1405 pri-

323 1428 433 1484 mis
468 1427 618 1499 quod
655 1427 725 1484 ad
765 1427 1237 1484 nomenclaturam
1268 1427 1489 1494 attinet,
1522 1427 1698 1498 prima
1733 1426 1924 1482 obser-

325 1522 468 1578 vatio
506 1530 613 1589 est,
642 1521 895 1578 usitatius
925 1521 1072 1579 hunc
1109 1521 1458 1595 cognomine,
1497 1537 1669 1594 quam
1702 1522 1927 1578 nomine

321 1631 354 1671 a
401 1614 704 1687 majoribus
745 1613 969 1670 vocitari
1005 1614 1247 1672 solitum.
1290 1617 1432 1671 Nam
1477 1614 1824 1684 Gennadius,
1870 1623 1927 1671 et

322 1708 709 1773 Cassiodorus,
760 1718 930 1780 atque
970 1708 1060 1765 alii
1102 1709 1319 1765 nonnisi
1360 1709 1680 1766 Cassianum
1721 1724 1924 1765 nuncu-

2028 507 2086 555 et
2118 498 2317 556 rationi
2351 507 2689 571 temporum,
2728 514 2793 555 ac
2824 513 3013 555 rerum
3040 505 3337 570 gestarum,
3370 516 3476 572 qua
3500 516 3631 573 pos-

2031 605 2244 663 sumus,
2272 591 2610 655 insistamus,
2636 589 2844 646 nemini
2870 589 3100 646 dubium
3127 604 3246 647 esse
3275 599 3478 663 potest,
3503 594 3634 664 quin

2030 684 2355 754 Cassianus,
2393 692 2685 758 antequam
2715 684 2770 740 in
2800 683 3175 757 Chrysostomi
3217 684 3630 758 discipulatum,

2031 775 2143 831 sive
2183 774 2520 847 disciplinam
2552 774 2900 846 concederet,
2936 776 3111 832 multo
3139 784 3411 850 tempore,
3439 778 3520 835 vel
3562 778 3632 836 ab

2031 868 2161 941 ipsis
2199 865 2442 941 pueritiae
2483 869 2642 926 annis
2679 869 2819 925 inter
2847 869 3149 927 monachos
3179 878 3296 927 tum
3330 871 3631 945 Egyptios,

2031 969 2153 1018 tum
2194 962 2521 1020 Palaestinos
2558 970 2806 1020 versatus
2835 962 3018 1031 fuerit,
3055 971 3112 1021 et
3137 964 3326 1037 primis
3352 973 3474 1023 tum
3503 966 3632 1024 reli-

2032 1055 2208 1129 gionis
2242 1057 2588 1125 Christianas,
2626 1065 2747 1141 tum
2789 1057 3108 1115 monasticae
3145 1058 3498 1117 institutionis
3534 1077 3631 1119 ru-

2032 1148 2289 1208 dimentis
2329 1150 2401 1207 ab
2443 1151 2521 1208 eis
2558 1149 2844 1221 imbutus,
2893 1158 3058 1223 atque
3101 1152 3236 1209 adeo
3273 1154 3634 1211 monasticam

2032 1242 2198 1301 vitam
2255 1246 2595 1318 complexus,
2643 1253 2698 1303 et
2739 1244 3043 1302 monachus
3086 1244 3336 1303 effectus.
3384 1247 3446 1304 Id
3486 1249 3634 1306 enim

2031 1336 2267 1410 ipsemet
2306 1339 2549 1411 pluribus
2588 1340 2642 1395 in
2688 1338 2821 1396 locis
2860 1340 3217 1397 disertissime
3258 1339 3426 1396 tradit
3462 1360 3476 1395 :
3519 1343 3637 1414 pri-

2033 1446 2189 1486 mum
2235 1432 2291 1486 in
2344 1431 2662 1503 praefatione
2705 1431 2775 1488 ad
2818 1433 3101 1489 Castorem
3146 1432 3461 1505 episcopum
3513 1435 3634 1501 (cui

2032 1526 2200 1583 libros
2228 1526 2521 1584 duodecim
2544 1526 2612 1584 de
2635 1525 2901 1583 lnstitutis
2924 1526 3303 1583 coenobiorum
3323 1528 3633 1600 inscripsit),

2033 1619 2127 1677 ubi
2164 1621 2309 1678 inter
2334 1622 2467 1678 alias
2493 1637 2683 1678 causas
2722 1637 2824 1678 cur
2849 1621 2966 1694 ejus
3000 1629 3132 1677 voto
3169 1638 3232 1678 ac
3274 1619 3544 1679 desiderio
3576 1623 3633 1680 in

2034 1714 2338 1772 recolendis
2402 1724 2458 1772 et
2511 1714 2828 1772 enarrandis
2890 1714 3291 1795 monachorum
3340 1716 3632 1787 institutis,

324 1812 457 1877 pant
498 1779 935 1871 (Cassiodorsde
978 1808 1157 1862 Dicin.
1204 1808 1385 1862 Instit.
1424 1821 1469 1860 c.
1518 1809 1621 1873 29;
1661 1806 1920 1874 Sigebert.
1951 1779 2000 1840 Β
2036 1821 2161 1878 quae
2203 1823 2298 1879 per
2337 1810 2635 1880 Egyptum
2680 1816 2737 1864 et
2780 1791 3132 1865 Palaestinam
3178 1808 3455 1866 observari
3503 1779 3637 1868 con-'-

323 1914 466 1954 anno
483 1904 613 1964 427)
644 1915 803 1955 :cum
827 1907 1034 1967 tamen,
1058 1898 1283 1955 auctore
1312 1902 1376 1953 D.
1400 1903 1686 1968 Prospero,
1709 1906 1926 1954 constet

320 1994 649 2064 appellatum
679 2008 798 2048 esse
833 1994 1129 2054 Joannem,
1164 1990 1385 2062 proprio
1422 1990 1629 2047 scilicet
1665 1991 1920 2060 nomine;

321 2091 688 2156 cognomento
726 2098 855 2138 vero
891 2080 1212 2138 Cassianum
1252 2097 1268 2135 :
1299 2096 1405 2153 qua
1434 2080 1622 2137 itidem
1651 2096 1926 2154 nuncupa-

321 2177 471 2234 tione
493 2177 829 2234 Trithemius
854 2182 1020 2248 atque
1045 2175 1133 2231 alii
1163 2175 1246 2231 usi
1270 2175 1396 2231 sint.

394 2271 648 2329 Secundo
674 2272 797 2327 loco
835 2269 1147 2326 inscribitur
1171 2269 1391 2325 natione
1419 2267 1619 2341 Scytha
1650 2287 1664 2323 :
1692 2284 1792 2341 pro
1819 2283 1928 2340 quo

321 2365 600 2421 Honorius
625 2363 821 2420 Afrum
854 2363 1103 2420 nominat
1133 2366 1357 2430 (Honor.
1384 2364 1770 2432 Augustodun.
1800 2364 1835 2418 l.
1862 2363 1929 2418 de

255 2495 259 2498 ~
320 2460 463 2515 Eccl.
512 2460 654 2522 Scr.,
708 2461 767 2513 in
809 2457 1111 2529 Cassiano);
1163 2455 1307 2513 forte
1364 2457 1489 2529 quia
1531 2456 1810 2530 Scythiam
1870 2456 1927 2512 in

324 2550 510 2607 Africa
554 2551 714 2607 sitam
754 2551 1108 2618 existimarit,
1154 2566 1321 2623 quam
1363 2552 1451 2606 alii
1491 2552 1544 2606 in
1587 2551 1717 2606 Asia
1760 2549 1928 2606 collo—

322 2652 449 2700 cant
484 2646 647 2711 (Plin.
681 2646 771 2701 lib.
818 2661 871 2713 v,
905 2660 1023 2715 cap.
1063 2649 1122 2715 9,
1146 2649 1197 2699 et
1223 2645 1315 2699 lib.
1354 2659 1422 2700 vr
1450 2660 1496 2699 c.
1533 2648 1595 2699 17
1615 2665 1629 2711 ;
1672 2646 1925 2714 Pompon.

321 2741 481 2795 Mela.
533 2740 624 2793 lib.
659 2754 703 2794 1.
752 2740 889 2795 Vide
919 2739 1150 2794 Tabulas
1194 2739 1424 2805 Ortelii).
1479 2737 1598 2806 Qua
1641 2735 1927 2793 occasione

320 2832 477 2905 plura
519 2833 590 2889 de
626 2832 952 2906 Scytharum
992 2840 1157 2905 gente
1202 2846 1268 2887 ac
1312 2831 1532 2903 regione
1584 2830 1812 2887 dicenda
1858 2828 1931 2887 foo

322 2934 477 2992 rent;
513 2942 726 2995 verum,
756 2927 822 2982 iis
850 2925 1070 2982 omissis
1099 2940 1224 2997 qua:
1265 2924 1396 2980 nihil
1430 2924 1502 2980 ad
1537 2923 1769 2979 instituti
1810 2939 1912 2980 nos

320 3019 390 3075 tri
411 3018 681 3074 rationem
711 3017 966 3086 attinent,
999 3033 1076 3074 ex
1100 3033 1163 3074 ea
1189 3033 1320 3074 sane
1352 3016 1766 3073 nomenclatura
1796 3015 1929 3071 mul-

2031 1909 2299 1971 spexerat,
2341 1900 2525 1957 minus
2569 1900 2768 1957 idonee
2819 1908 2877 1957 et
2915 1908 3165 1958 accurate
3212 1909 3328 1957 tum
3368 1905 3637 1976 temporis

2031 1992 2359 2064 respondere
2398 2001 2604 2066 posset,
2644 1993 2940 2051 secundam
2981 1994 3119 2051 hanc
3145 1994 3323 2052 affert.
3367 1997 3519 2065 Quod
3550 2013 3633 2061 ea,

2031 2084 2231 2157 inquit,
2261 2103 2382 2157 qua:
2410 2105 2443 2142 a
2469 2090 2711 2157 pueritia
2734 2093 2921 2143 nostra
2944 2092 3087 2145 inter
3111 2091 3315 2146 eosdem
3339 2095 3634 2158 constituti,

2034 2182 2199 2248 atque
2221 2182 2461 2249 ipsorum
2488 2183 2705 2236 incitati
2723 2182 3055 2252 quotidianis
3086 2184 3556 2241 adhortationibus
3585 2192 3636 2242 et

2030 2275 2307 2343 eremplis,
2333 2276 2417 2329 vel
2438 2292 2599 2345 agere
2620 2280 2964 2342 tentavimus,
2989 2280 3074 2334 vel
3093 2279 3399 2343 didicimus,
3415 2281 3498 2335 vel
3516 2284 3636 2336 visu

2026 2370 2381 2437 percepimus,
2412 2372 2631 2425 minime
2643 2371 2767 2439 jam
2791 2388 3078 2442 possumus
3110 2360 3183 2428 ad
3205 2376 3480 2444 integrum
3506 2379 3655 2431 reti--

2031 2474 2177 2522 nere,
2215 2464 2293 2515 tot
2328 2476 2594 2515 annorum
2631 2465 2933 2525 curriculis,
2966 2465 3035 2517 ab
3062 2481 3243 2519 eorum
3284 2470 3549 2521 consortio
3585 2474 3636 2523 et
3722 2485 3737 2493 δ

2033 2555 2332 2608 imitatione
2358 2556 2769 2608 conversationis
2792 2555 3077 2610 abstracti.
3104 2558 3216 2611 Nec
3239 2556 3426 2613 minus
3448 2566 3633 2629 aperte

2034 2645 2358 2703 Collationis
2382 2647 2684 2704 undecima:
2716 2662 2833 2719 cap.
2869 2652 2919 2715 1,
2943 2647 3035 2703 ubi
3055 2648 3135 2704 sic
3158 2649 3440 2705 exorditur
3467 2669 3478 2705 :
3506 2652 3637 2708 Cum

2032 2743 2090 2795 in
2127 2741 2352 2796 ccenbbio
2379 2743 2555 2811 Syria:
2580 2745 2941 2805 consistentes,
2966 2747 3091 2813 post
3114 2744 3297 2813 prima
3324 2743 3455 2813 ﬁdei
3480 2745 3636 2799 rudi-

2032 2840 2233 2899 menta,
2246 2836 2639 2892 succedentibus
2649 2837 2992 2906 aliquatenus
3007 2838 3272 2891 ineremen
3278 2839 3367 2900 tis,
3379 2837 3638 2906 majorem

2025 2931 2374 2999 perfectionis
2388 2930 2697 2986 desiderare
2708 2932 2946 2999 gratiam
2957 2933 3290 3000 ceepissemus
3308 2950 3324 2997 ;
3342 2934 3635 2986 statuimus

2035 3022 2313 3087 confestim
2358 3025 2651 3093 Egyptum
2686 3026 2897 3091 petere,
2959 3037 3022 3077 ac
3068 3024 3425 3078 remotissima
3473 3026 3637 3078 etiam

319 3121 505 3169 torum
539 3112 855 3168 testimonio
886 3112 1271 3183 comprobata,
1315 3109 1690 3180 conjecturam
1734 3123 1941 3212 capere,
1968 3149 2013 3212 Ο
2042 3113 2333 3168 Thebaidos
2355 3130 2527 3169 eremo
2548 3118 2857 3185 penetrata,
2874 3118 3182 3169 sanctorum
3203 3116 3487 3184 plurimos,
3510 3130 3639 3186 quo-

322 3207 457 3264 mibi
478 3206 663 3262 videor
683 3204 830 3261 haud
854 3204 1293 3276 improbabilem,
1318 3205 1634 3261 Cassianum
1653 3192 1941 3272 nostrum,’

318 3315 487 3372 Opera
534 3301 604 3354 D.
643 3297 1022 3370 Chrysostomi
1063 3296 1132 3353 ad
1177 3296 1344 3353 ﬁdem
1384 3305 1437 3352 et
1480 3295 1800 3367 religionem
1840 3310 1928 3351 ca-

319 3392 581 3449 tholicam
625 3406 975 3458 conversum,
1025 3389 1080 3445 in
1126 3391 1242 3462 ejus
1300 3389 1623 3462 obsequium
1671 3396 1727 3444 et
1775 3386 1932 3446 disci-

326 3485 532 3557 plinam
574 3484 911 3540 concessisse
943 3487 1126 3550 (Baro.
1164 3488 1234 3540 to.
1267 3486 1336 3552 V,
1380 3485 1490 3539 An.
1534 3485 1737 3541 Christi
1775 3487 1923 3551 400).

327 3579 471 3633 Nam
495 3575 562 3634 de
585 3575 686 3632 hac
709 3577 1035 3649 Scytharum
1060 3576 1419 3633 conversione
1443 3592 1540 3648 per
1561 3580 1627 3632 B.
1654 3579 1928 3634 Joannem

324 3669 783 3741 Chrysostomum
833 3677 1121 3742 procurata
1184 3677 1241 3725 et
1298 3669 1535 3739 perfecta
1598 3669 1715 3727 haec
1761 3670 1928 3727 tradit

327 3763 706 3821 Theodoretus
728 3764 873 3820 Hist.
906 3764 998 3821 lib.
1039 3780 1100 3834 v,
1126 3779 1244 3836 cap.
1278 3770 1346 3819 30
1382 3782 1396 3818 :
1432 3765 1561 3820 Cum
1588 3765 1815 3829 videret,
1840 3765 1926 3820 in—

326 3859 462 3931 quit,
484 3865 694 3931 gentem
717 3861 1019 3931 Scythicam
1043 3860 1301 3916 doctrinae
1319 3861 1547 3917 Ariona:
1567 3862 1773 3931 laqueis
1794 3864 1929 3916 irre-

326 3958 486 4011 titam
514 3959 704 4018 teneri,
735 3957 950 4011 molitus
974 3961 1053 4010 est
1074 3955 1260 4010 sedqu
1286 3954 1412 4009 inde
1440 3970 1558 4009 eam
1584 3957 1806 4024 eripere.
1834 3955 1927 4011 Ad

326 4066 493 4119 quam
508 4051 759 4121 prcedam
773 4050 1090 4120 sequendam
1102 4051 1240 4104 hanc
1252 4050 1399 4103 viam
1417 4049 1761 4116 excogitavit.
1779 4048 1927 4105 Com-

319 4145 506 4213 plures
554 4147 654 4214 qui
690 4145 875 4199 eadem
913 4145 1103 4214 lingua
1136 4143 1521 4214 loquebantur,
1563 4141 1922 4211 presbyteros,

324 4237 596 4301 diaconos,
630 4243 681 4293 et
707 4240 922 4293 lectores
954 4238 1250 4301 ordinavit,
1281 4237 1497 4307 illisque
1531 4251 1699 4290 unam
1737 4234 1928 4291 tribuit

325 4330 636 4389 Ecclesium,
663 4344 893 4396 quorum
918 4346 1081 4398 opera
1110 4332 1305 4385 multos
1334 4345 1516 4385 errore
1545 4329 1721 4399 lapsos
1745 4329 1927 4385 Eccle-

2039 3224 2160 3262 rum
2197 3210 2428 3277 gloriam
2452 3211 2610 3278 fama
2636 3226 2737 3280 per
2778 3212 3029 3264 universa
3060 3209 3399 3278 diffuderat,
3441 3212 3494 3265 si
3528 3226 3636 3265 non

2037 3301 2335 3356 aemulandi
2343 3303 2542 3365 studio,
2562 3302 2889 3372 agnoscendi
2902 3303 3091 3357 saltem
3107 3305 3355 3357 invisere.
3371 3305 3547 3371 Igitur
3560 3303 3637 3357 ad

2037 3394 2295 3463 omnium
2336 3397 2577 3465 Egypti,
2615 3397 2704 3449 cui
2743 3396 3042 3449 Thennesus
3070 3409 3261 3447 nomen
3300 3398 3399 3455 est,
3428 3408 3641 3448 emensa

2035 3489 2382 3555 navigatione
2401 3490 2763 3559 pervenimus.
2792 3489 2928 3542 Haac
2954 3485 3051 3541 ibi.
3098 3488 3316 3542 Rursus
3337 3486 3529 3542 Collat.
3576 3493 3638 3542 t7

2037 3581 2187 3650 (Cap.
2221 3587 2254 3636 2
2288 3586 2339 3636 et
2374 3585 2483 3651 sq.)
2522 3595 2617 3653 per
2646 3580 2818 3636 multa
2853 3579 3029 3650 capita
3066 3579 3369 3637 luculenter
3400 3579 3638 3637 ostendit

2036 3687 2205 3743 quam
2241 3671 2446 3729 fuerint
2465 3672 2690 3729 solliciti
2727 3673 3037 3729 Germanus
3063 3680 3121 3728 et
3143 3672 3434 3729 Cassianus
3459 3670 3529 3729 de
3556 3687 3642 3729 re-

2036 3761 2155 3819 ditu
2193 3763 2262 3820 ad
2294 3779 2458 3821 suum
2498 3751 2844 3832 coenobium,
2878 3771 2933 3820 et
2969 3779 3137 3836 quam
3171 3762 3457 3836 diligenter
3497 3763 3642 3821 hanc

2038 3856 2142 3912 illis
2184 3871 2376 3912 curam
2420 3856 2685 3913 exemerit
2722 3856 2890 3913 abbas
2926 3856 3156 3929 Ioseph.
3199 3855 3371 3913 Addit
3416 3856 3641 3929 proinde

2038 3948 2327 4006 Cassianus
2364 3964 2484 4020 cap.
2519 3954 2581 4005 3|
2623 3948 2868 4021 ejusdem
2906 3949 3226 4007 Collationis
3264 3949 3385 4006 haec
3423 3950 3584 4007 verba
3623 3991 3636 4004 .

2035 4044 2180 4097 Licet
2206 4059 2408 4112 parum
2436 4044 2680 4113 deinceps
2718 4058 2947 4099 essemus
2975 4044 3042 4098 de
3079 4049 3267 4100 nostra
3290 4047 3641 4115 promissione

2035 4137 2278 4203 solliciti;
2301 4144 2479 4192 tamen
2504 4140 2713 4209 expleto
2727 4143 2925 4209 septem
2945 4154 3211 4193 annorum
3226 4154 3465 4200 numero,
3483 4153 3641 4209 spon-

2034 4233 2235 4287 sionem
2270 4238 2533 4287 nostram'
2558 4238 2846 4303 gratanter
2885 4234 3238 4303 implevimus.
3279 4236 3639 4289 Ercurrentes

2035 4342 2270 4395 namque
2288 4327 2363 4380 ad
2384 4326 2672 4380 camabium
2700 4329 2964 4388 nostrum,
2993 4327 3085 4380 illo
3098 4327 3221 4395 jam
3251 4332 3502 4397 tempore,
3535 4342 3639 4397 quo

324 4421 421 4472 site
448 4418 825 4472 reconciliavit.
859 4421 931 4473 Et
969 4433 1087 4489 cap.
1130 4419 1390 4488 Isequenti
1427 4441 1441 4474 :
1485 4422 1616 4476 Cum
1646 4424 1931 4490 accepisset
2037 4420 2103 4473 de
2122 4420 2463 4490 impetrando
2482 4420 2556 4474 ad
2575 4436 2809 4475 eremum
2832 4420 3013 4476 reditu
3025 4421 3281 4490 ﬁduciam
3303 4423 3634 4491 gerebamus,

322 4510 553 4580 Scythas
577 4510 676 4578 qui
696 4509 951 4565 Nomadis
982 4514 1263 4570 vocantur,
1302 4511 1503 4578 quique
1532 4524 1702 4578 prope
1731 4512 1929 4566 Istrum
1959 4517 2009 4578 D
2044 4514 2467 4583 etc.,pristinam
2480 4512 3641 4584 redintegravimuschaﬁtatemdandemque

325 4604 649 4665 accolebant,
702 4605 947 4658 sitienter
990 4603 1210 4673 quidem
1245 4601 1477 4656 salutem
1518 4604 1800 4671 appetere;
1839 4604 1933 4657 sed
2041 4607 2117 4661 ad
2133 4608 2354 4676 plenum
2382 4608 2564 4661 aculeo
2588 4611 2788 4661 nostra:
2811 4610 3108 4677 sponsionis
3136 4608 3332 4670 evulso,
3362 4609 3494 4677 ipsis
3519 4622 3641 4677 quo-

324 4698 521 4766 habere
561 4699 844 4760 neminem,
879 4699 979 4767 qui
1004 4699 1151 4751 sitim
1184 4711 1340 4749 suam
1384 4695 1646 4749 salutaris
1675 4694 1933 4750 doctrinis
2040 4716 2144 4770 que
2168 4716 2286 4755 eum
2322 4701 2522 4770 gaudio
2547 4701 3014 4771 prosequentibus,
3046 4702 3121 4756 ad
3153 4702 3412 4772 Scythicae
3439 4706 3643 4757 secreta

323 4793 541 4861 ﬂuentis
558 4793 931 4861 restingueret,
944 4794 1085 4846 viros
1107 4791 1352 4845 laborum
1371 4790 1799 4860 Apostolieorum
1812 4791 1933 4845 imi-
2038 4795 2345 4850 solitudinis
2365 4798 2735 4851 remeavimus.
2757 4796 2837 4850 Ex
2853 4793 3049 4866 quibus
3069 4794 3330 4850 omnibus
3345 4793 3643 4852 clarissime

325 4889 528 4942 tutores
557 4888 896 4956 conquisivit,
936 4900 1127 4956 eosque
1163 4886 1290 4947 illis,
1319 4884 1628 4940 erudiendis
1657 4885 1927 4953 ρνωίθσίε.
2037 4892 2185 4958 patet
2232 4888 2503 4943 Joannem
2553 4886 2900 4957 Cassianum,
2942 4902 3072 4943 cum
3113 4902 3251 4959 pene
3290 4902 3428 4960 puer
3472 4894 3639 4951 esset,

324 4981 462 5037 Haec
501 4981 609 5037 ille.
653 4980 866 5051 Quibus
910 4969 1040 5037 sane
1096 4994 1224 5034 cum
1267 4976 1533 5036 Gennadii
1585 4976 1928 5049 aliorumque
2038 4979 2203 5036 fidem
2251 4979 2618 5037 Christianam
2657 4989 2713 5037 et
2751 4974 3119 5038 monasticem
3164 4980 3308 5038 inter
3342 4980 3644 5039 monachos

326 5075 648 5132 testimonio
686 5077 919 5147 collatis,
959 5084 1015 5133 et
1044 5074 1272 5132 rationis
1312 5074 1467 5131 lance
1503 5072 1801 5147 perpensis,
1842 5072 1928 5129 vix
2038 5090 2158 5132 esse
2196 5075 2581 5149 complexum,
2616 5083 2673 5132 et
2710 5074 3034 5132 monasticae
3070 5073 3399 5133 obedientiae
3432 5074 3643 5148 legibus

322 5175 413 5224 est
439 5167 808 5240 ntiquisquam
838 5170 965 5241 jure
989 5169 1203 5226 dubitet
1229 5169 1428 5226 horum
1456 5168 1689 5224 alterum
1725 5167 1933 5224 admit-

330 5269 476 5331 tere,
524 5268 581 5316 et
604 5269 789 5318 ratum
826 5261 1062 5331 habere,
1103 5272 1198 5319 aut
1239 5264 1562 5320 Cassianum
1602 5276 1633 5317 e
1677 5260 1931 5334 Scythica

323 5366 491 5428 gente
520 5355 821 5412 oriundum
851 5356 998 5412 inter
1027 5371 1160 5413 suos
1186 5356 1434 5428 gentiles,
1466 5370 1630 5428 opera
1657 5362 1712 5410 et
1737 5353 1932 5413 indus-

326 5448 430 5503 tria
459 5450 531 5503 D.
573 5447 973 5521 Chrysostomi,
997 5440 1298 5505 ut‘dictum
1339 5456 1443 5517 est,
1472 5447 1638 5504 fuisse
1665 5447 1734 5505 ad
1761 5447 1931 5506 fidem

324 5539 703 5597 orthodoxam
750 5541 1103 5611 traductum;
1147 5550 1260 5611 aut,
1306 5540 1459 5614 quod
1496 5542 1675 5614 majus
1716 5549 1818 5611 est,
1861 5543 1930 5600 ab

328 5630 525 5690 eodem
563 5634 721 5706 cujus
749 5634 1046 5708 discipulus
1086 5634 1317 5694 effectus
1346 5636 1542 5704 fuerat,
1586 5634 1656 5692 ad
1698 5652 1930 5694 conver-

324 5725 540 5784 sionem
580 5741 696 5785 suae
745 5729 919 5802 gentis
956 5745 1086 5786 cum
1121 5729 1237 5787 aliis
1269 5729 1599 5803 presbyteris
1635 5746 1699 5787 ac
1739 5729 1930 5787 diaco-

276 5872 279 5877 ,
329 5821 419 5880 nis
446 5819 615 5880 fuisse
643 5822 960 5881 ordinatum
993 5839 1057 5882 ac
1092 5823 1456 5883 destinatum.
1492 5826 1567 5880 At
1589 5822 1658 5881 de
1682 5822 1789 5882 hoc
1815 5824 1930 5881 dis-

2033 5167 2321 5225 astrictum
2338 5170 2503 5235 (Vide
2514 5172 2843 5226 notationem
2862 5170 2937 5225 ad
2952 5185 2999 5226 c.
3026 5179 3045 5226 1
3068 5171 3257 5228 Collat.
3280 5180 3300 5226 ι
3323 5174 3392 5239 l),
3415 5168 3575 5241 idque
3587 5169 3644 5225 in

2036 5261 2286 5319 ctenobio
2311 5263 2506 5335 Syriaa,
2538 5262 2685 5335 quod
2707 5263 2836 5321 alibi
2868 5262 3176 5336 expressius
3196 5271 3356 5319 vocat
3383 5262 3642 5321 Bethlee-

2038 5354 2308 5425 miticum,
2349 5355 2404 5413 id
2441 5356 2702 5429 temporis
2744 5357 3159 5415 celeberrimum
3207 5379 3221 5414 :
3267 5357 3425 5432 cujus
3475 5355 3643 5415 etiam

2035 5449 2169 5507 alias
2212 5450 2415 5522 saepius
2453 5449 2700 5506 meminit
2740 5448 2875 5523 (Lib.
2918 5465 2997 5507 ιιι
3030 5454 3163 5509 Inst.
3205 5467 3325 5523 cap.
3367 5457 3422 5519 4,
3469 5452 3506 5506 ι.
3550 5465 3640 5517 Iv,

2037 5559 2156 5614 cap.
2199 5548 2311 5611 3|),
2355 5558 2458 5600 nec
2496 5559 2614 5600 non
2651 5559 2766 5601 sua:
2803 5545 3223 5602 renuntiationis
3263 5544 3639 5618 professionis,

2037 5644 2093 5694 et
2118 5636 2476 5695 institutionis
2513 5639 2831 5697 monasticae
2863 5638 3065 5696 ibidem
3094 5646 3382 5712 susceptae.
3413 5639 3477 5694 In
3524 5650 3636 5709 quo

2036 5731 2255 5806 quidem
2281 5731 2539 5790 cmnobio
2566 5733 2856 5791 arctiorem
2891 5733 3188 5807 quamdam
3215 5734 3398 5791 iniisse
3424 5729 3640 5789 videtur

2035 5824 2328 5881 amicitiam
2358 5834 2414 5883 et
2437 5826 2754 5884 societatem
2778 5842 2906 5885 cum
2932 5829 3213 5886 Germano
3236 5826 3487 5902 ejusdem
3511 5839 3640 5898 pro-
