4052 6200
417 278 479 332 33
1589 273 1960 331 ΡΒΛΕΡΑΤΙΟ
1995 274 2252 334 ΑιΑιωι
2289 275 2536 332 ΕΑΖᾸΞΙ.
3645 283 3712 337 34

411 399 656 458 fessionis
695 407 749 456 et
779 397 1018 458 coenobii
1054 397 1347 468 monacho,
1373 397 1498 456 licet
1526 397 1758 456 fortasse
1783 399 2000 458 seniore
2026 404 2082 468 Α
2111 401 2276 459 etiam
2311 401 2552 458 eremitaa
2580 401 2868 459 Cassianus
2897 399 3044 474 apud
3079 401 3367 475 plerosque
3395 402 3708 460 obtinuerit.

411 509 472 550 ac
493 494 852 567 provectiore.
889 495 973 550 Ex
1009 509 1116 566 quo
1139 491 1276 550 illud
1302 501 1660 550 consecutum
1695 501 1800 563 est,
1829 502 1893 550 ut
1917 493 2000 549 vix

416 586 628 644 biennio
655 586 859 644 ibidem
886 595 1125 660 peracto,
1150 587 1271 666 sive,
1288 585 1518 658 majoris
1541 585 1886 658 perfectionis
1905 585 2004 643 de-

407 678 624 751 siderio,
661 681 778 739 sive
812 682 916 738 alia
942 681 1128 754 quavis
1164 695 1230 737 ex
1261 695 1450 750 causa,
1487 689 1551 736 ut
1593 680 1690 737 SS.
1733 687 1914 757 patres
1949 680 2006 735 et

405 773 785 842 anachoretas,
827 783 944 832 tum
981 773 1290 849 Egyptios,
1323 783 1447 831 tum
1489 773 1646 841 alios,
1689 772 1745 829 in
1781 773 2006 830 remotis

409 877 465 925 et
493 867 690 926 abditis
714 867 846 926 locis
869 868 1154 943 degentes,
1183 877 1242 924 et
1273 867 1566 924 sanctitatis
1603 867 1743 924 fama
1767 867 2006 925 celebres

409 961 702 1030 inviserint,
741 962 972 1020 obtenta
1023 961 1302 1019 seniorum
1343 961 1572 1027 licentia,
1613 960 1681 1017 de
1733 969 2005 1018 monaste-

404 1053 484 1112 rio
515 1056 720 1128 egressi
749 1055 919 1112 ambo
954 1055 1173 1128 longam
1197 1063 1252 1111 et
1279 1051 1652 1126 perdifﬁcilem
1690 1053 2002 1127 peregrina-

400 1146 610 1204 tionem
657 1148 822 1205 simul
862 1147 1092 1215 inierint,
1155 1155 1209 1203 et
1255 1147 1538 1220 plerasque
1585 1147 1826 1220 ngypti,
1871 1149 2006 1220 Scy-

403 1239 558 1308 thiae,
589 1240 824 1314 aliasque
858 1239 1168 1297 solitudines
1189 1239 1547 1312 peragrarint,
1579 1249 1634 1298 et
1663 1256 1791 1298 cum
1819 1241 2006 1298 multis

405 1348 471 1389 ac
516 1333 874 1392 sanctioribus
914 1334 1162 1406 patribus
1205 1333 1394 1392 habito
1428 1334 1687 1392 familiari
1735 1336 2005 1409 colloquio

403 1433 458 1480 et
495 1439 792 1498 congressu
837 1425 905 1483 de
945 1425 1108 1486 rebus
1146 1426 1362 1496 divinis,
1399 1443 1464 1484 ac
1499 1427 1824 1486 salutaribus
1868 1444 2007 1500 prae-

397 1519 586 1575 sertim
611 1518 681 1576 ad
711 1519 833 1578 vita
857 1521 1171 1578 monasticae
1205 1521 1600 1594 perfectionem
1633 1523 2004 1596 spectantibus

397 1627 597 1686 magna
624 1612 792 1670 animi
830 1615 1190 1687 propensione
1227 1631 1294 1672 ac
1330 1614 1622 1674 devotione
1651 1617 2000 1674 contulerint.

396 1703 563 1762 Unde
594 1713 650 1762 et
680 1705 950 1764 scribendi
978 1707 1310 1766 Collationes
1351 1711 1577 1766 Patrum
1617 1709 1716 1782 ipsi
1746 1711 2002 1767 Cassiano

2109 497 2318 552 Verum
2343 511 2449 568 qua
2485 495 2692 552 ratione
2731 495 2950 566 (dixerit
2985 495 3221 568 aliquis),
3262 512 3436 569 quave
3477 499 3715 557 occasio-

2109 603 2180 645 ne
2209 588 2496 646 Cassianus
2519 604 2645 646 cum
2670 604 2769 646 suo
2809 590 3086 647 Germano
3116 603 3184 646 ex
3224 597 3340 646 tam
3366 590 3527 664 longa
3553 607 3713 666 pere-

2112 681 2413 753 grinatione
2436 682 2492 738 in
2512 683 2738 740 Joannis
2765 682 3138 757 Chrysostomi
3166 684 3418 741 notitiam
3451 701 3516 742 ac
3552 683 3712 743 fami-

2112 775 2405 832 liaritatem
2431 776 2671 848 devenit,
2701 785 2756 833 et
2789 777 2930 834 inter
2953 778 3073 850 ejus
3106 777 3399 850 discipulos
3423 787 3713 852 cooptatus

2113 874 2237 928 est?
2267 871 2382 927 Esti
2420 871 2554 928 nihil
2598 871 2687 927 hic
2715 871 2849 928 certi
2877 881 3217 944 compertum
3245 872 3498 941 habeam,
3538 872 3715 930 credi—

2113 963 2284 1022 derim
2323 972 2508 1022 tamen
2547 963 2602 1022 id
2629 964 2846 1021 duabus
2885 980 2951 1020 ex
2979 963 3178 1036 causis,
3202 966 3284 1022 vel
3325 965 3717 1023 utralibetilla-

2114 1075 2237 1116 rum
2269 1058 2548 1129 accidisse,
2589 1058 2675 1115 vel
2705 1057 2855 1131 quod
2881 1058 2950 1116 de
2983 1062 3184 1116 eorum
3206 1060 3486 1117 sanctitate
3522 1077 3586 1118 ac
3625 1077 3712 1118 re-

2115 1153 2327 1226 ligionis
2350 1151 2563 1210 fervore
2598 1151 2800 1209 certior
2829 1149 3005 1208 factus
3029 1150 3458 1224 Chrysostomus
3488 1153 3711 1210 eosdem

2113 1246 2182 1302 ad
2209 1262 2268 1303 se
2296 1245 2549 1313 evocarit,
2583 1253 2645 1302 ut
2669 1261 2861 1302 eorum
2891 1244 3163 1315 doctrina,
3188 1245 3443 1316 consilio,
3473 1253 3528 1301 et
3553 1261 3714 1318 opera

2114 1339 2416 1396 monachos
2445 1339 2713 1412 quosdam
2735 1338 3087 1412 Origenistas,
3125 1337 3215 1411 qui
3246 1337 3331 1394 his
3370 1337 3748 1410 temporibus.

2111 1433 2168 1488 in
2213 1433 2430 1491 Oriente
2485 1431 2659 1490 varias
2702 1432 2891 1489 turbas
2947 1430 3253 1488 excitabant
3296 1434 3522 1498 (Baron.
3569 1449 3714 1487 anno

2109 1531 2264 1594 403),
2300 1525 2368 1582 ad
2403 1527 2679 1582 saniorem
2723 1533 2964 1582 mentem
2991 1533 3270 1582 revocaret
3301 1544 3314 1582 :
3359 1523 3506 1597 quod
3534 1525 3714 1580 maxi-

2110 1635 2202 1677 me
2243 1619 2300 1676 in
2345 1619 2483 1678 votis
2533 1619 2768 1678 habebat
2813 1637 2828 1674 :
2879 1635 3006 1676 cum
3047 1633 3078 1676 e
3119 1618 3334 1676 diverso
3381 1617 3714 1691 Theophilus

2111 1713 2519 1770 Alexandrinus
2555 1713 2746 1770 durius
2787 1729 2913 1769 cum
2942 1713 3020 1769 eis
3055 1711 3328 1785 agendum
3371 1711 3710 1768 decerneret.

397 1799 758 1869 postmodum
813 1810 935 1858 orta
996 1802 1213 1859 occasio
1265 1803 1429 1860 simul
1479 1811 1536 1861 et
1595 1778 2000 1878 argumentum.
2032 1778 2080 1840 Β
2117 1805 2281 1861 Unde
2313 1807 2616 1862 simultates
2656 1815 2712 1862 et
2748 1822 2945 1877 magna
2980 1778 3199 1862 dissidia
3236 1805 3374 1862 inter
3402 1805 3505 1862 hos
3534 1814 3714 1878 patres

395 1891 550 1948 Nihil
578 1893 723 1950 enim
756 1893 905 1952 aliud
928 1895 1298 1952 Collationum
1325 1895 1618 1964 vocabulo,
1646 1912 1811 1968 quam
1853 1895 2009 1952 fami-

395 1984 568 2043 liares
619 2001 940 2061 congressus
987 2003 1380 2060 sermonesque
1421 2004 1551 2046 cum
1603 1989 1707 2045 illis
1761 1988 2008 2060 patribus

391 2075 637 2148 habitos,
677 2079 1053 2154 salutaresque
1095 2081 1471 2139 institutiones
1515 2081 1764 2153 privatim
1794 2080 1862 2136 ab
1895 2079 2008 2136 illis

391 2181 646 2244 acceptas
682 2174 854 2230 voluit
879 2173 1126 2246 intelligi.
1177 2177 1248 2230 Et
1281 2173 1403 2229 haec
1451 2173 1674 2244 quidem
1717 2189 1786 2229 ex
1825 2173 2020 2229 multis

392 2266 768 2324 Collationum
823 2267 959 2324 locis
1008 2276 1153 2324 certa
1212 2275 1268 2323 et
1322 2265 1626 2324 indubitata
1687 2267 2005 2324 redduntur.

391 2361 542 2418 Nam
574 2361 894 2419 Collationis
928 2361 1118 2434 primae
1145 2377 1196 2418 c.
1228 2369 1250 2416 1
1295 2359 1363 2416 de
1411 2359 1512 2417 hac
1556 2361 2003 2434 peregrinatione,

389 2463 442 2512 et
498 2455 756 2514 Germani
800 2456 942 2512 illius
987 2455 1258 2514 individua
1311 2455 1572 2512 societate
1619 2457 1693 2512 ita
1739 2456 1926 2512 scribit
1987 2474 2002 2513 :

391 2553 535 2609 Cum
572 2554 629 2606 in
656 2568 828 2606 eremo
860 2552 1066 2620 Scythi,
1105 2552 1354 2606 abbatem
1391 2553 1590 2613 Mosen,
1628 2557 1761 2619 etc.,
1790 2552 2010 2605 institu-

390 2649 547 2702 tiane
573 2646 688 2716 ejus
711 2646 950 2715 fundari
974 2648 1186 2716 cupiens
1215 2647 1534 2716 expetissem
1560 2661 1672 2700 una
1691 2660 1812 2699 cum
1825 2649 2010 2700 sancto

392 2742 602 2796 abbate
625 2742 912 2806 Germano,
943 2757 1062 2796 cum
1087 2757 1192 2811 quo
1229 2741 1386 2802 mihi,
1427 2739 1498 2794 ab
1521 2741 1636 2809 ipso
1662 2740 1922 2808 tyrocinio
1946 2755 2010 2794 ac

396 2834 730 2890 rudimentis
746 2836 956 2891 militia:
966 2835 1232 2906 spiritalis
1269 2836 1351 2888 ita
1383 2832 1727 2887 individuum
1763 2831 2010 2903 deinceps

400 2929 810 2984 contubernium
835 2934 948 2984 tam
963 2931 1020 2983 in
1048 2929 1298 2992 cmwbio,
1330 2943 1495 2998 quam
1519 2929 1579 2981 in
1602 2941 1775 2981 eremo
1796 2927 1930 2994 fuit,
1950 2931 2012 2981 ut

404 3026 588 3078 cuncti
603 3024 677 3078 ad
689 3024 1102 3094 signiﬁcandam
1121 3023 1448 3086 sodalitatis,
1477 3037 1540 3076 ac
1552 3022 1821 3092 propositi
1840 3021 2016 3075 nostri

399 3118 745 3185 parilitatem
773 3120 1195 3189 pronuntiarent
1228 3133 1396 3172 unam
1430 3121 1659 3171 mentem
1698 3121 1863 3186 atque
1889 3117 2009 3170 ani-
2040 3143 2086 3208 ο

407 3224 559 3264 mam
590 3210 796 3265 duobus
829 3213 998 3265 inesse
1032 3211 1362 3280 corporibus,
1382 3212 1699 3280 pariterque
1727 3209 1797 3263 ab
1825 3209 2006 3264 eodem

417 3300 616 3354 abbate
645 3300 866 3370 (scilicet
893 3303 1106 3372 Moyse)
1130 3302 1498 3370 azdiﬁcationis
1535 3318 1826 3357 sermonem
1867 3303 2009 3370 fusis

413 3394 672 3463 Iam/mis
701 3395 1044 3458 ambiremus,
1075 3402 1179 3452 etc.
1219 3397 1431 3452 Rursus
1457 3394 1761 3452 collationis
1781 3393 2010 3452 decima:

407 3496 581 3544 sexta:
613 3503 734 3560 cap.
767 3495 818 3558 1,
853 3489 1184 3561 percunctati
1212 3487 1400 3546 abbati
1422 3489 1628 3562 Joseph
1654 3487 2010 3546 numfratres

406 3581 652 3655 germani
709 3591 910 3654 essent,
961 3582 1402 3657 responderunt:
1456 3587 1575 3642 Non
1627 3585 1860 3648 carnali,
1916 3584 2010 3638 sed

405 3676 652 3746 spiritali
668 3677 1022 3744 fraternitate
1061 3692 1116 3733 se
1147 3694 1258 3733 esse
1280 3677 1570 3739 devinctos,
1611 3681 1662 3732 et
1690 3678 1760 3732 ab
1789 3677 2009 3732 exordio

406 3772 822 3825 renuntiationis
833 3785 945 3825 suis
965 3774 1080 3826 tam
1097 3773 1155 3824 in
1161 3773 1618 3841 peregrinatione,
1640 3786 1761 3839 qua:
1774 3771 1844 3824 ab
1863 3775 2012 3824 utro-

404 3878 510 3932 que
544 3863 734 3930 fuerat
771 3865 992 3919 obtentu
1018 3865 1228 3919 militia:
1257 3865 1526 3934 spiritalis
1570 3867 1817 3934 arrepta,
1843 3880 2011 3934 quam

401 3957 460 4010 in
488 3959 712 4014 cwnobii
726 3959 908 4012 studio
923 3958 1214 4012 individua
1227 3972 1435 4026 semper
1457 3957 1822 4026 conjunctione
1843 3959 2013 4012 socia-

399 4053 505 4105 tos.
541 4047 858 4106 Collationis
893 4046 1202 4103 undecimae
1230 4062 1349 4116 cap.
1395 4053 1422 4100 1
1469 4056 1695 4102 narrant
1726 4049 1794 4105 de
1818 4064 2009 4106 emno-

398 4141 498 4198 bio
541 4141 710 4213 Syriae
752 4140 867 4211 (illo
906 4139 1169 4196 nimirum
1210 4137 1644 4205 Bethleemitico)
1688 4139 1741 4194 in
1775 4156 1885 4212 quo
1920 4141 2013 4196 de-

395 4234 630 4309 gebant,
671 4236 966 4308 Egyptum
1009 4233 1245 4306 petiisse,
1293 4248 1357 4290 ac
1395 4231 1819 4290 remotissimam
1869 4235 2012 4290 The-

397 4328 578 4388 baidis
602 4345 849 4388 eremum
879 4335 1209 4402 penetrasse,
1234 4336 1396 4402 atque
1424 4326 1551 4386 inde
1581 4328 1637 4384 in
1665 4328 2011 4386 ulterioribus

399 4422 620 4496 Egypti
683 4423 926 4496 partibus
986 4422 1251 4495 plurimos
1311 4430 1492 4494 patres
1547 4421 1865 4479 convenisse
1913 4429 2010 4478 aut

2115 1905 2436 1954 exarserunt
2471 1913 2486 1951 :
2534 1895 2614 1952 vel
2658 1895 2865 1967 potius,
2913 1896 3058 1964 quod
3103 1897 3265 1951 iidem
3305 1898 3610 1953 Germanus
3660 1905 3718 1952 et

2115 1990 2427 2057 Cassianus,
2471 2004 2600 2045 cum
2627 1987 2819 2045 eadem
2864 1990 3185 2058 tempestate
3223 1985 3278 2042 in
3309 1987 3563 2058 Egypto,
3592 2002 3720 2043 nec-

2117 2099 2232 2140 non
2274 2083 2578 2152 Palaestina,
2627 2083 2752 2140 duae
2806 2081 3204 2138 monachorum
3251 2081 3535 2152 factiones,
3585 2090 3714 2154 puta

2115 2176 2804 2250 Anthropomorphitarum
2869 2185 2924 2234 et
2990 2175 3456 2248 Origenistarum,
3511 2175 3720 2234 mutuis

2115 2270 2254 2328 odiis
2281 2279 2335 2332 et
2369 2271 2809 2328 altercationibus
2833 2269 3196 2339 decertarent,
3222 2285 3292 2326 ne
3326 2269 3468 2326 forte
3493 2271 3546 2326 in
3575 2270 3717 2328 hanc

2111 2367 2194 2423 vel
2242 2367 2392 2426 illam
2441 2375 2651 2440 partem
2688 2365 3041 2435 declinantes,
3087 2365 3144 2422 in
3189 2380 3435 2421 errorem
3476 2365 3712 2422 abduce-

2111 2467 2300 2518 rentur
2330 2481 2344 2517 :
2368 2467 2423 2516 et
2443 2458 2913 2531 quemadmodum
2935 2458 3228 2532 Apostolus
3250 2458 3324 2514 ait
3343 2460 3487 2525 (Gal.
3522 2465 3618 2529 ιι),
3647 2476 3717 2516 ne

2111 2553 2172 2609 in
2199 2568 2400 2610 vanum
2437 2561 2734 2616 currerent,
2773 2559 2869 2609 aut
2907 2551 3294 2618 cucurrissent,
3334 2566 3450 2608 suae
3488 2550 3613 2608 ﬁdei
3661 2561 3717 2609 et

2114 2647 2271 2703 saluti
2323 2646 2670 2703 consulentes
2729 2644 2796 2702 ad
2857 2647 2924 2701 B.
2987 2645 3444 2726 Chrysostomuin
3489 2645 3715 2717 patriar-

2117 2737 2300 2807 cham,
2342 2747 2404 2794 ut
2434 2738 2769 2810 praecipuum
2811 2737 3101 2795 Orientalis
3141 2736 3394 2794 Ecclesiae
3430 2737 3716 2794 doctorem

2118 2841 2174 2890 et
2198 2831 2434 2889 veritatis
2466 2832 2880 2905 antesignanum
2908 2823 3268 2904 confugerint,
3307 2847 3339 2888 a
3363 2847 3475 2904 quo
3520 2831 3716 2887 huma-

2118 2926 2258 2982 niter
2307 2924 2516 2998 excepti
2564 2932 2619 2981 et
2667 2923 2722 2980 in
2783 2923 3045 2980 catholica
3099 2924 3344 2980 doctrina
3389 2924 3715 2991 conﬁrmati,

2118 3021 2370 3092 deinceps
2413 3021 2470 3076 in
2507 3019 2624 3092 ejus
2664 3018 2948 3091 obsequio,
2994 3025 3051 3074 et
3087 3016 3368 3089 disciplina
3415 3031 3720 3089 persevera-

2117 3117 2244 3174 rint.
2281 3119 2363 3174 Ut
2389 3130 2450 3172 se
2473 3130 2560 3172 res
2596 3113 2814 3182 habeat,
2844 3121 2992 3170 certe
3020 3111 3339 3170 Cassianum
3382 3115 3448 3168 D.
3479 3111 3717 3184 Chryso-

2115 3209 2282 3266 stomi
2322 3207 2648 3281 discipulum
2693 3205 2960 3263 exstitisse
3001 3220 3114 3261 non
3166 3202 3333 3260 modo
3389 3202 3720 3260 Trithemius

2115 3303 2311 3375 aliique
2335 3309 2644 3357 testantur:
2675 3299 2770 3356 sed
2811 3307 2867 3355 et
2905 3297 3197 3356 Cassianus
3222 3295 3450 3368 ipsemet
3475 3296 3719 3370 ingenue

2117 3397 2381 3470 agnoscit,
2413 3395 2829 3468 ac'proﬁtetur;
2873 3393 3045 3450 immo
3085 3391 3346 3465 quidquid
3382 3391 3496 3464 ipse
3535 3394 3718 3461 sciret,

2118 3491 2293 3548 eidem
2341 3488 2631 3545 liberaliter
2668 3493 2953 3560 acceptum
2993 3483 3169 3542 refert
3208 3483 3312 3540 sub
3344 3485 3507 3541 tinem
3544 3485 3722 3558 operis

2115 3585 2186 3642 de
2222 3582 2603 3641 Incarnatione
2638 3583 2781 3650 (Lib.
2827 3595 2943 3648 vn,
2973 3596 3020 3636 c.
3051 3585 3163 3648 at),
3211 3577 3302 3634 ubi
3340 3577 3481 3634 inter
3511 3577 3612 3634 alia
3653 3577 3722 3635 de

2117 3677 2507 3751 Chrysostomo
2533 3675 2789 3748 praeclare
2808 3673 2950 3730 dicta
2973 3692 2987 3728 :
3015 3674 3131 3740 Ille,
3149 3671 3343 3744 inquit,
3365 3672 3596 3742 denique
3609 3674 3722 3742 ipse

2116 3773 2264 3828 vobis
2289 3775 2453 3828 etiam
2478 3773 2607 3834 tunc,
2637 3787 2758 3842 qua:
2791 3786 2826 3824 a
2853 3786 2936 3824 me
2955 3770 3157 3840 scripta
3177 3771 3324 3830 sunt,
3356 3767 3720 3821 commendet:
3769 3787 3776 3796 -

2118 3870 2250 3938 quia
2275 3868 2386 3922 hinc
2408 3882 2530 3936 quae
2567 3881 2661 3935 ego
2689 3866 2900 3936 scripsi,
2930 3864 3022 3918 ille
3059 3878 3142 3916 me
3173 3862 3372 3925 docuit,
3400 3876 3463 3915 ac
3479 3876 3580 3932 per
3603 3861 3719 3923 hoc,

2117 3977 2224 4016 non
2245 3965 2358 4016 tam
2375 3975 2551 4014 meum
2569 3960 2663 4014 hoc
2683 3975 2849 4029 quam
2870 3959 3018 4012 illius
3033 3971 3142 4012 esse
3163 3955 3362 4010 credite
3386 3973 3402 4010 :
3419 3956 3551 4024 quia
3572 3955 3723 4008 rivus

2119 4070 2186 4108 ea:
2213 4054 2364 4120 fonte
2403 4055 2632 4113 constat,
2663 4055 2713 4106 ct
2741 4049 3012 4120 quidquid
3041 4053 3276 4118 putatur
3307 4063 3415 4102 esse
3449 4046 3722 4114 discipuli,

2119 4151 2290 4201 totum
2300 4145 2374 4198 ad
2385 4146 2635 4198 honorem
2648 4144 2852 4208 referri
2860 4142 3099 4195 convenit
3117 4140 3387 4206 magistri.
3396 4139 3606 4205 Hmc,et
3621 4137 3724 4194 alia

2119 4237 2189 4294 ad
2210 4233 2840 4304 Constantinopolitanos
2859 4245 3053 4304 magna
3081 4246 3207 4287 cum
3237 4229 3394 4287 laude
3411 4231 3718 4303 Cassianus,

2117 4327 2316 4402 quibus
2361 4324 2683 4382 memoriam
2727 4324 2810 4380 sui
2859 4323 3100 4398 magistri
3149 4323 3526 4398 Chrysostomi
3565 4331 3720 4398 grato

2114 4419 2412 4478 admodum
2441 4435 2504 4476 ac
2530 4433 2800 4492 propenso
2828 4417 3013 4474 animo
3042 4425 3361 4490 prosecutus
3389 4425 3497 4474 est.

398 4518 682 4575 salutasse.
720 4519 974 4588 Denique
1001 4516 1244 4588 ejusdem
1276 4513 1592 4574 Collationis
1626 4513 1800 4586 capite
1823 4519 1857 4570 5
1887 4513 2006 4572 haec
2037 4513 2088 4576 D
2189 4514 2297 4574 Sed
2327 4515 2444 4588 jam
2485 4513 2555 4571 ad
2587 4505 2864 4590 quartum,
2895 4512 2987 4584 qui
3030 4511 3085 4567 in
3117 4511 3388 4584 praedictis
3416 4511 3602 4584 elogiis
3645 4511 3720 4567 ei-
3769 4547 3775 4552 -

399 4612 472 4670 ad
525 4612 777 4669 abbatem
843 4612 1240 4670 Cheremonem
1305 4611 1615 4668 Germanus
1661 4608 1750 4665 ille
1801 4625 1901 4666 suo
1954 4619 2011 4667 et

401 4704 644 4762 Cassiani
659 4705 916 4762 nomine:
943 4706 1108 4763 Debet
1125 4705 1221 4760 hoc
1242 4705 1433 4760 saltem
1455 4704 1609 4759 labor
1631 4705 1778 4759 tanti
1795 4706 2008 4759 itineris

401 4800 660 4862 obtinere,
678 4799 822 4870 quod
833 4800 934 4854 huc
953 4797 1020 4853 de
1036 4799 1420 4854 Bethleemitici
1429 4798 1653 4852 ctenobii
1661 4796 2004 4862 rudimentis,

400 4892 758 4948 institutionis
774 4895 965 4947 vestrae
984 4889 1268 4954 desiderio,
1285 4894 1336 4944 et
1339 4891 1618 4960 profectus
1632 4891 1808 4944 nostri
1822 4905 2004 4945 amore

397 4988 830 5056 properavimus.
849 4986 986 5042 Haec
995 4983 1100 5040 ille.
1119 4984 1399 5053 Quantum
1413 4997 1541 5040 vero
1559 4981 1820 5055 temporis
1833 4982 1888 5039 in
1902 4983 2006 5040 hac

403 5087 519 5135 tam
563 5079 856 5154 longinqua
902 5078 1236 5153 proiectione
1274 5077 1660 5151 transegeriut,
1712 5077 1808 5134 etsi
1852 5086 2004 5136 certo

403 5172 614 5231 deﬁniri
637 5189 750 5230 non
775 5172 966 5247 possit,
986 5171 1133 5246 quod
1156 5187 1424 5245 nusquam
1457 5171 1760 5244 reperiatur
1779 5187 2005 5248 expres-

401 5282 550 5338 sum,
582 5276 765 5326 tamen
793 5284 859 5326 ex
886 5283 952 5324 eo
979 5265 1129 5340 quod
1155 5265 1457 5323 Collatione
1490 5271 1548 5320 17
1591 5281 1709 5338 cap.
1741 5265 1840 5321 ult.
1881 5282 2008 5338 pro-

405 5360 632 5418 ﬁtentur
664 5377 723 5419 se
761 5361 816 5418 in
861 5361 977 5418 sola
1003 5358 1297 5418 Thebaidis
1333 5359 1553 5432 regione
1593 5365 1648 5414 et
1674 5373 1858 5415 eremo
1887 5375 2007 5433 sep-

403 5453 649 5511 tennium
676 5453 991 5529 explevisse,
1018 5461 1443 5510 consentaneum
1469 5459 1554 5508 est
1581 5465 1692 5507 non
1725 5452 2004 5510 modicum

403 5549 665 5620 temporis
699 5548 936 5622 spatium
979 5547 1202 5620 reliqua:
1239 5543 1657 5620 peregrinationi
1687 5543 1860 5603 fuisse
1897 5545 2000 5602 im-

405 5655 667 5714 pensum;
716 5651 774 5700 ut
820 5642 1024 5700 mirum
1067 5658 1184 5700 non
1227 5641 1318 5712 sit,
1364 5641 1410 5698 si
1435 5656 1536 5714 pro
1571 5647 1689 5696 tam
1715 5639 1920 5697 diutina
1947 5649 2004 5698 et

404 5741 490 5792 tot
515 5751 685 5795 annos
721 5737 1036 5796 continuata
1077 5735 1530 5796 anachoretarum
1567 5742 1621 5792 et
1651 5733 2002 5792 eremitarum

404 5832 813 5904 consuetudine,
863 5833 1142 5893 consortio
1163 5875 1179 5904 ,
1237 5840 1291 5890 et
1327 5829 1752 5918 cohabitatione.
1774 5829 2001 5888 titulum

2113 4609 2241 4666 dem
2309 4608 2616 4678 ascribitur,
2680 4605 3041 4664 honorarium
3110 4605 3336 4662 titulum
3401 4604 3716 4672 veniamus;

2113 4703 2364 4772 diaconii,
2393 4704 2640 4776 inquam,
2663 4701 2776 4758 sive
2820 4699 3164 4756 diaconatus.
3200 4698 3380 4766 Quem
3416 4697 3560 4752 enim
3589 4711 3715 4751 cum

2114 4811 2212 4854 sua
2264 4804 2422 4870 gente
2468 4794 2715 4866 Scythica
2765 4809 2882 4866 per'
2913 4793 3208 4850 salutarem
3255 4798 3308 4846 et
3351 4788 3718 4844 orthodoxam

2113 4889 2422 4948 doctrinam
2450 4887 2572 4960 pius
2609 4887 2698 4942 ille
2730 4894 2884 4958 pater
2915 4886 2970 4940 in
2993 4883 3208 4940 Christo
3234 4879 3376 4936 forte
3413 4890 3672 4952 genuerat
3699 4901 3715 4939 :

2113 4985 2195 5040 vel
2255 4990 2400 5038 certe
2424 5020 2442 5051 ,
2506 4987 2569 5036 ut
2615 4979 2830 5052 sapiens
2873 4975 3135 5049 magister
3179 4974 3232 5032 in
3287 4972 3614 5048 discipulum
3663 4988 3718 5036 et

2113 5076 2381 5134 doctrina:
2425 5089 2540 5131 suae
2567 5075 2852 5130 alumnum
2889 5071 3165 5145 allegerat,
3194 5054 3472 5142 eumdem,
3500 5080 3560 5129 ut
3597 5073 3715 5144 epi-

2113 5185 2329 5243 scopus,
2357 5167 2582 5242 dignum
2614 5165 2720 5223 hoc
2747 5181 2974 5224 munere
3007 5181 3070 5222 ac
3095 5165 3398 5224 ministerio
3421 5165 3710 5239 judicavit.

2113 5263 2198 5334 Id,
2241 5271 2438 5337 pratter
2475 5260 2740 5320 Gennadii
2763 5277 2826 5318 ac
2865 5260 3150 5318 Tritbemii
3189 5257 3531 5324 assertiones,
3577 5259 3714 5318 Cas-

2112 5359 2296 5416 sianus
2336 5359 2452 5431 ipse
2497 5359 2601 5417 sibi
2639 5355 3068 5431 gratulabundus
3107 5353 3353 5429 agnoscit
3379 5354 3501 5412 loco
3547 5368 3712 5428 supra

2111 5453 2298 5522 citato,
2353 5451 2446 5509 ubi
2499 5468 2557 5509 se
2600 5451 2922 5524 adoptatum
2973 5466 3005 5506 a
3058 5449 3381 5507 beatissima:
3429 5449 3714 5505 memoria:

2113 5550 2323 5604 Joanne
2362 5545 2417 5602 in
2446 5545 2807 5602 ministerium
2835 5559 3077 5612 sacrum,
3115 5552 3277 5615 atque
3305 5541 3550 5598 oblatum
3591 5543 3712 5596 Deo

2080 5648 2526 5699 -commemorat.
2568 5639 2829 5712 Idemque
2851 5637 3142 5696 conﬁrmat
3174 5635 3496 5692 Theodorus
3527 5632 3709 5688 diaco-

2107 5751 2214 5794 nus
2238 5739 2404 5793 Rom.
2447 5733 2592 5808 apud
2628 5732 2926 5790 Palladium
2963 5730 3022 5787 in
3055 5729 3290 5800 dialogo.
3335 5724 3534 5796 Quidni
3560 5735 3708 5793 .vero

2107 5828 2199 5887 hic
2227 5829 2392 5886 etiam
2431 5826 2632 5900 aliquid
2661 5825 2898 5898 ampliu
2933 5831 3304 5884 autumemus,
3345 5824 3402 5871 et
3427 5813 3558 5869 dum
3585 5814 3712 5869 Cas-
