4052 6200
314 323 387 377 35
1182 316 1275 369 an
1313 313 1545 370 oesaa
1579 277 1860 371 JOANIVIS
1897 315 2201 374 cassum
2241 319 2769 378 PROLEGOMENA.
3560 337 3627 391 εδ

314 446 533 502 sianum
560 459 591 499 a
615 444 827 499 Joanne
860 438 1160 513 patriarcha
1184 440 1598 512 Constantinop.
1624 439 1915 498 diaconum
1943 443 1996 507 Α
2101 445 2182 499 Ex
2210 442 2310 512 his,
2355 445 2540 515 credo,
2585 446 2745 503 facile
2779 447 3186 518 animadvertis,
3228 452 3421 525 lector,
3460 472 3627 529 quam

317 540 634 598 ordinatum
667 534 942 604 audimus,
977 550 1090 590 non
1135 532 1302 589 modo
1345 532 1575 590 diaconii
1624 532 1814 590 ordine
1856 550 1920 591 ac

317 647 550 691 munere
591 630 883 700 initiatum,
937 625 1034 685 sed
1072 634 1128 684 et
1164 625 1633 682 archidiaconatus
1659 625 1916 700 dignitate

312 737 561 797 auctum,
608 724 1054 793 cumulatumque
1098 720 1432 777 sentiamus?
1474 720 1583 776 Cur
1621 720 1764 775 enim
1803 737 1916 777 non

316 827 485 883 etiam
527 821 886 880 subdiaconus
928 818 995 874 ab
1034 815 1228 873 eodem
1265 814 1534 871 diceretur
1571 815 1852 875 ordinatus
1899 837 1911 873 :

313 920 421 976 nisi
465 928 525 975 ut
557 917 816 974 diaconus
840 910 1286 980 antonomastice,
1336 908 1391 967 id
1432 918 1534 976 est,
1579 910 1914 969 archidiaco-

316 1029 444 1082 nus,
489 1027 585 1068 seu
634 1009 838 1080 primus
884 1003 1026 1059 inter
1071 1002 1333 1059 diaconos
1378 1002 1744 1075 intelligatur?
1791 1006 1917 1060 Non

315 1108 486 1173 enim,
517 1112 577 1159 ut
603 1100 785 1168 hodie,
814 1097 892 1155 sic
916 1097 1047 1152 olim
1068 1096 1324 1153 Ecclesia
1348 1110 1452 1152 usu
1487 1106 1764 1168 receptum
1790 1096 1913 1168 fuit,

316 1209 381 1256 ut
408 1192 770 1253 archidiaconi
807 1206 1034 1248 munere
1071 1188 1422 1263 fungerentur
1448 1191 1747 1263 presbyteri
1780 1210 1792 1247 :
1820 1193 1916 1250 sed

313 1307 381 1348 ex
423 1298 540 1348 toto
579 1290 934 1346 diaconorum
972 1284 1160 1341 ordine
1204 1300 1267 1340 ac
1314 1274 1545 1340 numero
1589 1285 1913 1356 paucissimi,

273 1385 461 1456 ’iique
503 1381 768 1455 aptissimi
816 1379 1188 1453 deligabantur
1235 1377 1619 1447 archidiaconi,
1668 1379 1759 1451 qui
1810 1380 1915 1451 epi-

311 1495 506 1555 scopo,
538 1478 649 1533 sive
676 1474 936 1548 pontiﬁci,
976 1473 1118 1529 velut
1159 1472 1301 1529 oculi
1337 1473 1515 1545 capiti,
1542 1474 1787 1546 proxime
1814 1475 1911 1531 de-

314 1574 616 1641 servirent,
650 1579 703 1626 et
742 1586 840 1641 pro
869 1584 934 1624 eo
961 1567 1271 1641 diligentius
1313 1567 1365 1622 in
1404 1566 1570 1623 domo
1615 1569 1715 1624 Dei
1753 1584 1914 1625 excu-

313 1668 527 1734 barent,
559 1673 619 1721 ut
656 1665 711 1720 in
738 1663 976 1721 Ecclesia
1004 1665 1255 1719 Romana
1287 1661 1670 1719 celeberrimus
1708 1671 1914 1736 martyr

306 1777 377 1817 ac
431 1760 589 1815 levita
648 1755 995 1825 Laurentius,
1042 1755 1097 1810 in
1142 1754 1425 1810 Valentina
1470 1755 1812 1823 Vincentius,
1856 1765 1910 1813 et

312 1857 615 1914 recentiore
645 1853 929 1920 memoria,
973 1851 1024 1905 in
1064 1850 1448 1921 Ultrajectensi
1480 1849 1827 1921 Aldebertus,
1855 1851 1908 1908 in

310 1952 429 2007 aliis
475 1950 565 2004 alii
594 1948 785 2003 fecisse
824 1947 1077 2017 leguntur
1111 1964 1123 1999 :
1172 1942 1262 2015 qui
1289 1942 1333 1998 si
1368 1943 1437 2000 ad
1476 1943 1762 2000 sacerdotii
1805 1945 1908 2002 bo-

310 2059 505 2099 norem
555 2039 793 2114 promoti
844 2038 1099 2105 fuissent,
1148 2036 1356 2093 diaconi
1404 2046 1499 2094 aut
1547 2036 1906 2096 archidiaconi

305 2153 427 2194 esse
467 2145 561 2192 aut
600 2134 704 2190 dici
742 2131 1039 2189 desiissent.
1079 2129 1256 2201 Hujus
1292 2138 1437 2185 certe
1470 2130 1763 2203 dignitatis,
1806 2132 1909 2189 sci-

309 2231 434 2286 licet
460 2225 945 2292 archidiaconatus,
991 2222 1367 2294 prarogativa,
1408 2223 1616 2279 cateris
1646 2223 1776 2280 item
1812 2224 1910 2282 do-

311 2323 478 2388 tibus,
520 2337 583 2377 ac
617 2318 905 2374 virtutibus
941 2314 1116 2372 eidem
1162 2314 1564 2385 accedentibus,
1602 2309 1655 2372 id
1682 2316 1905 2373 demum

306 2424 635 2474 consecutus
690 2412 900 2470 videtur
950 2411 1260 2477 Cassianus,
1313 2419 1374 2466 ut
1428 2410 1568 2466 inter
1617 2411 1903 2483 primarios

310 2511 567 2570 Ecclesia
609 2506 1017 2578 Constantinop.
1067 2503 1286 2560 clericos
1330 2503 1651 2576 deligeretur
1691 2505 1760 2562 ad
1801 2506 1905 2562 ob-

304 2605 542 2662 eundam
597 2618 694 2675 pro
746 2601 1142 2674 Chrysostomo
1190 2596 1543 2669 legationem.
1605 2598 1772 2672 Cujus
1826 2601 1905 2657 rei

212 2756 225 2765 ,
304 2700 460 2757 testis
504 2697 743 2769 locuples
792 2694 939 2751 idem
980 2694 1065 2749 ille
1099 2691 1420 2748 Theodorus
1467 2693 1721 2766 antiquus
1770 2696 1906 2751 scri-

301 2802 452 2866 ptor,
494 2792 584 2863 qui
632 2790 770 2845 inter
813 2788 949 2844 alias
988 2787 1283 2859 legationes
1321 2802 1418 2858 pro
1445 2787 1640 2844 eodem
1676 2788 1906 2862 Chryso-

297 2896 488 2943 stomo
543 2885 595 2939 in
644 2881 894 2940 exsilium
938 2888 1058 2936 acto
1097 2880 1165 2935 ab
1214 2880 1446 2936 Ecclesia
1487 2882 1900 2954 Constantinop.

298 2981 375 3037 ad
404 2976 778 3035 Innocentium
809 2975 1118 3048 pontiﬁcem
1151 2977 1317 3030 Rom.
1348 2976 1561 3040 missas,
1596 2975 1735 3032 hanc
1763 2979 1904 3033 Ger-

312 3075 460 3131 mani
506 3071 829 3146 presbyteri,
886 3078 940 3124 et
1004 3067 1242 3124 Cassiani
1307 3067 1516 3123 diaconi
1580 3068 1905 3141 legationem

2028 535 2201 627 inanis
2231 555 2293 595 ac
2330 539 2497 596 futilis
2536 540 2607 596 sit
2647 542 3011 614 quorumdam
3043 546 3247 617 opinio,
3294 549 3386 620 qui
3419 552 3628 608 Cassia-

2024 645 2155 687 num
2184 646 2215 687 a
2234 634 2305 686 D.
2331 632 2724 705 Chrysostomo
2751 633 3039 693 diaconum
3067 639 3400 712 ordinatum,
3430 643 3628 702 deinde

2025 733 2151 797 post
2193 725 2404 798 aliquot
2448 742 2620 785 annos
2670 728 2952 800 expulsum
3001 739 3055 788 et
3101 733 3416 807 ablegatum
3460 736 3628 796 fuisse

2023 818 2234 891 scriptis
2274 819 2655 891 prodiderunt,
2703 822 2852 878 nulla
2895 822 3057 896 hujus
3106 829 3428 900 suspicionis
3466 831 3623 889 allata

2026 929 2189 969 causa
2222 914 2303 969 vel
2336 914 2603 986 probabili
2633 925 2976 989 argumento,
3002 922 3307 991 prasertim
3350 940 3479 981 cum
3507 927 3624 983 nul-
3676 914 3680 919 ’

2022 1006 2110 1063 lus
2134 1016 2382 1064 veterum
2416 1009 2743 1088 scriptorum
2787 1011 2927 1068 hanc
2953 1022 3143 1071 notam
3172 1017 3427 1075 Cassiano
3470 1021 3624 1080 inus-

2021 1100 2154 1157 sisse
2182 1102 2404 1175 legatur.
2438 1103 2656 1172 Dicant,
2699 1104 2945 1176 obsecro,
2979 1108 3196 1179 quando
3227 1111 3372 1169 hunc
3401 1114 3470 1170 ab
3504 1115 3622 1187 ipso

2021 1196 2216 1267 expelli
2259 1196 2563 1269 contigerit,
2612 1198 2703 1269 qui
2751 1199 2914 1255 etiam
2955 1210 3081 1273 post
3123 1202 3241 1274 ejus
3273 1206 3520 1263 exsilium
3566 1209 3623 1265 in

2021 1288 2136 1359 ejus
2168 1288 2429 1360 obsequio
2478 1306 2847 1362 perseverasse
2891 1295 3262 1367 cognoscitur,
3314 1307 3369 1355 et
3414 1316 3513 1372 pro
3558 1318 3623 1359 eo

2021 1379 2283 1452 legatione
2329 1381 2551 1440 functus
2594 1384 2662 1441 ad
2703 1389 3087 1445 Innocentium
3132 1392 3491 1463 pontiﬁcem?
3530 1397 3623 1468 qui

2016 1475 2133 1547 ejus
2155 1475 2394 1533 defuncti
2418 1479 2743 1543 memoriam
2772 1481 2935 1538 tantis
2967 1481 3224 1541 laudibus
3252 1494 3306 1541 et
3360 1488 3622 1547 eneomiis

2020 1570 2249 1625 extulit?
2288 1571 2378 1643 qui
2427 1572 2589 1628 etiam
2629 1574 2814 1630 multis
2857 1583 2982 1648 post
3020 1577 3138 1649 ejus
3187 1579 3401 1636 obitum
3443 1582 3620 1651 annis,

2021 1670 2128 1718 tam
2162 1665 2482 1735 praclarum
2514 1666 2683 1723 edidit
2708 1683 2824 1725 sua
2849 1685 2975 1743 erga
3004 1671 3261 1728 eumdem
3302 1675 3619 1747 propensio-

2016 1755 2103 1811 nis
2127 1763 2185 1812 et
2229 1756 2588 1816 observantia
2625 1761 3024 1830 testimonium,
3067 1773 3128 1819 ut
3157 1766 3365 1821 nullam
3408 1769 3623 1839 penitus

2022 1849 2101 1903 vel
2148 1850 2527 1907 tenuissimam
2575 1852 2853 1925 reliquerit
2893 1855 3120 1929 alicujus
3162 1858 3459 1915 simultatis
3503 1877 3623 1918 sus-

2018 1940 2303 2012 picionem.
2358 1945 2564 2000 Verum
2612 1945 2775 2019 huius
2835 1948 3032 2006 erroris
3082 1951 3424 2008 occasionem
3490 1954 3623 2011 scite

2016 2036 2321 2093 observavit
2357 2037 2505 2095 card.
2537 2041 2800 2099 Baronius
2825 2059 2890 2098 ex
2918 2058 2984 2099 eo
3012 2059 3282 2113 manasse,
3314 2045 3463 2117 quod
3491 2063 3617 2103 cum

2014 2146 2115 2202 pro
2143 2134 2354 2189 Joanne
2383 2133 2780 2208 Chrysostomo
2813 2139 3097 2195 Cassianus
3138 2155 3265 2195 cum
3313 2140 3428 2196 aliis
3469 2141 3614 2212 ejus-

2013 2223 2138 2280 dem
2187 2227 2442 2284 Ecclesia
2487 2228 2692 2287 clericis
2731 2229 2897 2288 fuisse
2950 2232 3284 2304 reperiretur
3336 2234 3613 2306 expulsus,

2013 2317 2268 2374 eumdem
2292 2335 2322 2375 a
2347 2323 2559 2376 Joanne
2597 2323 2715 2393 ipso
2752 2325 3038 2393 expulsum
3074 2340 3171 2395 per
3200 2325 3489 2394 incuriam,
3524 2335 3618 2395 aut

2015 2412 2353 2467 oscitantiam
2383 2413 2738 2469 existimarint
2770 2434 2781 2468 :
2814 2431 2940 2470 cum
2979 2431 3090 2470 non
3116 2417 3187 2470 ab
3214 2417 3352 2487 ipso,
3383 2416 3477 2473 sed
3512 2433 3612 2489 pro

2015 2503 2151 2576 ipso,
2190 2514 2242 2561 et
2270 2506 2386 2577 ejus
2427 2521 2587 2561 causa
2616 2513 2746 2562 tunc
2778 2506 3068 2580 contigerit
3109 2524 3234 2563 cum
3272 2508 3387 2564 aliis
3434 2518 3612 2567 extor-

2016 2612 2131 2653 rem
2159 2597 2290 2653 ﬁeri.
2337 2600 2537 2653 Verum
2565 2598 2633 2654 ad
2674 2599 2775 2655 alia
2814 2599 3243 2673 progrediamur.
3289 2601 3614 2661 Perfunctus

2015 2707 2075 2747 ea
2122 2690 2392 2762 legatione
2430 2692 2717 2749 Cassianus
2752 2692 2885 2764 quid
2912 2693 3162 2767 deinceps
3191 2696 3378 2766 egerit,
3418 2713 3529 2769 quo
3558 2712 3617 2753 se

2015 2788 2235 2843 verterit
2264 2795 2416 2844 tanto
2458 2794 2678 2859 parente
2716 2798 2771 2845 et
2816 2796 3042 2861 patrono
3086 2805 3184 2846 suo
3223 2789 3615 2863 Chrysostomo

2015 2881 2370 2952 postmodum
2395 2882 2637 2950 orbatus,
2667 2883 2939 2940 Baronius
2971 2882 3154 2955 paucis
3190 2883 3368 2940 verbis
3392 2884 3461 2938 ita
3489 2900 3613 2956 per-

2014 2974 2227 3029 strinxit
2256 2998 2267 3030 :
2299 2978 2425 3031 Post
2450 2978 2578 3039 hac,
2612 2977 2901 3033 Cassianus
2923 2960 3201 3046 profectus
3231 2980 3286 3030 in
3320 2981 3613 3047 Egyptum

2013 3070 2093 3123 ibi
2108 3072 2458 3125 monasticam
2476 3087 2505 3123 r
2512 3073 2644 3124 itam
2655 3072 2888 3124 excolere
2905 3073 3078 3140 capit,
3106 3071 3335 3140 indeque
3345 3072 3617 3125 scribendi

298 3178 501 3244 .quarto
544 3167 665 3222 loco
699 3161 1028 3229 describens,
1060 3162 1138 3215 ita
1168 3161 1378 3216 orditur
1405 3182 1417 3217 ε
1448 3166 1571 3218 Post
1596 3165 1906 3222 Palladium
1936 3179 1979 3241 ρ
2019 3161 2334 3217 Collationes
2366 3165 2593 3217 Patrum
2632 3163 2816 3216 hausit
2840 3167 3237 3231 argumentum.
3270 3167 3469 3218 Exstat
3508 3166 3610 3219 Isi-

300 3269 608 3324 Gmmanus
630 3259 932 3329 presbyter,
959 3257 1347 3325 Cassianusque
1369 3257 1643 3320 diaconus,
1666 3261 1777 3313 τῖ’νί
1795 3276 1909 3315 ma-

310 3374 432 3429 gna.
460 3347 756 3423 γρῑιίυίοιηέ,
783 3354 1011 3414 litteras,
1033 3351 1102 3403 ab
1120 3352 1267 3404 omni
1289 3352 1425 3404 clero
1448 3354 1667 3407 Joannis
1700 3356 1899 3409 attule-

312 3458 459 3515 runt,
489 3450 810 3504 continentes
832 3447 1117 3502 Ecclesium
1142 3446 1315 3514 ipsam
1332 3446 1674 3513 tyrannidem
1686 3463 1902 3516 perpes-

298 3563 421 3601 sam
447 3546 639 3613 fuisse,
671 3543 907 3611 episcopo
925 3556 1027 3610 per
1050 3541 1157 3593 vim
1180 3540 1411 3593 militum
1436 3539 1614 3607 ejeeto,
1642 3542 1771 3594 etin
1810 3558 1901 3595 ex-

301 3644 483 3695 silium
533 3641 713 3700 misso,
772 3643 877 3691 etc.
932 3632 1037 3690 Sed
1078 3641 1131 3688 et
1177 3632 1319 3688 idem
1364 3634 1712 3690 Innocentius
1764 3651 1897 3707 papa

230 3800 233 3803 _
294 3735 543 3807 ejusdem
624 3731 878 3788 Ecclesia
954 3728 1564 3799 Constantinopolitanae
1620 3730 1765 3785 clero
1833 3745 1897 3786 ac

298 3829 499 3901 pepulo
530 3824 854 3892 rescribeus,
898 3823 969 3878 ita
1008 3838 1234 3878 exorsus
1262 3831 1344 3878 est
1376 3843 1386 3878 :
1420 3827 1507 3879 Εεε
1550 3825 1742 3878 litteris
1775 3826 1897 3878 cha-

301 3924 481 3977 r-itatis
524 3926 736 3983 vestra),
776 3934 911 3989 quas
936 3933 1034 3988 per
1064 3918 1389 3974 Germanum
1416 3919 1812 3988 presbyterum,
1848 3921 1899 3971 et

296 4019 615 4072 Cassianum
654 4015 895 4076 misistis,
926 4020 1029 4068 etc.
1083 4015 1159 4066 De
1186 4010 1289 4066 hac
1323 4026 1486 4082 porro
1526 4010 1812 4082 legatione,
1844 4018 1898 4064 et

295 4113 598 4182 legatorum
622 4111 792 4165 altero
821 4108 1075 4164 Cassiano
1115 4105 1342 4162 diacono
1380 4114 1693 4177 nuncupato
1731 4118 1896 4176 agens

295 4204 604 4261 Baronius:
650 4209 748 4260 Est
774 4204 990 4266 mentio,
1033 4200 1207 4274 inquit
1236 4202 1367 4266 (Ubi
1402 4202 1629 4269 supra),
1670 4198 1735 4251 de
1771 4198 1896 4253 Cas-

292 4300 447 4353 siano
475 4300 531 4349 in
563 4297 756 4348 litteris
785 4297 1078 4348 Innocentii
1092 4310 1251 4361 papa?
1279 4295 1354 4346 ad
1392 4296 1603 4348 clericos
1632 4294 1895 4348 Constan-

298 4391 675 4458 tinopolitanos
688 4406 702 4439 :
717 4401 871 4455 quem
885 4384 1100 4453 quidem
1121 4386 1437 4437 Cassianum
1456 4386 1605 4435 illum
1612 4390 1890 4451 putamus,

295 4483 448 4551 cujus
491 4486 617 4536 sunt
660 4479 973 4535 Collationes
1018 4478 1263 4531 Patrum.
1311 4477 1449 4531 Nam
1492 4478 1541 4527 et
1583 4476 1893 4530 Gennadius

2017 3256 2434 3312 doriPelusiota:
2460 3257 2533 3309 ad
2561 3257 2876 3313 Cassianum
2897 3257 3139 3326 epistola,
3163 3273 3279 3310 cum
3311 3272 3603 3325 aggressus

2010 3355 2143 3405 esset
2169 3352 2337 3404 tritam
2371 3353 2722 3409 monasticam
2746 3352 3012 3419 proﬁteri,
3045 3365 3153 3419 qua
3182 3366 3299 3404 eum
3326 3352 3383 3403 in
3416 3353 3611 3419 primis

2009 3444 2113 3496 sibi
2155 3443 2495 3497 coercendam
2528 3458 2637 3496 esse
2667 3444 2910 3511 linguam
2946 3443 3210 3496 admonit.
3242 3445 3323 3498 Ita
3348 3445 3611 3501 Baronius

2008 3550 2073 3590 eo
2113 3535 2382 3589 sermonis
2415 3534 2553 3604 ston
2598 3549 2751 3602 usus,
2796 3533 2946 3606 quasi
2976 3533 3218 3590 indicare
3246 3534 3370 3590 velit
3399 3535 3606 3592 Cassia-

2006 3643 2139 3682 num
2170 3634 2288 3681 tum
2331 3624 2551 3681 demum
2581 3635 2704 3697 post
2733 3625 3057 3699 legationem
3085 3643 3183 3700 pro
3212 3628 3604 3701 Chrysostomo

2005 3722 2209 3777 obitam
2246 3720 2551 3793 profectum
2582 3721 2635 3776 in
2687 3724 3000 3794 (Egyptum,
3042 3722 3209 3778 vitam
3248 3723 3608 3780 monasticam

2006 3818 2252 3873 excolere
2298 3833 2360 3872 ac
2417 3816 2654 3889 proﬁteri
2702 3816 2953 3888 coepisse.
3008 3820 3143 3888 Qua
3194 3817 3480 3887 sententia,
3526 3820 3607 3875 vel

2006 3911 2247 3983 opinatio
2278 3912 2350 3966 ita
2396 3911 2621 3982 praecise
2667 3919 2907 3982 accepta,
2963 3919 3017 3967 et
3049 3913 3200 3968 nullo
3241 3913 3344 3968 alio
3387 3922 3608 3971 auctore

2004 4005 2149 4074 nixa,
2190 4020 2313 4060 cum
2359 4004 2532 4060 verbis
2577 4003 2741 4076 ipsius
2772 4004 3011 4061 Cassiani
3056 4014 3200 4061 stare
3240 4010 3446 4077 nequit,
3490 4006 3607 4077 qui-

2003 4097 2106 4154 bus
2152 4096 2329 4170 ipsum
2372 4113 2482 4154 non
2533 4098 2701 4154 modo
2749 4107 2873 4154 ante
2926 4100 3269 4172 legationem,
3315 4115 3503 4155 verum
3554 4107 3607 4155 et

2004 4192 2179 4248 multo
2210 4199 2336 4247 ante
2361 4207 2582 4246 omnem
2609 4191 2985 4264 Chrysostomi
3020 4193 3265 4247 notitiam
3301 4200 3353 4247 et
3379 4208 3606 4250 consue-
3633 4220 3639 4227 ·

2002 4284 2267 4349 tudinem,
2310 4283 2481 4338 immo
2518 4282 2585 4338 ab
2633 4283 2761 4354 ipsis
2802 4284 3041 4356 pueritia
3080 4285 3402 4340 rudimentis
3437 4285 3600 4341 vitam

2003 4376 2359 4432 monasticam
2405 4376 2735 4448 excoluisse,
2782 4394 3007 4451 eamque
3046 4386 3164 4434 tum
3208 4379 3262 4433 in
3311 4379 3596 4447 coenobio,

2001 4476 2119 4523 tum
2168 4470 2224 4524 in
2253 4484 2438 4525 eremo
2478 4470 2655 4543 palam
2697 4472 3000 4543 professum
3039 4488 3154 4529 esse
3193 4473 3441 4544 superius
3481 4473 3600 4530 luce

293 4579 434 4632 hunc
458 4574 697 4629 eumdem
726 4588 760 4625 a
790 4575 990 4626 Joanne
1019 4570 1385 4638 Chrysostomo
1423 4568 1706 4622 diaconum
1744 4570 1889 4623 ordi—
1916 4556 1967 4618 D
2000 4562 2300 4619 meridiana
2352 4564 2549 4621 clarius
2586 4565 2946 4622 ostendimus.
2991 4569 3193 4623 Verum
3237 4567 3352 4623 ﬁeri
3397 4577 3595 4640 potest,

292 4673 485 4724 natum
514 4666 718 4721 tradit:
748 4663 880 4717 adeo
900 4667 961 4717 ut
974 4664 1072 4732 qui
1093 4665 1336 4717 astruere
1362 4662 1490 4715 relit
1515 4662 1654 4715 hunc
1682 4664 1891 4719 Cassia-

291 4778 421 4817 num
449 4762 720 4816 diversum
757 4774 885 4822 esse,
912 4757 1045 4811 duos
1072 4771 1275 4810 necesse
1302 4756 1517 4819 habent,
1549 4761 1611 4810 ut
1649 4759 1891 4825 afﬁrmet

284 4857 508 4909 Joannis
561 4852 940 4922 Chrysostomi,
996 4850 1231 4919 ejusdem
1276 4851 1506 4902 nominis
1556 4854 1606 4903 et
1653 4854 1889 4906 muneris

288 4954 460 5020 fuisse
501 4952 812 5019 discipulos,
848 4949 1060 5003 nomine
1094 4948 1394 5008 Cassianos,
1428 4947 1738 5017 eosdemque
1771 4948 1891 5003 dia-

288 5060 461 5100 conos.
494 5045 630 5097 Haec
668 5041 952 5110 Baronius,
979 5057 1170 5111 unum,
1208 5049 1263 5096 et
1291 5041 1547 5096 eumdem
1570 5042 1891 5098 Cassianum

294 5153 392 5208 pro
419 5135 806 5207 Chrysostomo
841 5133 1077 5204 legatum
1113 5144 1167 5190 et
1196 5135 1523 5191 Collatorem
1554 5150 1668 5190 esse
1693 5135 1890 5190 conﬁr-

216 5266 229 5279 .
291 5246 466 5286 mans.
512 5227 721 5298 Quibus
763 5227 928 5294 addo,
975 5228 1087 5299 pari
1140 5236 1483 5299 argumento,
1520 5243 1631 5282 non
1671 5236 1884 5283 tantum

287 5324 427 5379 duos
461 5322 767 5390 Cassianos,
806 5320 900 5377 sed
927 5328 978 5375 et
1016 5320 1151 5376 duos
1180 5320 1364 5375 itidem
1393 5322 1700 5377 Germanos
1738 5336 1885 5391 pres-

289 5418 507 5489 byteros
547 5415 787 5487 ejusdem
830 5414 1203 5486 Chrysostomi
1259 5413 1550 5484 discipulos
1596 5422 1649 5467 et
1689 5422 1883 5469 coaeta-

285 5525 446 5579 neos;
494 5509 731 5581 alioquin
772 5508 983 5564 admitti
1036 5516 1310 5579 oportere,
1360 5507 1591 5562 alterum
1640 5506 1882 5563 videlicet

283 5602 523 5659 Cassiani
550 5602 691 5657 illius
717 5616 815 5673 pro
853 5600 1247 5674 Chrysostomo
1285 5600 1465 5672 legati,
1490 5601 1720 5656 alterum
1753 5617 1878 5657 vero

256 5696 451 5752 nostri
479 5693 767 5752 Collatoris
795 5694 849 5749 in
874 5694 963 5750 illa
1004 5694 1429 5767 peregrinatione
1463 5703 1515 5750 et
1544 5694 1877 5767 professione

282 5789 582 5847 monastica
612 5788 821 5845 socium
850 5797 905 5846 et
938 5788 1230 5861 collegam;
1275 5788 1422 5861 quod
1458 5790 1600 5845 nulla
1634 5799 1872 5859 veterum

284 5885 602 5943 auctoritate
640 5892 734 5942 aut
774 5884 1039 5942 memoria
1072 5882 1403 5956 suffragante
1436 5884 1558 5955 quis
1587 5883 1874 5941 admittat?

1998 4670 2052 4717 et
2090 4661 2323 4733 proclive
2352 4661 2650 4718 admodum
2684 4672 2766 4719 est
2802 4664 3040 4733 credere,
3081 4665 3402 4721 Cassianum
3441 4665 3601 4721 abso-

1997 4755 2114 4811 luto
2141 4754 2420 4828 legationis
2452 4753 2633 4810 ofﬁcio
2666 4758 2805 4811 etB.
2836 4756 3253 4829 Chrysostomo,
3290 4766 3349 4813 ut
3388 4758 3599 4815 dictum

1997 4859 2102 4919 est,
2133 4849 2291 4921 paulo
2331 4858 2455 4920 post
2500 4847 2781 4912 defuncto,
2821 4856 3063 4906 maerore
3104 4851 3291 4921 animi,
3325 4859 3379 4906 et
3414 4868 3599 4909 rerum
3644 4887 3649 4893 ι

1997 4943 2362 5001 humanarum
2403 4943 2564 5000 tadio
2594 4942 2883 5013 affectum;
2929 4952 2984 5000 et
3028 4945 3265 5016 pristinae
3308 4956 3597 5005 consuetu-

1996 5038 2137 5094 dinis
2192 5047 2247 5093 et
2294 5036 2549 5093 consortii
2597 5039 2690 5096 SS.
2743 5040 2966 5094 Patrum
3022 5038 3076 5093 in
3123 5041 3241 5112 ejus
3284 5040 3599 5113 praecordiis

1995 5132 2342 5187 reviviscente
2365 5133 2627 5188 memoria
2656 5149 2718 5188 ac
2757 5132 3028 5189 desiderio
3076 5134 3433 5203 stimulatum,
3477 5153 3596 5193 rur-

1990 5242 2084 5282 sus
2108 5230 2403 5299 rEgyptum
2435 5237 2489 5284 et
2518 5227 2842 5284 Palestinam
2874 5229 3170 5301 repetiisse,
3206 5239 3370 5302 atque
3396 5230 3593 5288 ibidem

1988 5321 2129 5377 inter
2179 5322 2478 5379 monachos
2528 5323 2689 5378 vitam
2742 5324 3103 5380 monasticam
3155 5325 3473 5393 excoluisse,
3540 5332 3596 5379 et

1988 5412 2291 5470 doctrinam
2339 5416 2556 5472 ineunte
2602 5424 2763 5473 atate
2824 5427 3137 5490 perceptam
3191 5419 3353 5473 altius
3406 5416 3589 5473 animo

1988 5508 2283 5578 imbibisse,
2315 5527 2377 5566 ac
2420 5513 2702 5569 memoria
2741 5513 3178 5582 commendasse,
3207 5530 3369 5584 quam
3402 5520 3589 5584 postea

1984 5602 2286 5661 litterarum
2344 5608 2714 5663 monumentis
2770 5607 3123 5679 consignavit.
3199 5608 3322 5676 Quo
3370 5603 3589 5677 quidem

1981 5706 2252 5768 spectasse
2281 5698 2581 5755 credendus
2611 5710 2695 5756 est
2722 5701 2989 5758 Baronius
3039 5722 3052 5760 :
3096 5708 3189 5773 qui
3221 5708 3404 5754 tamen
3440 5696 3590 5755 haud

1982 5789 2138 5847 facile
2188 5793 2429 5848 excusari
2477 5802 2677 5865 potest,
2729 5794 2877 5866 quod
2907 5796 2964 5853 id
3008 5797 3093 5859 ita
3141 5793 3485 5867 expresserit,
3532 5801 3593 5869 ut

1984 5893 2100 5940 tum
2134 5886 2369 5957 primum
2398 5888 2625 5959 coepisse
2659 5889 2967 5961 signiﬁcare
3005 5890 3271 5948 videatur.
3305 5887 3467 5960 Quod
3498 5905 3590 5946 au-
