4052 6200
286 320 361 373 37
1475 307 1851 366 PREFATIO
1889 308 2145 364 ALARDI
2182 307 2425 364 GAZAEI.
3537 319 3605 373 3g

293 451 405 499 tem
427 441 496 497 ad
522 440 668 497 illam
691 439 887 495 attinet
916 437 1113 495 lsidori
1141 436 1429 494 Pelusiota
1452 435 1765 508 epistolam,
1791 450 1899 507 qua
1930 431 2296 505 Apaganda,
2322 439 2377 488 et
2406 432 2595 489 salutis
2636 433 2946 490 animarum
2989 435 3371 506 procuranda,
3422 439 3604 498 studio

286 533 609 591 Cassianum
634 531 703 589 de
730 531 989 588 frenanda
1033 531 1226 605 lingua
1267 529 1486 587 licentia
1522 529 1665 587 serio
1703 529 1891 586 admo-

296 626 431 695 nuit,
469 641 593 681 eam
637 625 862 698 quidem
914 625 984 682 ad
1027 624 1346 683 Cassianum
1395 634 1651 680 nostrum
1696 638 1894 680 mona-

286 720 459 776 chum
485 720 748 792 scriptam
776 736 893 778 esse
920 737 1047 778 cum
1074 720 1311 778 Baronio
1335 720 1511 778 sentio
1553 739 1566 774 :
1602 718 1899 791 praesertim

292 831 423 872 cum
455 824 674 873 constet
710 816 963 873 Cassiano
1005 826 1356 874 coataneum
1379 857 1395 884 ,
1419 824 1476 872 et
1511 814 1756 887 ejusdem
1792 829 1902 869 ma-

284 908 450 981 gistri
468 909 840 982 Chrysostomi
864 908 1203 982 discipulum
1230 908 1391 965 fuisse
1414 908 1567 964 illum
1592 906 1857 963 lsidorum
1885 942 1897 977 ι

294 1018 413 1059 non
442 1012 622 1059 tamen
647 1019 712 1060 eo
741 1012 993 1076 tempore
1018 1011 1079 1058 et
1104 1009 1293 1070 atate,
1333 1016 1437 1072 qua
1467 1001 1577 1056 vult
1599 999 1899 1062 Baronius;

289 1104 354 1151 at
381 1096 555 1152 multo
585 1107 746 1166 ante,
774 1112 912 1152 cum
953 1095 1131 1152 adhuc
1149 1095 1362 1167 juvenis
1410 1094 1464 1149 in
1509 1092 1762 1150 coenobio
1806 1094 1899 1150 illo

295 1187 719 1245 Bethleemitico
758 1196 940 1260 ageret
1001 1187 1169 1245 Nimis
1210 1187 1356 1242 enim
1391 1186 1707 1243 indecorum
1733 1195 1789 1243 et
1811 1186 1898 1242 in-

289 1297 615 1354 congruum
638 1268 825 1337 fuisset
850 1280 1164 1336 Cassianum
1188 1280 1306 1352 jam
1343 1288 1507 1337 atate
1544 1287 1894 1351 provectum,

282 1386 353 1432 et
397 1383 516 1431 tam
564 1374 772 1441 ofﬁcio,
810 1373 960 1445 quod
1021 1372 1124 1429 sub
1176 1373 1575 1445 Cbrysostomo
1618 1384 1858 1445 gesserat
1879 1417 1894 1444 ,

288 1484 464 1540 quam
492 1468 629 1524 adeo
648 1466 957 1523 honoriﬁca
993 1468 1260 1548 legatione
1295 1468 1364 1525 ad
1400 1484 1683 1525 summum
1713 1471 1894 1540 ponti-

290 1562 452 1618 ﬁcem
477 1561 681 1628 habita,
712 1562 925 1618 clarum
949 1571 1004 1618 et
1028 1562 1297 1619 illustrem
1318 1602 1333 1630 ,
1360 1562 1532 1618 immo
1559 1571 1614 1618 et
1639 1564 1897 1635 religione

286 1656 669 1728 conspicuum,
699 1655 915 1725 silentii,
961 1660 1015 1713 et
1035 1644 1358 1714 coercenda
1381 1656 1601 1727 lingua,
1629 1656 1698 1713 ad
1728 1658 1897 1713 instar

295 1765 612 1822 puerorum,
638 1749 941 1806 admoneri.
975 1749 1135 1820 Quod
1181 1765 1249 1807 ex
1288 1750 1404 1822 ipso
1448 1751 1614 1806 etiam
1651 1750 1893 1823 epistola

287 1813 545 1899 centextu
590 1813 766 1915 quivis
803 1843 966 1901 facile
996 1813 1324 1916 judicabit:
1347 1845 1626 1901 Caterum
1673 1813 1784 1917 qua
1827 1862 1895 1901 ex
1931 1813 1980 1874 B

293 1951 454 1992 causa
494 1937 574 1991 vel
613 1936 899 1992 occasione
946 1936 1234 1994 Cassianus
1277 1952 1347 1993 ex
1392 1940 1623 2010 Egypto
1668 1938 1749 1993 vel
1799 1941 1900 1994 Pa-

298 2029 486 2085 lestina
518 2028 741 2085 tandem
770 2029 825 2085 in
854 2030 1055 2087 Gallias
1098 2031 1478 2099 transmearit,
1507 2038 1563 2086 et
1604 2032 1897 2087 Massiliam

291 2120 485 2179 Gallia
539 2122 907 2179 Narbonensis
976 2122 1158 2179 nobile
1214 2124 1524 2195 emporium
1599 2124 1897 2194 appulerit,

296 2216 402 2285 etsi
441 2230 471 2270 a
495 2215 709 2271 nemine
736 2215 1014 2287 proditum
1039 2216 1232 2284 sciam,
1262 2217 1459 2287 opinor
1484 2223 1673 2269 tamen
1698 2213 1903 2300 id.ejus

302 2310 553 2380 temporis
613 2309 948 2379 calamitati,
996 2318 1052 2365 et
1122 2309 1513 2365 bareticorum
1566 2307 1901 2379 improbitati

300 2402 700 2459 ascribendum.
754 2410 918 2460 Anno
969 2402 1236 2472 siquidem
1279 2401 1665 2459 incarnationis
1716 2403 1903 2458 Domi-

300 2495 435 2552 nica
458 2500 564 2551 416
582 2495 806 2567 contigit
834 2495 1228 2551 monasterium
1252 2493 1382 2551 illud
1408 2493 1897 2562 Bethleemiticum,

300 2589 355 2645 in
386 2605 495 2662 quo
524 2590 813 2647 Cassianus
862 2591 1221 2645 monasticam
1258 2589 1434 2644 vitam
1473 2586 1747 2659 professus
1790 2585 1907 2644 fue-

298 2693 403 2754 rat,
437 2702 469 2740 a
500 2685 795 2758 Pelagianis
825 2684 1003 2741 invadi
1029 2726 1044 2754 ,
1075 2683 1256 2756 diripi,
1285 2698 1351 2739 ac
1378 2681 1777 2755 propemodum
1815 2682 1903 2739 de-

296 2779 527 2845 vastari,
572 2781 892 2836 connivente
936 2780 1147 2834 Joanne
1216 2777 1473 2848 episcopo
1516 2776 1905 2847 Hierosolymi-

298 2879 449 2938 tano,
484 2872 538 2927 in
581 2872 802 2939 odium,
838 2879 899 2927 ut
934 2869 1191 2938 creditur,
1235 2872 1313 2925 D.
1364 2868 1686 2941 Hieronymi
1724 2867 1902 2925 adhuc

294 2967 623 3037 supertitis,
652 2974 713 3022 ut
743 2965 910 3021 refert
949 2964 1222 3021 Baronius
1264 2964 1323 3019 in
1364 2964 1559 3019 Annal.
1597 2963 1714 3032 Qua
1739 2962 1807 3019 de
1844 2978 1903 3018 rc

294 3068 513 3115 exstant
556 3060 748 3116 litterae
776 3061 1059 3114 lnnocent.
1109 3071 1262 3130 papa
1307 3056 1376 3112 ad
1416 3056 1673 3112 eumdem
1708 3056 1900 3112 Hiero-

2002 525 2376 583 vebementius
2394 526 2775 598 inardesceret,
2805 528 3116 602 multosque
3144 531 3424 605 utriusque
3447 548 3610 593 sexus

2005 604 2347 677 Christianos
2394 619 2457 676 iis
2492 620 2548 675 in
2590 621 2722 677 locis
2766 622 2836 679 ad
2882 624 3213 697 Evangelica
3263 604 3611 698 perfectionis

2003 714 2258 771 semitam
2297 714 2656 771 insistendam
2695 723 2814 772 tum
2839 718 3028 789 verbo,
3076 727 3197 776 tum
3235 723 3488 794 exemplo
3513 724 3610 780 ad-

2005 807 2249 885 duxisset
2278 829 2292 865 :
2329 808 2474 880 apud
2510 809 2811 866 Massiliam
2845 810 2954 868 duo
2980 816 3310 872 monasteria
3328 858 3343 886 ,
3372 818 3610 875 virorum

2013 886 2206 970 unum,
2232 901 2470 969 alterum
2499 901 2792 959 mulierum
2819 905 3146 974 condidisse,
3193 908 3374 982 ibique
3398 911 3610 984 regula-

2011 996 2088 1053 ris
2110 1012 2179 1052 ac
2216 996 2533 1053 monastica
2574 996 2877 1068 disciplina
2919 999 3288 1070 stabilienda,
3317 1011 3373 1059 et
3412 1004 3480 1062 ad
3507 1021 3610 1078 po-

2009 1097 2188 1149 steros
2208 1090 2639 1147 transmittenda
2676 1092 2959 1162 praelata,
2986 1101 3044 1149 et
3064 1094 3237 1151 solida
3268 1094 3463 1167 jecisse
3490 1097 3613 1156 fun-

2008 1183 2283 1253 damenta,
2328 1184 2493 1241 iidem
2516 1184 2589 1240 illi
2632 1193 2887 1243 auctores
2922 1195 3070 1243 sunt.
3118 1187 3282 1245 Unde
3315 1198 3371 1245 et
3410 1206 3612 1249 nomen

2006 1277 2223 1335 abbatis
2270 1294 2335 1335 ac
2379 1263 2785 1336 ceenobiarcba
2831 1279 3086 1352 deinceps
3131 1280 3208 1336 illi
3249 1283 3445 1340 merito
3478 1284 3617 1342 indi—

2007 1380 2125 1427 tum
2166 1370 2336 1431 fuerit
2369 1393 2382 1429 :
2431 1374 2537 1430 nisi
2589 1375 2709 1446 quis
2758 1373 2827 1430 ad
2869 1375 3110 1447 priscum
3152 1392 3368 1434 morem
3407 1378 3613 1438 referre

2004 1467 2180 1536 malit,
2208 1484 2318 1540 quo
2342 1468 2490 1525 soliti
2521 1468 2868 1526 anachoreta
2902 1470 3167 1540 seniores,
3195 1480 3293 1527 aut
3317 1472 3615 1531 sanctiores

2004 1574 2137 1616 voce
2160 1562 2296 1633 Syra
2318 1564 2492 1626 abba,
2522 1562 2604 1618 vel
2636 1562 2827 1618 Latina
2858 1568 3047 1635 patres
3096 1565 3407 1635 promiscue
3434 1567 3615 1639 appel-

2002 1652 2099 1710 lari
2127 1674 2139 1710 :
2169 1656 2452 1727 quomodo
2480 1665 2536 1712 et
2559 1657 2850 1713 Cassianus
2889 1672 3052 1714 suum
3084 1658 3424 1717 Germanum
3449 1658 3615 1717 abba-

2006 1756 2121 1804 tem
2146 1751 2347 1821 passim
2387 1751 2655 1807 nominat.
2686 1754 2876 1822 Neque
2902 1768 3030 1808 vero
3057 1753 3497 1824 pratereundum
3529 1755 3613 1810 his

2008 1838 2176 1896 afﬁne
2190 1850 2247 1896 et
2271 1842 2654 1911 conjunctum,
2685 1859 2785 1898 nec
2811 1844 2992 1899 minus
3022 1845 3381 1902 honorarium
3432 1848 3618 1903 domui

2008 1933 2365 2001 vocabulum,
2412 1933 2562 2005 quod
2609 1933 2857 2004 epistola
2892 1936 3134 1991 Castoris
3178 1937 3400 2007 prafert
3429 1938 3615 1995 inscri-

2009 2026 2123 2098 ptio
2146 2043 2159 2081 :
2182 2026 2275 2082 Ad
2293 2041 2567 2082 nonnum
2588 2027 2907 2082 Cassianum
2930 2028 3181 2082 abbatem
3199 2030 3606 2086 Massiliensem.

2009 2123 2168 2175 Hanc
2212 2119 2359 2174 enim
2405 2135 2597 2175 vocem
2639 2119 2739 2174 etsi
2788 2120 2968 2175 minus
3021 2120 3308 2190 Latinam,
3358 2129 3541 2179 tamen
3587 2141 3619 2180 a

2010 2213 2199 2270 multis
2222 2212 2438 2270 saculis
2480 2212 2536 2268 in
2567 2213 2809 2268 Ecclesia
2830 2213 3087 2269 usitatam
3109 2254 3125 2282 ,
3155 2215 3518 2287 eamdemque
3545 2217 3619 2273 vi-

2010 2308 2085 2364 ris
2112 2308 2446 2376 clarissimis,
2473 2323 2537 2363 ac
2561 2306 2795 2364 subinde
2824 2309 2990 2364 etiam
3027 2309 3227 2366 sanctis
3248 2349 3264 2378 ,
3308 2310 3473 2367 tribui
3495 2311 3622 2367 soli-

2009 2409 2146 2470 tam,
2199 2409 2398 2473 prater
2442 2402 2596 2473 istius
2650 2400 2894 2472 epistola
2931 2401 3367 2472 testimonium;
3418 2412 3623 2477 prater

2008 2496 2416 2569 antiquissimae
2460 2495 2648 2553 itidem
2677 2496 2933 2552 Ecclesia
2977 2496 3249 2566 Litanias,
3289 2514 3415 2571 qua
3463 2515 3615 2557 sum-

2010 2606 2167 2646 mum
2222 2589 2536 2661 pontiﬁcem
2595 2591 2850 2645 domuum
2909 2591 3271 2662 apostolicum
3310 2592 3614 2665 appellant,

2011 2684 2185 2740 multa
2235 2692 2534 2756 suppetunt
2571 2683 2675 2741 alia
2713 2692 2961 2739 veterum
3003 2685 3230 2741 Patrum
3282 2686 3612 2744 testimonia.

2010 2777 2256 2833 Primum
2287 2776 2477 2833 Evodii
2503 2768 2741 2849 episcopi
2769 2778 3053 2835 Uzalensis
3082 2779 3137 2834 in
3176 2779 3326 2836 libris
3358 2780 3428 2837 de
3457 2783 3616 2838 mira-

2010 2872 2145 2928 culis
2180 2874 2237 2928 S.
2286 2870 2541 2943 Stephani
2575 2870 2718 2943 apud
2754 2875 2821 2927 D.
2855 2873 3247 2944 Augustinum,
3272 2874 3362 2930 ubi
3391 2875 3449 2930 S.
3482 2879 3618 2941 Pro,-

2010 2946 2372 3036 tomartyrem
2424 2963 2628 3034 sapius
2672 2964 2932 3017 domuum
2983 2963 3322 3034 Stephanum
3370 2974 3528 3021 vocat
3567 2977 3622 3023 et

2009 3058 2263 3135 domuum
2295 3072 2480 3113 meum
2506 3057 2857 3124 Uzalensem,
2886 3056 3208 3129 primarium
3233 3057 3351 3129 ejus
3401 3057 3503 3113 loci
3537 3059 3617 3114 vi-

296 3168 555 3225 nymum.
590 3156 832 3223 Quarum
863 3151 1147 3209 occasione
1178 3151 1465 3207 turbarum
1495 3166 1757 3222 perquam
1786 3166 1900 3206 cre-
1939 3184 1984 3246 C
2012 3166 2135 3206 rum
2176 3150 2500 3222 intelligens.
2532 3150 2787 3205 Alterum
2832 3154 2905 3206 D.
2934 3149 3215 3206 Benedicti
3243 3166 3291 3205 c.
3334 3156 3402 3207 63
3436 3153 3616 3224 Regu-
3692 3163 3700 3170 '

290 3243 464 3301 dibile
507 3245 722 3301 videtur
759 3246 1080 3302 Cassianum
1129 3260 1195 3300 ex
1226 3245 1414 3321 longa
1469 3244 1558 3298 illa
1604 3244 1902 3316 peregrina-

296 3339 459 3393 tione
496 3352 798 3404 reversum,
831 3352 963 3390 cum
1006 3338 1115 3390 illic
1135 3344 1255 3391 tuto
1291 3352 1355 3390 ac
1378 3336 1558 3404 quiete
1608 3336 1903 3393 consistere

294 3442 418 3483 non
446 3426 651 3494 liceret,
676 3426 979 3483 Gallicanas
1009 3436 1187 3499 partes
1213 3427 1498 3499 appetiisse
1517 3469 1531 3497 ,
1561 3443 1626 3484 ac
1657 3427 1903 3499 demum,

300 3523 422 3576 Deo
446 3520 786 3591 disponente,
812 3503 956 3592 apud
974 3521 1265 3577 Massiliam
1297 3521 1511 3594 pietatis
1539 3538 1602 3578 ac
1631 3524 1906 3596 religionis

296 3613 482 3669 sedem
532 3628 595 3668 ac
644 3613 982 3670 domicilium
1040 3613 1282 3688 elegisse.
1345 3597 1528 3688 Atque
1574 3615 1700 3673 hinc
1741 3616 1907 3674 obor-

296 3713 411 3761 tam
439 3707 684 3779 suspicor
709 3707 1077 3779 quorumdam
1105 3708 1442 3781 opinionem,
1467 3709 1557 3782 qui
1586 3711 1902 3768 Cassianum

296 3800 367 3856 ab
390 3799 889 3874 Hierosolymitana
925 3803 1164 3860 Ecclesia
1189 3804 1258 3860 ab
1290 3803 1558 3860 haereticis
1586 3806 1819 3876 ejectum
1847 3808 1901 3861 in

300 3893 591 3949 Massiliam
635 3896 914 3953 transiisse
970 3896 1319 3968 scripserunt.
1365 3897 1524 3966 Quod
1575 3898 1902 3971 enimapud

302 3987 598 4043 Massiliam
624 3989 905 4054 resederit,
938 3988 1121 4059 ibique
1145 3988 1319 4044 multo
1348 3989 1608 4062 deinceps
1634 4000 1902 4061 tempore,

300 4086 357 4132 et
391 4078 459 4134 ad
496 4078 662 4134 ﬁnem
690 4080 815 4133 vita
840 4078 1157 4133 demoratus
1196 4078 1393 4144 fuerit,
1423 4096 1533 4134 non
1561 4083 1727 4136 modo
1758 4085 1902 4138 Gen-

295 4171 443 4227 nadii
493 4187 558 4225 ac
614 4169 908 4226 Trithemii
952 4170 1139 4242 elogiis
1193 4169 1481 4226 manifeste
1540 4170 1844 4228 declaratur
1889 4196 1901 4230 :

292 4262 394 4320 sed
423 4271 479 4319 et
527 4262 697 4333 ipsius
729 4262 1001 4331 Cassiani,
1033 4278 1135 4320 nec
1162 4280 1277 4320 non
1306 4267 1373 4319 D.
1410 4265 1668 4336 Prosperi
1712 4265 1902 4322 testiﬁ-

298 4356 509 4413 catione
550 4365 699 4411 certo
745 4357 945 4413 certius
998 4357 1405 4430 comprobatur.
1450 4360 1587 4413 Nam
1637 4358 1754 4431 ipse
1789 4360 1902 4430 qui-

304 4448 423 4505 dem
455 4458 575 4505 tum
627 4449 680 4505 in
706 4448 1136 4522 praefationibus,
1165 4461 1286 4509 tum
1324 4452 1443 4508 aliis
1475 4452 1531 4508 in
1569 4452 1702 4509 locis
1755 4452 1898 4511 haud

2013 3245 2099 3312 la,
2132 3245 2227 3301 ubi
2268 3245 2340 3301 de
2386 3244 2599 3301 abbatis
2648 3244 3006 3316 appellatione
3046 3244 3119 3300 ita
3144 3244 3333 3301 statuit
3372 3263 3386 3300 :
3432 3247 3617 3302 Abbas

2010 3340 2171 3406 (quia
2200 3340 2337 3393 vices
2369 3339 2570 3394 Christi
2594 3352 2755 3406 agere
2773 3337 3044 3405 creditur)
3071 3351 3323 3393 nonanus
3346 3343 3397 3393 et
3429 3351 3618 3395 ansas

2012 3432 2246 3491 vocetur,
2283 3444 2389 3482 non
2415 3443 2515 3482 sua
2545 3434 2963 3500 asssumptione,
2998 3429 3093 3484 sed
3128 3430 3324 3485 honore
3351 3435 3402 3484 et
3437 3447 3618 3487 amore

2015 3521 2229 3576 Christi.
2281 3521 2528 3576 Tertium
2576 3522 2824 3594 Gregorii
2879 3522 3251 3591 Turonensis,
3305 3523 3399 3594 qui
3436 3523 3532 3579 lib.
3575 3540 3616 3581 x

2011 3628 2130 3684 cap.
2163 3613 2261 3669 ult.
2290 3612 2358 3669 de
2390 3614 2449 3670 S.
2478 3614 2715 3669 Martino
2753 3615 2980 3686 loquens
3007 3635 3021 3670 :
3061 3620 3295 3672 Domnus
3322 3619 3613 3681 Martinus,

2012 3704 2205 3777 inquit.
2246 3706 2520 3775 Quartum
2570 3706 2803 3777 denique
2839 3708 3094 3782 Gregorii
3134 3708 3317 3780 Magni
3340 3751 3354 3778 ,
3392 3710 3484 3781 qui
3521 3709 3617 3765 ali-

2010 3800 2222 3871 quoties
2271 3799 2325 3854 in
2376 3800 2491 3855 suis
2519 3800 2762 3871 epistolis
2804 3800 3105 3857 honoratos
3149 3801 3314 3869 viros,
3367 3811 3423 3857 et
3458 3801 3616 3860 femi-

2010 3909 2131 3963 nas,
2160 3895 2400 3958 domuos,
2429 3901 2485 3948 et
2511 3895 2720 3949 donnas
2750 3903 2926 3951 vocat.
2980 3894 3144 3951 Unde
3172 3903 3399 3967 apparet
3437 3904 3615 3955 vetere

1981 3976 2110 4043 'usu
2137 3987 2393 4059 loquendi
2442 3973 2641 4044 vocem'
2675 3991 2960 4044 Dominum
3002 3984 3169 4045 tribui
3221 3988 3441 4044 solitam
3494 3992 3610 4045 Deo

2006 4086 2242 4149 tantum,
2268 4090 2326 4135 ut
2351 4081 2627 4151 prOpriam
2660 4082 2953 4136 :domnum
2985 4096 3133 4150 vero,
3161 4088 3227 4139 ut
3265 4096 3616 4137 communem

2008 4174 2226 4237 sanctis,
2269 4173 2352 4228 vel
2403 4172 2713 4228 clarissimis
2739 4174 2861 4228 viris
2882 4215 2897 4241 ,
2928 4189 3041 4228 non
3088 4173 3351 4242 episcopis
3378 4180 3612 4241 tantum,

2010 4263 2105 4318 sed
2147 4265 2262 4319 aliis
2305 4263 2581 4319 inferioris
2620 4264 2828 4319 ordinis
2882 4263 3203 4345 :speciatim
3228 4272 3424 4341 tamen
3451 4266 3615 4324 abba-

2008 4356 2177 4412 tibus.
2209 4357 2290 4411 Ita
2335 4356 2479 4411 enim
2518 4356 2836 4413 Christiana
2866 4357 3147 4415 modestia
3193 4375 3255 4416 ac
3278 4360 3613 4434 simplicitati

2004 4464 2305 4520 congruere
2346 4449 2463 4521 jam
2511 4450 2644 4505 olim
2688 4450 2863 4507 visum
2900 4458 3012 4521 est,
3052 4460 3112 4507 ut
3150 4452 3221 4509 ob
3260 4456 3614 4512 reverentiam

302 4543 526 4599 obscure
553 4542 756 4600 indicat
789 4560 848 4601 se
874 4546 981 4617 jam
1016 4545 1072 4607 in
1104 4546 1342 4602 occiduis
1385 4546 1687 4617 Galliarum
1731 4547 1896 4619 parti-
1932 4551 1980 4612 Ι)
2010 4542 2206 4600 divina:
2252 4543 2578 4615 majestatis,
2628 4560 2754 4600 cum
2801 4545 2870 4601 de
2919 4549 3040 4603 Deo
3087 4547 3291 4618 passim
3335 4548 3547 4605 dicatur
3597 4570 3608 4605 :

306 4634 423 4706 bus,
446 4645 499 4693 et
529 4637 818 4693 Gallicanis
846 4638 1134 4709 provinciis
1171 4642 1422 4712 agentem
1451 4648 1567 4695 tam
1598 4640 1899 4697 Institutio-

305 4744 413 4797 nes,
442 4746 609 4802 quam
628 4731 954 4787 Collationes
978 4732 1192 4804 scriptis
1218 4732 1525 4802 mandasse,
1556 4750 1753 4805 easque
1781 4735 1897 4806 plu-

306 4824 449 4881 ribus
476 4818 742 4897 episcopis
770 4827 1067 4884 Gallicanis
1105 4828 1207 4884 sibi
1236 4829 1378 4885 notis
1430 4845 1493 4885 ac
1536 4828 1898 4887 familiaribus

302 4915 595 4976 dedicasse.
637 4922 872 4991 Prosper
915 4937 1044 4977 vero
1089 4922 1272 4994 ipsum
1302 4923 1557 4979 Massilia
1607 4924 1894 4995 insignem,

301 5019 355 5066 et
374 5012 664 5071 facundum
706 5015 1033 5086 scriptorem
1074 5016 1324 5072 habitum
1350 5015 1512 5072 fuisse
1539 5025 1788 5091 testatur.

372 5109 547 5180 Quem
575 5125 703 5164 cum
747 5108 871 5164 alibi
909 5109 1113 5166 indicet
1154 5109 1503 5165 sacerdotalis
1547 5109 1710 5167 fuisse
1752 5111 1894 5167 ordi-

302 5198 401 5264 nis,
433 5200 565 5255 dum
608 5201 1003 5257 Collationibus
1043 5201 1409 5259 describendis
1452 5218 1673 5275 operam
1708 5202 1896 5273 daret,

303 5301 729 5349 consentaneum
776 5303 860 5350 est
887 5295 1006 5367 jam
1055 5304 1215 5352 antea
1283 5296 1495 5366 pietatis
1529 5313 1595 5353 ac
1637 5296 1898 5369 doctrina

297 5385 515 5455 intuitu,
546 5386 833 5444 sacerdotii
862 5387 1072 5456 ordine,
1098 5388 1562 5460 quemadmodum
1590 5390 1903 5449 Gennadius

298 5487 349 5535 et
373 5479 709 5537 Tritbemius
745 5480 932 5538 itidem
981 5481 1286 5554 prodidere,
1322 5482 1435 5539 sive
1463 5499 1495 5538 a
1537 5483 1894 5552 Massiliensi,

296 5573 407 5631 sive
429 5574 502 5631 ab
537 5576 722 5647 aliquo
756 5575 860 5632 alio
887 5576 1190 5634 Galliarum
1227 5578 1481 5650 episcopo
1519 5575 1685 5634 fuisse
1733 5578 1899 5635 initia-

294 5673 436 5735 tum,
483 5675 541 5723 et
587 5677 982 5725 consecratum.
1025 5669 1189 5727 Unde
1249 5678 1306 5726 et
1359 5670 1606 5727 Gelasius
1655 5669 1897 5742 pontifex

291 5760 616 5818 Cassianum
655 5764 1033 5838 presbyterum
1069 5765 1370 5823 Galliarum
1412 5775 1709 5839 nuncupat.
1763 5766 1898 5824 Inde

294 5870 427 5913 vero
462 5872 590 5914 cum
620 5859 830 5931 majore
880 5860 937 5917 in
967 5858 1082 5918 dies
1110 5860 1323 5934 pietatis
1370 5877 1432 5918 ac
1466 5860 1745 5933 religionis
1775 5875 1897 5931 pro-

2008 4642 2132 4694 Haac
2173 4640 2306 4694 dicit
2339 4642 2620 4704 Dominus,
2655 4647 2711 4694 et
2737 4639 2939 4695 similia
2972 4659 2984 4695 :
3014 4639 3196 4696 solum
3224 4646 3392 4698 Deum
3428 4649 3610 4700 Domi-

2006 4750 2166 4802 num;
2225 4734 2480 4790 homines
2519 4749 2647 4789 vero
2692 4734 2994 4801 honoratos
3036 4733 3294 4791 libentius
3356 4737 3608 4800 domnus,

2011 4843 2139 4883 voce
2167 4827 2449 4884 deminuta
2476 4829 2724 4894 (domnus
2752 4828 2896 4883 enim
2921 4844 3019 4899 pro
3059 4828 3328 4891 dominus,
3362 4845 3459 4899 per
3483 4846 3610 4899 syn-

2003 4936 2198 4993 c0pem
2248 4921 2508 4989 dicitur),
2561 4936 2725 4992 quam
2766 4922 3007 4975 dominos
3062 4929 3323 4975 vocarent
3376 4939 3387 4974 :
3449 4931 3613 4992 prout

2005 5022 2236 5069 testatur
2264 5013 2559 5069 versiculus
2587 5014 2676 5068 ille
2701 5012 3001 5084 majoribus
3029 5013 3231 5070 nostris
3248 5014 3565 5075 notissimus
3594 5038 3607 5073 :

2136 5157 2400 5207 C(rlestem
2428 5157 2710 5219 Dominum,
2733 5157 2996 5208 mortalem
3015 5157 3168 5210 dicito
3192 5163 3438 5211 Domuum
3468 5181 3480 5211 :

2008 5298 2264 5369 Superest
2311 5305 2621 5370 postremus
2669 5298 2972 5356 sanctitatis
3016 5300 3232 5370 titulus,
3284 5318 3396 5374 quo
3441 5303 3608 5360 etiam

2007 5400 2192 5447 noster
2221 5391 2507 5448 Cassianus
2545 5407 2655 5446 non
2706 5392 2887 5461 unius,
2933 5392 3031 5450 sed
3081 5393 3380 5450 multorum
3420 5396 3609 5470 elogiis

2008 5491 2319 5539 exornatur.
2350 5487 2488 5538 Nam
2511 5491 2566 5538 et
2593 5487 2783 5541 Petrus
2809 5486 3093 5557 Equilinus
3128 5501 3255 5542 eum
3281 5487 3336 5541 in
3361 5488 3608 5561 catalogo

2006 5562 2323 5633 Sanctorum
2351 5577 2674 5633 nominatim
2714 5588 2994 5650 recenset,
3031 5587 3086 5635 et
3123 5589 3374 5637 sanctum
3402 5583 3609 5639 Cassia-

2008 5687 2146 5727 num
2184 5672 2563 5744 presbyterum
2596 5678 2653 5728 et
2693 5673 3066 5729 confessorem
3095 5674 3359 5746 indigitat.
3394 5675 3609 5730 Genna-

1966 5798 1975 5805 -
2008 5765 2130 5822 dius
2176 5765 2431 5821 eumdem
2475 5765 2776 5821 sanctitatis
2809 5766 2968 5822 titulo
3002 5775 3160 5822 ornat
3183 5768 3236 5821 in
3266 5765 3347 5819 bis
3384 5766 3559 5819 verbis
3592 5782 3604 5818 :

2008 5859 2113 5916 Sed
2141 5864 2193 5915 et
2226 5862 2283 5916 S.
2326 5862 2575 5917 Cassiani
2607 5861 2863 5931 opuscula
2892 5861 3145 5928 quadam
3175 5861 3285 5913 lato
3319 5861 3467 5908 tmsa
3500 5867 3608 5907 ser-
