4052 6200
479 314 547 368 39
1328 307 1420 362 AD
1460 305 1690 363 OPERA
1724 304 2011 362 JOANNIS
2045 304 2350 363 CASSIANI
2387 307 2923 365 PROLEGOMENA.
3376 325 3383 329 '
3439 327 3459 358 ν
3717 322 3791 376 4o

479 450 652 498 mone,
677 433 819 489 idem
840 432 1134 490 Eucherius
1155 435 1387 502 angusto
1408 432 1561 486 verbi
1583 432 2083 487 resolvens'tramite
2111 434 2165 497 Α
2192 432 2672 491 commendatum
2708 434 2917 503 fuisse;
2972 432 3083 492 nisi
3129 449 3219 493 eas
3246 437 3548 511 expunctis,
3594 441 3786 501 saltem

479 532 540 585 in
566 545 735 584 unum
761 529 930 597 coegit
954 527 1218 582 volumen.
1245 523 1581 582 Tritbcmius
1598 523 1762 580 etiam
1780 523 1924 596 apud
1941 526 2085 583 Mas-

477 624 658 680 siliam
686 621 1005 679 defunctum
1024 634 1139 676 non
1175 619 1295 676 sine
1318 617 1573 689 opinione
1607 616 1909 673 sanctitatis
1931 616 2079 674 afﬁr-

478 727 613 776 mat.
632 718 773 787 Quid
804 732 931 775 vero
960 715 1250 788 Dionysius
1275 711 1551 770 Richelius
1587 713 1974 770 Carthusianus
2013 713 2083 771 de

480 812 742 870 Cassiano
781 811 1005 884 ejusque
1031 808 1317 865 sanctitate
1345 805 1609 885 senserit,
1646 806 1701 862 in
1746 805 2079 878 praefationi-

481 907 585 963 bus
627 920 743 963 suae
804 901 1142 976 paraphrasis
1181 900 1360 972 palam
1413 899 1686 969 ostendit,
1740 898 1877 957 dum
1924 900 2079 957 illum

481 998 713 1058 subinde
742 994 1103 1052 venerabilem
1120 1034 1136 1064 ,
1168 993 1606 1062 devotissimum,
1652 998 1708 1049 et
1732 1003 1935 1051 aeterna
1964 1010 2078 1052 me-

481 1092 654 1150 moria
680 1090 910 1161 dignnm
937 1090 1158 1144 Patrem
1201 1106 1214 1141 :
1252 1087 1479 1144 subinde
1524 1086 1985 1155 illustrissimum,
2014 1103 2080 1145 ac

477 1185 811 1257 praecipuum
842 1182 1094 1238 omnium
1108 1180 1492 1254 religiosorum
1516 1179 1799 1237 doctorem
1811 1180 2041 1252 appellat
2055 1183 2080 1235 Ρ

477 1279 585 1336 Sed
625 1275 755 1348 quid
791 1274 882 1330 illo
917 1273 1158 1332 Castoris
1200 1273 1457 1345 Aptensis
1501 1273 1739 1346 episcopi
1762 1273 1778 1346 (
1800 1273 1894 1346 qui
1944 1274 2079 1330 scri-

478 1367 1213 1440 bendarumjnstitutionum
1237 1367 1490 1424 Cassiano
1514 1375 1704 1423 auctor
1726 1365 1876 1435 fuit),
1901 1366 2081 1438 elogio

478 1462 812 1540 splendidius
856 1474 911 1523 et
938 1462 1232 1531 illustrius,
1267 1461 1402 1519 dum
1442 1461 1757 1518 Cassianum
1790 1462 2077 1525 damnum,

475 1566 783 1620 sanctitatis
810 1561 1030 1634 speciali
1052 1559 1227 1628 gloria
1246 1557 1575 1620 decoratum,
1598 1561 1763 1626 atque
1781 1572 1882 1626 per
1901 1558 2082 1611 omnia

476 1656 880 1712 memorandum
906 1655 1149 1710 salutat?
1172 1649 1308 1720 Quis
1323 1649 1490 1722 igitur
1503 1657 1587 1706 tot
1605 1660 1829 1721 tamque
1853 1648 2078 1721 praecla-

474 1753 552 1808 ris
577 1753 807 1809 testibus
843 1749 1006 1807 ﬁdem
1034 1747 1297 1820 derogare
1318 1743 1538 1813 audeat,
1569 1753 1665 1801 aut
1700 1744 1848 1801 hunc
1872 1744 2082 1801 sancti-

2188 528 2474 602 prmcipuis
2520 529 2800 586 erroribus
2835 537 3156 602 repurgatas
3188 546 3254 587 ac
3291 531 3535 590 detersas
3571 534 3793 593 habuis-
3845 590 3854 599 _

2187 629 2328 678 sent.
2358 624 2431 677 Et
2447 621 2657 694 primus
2683 620 2905 694 quidem
2937 623 3189 680 omnium
3217 622 3271 681 id
3309 625 3624 696 praestitisse
3640 629 3789 686 .vide-

2186 724 2278 773 tur
2302 718 2357 773 S.
2399 715 2698 773 Eucherius
2726 716 3107 790 Lugdunensis
3135 725 3264 775 tunc
3301 719 3558 777 Ecclesiae
3576 721 3789 795 presby-

2185 817 2288 878 ter,
2311 808 2443 865 dum
2464 809 2701 866 Cassiani
2736 824 2900 882 opera
2927 811 3316 882 compendiose
3349 812 3637 886 colligens,
3665 831 3792 886 quae

2187 901 2344 959 utilia
2374 901 2709 971 viderentur,
2745 903 2803 958 in
2848 903 3133 975 Epitomen
3158 905 3406 978 redegit,
3439 913 3503 961 ut
3537 907 3788 979 superius

2185 1010 2250 1051 ex
2275 995 2568 1053 Gennadio
2591 1004 2677 1052 est
2698 1002 3042 1052 annotatum.
3064 998 3224 1069 Quod
3250 1006 3438 1054 autem
3464 999 3556 1055 ille
3580 999 3636 1055 in
3664 1001 3791 1071 Gal-

2188 1087 2294 1157 liis,
2344 1087 2583 1160 idipsum
2613 1088 2806 1145 Victor
2833 1088 2889 1144 in
2927 1087 3112 1144 Africa
3147 1089 3374 1148 adorsus
3425 1099 3524 1159 est,
3574 1093 3789 1149 Cassio-

2187 1180 2327 1239 doro
2350 1185 2426 1239 ita
2444 1191 2675 1239 testante
2703 1202 2716 1238 :
2738 1182 2980 1239 Cassiani
3004 1184 3151 1238 dicta
3177 1186 3360 1240 Victor
3387 1189 3793 1256 Mai-tymantis

2189 1277 2460 1345 episcopus
2481 1276 2643 1343 Afer,
2671 1278 2751 1352 ita
2774 1277 2997 1331 Domino
3014 1274 3246 1344 juvante
3271 1279 3560 1345 purgauit;
3591 1280 3643 1331 et
3671 1294 3795 1346 qua:

2188 1370 2367 1422 minus
2387 1373 2565 1431 erant,
2590 1368 2837 1436 addidit;
2862 1371 2924 1422 ut
2947 1370 3000 1422 ei
3014 1384 3196 1423 rerum
3216 1371 3451 1423 istarum
3464 1371 3659 1439 palma
3680 1386 3792 1425 me-

2190 1463 2298 1516 rito
2331 1463 2683 1529 conferatur:
2714 1477 2872 1532 quem
2889 1464 3034 1516 inter
3052 1462 3186 1516 alios
3216 1461 3283 1515 de
3305 1463 3515 1530 Arrian
3532 1464 3792 1532 partibus

2188 1556 2341 1610 nobis
2364 1558 2467 1611 cito
2494 1556 2759 1612 credimus
2796 1571 2907 1612 esse
2931 1555 3299 1624 dirigentium.
3328 1558 3467 1611 Haec
3502 1553 3796 1612 Cassiodo-

2190 1650 2419 1715 rus._Ac
2455 1647 2727 1704 Baronius
2770 1655 2955 1704 censet
2989 1648 3170 1718 ipsum
3196 1662 3292 1719 spe
3318 1646 3644 1703 frustratum
3680 1661 3792 1703 non

2162 1741 2461 1813 accepisse
2488 1741 2635 1813 quod
2663 1758 2726 1798 ex
2754 1741 2942 1798 Africa
2965 1740 3311 1813 exspectabat
3338 1759 3352 1796 :
3376 1740 3652 1812 siquidem
3674 1740 3792 1796 Ado

478 1846 605 1903 tatis
644 1846 863 1902 titulum
892 1842 1151 1901 Cassiano
1175 1816 1381 1896 'nostro
1418 1839 1752 1894 attributum
1802 1836 2070 1905 invideat,
2099 1816 2148 1877 Β
2188 1836 2514 1892 Viennensis
2551 1826 2841 1908 episcopus
2885 1836 2954 1893 ab
2990 1836 3105 1908 ipso
3138 1834 3461 1892 Cassiodoro
3494 1833 3552 1890 id
3598 1834 3790 1907 operis

476 1948 572 1996 aut
600 1938 933 1995 subsannet?
956 1934 1133 1991 Miror
1158 1947 1289 1988 sane
1319 1934 1422 1986 Do.
1463 1930 1800 2002 Cuycliium,
1830 1929 1966 1986 dum
1993 1929 2080 2001 lit-

475 2039 648 2088 teram
679 2033 752 2086 D.
780 2035 983 2101 puncto
1026 2027 1343 2098 subjuncto,
1382 2023 1581 2079 Joanni
1606 2023 1889 2091 Cassiano,
1935 2023 2080 2079 velut

474 2124 719 2190 honoris,
748 2131 842 2177 aut
861 2119 1220 2193 praenominis
1248 2125 1437 2173 notam
1465 2117 1523 2172 in
1548 2116 1699 2171 omni
1722 2116 2079 2189 inscriptione

475 2213 823 2287 praemiserit,
853 2214 1048 2268 Divum
1081 2224 1173 2279 nc,
1209 2225 1278 2264 an
1317 2213 1611 2271 Domuum,
1657 2214 1756 2262 aut
1794 2210 2079 2263 Dominum

474 2306 783 2380 signiﬁcare
809 2304 989 2371 vellet,
1033 2302 1262 2358 minime
1290 2301 1617 2372 expressisse
1638 2339 1658 2370 ,
1688 2299 1791 2355 nisi
1822 2300 1949 2371 quia
1982 2299 2079 2355 tri-

474 2408 593 2459 tum
628 2407 683 2455 et
721 2397 939 2469 vulgare
984 2410 1104 2451 esse
1144 2402 1350 2458 nosset,
1407 2396 1606 2449 Divum
1659 2406 1721 2447 ea
1757 2400 1889 2447 nota
1933 2392 2076 2447 inter

477 2492 824 2550 Christianos
861 2490 1152 2561 scriptores
1180 2488 1382 2559 absque
1413 2484 1765 2558 ambiguitate
1807 2483 2014 2556 signari
2057 2504 2070 2539 :

475 2600 641 2657 quam
659 2593 865 2650 tamen,
887 2582 1036 2655 quod
1056 2581 1112 2636 in
1137 2578 1527 2636 vetustioribus
1544 2575 1941 2648 exemplaribus
1962 2591 2076 2632 non

473 2678 793 2750 repererim,
849 2676 1105 2732 omittere
1166 2673 1338 2730 satius
1390 2670 1552 2741 duxi,
1596 2670 1744 2726 nulla
1790 2668 2073 2738 Auctoris,

471 2782 567 2829 aut
588 2771 827 2844 cujusvis
854 2768 1221 2843 derogatione.
1256 2769 1444 2840 Neque
1474 2781 1601 2822 vero
1628 2763 1745 2820 haec
1773 2778 1838 2820 eo
1869 2762 2073 2830 scribo,

469 2867 623 2937 quasi
650 2874 903 2921 nostrum
947 2862 1265 2921 Cassianum
1304 2860 1359 2916 in
1396 2860 1649 2917 divorum
1696 2874 1759 2914 ac
1792 2857 2076 2914 beatorum

470 2957 656 3014 album
699 2956 923 3025 referre,
961 2964 1056 3012 aut
1086 2955 1156 3011 de
1199 2953 1316 3026 ejus
1344 2951 1630 3008 sanctitate
1657 2957 1807 3006 certo
1832 2964 2073 3021 pronun-

2185 1928 2528 1986 elaboratum
2556 1929 2819 2000 afﬁrmat,
2849 1929 2984 1987 dum
3012 1929 3082 1986 de
3118 1929 3377 1986 Cassiano
3416 1928 3646 2001 loquens
3680 1927 3759 1984 ait

2184 2027 2411 2080 Errores
2439 2024 2586 2079 illius
2617 2024 2963 2082 Cassiodorus
3001 2026 3375 2081 Ravennatum
3406 2025 3635 2080 Senator
3652 2038 3788 2092 pur-

2186 2133 2319 2187 gare
2347 2119 2526 2173 volens
2549 2134 2657 2175 non
2677 2118 2753 2173 ad
2772 2120 2993 2189 plenum
3018 2121 3165 2172 omni
3189 2134 3258 2171 ea:
3278 2122 3441 2187 parte
3466 2119 3664 2187 potuit.
3686 2118 3787 2171 Po-

2181 2218 2393 2267 stremo
2433 2210 2668 2283 denique
2690 2210 2935 2283 idipsum
2963 2211 3300 2283 aliquatenus
3331 2209 3659 2282 praestitisse
3713 2208 3788 2265 vi-

2185 2288 2350 2358 detur
2370 2302 2667 2374 Dionysius
2690 2303 3082 2360 Carthusianus
3102 2303 3159 2359 in
3181 2319 3277 2359 sua
3294 2302 3630 2375 paraphrasi,
3651 2301 3785 2358 dum

2180 2393 2508 2464 quibusdam
2542 2394 2597 2448 in
2640 2394 2809 2462 locis,
2862 2395 3082 2450 omissis
3137 2395 3492 2464 Opinionibus
3519 2393 3782 2460 erroneis,

2181 2501 2385 2556 veram,
2405 2485 2753 2553 catholicam,
2776 2493 2833 2541 et
2849 2484 3218 2540 orthodoxam
3244 2484 3554 2541 doctrinam
3572 2482 3783 2539 substi-

2183 2581 2291 2637 tuit
2319 2590 2373 2638 et
2399 2580 2733 2653 subrogavit.
2776 2579 2973 2648 Vides,
3023 2579 3213 2649 lector,
3253 2587 3523 2652 quantum
3574 2593 3605 2633 a
3655 2577 3784 2633 viris

2181 2674 2357 2732 doctis
2382 2676 2436 2730 in
2460 2674 2566 2731 hoc
2593 2690 2758 2747 opere
2784 2674 3001 2752 penitus
3037 2672 3407 2746 expurgando,
3435 2682 3492 2729 et
3528 2671 3598 2729 ad
3625 2670 3781 2727 utili-

2182 2776 2353 2825 tatem
2384 2768 2678 2843 legentium
2727 2768 2877 2824 omni
2926 2784 2990 2825 ex
3021 2776 3174 2840 parte
3232 2766 3471 2841 aptando
3521 2775 3577 2824 et
3621 2781 3790 2839 expo-

2182 2860 2366 2919 liendo
2398 2860 2569 2918 fuerit
2595 2861 2947 2919 desudatum.

2255 2957 2554 3025 Cancrum,
2584 2971 2654 3012 ne
2687 2956 2807 3013 haec
2849 2971 2973 3028 quae
3010 2955 3271 3012 Cassiano
3317 2955 3544 3028 ejusque
3570 2953 3788 3025 scriptis

471 3051 610 3109 tiare
658 3051 937 3108 audeam:
996 3048 1091 3105 sed
1145 3046 1278 3118 quid
1329 3046 1427 3101 viri
1474 3060 1686 3117 graves,
1726 3050 1781 3099 et
1821 3043 1969 3098 docti
2009 3040 2077 3098 de
2181 3049 2434 3105 nonnihil
2456 3049 2718 3122 derogare
2738 3049 3012 3117 videntur,
3033 3048 3325 3107 rudiorum
3368 3049 3587 3105 animos
3611 3047 3790 3104 offen-

471 3147 665 3205 eodem
693 3144 996 3212 senserint,
1041 3143 1099 3198 in
1127 3140 1373 3197 medium
1399 3138 1612 3207 afferre,
1640 3152 1705 3193 ac
1732 3137 1919 3193 lectori
1948 3152 2073 3208 pro-
2109 3176 2154 3239 Ο
2181 3143 2334 3211 dant,
2365 3152 2420 3199 et
2447 3143 2516 3200 ab
2547 3144 2664 3215 ejus
2704 3143 2983 3200 lectitandi
3011 3152 3066 3200 et
3090 3143 3364 3213 ,versandi
3412 3141 3596 3199 studio
3634 3158 3790 3198 aver-

471 3255 672 3313 ponere
697 3239 872 3295 visum
920 3246 1021 3305 est,
1052 3251 1152 3293 suo
1191 3249 1423 3307 quaeque
1449 3233 1647 3290 merito
1692 3248 1756 3288 ac
1786 3239 2071 3288 momento
2119 3233 2152 3239 ⁷
2180 3244 2298 3293 tant
2341 3246 2436 3294 aut
2478 3238 2758 3310 segniores
2800 3238 3049 3309 reddant,
3097 3238 3166 3296 de
3210 3238 3297 3294 his
3332 3237 3594 3293 lectorem
3641 3235 3788 3293 serio

471 3331 839 3407 ponderanda.
872 3331 1034 3387 Enim
1083 3345 1244 3398 vero.
1286 3327 1435 3400 (100d
1472 3326 1766 3384 ἀοιειιάυῐῐι
1792 3333 1906 3393 θεῖν
1937 3323 2078 3380 hanc
2183 3331 2523 3388 monendum
2542 3332 2709 3389 duxi:
2731 3333 2980 3388 Primum
2999 3331 3146 3403 quod
3167 3331 3239 3388 ad
3254 3331 3458 3387 Gelasii
3475 3344 3785 3398 censuram,

469 3428 780 3487 sanctitatis
826 3425 1044 3483 laudem
1099 3424 1335 3481 multum
1381 3421 1526 3495 apud
1565 3419 1863 3478 catholicos
1890 3418 2073 3474 immi-

468 3523 621 3594 nuit,
666 3531 720 3579 et
756 3520 1068 3579 obscuravit
1111 3534 1362 3575 errorum
1415 3514 1778 3588 quorumdam
1804 3554 1822 3582 ,
1872 3512 2072 3583 quibus

470 3619 758 3675 Cassianus
799 3631 896 3673 seu
925 3628 1068 3684 vere,
1099 3629 1196 3670 seu
1246 3628 1312 3668 ex
1350 3610 1608 3683 opinione
1645 3608 1947 3664 multorum
1987 3620 2074 3662 as-

471 3726 661 3784 persus
699 3710 845 3766 visus
885 3716 998 3772 est,
1029 3706 1176 3762 haud
1217 3704 1352 3761 levis
1390 3710 1518 3759 nota
1564 3702 1740 3759 eidem
1775 3701 2008 3773 irrogata
2049 3717 2065 3754 :

471 3819 804 3878 quamquam
850 3800 1098 3874 profecto
1151 3798 1454 3856 admodum
1488 3795 1711 3854 difﬁcile
1751 3795 1824 3851 sit
1857 3810 1921 3851 ex
1950 3793 2066 3863 ejus

468 3897 685 3969 scriptis
710 3903 860 3952 certo
884 3892 1113 3951 deﬁnire
1149 3908 1284 3949 num
1308 3906 1496 3947 revera
1525 3889 1599 3944 ita
1623 3887 1855 3945 senserit
1883 3886 1997 3958 ipse
2016 3894 2069 3941 ct

470 4003 538 4044 ex
583 4002 681 4043 sua
711 3985 977 4042 sententia
1005 3984 1078 4040 ita
1124 3982 1417 4056 scripserit,
1464 3990 1525 4038 ut
1561 3981 1612 4037 ei
1655 3980 1816 4051 vulgo
1840 3977 2069 4047 imponi-

465 4090 577 4150 tur,
606 4098 676 4138 an
697 4081 933 4138 aliorum
953 4077 1241 4152 opiniones
1265 4078 1550 4135 dumtaxat
1574 4073 1842 4142 retulerit,
1875 4080 1932 4128 et
1953 4071 2067 4127 suis

462 4176 676 4248 scriptis
702 4173 1046 4248 expresserit.
1082 4174 1203 4244 Qua
1234 4172 1430 4245 opinor
1455 4168 1817 4241 ambiguitate
1844 4179 2066 4238 permo-

462 4277 550 4324 tus
580 4269 828 4323 Gelasius
868 4267 1112 4339 pontifex
1140 4268 1197 4323 in
1227 4265 1456 4324 concilio
1498 4268 1697 4321 Romae
1719 4259 1905 4318 habito
1932 4258 2066 4314 Cas—

462 4360 599 4417 siani
636 4375 798 4432 opera
836 4360 980 4415 inter
1031 4360 1340 4432 apocrypha
1390 4361 1686 4426 recensuit,
1727 4356 1826 4413 sed
1878 4369 1939 4411 ea
1970 4367 2069 4424 po-

461 4454 731 4510 tissimum
771 4453 980 4509 ratione
1001 4494 1018 4521 ,
1067 4452 1213 4524 quod
1259 4452 1558 4509 Collatione
1604 4451 1813 4507 decima
1873 4446 2065 4511 tertia,

2183 3440 2281 3481 seu
2310 3424 2589 3480 decretum
2614 3425 2827 3496 attinet,
2847 3425 3003 3496 cujus
3026 3424 3273 3489 initium,
3294 3425 3494 3479 Sancta
3519 3426 3786 3479 Romana.

2179 3520 2297 3573 Non
2322 3517 2397 3572 ita
2422 3516 2558 3572 illud
2597 3515 2972 3587 accipendum,
3005 3500 3158 3586 quasi
3211 3515 3487 3581 Cassiani,
3554 3525 3614 3571 et
3656 3515 3793 3571 alio-

2179 3624 2305 3665 rum
2328 3607 2609 3676 omnium,
2656 3608 2753 3679 qui
2784 3607 2861 3664 ibi
2888 3607 3267 3675 nominantur,
3297 3604 3523 3676 scripta,
3554 3606 3695 3674 sive,
3726 3614 3791 3662 ut

2177 3711 2354 3771 vocat,
2396 3701 2659 3774 opuscula
2684 3701 2915 3773 penitus
2951 3699 3246 3769 damnarit,
3282 3706 3378 3754 aut
3413 3697 3646 3755 omnino
3680 3699 3789 3772 legi

2177 3795 2406 3852 vetuerit
2434 3793 2678 3867 pontifex
2704 3817 2718 3863 ;
2763 3794 2861 3851 sed
2902 3793 3051 3868 quod
3079 3793 3220 3849 nolit
3259 3808 3321 3848 ea
3351 3791 3569 3864 publice
3598 3792 3703 3865 legi
3732 3792 3790 3849 in

2174 3889 2438 3957 Ecclesia,
2478 3898 2533 3944 et
2575 3887 2892 3944 canonicam
2922 3887 3121 3944 habere
3145 3885 3552 3954 auctoritatem,
3604 3886 3677 3943 ob
3706 3901 3794 3942 er-

2175 3999 2329 4041 rores
2364 3983 2636 4055 quosdam
2673 3983 2973 4051 admixtos,
3014 3981 3094 4037 vel
3135 3985 3385 4038 auctores
3412 3994 3612 4039 eorum
3650 3996 3792 4037 non-

2173 4076 2309 4133 nihil
2338 4086 2641 4150 suspectos.
2675 4075 2837 4147 Quod
2866 4084 2986 4132 tum
3009 4090 3076 4130 ex
3122 4089 3254 4131 voce
3298 4073 3616 4144 ἀπόκρυφον,
3666 4088 3792 4146 quae

2173 4185 2285 4226 non
2312 4170 2461 4227 aliud
2489 4186 2657 4243 quam
2682 4170 2982 4235 occultum,
3006 4166 3378 4236 reconditum,
3397 4173 3492 4222 aut
3507 4176 3791 4225 secretum

2174 4263 2306 4333 quid
2335 4262 2641 4334 signiﬁcat,
2671 4260 3024 4317 manifestum
3053 4268 3137 4318 est
3172 4280 3186 4315 :
3217 4269 3338 4317 tum
3368 4276 3434 4316 ex
3459 4260 3665 4319 eodem
3693 4259 3792 4317 de-

2172 4362 2326 4411 creto
2366 4355 2779 4428 comprobatur,
2823 4354 2880 4409 in
2920 4369 3031 4426 quo
3079 4363 3189 4409 tres
3221 4353 3490 4410 librorum
3544 4354 3788 4421 classes,

2168 4463 2267 4506 seu
2295 4449 2515 4506 ordines
2539 4447 2829 4505 manifeste
2852 4448 3145 4522 distinguit
3185 4444 3448 4519 pontifex.
3480 4447 3542 4500 Et
3578 4446 3638 4501 in
3671 4446 3789 4517 pri-

461 4547 689 4619 aliisque
719 4546 855 4603 locis
903 4545 972 4602 de
1012 4544 1180 4618 gratia
1207 4545 1304 4601 Dei
1346 4553 1402 4602 et
1429 4544 1597 4601 libero
1647 4541 1883 4598 hominis
1909 4537 2058 4595 arbi-
2087 4540 2137 4602 D
2173 4559 2262 4599 ma
2305 4543 2527 4616 quidem
2560 4543 2734 4600 classe
2778 4551 3022 4609 recense;
3045 4542 3217 4598 ιίιποε
3246 4539 3541 4597 canonicos
3592 4548 3650 4594 ει
3687 4556 3788 4597 δυ-

462 4640 572 4696 trio
603 4655 758 4696 more
783 4639 1202 4713 Pelagianorum
1229 4639 1443 4696 locutus
1481 4637 1509 4694 ξι
1539 4641 1807 4709 Prospero
1834 4632 2066 4705 Aquita-

460 4735 607 4798 nico.
628 4733 882 4807 peculiari
905 4734 1169 4806 opusculo
1189 4733 1450 4790 adversus
1468 4748 1595 4789 eum
1615 4728 1762 4788 edito
1781 4729 2065 4787 convictus

462 4838 624 4887 esset.
670 4829 791 4899 Qua
830 4826 1056 4899 quidem
1084 4829 1153 4882 D.
1195 4826 1447 4898 Prosperi
1483 4824 1859 4881 admonitione
1886 4839 1952 4879 ac
1982 4839 2065 4880 re-

462 4923 814 4995 prehensione
856 4920 1065 4979 factum
1111 4910 1215 4990 est,
1244 4930 1306 4978 ut
1348 4920 1583 4978 Cassiani
1623 4919 1825 4991 scripta
1852 4917 2071 4975 cautius

462 5016 789 5088 legerentur,
810 5018 982 5074 immo
1007 5033 1037 5073 a
1067 5015 1393 5090 quibusdam
1426 5015 1828 5088 corrigerentur
1854 5032 1867 5068 :
1891 5013 2062 5086 potis.

459 5105 661 5163 simum
686 5121 815 5162 vero
844 5108 1174 5166 Collationes
1202 5109 1332 5183 ipsa:
1366 5113 1496 5181 (qua
1533 5090 1606 5164 de
1650 5123 1709 5163 re
1733 5107 1897 5164 etiam
1939 5106 2065 5162 Cas-

460 5199 716 5257 siodorus
742 5215 872 5256 suos
893 5200 1189 5257 monachos
1208 5201 1537 5270 admonuit),
1565 5216 1689 5272 quae
1707 5216 1834 5256 cum
1860 5198 2062 5272 alioqui

462 5292 791 5360 utilissimae,
815 5307 880 5349 ac
898 5292 1275 5349 saluberrima:
1298 5293 1564 5365 religiosis
1583 5291 1841 5349 omnibus
1869 5292 1922 5347 in
1943 5305 2064 5363 per-

460 5384 718 5442 fectionis
777 5384 957 5442 stadio
1023 5384 1418 5443 desudantibus
1467 5394 1945 5458 cognoscerentur,
1994 5400 2062 5441 ne

460 5492 558 5549 pro
587 5476 796 5534 medela
832 5493 1102 5534 venenum
1146 5493 1213 5534 ex
1258 5477 1393 5549 ipsis
1437 5476 1641 5533 hauriri
1683 5477 2058 5550 contingeret;

459 5585 492 5626 a
546 5570 826 5628 nonnullis
887 5570 1192 5628 emendata:
1229 5567 1400 5628 fuisse
1447 5569 1811 5642 reperiuntur.
1870 5571 2060 5642 Neque

459 5663 606 5721 enim
640 5664 896 5722 credibile
919 5672 1002 5722 est
1039 5666 1135 5723 SS.
1167 5668 1355 5721 Patres
1381 5664 1765 5733 Benedictum,
1794 5664 2058 5722 Domini-

457 5772 608 5829 cum,
636 5757 932 5828 Thomam,
970 5758 1242 5831 aliosque,
1273 5758 1604 5815 Collationes
1629 5758 1869 5815 Cassiani
1903 5767 2056 5817 tanto
2087 5795 2104 5808 -

453 5851 743 5914 habituros
764 5854 819 5913 in
844 5855 1041 5930 pretio,
1066 5870 1130 5913 ac
1151 5862 1433 5928 tantopere
1450 5896 1465 5925 ,
1496 5861 1552 5912 et
1573 5852 1776 5927 absque
1798 5855 2055 5928 scrupulo

2175 4637 2446 4695 thenticos
2465 4681 2481 4708 ,
2511 4637 2767 4695 videlicet
2785 4652 2954 4694 sacra:
2979 4635 3277 4707 Scriptura:
3300 4647 3357 4691 et
3384 4634 3479 4689 SS.
3518 4634 3746 4689 Patrum
3762 4675 3776 4703 ,

2171 4748 2315 4804 quos
2351 4732 2593 4790 Ecclesia
2634 4730 2909 4789 catholica
2960 4729 3157 4802 recipit
3184 4737 3238 4785 et
3265 4727 3553 4800 approbat,
3596 4735 3656 4784 et
3684 4744 3785 4800 pu-

2173 4825 2315 4882 blice
2351 4825 2412 4881 in
2470 4824 2672 4881 ofﬁciis
2719 4822 3115 4881 Ecclesiasticis
3156 4827 3405 4892 usurpat.
3437 4821 3500 4874 In
3537 4820 3782 4877 secunda

2172 4917 2514 4991 apocryphos
2536 4961 2552 4988 ,
2578 4933 2718 4989 quos
2756 4925 2902 4974 vetat
2929 4915 3153 4988 quidem
3184 4913 3400 4987 publice
3423 4911 3531 4985 legi
3561 4921 3620 4969 et
3650 4928 3781 4985 pro-

2171 5012 2412 5069 nuntiari
2457 5012 2513 5068 in
2573 5011 2812 5069 Ecclesia
2857 5027 2873 5065 :
2920 5010 3177 5083 privatim
3226 5016 3432 5075 tamen,
3480 5021 3577 5062 seu
3629 5015 3781 5062 extra

2172 5106 2480 5162 Ecclesiam
2509 5106 2613 5179 legi
2661 5105 2970 5163 nullatenus
3013 5102 3269 5160 inhibet:
3319 5101 3376 5156 in
3429 5112 3539 5171 quo
3580 5099 3776 5156 ordine

2170 5215 2298 5255 cum
2321 5200 2445 5256 aliis
2471 5199 2656 5255 multis
2683 5199 3035 5256 nominantur
3057 5196 3305 5256 Cassiani
3333 5192 3612 5267 opuscula.
3645 5196 3779 5248 Ter—

2171 5291 2251 5349 tio
2274 5292 2501 5349 demum
2528 5292 2649 5349 loco
2678 5292 2873 5350 statuit
2909 5291 3082 5348 libros
3105 5288 3495 5348 haereticorum
3519 5291 3575 5341 et
3598 5284 3775 5340 schis-

2169 5386 2497 5444 maticorum
2543 5387 2764 5460 penitus
2814 5386 2884 5442 ab
2922 5385 3165 5441 Ecclesia
3196 5384 3488 5441 damnatos
3527 5387 3584 5436 et
3614 5393 3777 5450 repu-

2167 5480 2366 5540 diatos.
2393 5482 2530 5554 Quis
2558 5497 2688 5538 vero
2711 5480 3010 5538 catholicus
3043 5488 3297 5537 veterum
3322 5479 3547 5535 illorum
3585 5482 3774 5531 aucto-

2166 5592 2313 5648 rum,
2341 5577 2644 5635 Clementis
2687 5576 3061 5648 Alexandrini,
3100 5574 3445 5644 Tertulliani,
3501 5569 3736 5629 Arnobii
3759 5611 3776 5637 ,

2164 5670 2458 5740 Lactantii,
2485 5671 2774 5736 Victorini,
2806 5669 3151 5742 aliorumque
3168 5669 3379 5742 scripta
3407 5664 3556 5741 quod
3578 5663 3778 5721 eodem

2165 5762 2385 5822 decreto
2438 5765 2494 5821 in
2533 5780 2767 5822 numero
2814 5763 3252 5838 apocryphorum
3297 5761 3634 5827 referantur,
3688 5757 3776 5813 vel

2164 5856 2342 5931 legere
2394 5855 2687 5943 dubitavit,
2735 5858 2815 5915 vel
2866 5856 3092 5930 legenda
3129 5853 3425 5915 dissuasit?
3465 5848 3774 5909 Praesertim
