4052 6200
309 344 363 397 ιι
985 385 988 388 .
1486 329 1856 388 PREFATIO
1892 330 2150 387 ALARDI
2186 330 2430 388 GAZEI.
3545 339 3615 393 42

310 479 428 523 cum
466 460 596 536 quid
621 459 692 517 ab
727 458 807 517 eis
843 464 1088 515 erratum
1116 456 1206 527 sit,
1235 471 1301 513 ac
1333 455 1562 528 proinde
1595 455 1902 523 vitandum,
1935 459 1989 523 Α
2015 455 2291 511 cumulate
2329 461 2619 511 tractatum
2669 454 2727 512 in
2766 471 2863 514 sua
2896 455 3236 529 praefatione,
3277 473 3443 530 quam
3485 458 3614 519 huic

303 559 422 636 jam
448 573 480 612 a
519 553 710 612 multis
745 552 960 612 saeculis
993 550 1193 624 liquido
1231 559 1607 624 compertum,
1651 549 1901 622 explora-

305 659 520 724 tumque
559 648 862 706 habeatur?
902 649 1014 703 Ant
1053 660 1162 718 qua
1189 643 1403 701 ratione
1439 643 1767 701 sanctissimi
1807 642 1903 700 viri

2012 549 2426 624 subjungemus,
2468 549 2628 607 latius
2667 552 2930 624 explicare
2957 567 3414 624 supervacaneum
3455 563 3608 627 puto.

2016 645 2140 700 Huc
2166 643 2395 714 accedit,
2434 642 2578 716 quod
2616 653 2671 701 et
2705 647 2821 717 ipse
2847 649 2919 702 D.
2962 650 3202 719 Prosper
3235 648 3474 706 Cassiani
3513 648 3614 706 im-

308 750 424 803 DD.
460 744 812 812 Benedictus,
857 740 1234 806 Cassiodorus,
1270 738 1618 808 Dominicus,
1644 737 1905 826 Thomas,
2014 745 2286 809 pugnator
2306 751 2418 792 non
2441 735 2624 792 solum
2639 736 2756 809 ejus
2780 735 3077 794 honoriﬁce
3099 739 3346 796 meminit
3368 740 3423 796 in
3439 741 3612 798 Chro-

305 838 620 912 Dionysius,
655 835 930 909 Ignatius,
973 843 1142 906 atque
1179 831 1300 900 alii,
1348 830 1666 889 Cassianum
1711 837 1768 885 et
1806 828 1909 900 ips1
2015 829 2161 898 nico,
2191 829 2289 886 sed
2323 839 2379 886 et
2405 831 2460 885 in
2495 831 2761 902 opusculo
2791 831 2972 904 ipsum
2998 832 3344 905 redarguens,
3375 833 3610 891 catholi-

300 941 448 992 stanto
485 932 666 990 studio
693 929 928 1002 amplexi
970 944 1038 985 ac
1071 927 1311 985 venerati
1338 933 1500 995 sunt,
1544 933 1600 980 et
1625 923 1742 981 aliis
1778 941 1897 982 am-

309 1026 641 1101 plectendam
665 1067 682 1097 ,
753 1010 1124 1092 volvendum,
1194 1020 1544 1078 lectitandum
1606 1029 1727 1077 tum
1797 1036 1898 1078 suo

298 1121 568 1194 exemplo,
605 1129 727 1176 tum
751 1119 984 1190 scriptis,
1025 1124 1082 1173 et
1108 1115 1294 1172 multis
1323 1115 1584 1172 encomiis
1615 1131 1897 1172 commen-

299 1213 523 1282 darunt,
560 1213 610 1268 si
645 1227 757 1268 non
791 1211 1154 1279 utilissimum,
1193 1209 1370 1266 immo
1401 1208 1739 1281 praecipuum
1776 1209 1900 1266 vitae

299 1305 624 1363 monasticae
678 1304 954 1376 speculum
977 1345 994 1373 ,
1050 1312 1106 1360 et
1151 1303 1336 1375 paucis
1395 1301 1630 1374 demptis
1694 1304 1896 1372 navis,

299 1416 505 1474 corpus
530 1397 856 1471 caeteroquin
886 1397 1335 1470 pulcherrimum,
1361 1404 1416 1453 et
1438 1397 1616 1454 modis
1641 1397 1899 1454 omnibus

300 1490 732 1552 commendabile
759 1491 1133 1563 judicassent?
1158 1493 1364 1548 Verum
1397 1505 1460 1546 ex
1491 1489 1720 1547 adverso
1743 1499 1895 1548 stan-

302 1595 412 1644 tem
451 1585 585 1642 mihi
629 1584 816 1642 videre
869 1583 1052 1642 videor
1094 1600 1274 1641 acrem
1318 1584 1722 1653 adversarium,
1759 1587 1896 1642 Pro-

293 1694 518 1752 sperum
544 1679 702 1735 illum
741 1677 1105 1752 Rhegiensem
1139 1677 1473 1751 episcOpnm,
1506 1677 1600 1750 qui
1641 1677 1898 1750 peculiari

303 1773 456 1842 libro,
498 1781 562 1828 ut
591 1772 799 1828 dictum
839 1781 944 1842 est,
986 1772 1244 1830 adversus
1286 1773 1618 1830 Collatorem
1661 1772 1808 1830 edito
1842 1775 1900 1829 in

2007 937 2134 979 cum
2187 921 2539 979 nihilominus
2594 923 2881 980 doctorem
2929 927 3213 998 agnoscit,
3266 927 3351 983 his
3409 929 3614 988 scilicet

2007 1017 2182 1074 verbis
2215 1017 2282 1074 de
2320 1018 2576 1076 Cassiano
2609 1026 2664 1075 et
2704 1019 2822 1076 aliis
2847 1022 2904 1076 S.
2941 1022 3228 1093 Augustini
3259 1023 3611 1094 reprehenso-

2007 1111 2157 1169 ribus
2183 1129 2348 1184 agens
2380 1133 2392 1168 :
2427 1116 2665 1182 Qum'um
2691 1120 2870 1170 tamen
2911 1115 3044 1170 dum
3083 1117 3264 1171 adhuc
3290 1133 3398 1172 non
3421 1125 3550 1174 sunt
3576 1136 3612 1175 a

2005 1208 2262 1276 fraterna
2281 1209 2528 1263 societate
2551 1209 2732 1272 divisi,
2759 1211 2934 1278 magis
2955 1215 3033 1264 est
3053 1211 3338 1266 toleranda
3359 1213 3605 1278 intentio,

2008 1317 2174 1372 quam
2195 1302 2531 1373 desperanda
2553 1306 2826 1366 correctio,
2851 1304 3016 1358 donec
3029 1306 3288 1360 Dominus
3300 1320 3404 1375 per
3427 1307 3612 1361 Eccle-

2005 1398 2100 1450 siae
2110 1399 2380 1467 principes
2399 1401 2450 1451 et
2466 1397 2730 1466 legitimos
2740 1397 3076 1466 judiciorum
3094 1411 3315 1452 suorum
3334 1400 3611 1454 ministros

2006 1492 2136 1554 haec,
2150 1507 2272 1561 qua:
2285 1507 2386 1570 per
2397 1507 2696 1562 paucorum
2711 1491 3039 1562 superbiam,
3065 1495 3115 1546 et
3135 1491 3493 1562 quorumdam
3508 1494 3608 1547 im-
3633 1501 3650 1518 ’

1999 1587 2258 1656 peritiam
2283 1585 2503 1640 turbata
2522 1591 2669 1649 sunt,
2691 1589 2990 1656 componat.
3017 1587 3152 1641 Haec
3171 1587 3403 1657 Prosper
3415 1585 3470 1640 in
3493 1585 3611 1656 ejus

2007 1679 2187 1749 operis
2237 1679 2444 1751 epilogo
2495 1697 2508 1732 :
2563 1679 2763 1751 quibus
2801 1678 3051 1752 intelligis
3099 1679 3420 1736 Cassianum
3472 1679 3612 1736 inter

2005 1771 2308 1827 catholicos
2340 1771 2675 1841 professores
2703 1781 3144 1828 annumeratum.
3177 1779 3252 1829 At
3287 1774 3463 1830 multo
3498 1789 3614 1830 cer-

299 1868 623 1926 Cassianum
661 1867 967 1940 (suppresso
1019 1875 1204 1924 tamen
1249 1867 1368 1940 ejus
1411 1868 1652 1936 nomine)
1693 1868 1898 1941 stylum
1931 1849 1978 1911 Β
2006 1865 2116 1920 tius
2139 1871 2529 1936 argumentum
2551 1877 2617 1918 ex
2643 1877 2708 1918 eo
2733 1863 2876 1918 sumi
2899 1863 3128 1930 videtur,
3156 1865 3304 1934 quod
3327 1867 3613 1924 Cassianus

299 1961 534 2030 strinxit,
575 1968 632 2017 et
668 1961 1022 2017 Collationem
1053 1961 1172 2034 ejus
1215 1960 1432 2017 tertiam
1469 1960 1737 2017 decimam
1773 1975 1897 2032 gra-

303 2059 428 2115 viter
443 2058 804 2130 impugnavit.
844 2057 985 2129 Quid
1009 2057 1098 2114 hic
1121 2057 1323 2126 dicam,
1355 2057 1528 2114 amice
1551 2058 1758 2114 lector?
1787 2061 1898 2130 An,

301 2166 422 2208 cum
459 2150 746 2208 Gennadio
785 2151 1127 2217 Massiliensi,
1161 2159 1226 2206 ut
1261 2150 1580 2206 Cassianum
1619 2164 1900 2220 excusem,

304 2247 374 2301 D.
401 2249 753 2317 Prosperum,
791 2243 974 2299 virum
1016 2242 1168 2298 omni
1207 2241 1522 2314 exceptione
1561 2243 1900 2316 superiorem

301 2344 361 2392 et
387 2336 831 2408 probatissimum
873 2334 1125 2391 Ecclesiae
1154 2334 1434 2391 doctorem
1471 2351 1763 2405 arcessam,
1803 2345 1899 2393 aut

295 2429 606 2502 suggillem?
635 2427 794 2484 absit.
823 2429 1047 2484 Amicus
1075 2433 1212 2483 certe
1239 2429 1556 2496 Cassianus;
1598 2429 1694 2484 sed
1720 2432 1896 2499 magis

299 2525 470 2578 amica
496 2525 720 2577 ueritas.
751 2521 1074 2578 Cassianum
1105 2520 1162 2575 in
1185 2521 1290 2576 hoc
1312 2535 1424 2576 non
1452 2521 1642 2578 leviter
1664 2534 1919 2588 errasse,’

295 2614 571 2686 multaque
595 2611 1016 2686 reprehensione
1037 2611 1262 2686 dignum
1285 2611 1552 2669 exstitisse
1570 2630 1732 2670 nemo
1751 2631 1898 2672 sanae

291 2707 494 2765 mentis
539 2705 815 2781 negaverit
835 2747 851 2774 ,
899 2704 1051 2778 quod
1103 2705 1246 2761 inter
1288 2705 1390 2761 alia
1447 2707 1897 2766 anachoretarum

294 2803 438 2860 dicta
479 2803 835 2861 Collationem
875 2801 1024 2858 illam
1065 2799 1276 2858 abbatis
1326 2801 1720 2871 Chaeremonis,
1774 2817 1898 2874 quae

291 2904 414 2954 tota
437 2895 704 2970 Pelagiani
733 2895 1004 2969 dogmatis
1039 2893 1264 2968 fuligine
1291 2910 1536 2968 respersa
1562 2903 1662 2964 est,
1690 2895 1898 2952 descri-

294 2989 530 3048 bendam
551 2989 869 3062 susceperit,
887 3005 1118 3062 eamque
1137 2988 1194 3044 in
1217 2988 1497 3062 publicum
1514 2989 1587 3044 ita
1607 2989 1890 3062 evulgarit,

289 3093 359 3142 ut
377 3093 432 3142 et
455 3085 574 3158 ipse
603 3085 814 3158 Pelagio
837 3084 1078 3153 studere,
1110 3092 1167 3140 et
1196 3087 1268 3140 D.
1302 3085 1610 3157 Augustino
1633 3084 1894 3159 refragari

291 3177 568 3236 videretur
595 3197 609 3233 :
647 3193 710 3234 eo
740 3177 1044 3250 praesertim
1065 3185 1334 3249 tempore,
1360 3193 1471 3250 quo
1497 3177 1746 3250 ejusdem
1774 3183 1891 3235 Au-

287 3271 498 3342 gustini
536 3269 739 3338 scripta
770 3269 838 3324 de
877 3269 1046 3339 gratia
1084 3269 1184 3324 Dei
1219 3278 1275 3324 et
1309 3267 1482 3325 libero
1525 3270 1760 3326 hominis
1801 3287 1892 3328 ar-

282 3358 459 3417 bitrio
491 3359 753 3416 adversus
782 3358 1093 3431 Pelagianos
1129 3360 1268 3419 edita
1295 3369 1326 3418 a
1355 3361 1683 3434 quibusdam
1722 3363 1892 3420 Galli-

281 3455 440 3512 canis
489 3453 852 3528 presbyteris,
911 3455 1001 3527 qui
1057 3471 1117 3514 se
1166 3457 1466 3516 catholicos
1533 3458 1908 3517 nihilominus-

285 3545 688 3619 prolitebantur
721 3547 884 3613 (inter
915 3564 1053 3621 quos
1079 3557 1136 3606 et
1173 3551 1462 3608 Cassianus
1488 3553 1893 3610 annumeraba—

284 3645 424 3710 tur),
453 3640 761 3699 inconsulto
789 3657 856 3699 ac
885 3650 1092 3700 temere
1128 3643 1572 3714 traducerentur,
1599 3655 1656 3703 et
1677 3647 1734 3702 in
1759 3662 1891 3704 con-

247 3783 260 3794 .
286 3735 614 3792 troversiam
651 3745 1050 3794 revocarentur.
1093 3738 1214 3806 Qua
1243 3747 1561 3812 tempestate
1586 3740 1718 3796 nihil
1747 3741 1894 3798 vide-

284 3829 450 3886 batur
467 3828 891 3896 incommodius,
915 3839 1012 3887 aut
1033 3831 1396 3904 importunius
1417 3833 1561 3890 illius
1585 3834 1898 3892 Collationis

281 3921 510 3995 scripto,
539 3921 688 3994 quod
713 3923 818 3979 sub
845 3925 1026 3994 specie
1053 3923 1232 3980 mellis
1257 3939 1528 3981 venenum
1565 3928 1894 3999 propinaret,

281 4023 410 4072 tum
445 4015 518 4072 ad
542 4016 784 4072 auctoris
819 4013 1128 4082 infamiam,
1155 4022 1279 4070 tum
1303 4016 1372 4070 ad
1394 4019 1470 4070 D.
1501 4019 1783 4086 Augustini
1809 4019 1896 4074 in-

275 4108 508 4181 iuriam,
547 4117 671 4163 tum
699 4105 935 4174 denique
977 4103 1046 4162 ad
1076 4106 1386 4162 animarum
1416 4105 1704 4164 discrimen
1745 4125 1902 4182 posse

281 4197 532 4268 obtrudi,
568 4204 630 4254 ut
658 4195 765 4254 hoc
789 4195 871 4253 vel
897 4195 1016 4253 solo
1039 4197 1261 4254 nomine
1283 4199 1572 4256 Cassianus
1599 4209 1712 4258 tam
1741 4201 1902 4258 Gela-

273 4292 348 4350 sii
384 4307 705 4364 censuram,
745 4305 913 4363 quam
955 4293 1212 4366 Prosperi
1246 4293 1744 4368 reprehensionem,
1781 4297 1898 4353 ani-

277 4384 840 4458 madversionemque
868 4386 1064 4444 merito
1090 4386 1403 4446 incurrerit.
1441 4391 1566 4446 Non
1587 4391 1734 4448 enim
1763 4407 1895 4449 cum

269 4478 380 4534 illo
422 4477 614 4536 abbate
651 4478 1031 4550 Cbaeremone,
1074 4496 1243 4554 quem
1275 4481 1329 4538 in
1366 4482 1454 4540 illa
1495 4484 1797 4542 Collatione
1823 4484 1894 4542 de

2008 1967 2136 2031 post
2160 1956 2489 2014 Collationes
2515 1971 2548 2012 a
2574 1972 2633 2012 se
2655 1955 2970 2028 descriptas,
3001 1956 3237 2026 monitu,
3273 1965 3329 2014 et
3357 1957 3613 2016 adhorta-

1973 2098 1982 2106 .
2008 2051 2160 2108 tione
2180 2049 2380 2106 Leonis
2416 2052 2682 2106 Romanae
2721 2048 2975 2106 Ecclesiae
3001 2047 3396 2120 archidiaconi,
3425 2059 3612 2122 postea

2007 2145 2274 2219 pontiﬁcis
2313 2145 2534 2212 summi,
2577 2144 2836 2202 adversus
2876 2143 3210 2211 Nestorium,
3251 2143 3516 2200 disertum
3546 2161 3612 2202 ac

2007 2241 2291 2314 perutilem
2317 2239 2386 2298 de
2414 2241 2792 2297 Incarnatione
2820 2240 3046 2297 Domini
3081 2239 3249 2297 edidit
3271 2248 3612 2298 commenta-

2004 2333 2166 2400 rium,
2188 2332 2489 2404 eodemque
2508 2332 2785 2389 volumine
2811 2331 3092 2405 Pelagium
3107 2331 3254 2388 velut
3266 2332 3610 2391 Nestorianae

2007 2426 2232 2483 haeresis
2259 2434 2543 2499 parentem
2579 2425 2927 2482 vehementer
2961 2425 3270 2498 exagitavit.
3316 2429 3460 2482 Nam
3485 2426 3610 2484 Col-

2008 2521 2276 2578 lationum
2320 2521 2492 2576 libros
2521 2520 2818 2576 absolvisse
2853 2535 2932 2590 se,
2973 2527 3266 2591 antequam
3301 2520 3384 2577 his
3417 2521 3486 2578 de
3524 2524 3612 2579 ln-

2008 2614 2324 2694 carnatione
2353 2612 2650 2670 scribendis
2670 2613 2825 2670 libris
2849 2626 3074 2669 manum
3099 2613 3438 2684 admoveret,
3468 2615 3634 2687 ipse-.

2009 2714 2127 2762 met
2151 2707 2208 2761 in
2230 2703 2552 2776 praefatione
2576 2714 2824 2773 testatur,
2847 2705 2981 2762 dum
3005 2705 3085 2761 sic
3107 2705 3388 2762 exorditur
3415 2726 3426 2760 :
3452 2708 3613 2762 Abso-

2009 2803 2138 2856 lutis
2183 2801 2395 2855 dudum
2446 2801 2801 2856 Collationum
2853 2801 3185 2868 spiritalium
3237 2801 3424 2854 libellis
3439 2841 3456 2862 ,
3505 2807 3608 2856 etc.

2007 2894 2268 2968 Idemque
2296 2893 2566 2952 Genuadii
2601 2894 2775 2966 elogio
2813 2891 3221 2965 comprobatur,
3266 2893 3358 2948 ubi
3387 2892 3506 2948 haec
3545 2893 3612 2950 de

2008 2988 2265 3045 Cassiano
2294 3008 2307 3044 :
2337 2989 2430 3045 Ad
2449 2993 2750 3047 extremum
2770 2992 2994 3058 rogatus
3013 3003 3048 3042 a
3071 2990 3241 3043 Leone
3258 2987 3408 3041 urbis
3433 2991 3612 3044 Roma:

2006 3087 2403 3150 archidiacono,
2420 3090 2608 3156 postea
2630 3087 2888 3155 episcopo,
2911 3085 3128 3155 scripsit
3149 3082 3409 3138 "adversus
3430 3086 3614 3141 Nesto-

2006 3183 2150 3235 rium
2173 3181 2241 3235 de
2268 3182 2644 3236 Incamatione
2671 3181 2891 3235 Domini
2917 3178 3079 3232 libros
3105 3182 3323 3247 septem,
3357 3183 3408 3233 et
3433 3179 3489 3230 in
3525 3178 3608 3232 his

2004 3273 2276 3328 scribendi
2291 3271 2442 3342 apud
2460 3272 2780 3333 Massiliam,
2799 3275 2850 3324 et
2866 3269 3086 3324 vivendi
3097 3273 3257 3338 finem
3271 3271 3422 3336 fecit,
3451 3269 3612 3324 Theo-

2001 3368 2230 3422 dosioet
2276 3367 2660 3422 Valentiniano
2687 3363 3062 3433 regnantibus.
3099 3361 3234 3436 Quis
3261 3377 3390 3418 vero
3424 3361 3610 3420 credat

2001 3461 2248 3516 Leonem
2277 3457 2452 3526 illum,
2483 3455 2892 3513 sanctissimum
2923 3471 2987 3512 ac
3027 3455 3496 3528 sapientissimum
3530 3455 3610 3511 vi-

2001 3569 2148 3622 rum,
2175 3553 2232 3608 in
2265 3551 2398 3609 illud
2421 3565 2562 3624 opus
2593 3566 2705 3606 non
2727 3550 2893 3607 alium
2925 3565 3092 3623 quam
3119 3551 3443 3606 Cassianum
3472 3548 3606 3606 deli-

2002 3660 2131 3718 gere
2163 3643 2422 3714 voluisse,
2469 3643 2575 3700 nisi
2611 3659 2739 3700 eum
2774 3652 2978 3710 nosset,
3015 3651 3111 3699 aut
3147 3643 3448 3700 certissime
3485 3657 3600 3700 cre-

2005 3741 2158 3798 deret
2209 3755 2306 3813 per
2351 3740 2536 3797 omnia
2591 3739 2964 3798 orthodoxam
2983 3782 3000 3810 ,
3045 3747 3102 3796 et
3142 3739 3211 3796 de
3260 3739 3426 3796 rebus
3474 3737 3600 3797 fidei

2004 3833 2213 3907 optime
2256 3833 2612 3904 sentientem,
2655 3843 2818 3906 atque
2863 3833 3002 3890 adeo
3045 3832 3348 3906 Pelagianis
3385 3833 3607 3906 perinde

2005 3944 2070 3984 ac
2107 3928 2444 3985 Nestorianis
2483 3928 2717 3984 maxime
2765 3925 3083 3984 infensum?
3125 3927 3289 3996 Quod
3333 3935 3390 3984 et
3431 3928 3610 3998 reipsa

2007 4021 2254 4093 probavit
2303 4022 2611 4090 Cassianus,
2660 4020 2796 4078 dum
2853 4021 2911 4077 id
2963 4021 3206 4077 muneris
3249 4020 3612 4076 libentissime

2007 4118 2266 4190 suscepit,
2297 4119 2558 4189 omnique
2585 4115 2770 4172 studio
2812 4115 2870 4169 in
2897 4115 2955 4170 id
2996 4114 3174 4185 operis
3201 4112 3470 4184 incubuit,
3500 4128 3608 4186 quo

2008 4225 2068 4266 se
2084 4209 2414 4264 acerrimum
2440 4218 2562 4264 tum
2583 4204 2875 4278 Pelagiani,
2900 4213 3020 4262 tum
3043 4205 3352 4263 Nestoriani
3379 4205 3606 4282 dogma-

2005 4303 2082 4360 tis
2107 4301 2342 4369 hostem,
2373 4309 2429 4358 et
2467 4299 2750 4358 catholica:
2777 4299 3015 4357 veritatis
3051 4307 3334 4358 strenuum
3376 4309 3609 4360 asserto-

2003 4412 2122 4454 rem
2149 4395 2400 4454 exhibuit
2432 4415 2446 4452 :
2489 4410 2553 4450 ae
2582 4393 2810 4468 proinde
2841 4395 2885 4452 si
2913 4394 3046 4467 quid
3073 4395 3346 4468 prioribus
3388 4396 3608 4469 scriptis

1999 4505 2098 4564 per
2120 4489 2540 4563 imprudentiam
2574 4487 2892 4562 humanitus
2921 4489 3180 4561 peccarit,
3214 4489 3378 4562 digna
3418 4503 3607 4546 emen-

273 4570 460 4644 gratia
504 4572 606 4628 Dei
645 4581 702 4628 et
738 4571 906 4630 libero
945 4573 1168 4632 arbitrio
1198 4575 1556 4635 disserentem
1597 4578 1892 4636 introducit
1917 4582 1968 4646 D
2003 4584 2222 4642 datione
2257 4584 2440 4640 sanior
2478 4590 2533 4640 et
2561 4582 2774 4640 cautior
2803 4581 3052 4653 effectus,
3081 4581 3371 4640 salubriter
3405 4583 3610 4640 abster-

271 4665 601 4735 Cassianus,
633 4665 738 4722 sibi
760 4675 1038 4724 certamen
1065 4668 1364 4728 ineundum
1387 4673 1594 4744 putavit
1613 4675 1884 4747 Prosper:

269 4761 426 4816 Cum
449 4762 556 4827 ille,
583 4760 782 4834 inquit,
808 4765 942 4820 tales
967 4768 1241 4836 opiniones
1269 4783 1399 4823 suas
1423 4773 1522 4824 aut
1546 4771 1793 4840 negando
1815 4785 1892 4826 re

270 4857 524 4922 futaret,
554 4861 654 4912 aut
689 4860 1002 4930 corrigendo
1025 4861 1259 4918 dilueret
1284 4882 1302 4918 :
1329 4863 1429 4919 sed
1451 4879 1584 4920 cum
1611 4864 1729 4938 ipso
1757 4867 1890 4922 Cas-

260 4949 461 5018 siano,
499 4951 593 5024 qui
632 4951 802 5008 talem
841 4952 1151 5012 doctrinam
1189 4956 1263 5013 ita
1307 4959 1616 5031 evulgarat,
1663 4967 1727 5016 ut
1769 4975 1893 5019 eam

261 5041 617 5117 approbasse
641 5061 707 5103 ac
733 5048 1032 5120 suscepisse
1055 5050 1281 5108 omnino
1309 5051 1642 5111 crederetur.

351 5137 568 5195 Verum
603 5154 724 5197 non
760 5140 836 5198 ita
861 5157 1050 5200 revera
1085 5145 1316 5203 sensisse
1345 5147 1685 5217 Cassianum,
1718 5164 1897 5222 neque

2001 4679 2094 4736 sit.
2133 4676 2297 4748 Quod
2338 4684 2400 4734 ut
2439 4677 2640 4734 certius
2674 4675 2772 4733 tibi
2800 4685 3031 4745 constet,
3073 4675 3199 4733 audi
3245 4675 3425 4748 ipsum
3474 4676 3612 4744 (Lib.

2002 4773 2070 4830 de
2101 4775 2318 4830 Incarn.
2363 4787 2484 4843 cap.
2529 4775 2623 4838 4),
2673 4770 2716 4827 si
2751 4770 2947 4842 placet,
2985 4769 3055 4828 de
3088 4769 3324 4841 Leporio
3369 4766 3612 4840 quodam

2001 4865 2322 4940 presbytero
2368 4865 2511 4921 inter
2563 4863 2886 4935 Pelagianos
2925 4861 3304 4918 famosissimo
3321 4901 3337 4927 ,
3385 4858 3610 4918 tandem

2001 4959 2113 5016 suis
2152 4955 2378 5014 monitis
2410 4955 2480 5012 ad
2507 4955 2783 5012 saniorem
2821 4962 3068 5010 mentem
3103 4959 3159 5009 et
3187 4951 3350 5010 fidem
3379 4953 3606 5012 catholi-

2001 5068 2126 5110 cam
2151 5056 2428 5118 revocato,
2459 5049 2536 5106 ita
2565 5047 2920 5118 scribentem,
2947 5044 3281 5120 suffragante
3305 5048 3516 5118 itidem,
3543 5065 3610 5108 ac

2003 5143 2379 5202 testimonium
2431 5141 2530 5217 ipsi
2576 5140 2894 5216 perhibente
2939 5141 3224 5199 Gennadio
3270 5163 3284 5198 :
3327 5145 3606 5214 Leporius,

262 5247 343 5290 ex
391 5247 494 5290 sua
539 5235 804 5292 sententia
844 5235 918 5294 ita
963 5237 1240 5312 scripsisse
1255 5281 1272 5310 ,
1317 5239 1414 5298 sed
1465 5242 1706 5300 aliorum
1746 5242 1892 5302 dicta

259 5326 572 5384 dumtaxat
610 5329 880 5402 retulisse,
923 5332 1172 5406 pluribus
1207 5337 1567 5408 argumentis,
1610 5336 1759 5394 nullo
1805 5352 1892 5394 sa-

253 5422 450 5480 nioris
475 5423 760 5482 sententia:
791 5425 1132 5498 praeiudicio,
1163 5429 1386 5502 probari
1413 5438 1613 5502 potest.
1643 5431 1894 5488 Primum

261 5515 433 5588 quod
459 5515 575 5589 ipse
603 5518 850 5591 pluribus
873 5519 930 5576 in
953 5519 1110 5593 locis,
1135 5522 1442 5596 praesertim
1477 5537 1702 5580 suarum
1730 5524 1891 5582 insti-

251 5607 584 5678 tutionum,
638 5611 731 5669 ubi
773 5609 845 5670 de
887 5613 1078 5687 gratim
1099 5655 1102 5658 ~
1121 5615 1223 5673 Dei
1262 5617 1602 5686 necessitate,
1635 5626 1692 5676 et
1738 5617 1894 5675 liberi

243 5700 492 5758 arbitrii
517 5704 883 5764 imbecillitate
911 5707 1150 5779 disserit,
1186 5709 1260 5767 ita
1289 5711 1376 5784 pie
1411 5720 1470 5768 et
1501 5711 1768 5769 catholico
1810 5711 1893 5768 lo-

253 5793 490 5868 quitur,
533 5804 595 5854 ut
630 5813 692 5858 se
716 5801 788 5858 ab
824 5817 1014 5861 errore
1053 5803 1254 5877 Pelagii
1291 5803 1684 5862 alienissimum
1725 5803 1893 5862 fuisse
2003 5807 2172 5874 illius,
2199 5823 2369 5878 quam
2387 5809 2562 5864 illam
2583 5809 2878 5864 multorum
2894 5807 3028 5877 ﬁdes
3053 5824 3070 5860 :
3093 5807 3227 5874 quia
3241 5808 3484 5875 primum
3507 5805 3606 5861 est.

250 5891 443 5964 Plane
461 5890 1023 6045 dgmonstret
1045 5908 1430 5974 argumentum
1455 5916 1490 5960 a
1515 5903 1626 5958 Do.
1652 5899 1896 5974 Cuychio
2005 5917 2244 5958 errorem
2260 5903 2478 5974 penitus
2497 5917 2605 5958 non
2628 5903 2906 5956 incurrere
2927 5916 2944 5952 ε
2965 5895 3276 5952 secundum,
3289 5895 3423 6022 sane
3445 5898 3606 5988 τεῳ,

543 5999 766 6044 anon.
995 6031 1010 6045 ,
2362 6015 2378 6031 Ι

543 5999 766 6044 Ατιοι..
802 5999 1010 6047 XLIX.

2362 6015 2378 6031 Ι

2002 5241 2197 5313 inquit,
2235 5245 2361 5297 tunc
2387 5240 2699 5304 monachus,
2729 5238 2884 5295 modo
2907 5238 3209 5310 presbyter,
3234 5240 3334 5310 qui
3359 5254 3426 5294 ea:
3451 5240 3609 5296 Pela-

2003 5339 2086 5407 gii
2106 5337 2466 5399 institutione,
2495 5335 2579 5389 vel
2601 5337 2784 5406 potius
2806 5335 3085 5404 pravitate
3113 5333 3436 5389 descendens
3459 5333 3611 5402 apud

2005 5431 2212 5488 Gallias
2249 5433 2487 5484 assertor
2503 5427 2784 5499 praedibus
2811 5427 3088 5490 haereseos,
3117 5431 3218 5482 aut
3243 5430 3386 5482 inter
3401 5427 3612 5495 primos

2003 5531 2102 5582 aut
2115 5528 2258 5582 inter
2275 5527 2541 5581 maximos
2556 5525 2670 5593 fuit
2687 5540 2724 5579 a
2737 5523 2887 5578 nobis
2907 5523 3237 5588 admonitus,
3255 5541 3291 5580 a
3309 5527 3416 5580 Deo
3433 5537 3612 5582 einen-

2003 5619 2168 5676 datus
2189 5623 2270 5676 ita
2287 5621 2429 5676 male
2447 5624 2752 5693 conceptam
2763 5613 3170 5690 persuasibnem
3187 5619 3470 5691 magniﬁce
3486 5633 3610 5676 con-

2003 5713 2299 5778 demnavit,
2331 5718 2395 5770 ut
2417 5729 2528 5770 non
2549 5702 2729 5770 minus
2745 5728 2882 5785 pene
2905 5712 3240 5768 admiranda
3262 5716 3334 5769 sit
3357 5712 3610 5767 correctio
