4052 6200
377 404 451 457 43
964 394 967 397 ’
1247 397 1341 451 AD
1379 396 1609 452 OPERA
1643 393 1925 452 JOANNIS
1961 395 2267 453 CASSIANI
2307 393 2838 452 PROLEGOMENA.
3633 397 3707 450 Η

382 526 556 583 diare.
602 524 738 579 Hzec
766 527 820 578 et
854 520 954 577 alia
992 518 1062 577 de
1093 518 1446 577 conversione
1472 517 1691 590 Leporii
1717 518 1988 593 Pelagiani
2015 524 2069 587 Α
2169 528 2232 578 4ο
2275 522 2479 577 Verum
2507 517 2639 575 illud
2676 515 2944 589 praecipue
2967 514 3226 588 spectavi,
3260 524 3316 572 et
3335 514 3457 574 hoc
3480 519 3708 591 potissi-

381 636 412 675 a
436 633 495 684 se
518 624 804 691 procurata
837 615 1142 673 Cassianus.
1175 615 1392 669 Rursus
1423 612 1528 669 alio
1558 611 1696 669 libro
1724 612 1856 685 (Lib.
1889 628 1986 670 vn

384 714 452 768 de
478 716 692 769 Incarn.
726 727 777 766 c.
805 712 894 776 2|)
928 707 1240 765 Nestorium
1268 713 1331 762 ut
1357 705 1557 778 Pelagii
1590 705 1844 762 sobolem
1869 720 1990 762 exa-

387 808 561 881 gitans
597 824 613 861 :
657 807 795 873 Quia
834 805 1023 875 spina,
1052 799 1247 872 inquit,
1280 815 1344 854 ac
1378 800 1570 856 tribuli
1603 816 1672 854 ea:
1714 800 1989 855 radicibus

390 904 713 971 emergentes
738 899 1003 969 qualitate
1026 896 1117 949 sui
1129 896 1354 965 stirpem
1376 909 1533 950 suam
1552 894 1816 966 produnt,
1845 910 1913 949 ea:
1933 910 1990 949 eo

391 996 508 1066 ipso
530 993 676 1064 quod
701 994 847 1053 sunt,
876 990 1123 1045 indicant
1144 988 1291 1043 unde
1309 993 1639 1054 nascantur;
1663 990 1743 1042 ita
1763 992 1814 1043 et
1829 993 1889 1043 tu
1904 991 1992 1044 Pe-

391 1088 626 1156 Iagz'anw
668 1084 923 1137 haereseos
967 1084 1187 1153 spinosa
1223 1080 1440 1146 soboles,
1481 1081 1625 1137 idem
1662 1082 1897 1138 ostendis
1931 1084 1990 1137 in

392 1180 649 1249 germine,
677 1177 822 1247 quod
835 1180 1000 1248 pater
1026 1179 1151 1231 tuus
1175 1175 1423 1231 habuisse
1447 1175 1690 1231 traditur
1708 1178 1767 1230 in
1784 1176 1989 1232 radice.

390 1275 644 1345 Leporius
679 1274 820 1326 enim
857 1271 967 1334 ille,
999 1278 1105 1326 etc.
1144 1271 1281 1327 Haec
1319 1277 1375 1326 et
1405 1268 1508 1326 alia
1536 1269 1592 1326 in
1631 1269 1911 1343 Pelagium
1937 1278 1993 1328 et

385 1365 585 1439 Pelagii
626 1363 803 1421 fetum
829 1364 1144 1420 Nestorium
1181 1363 1492 1433 Cassianus,
1518 1362 1718 1437 quibus
1753 1379 1910 1421 suam
1938 1366 1994 1422 in

392 1459 501 1517 ﬁde
546 1458 811 1516 catholica
856 1458 1105 1517 stabilem
1150 1473 1215 1514 ac
1258 1458 1526 1514 sinceram
1566 1458 1731 1514 animi
1773 1468 1993 1516 senten-

393 1554 529 1610 tiam
550 1552 764 1610 abunde
783 1560 1037 1609 testatam
1060 1551 1300 1624 reliquit,
1318 1567 1483 1624 seque
1503 1551 1728 1608 demum
1749 1553 1819 1609 ab
1844 1554 1994 1611 omni

393 1647 592 1703 erroris
616 1645 921 1719 suspicione
949 1646 1218 1719 pargavit.
1242 1648 1320 1702 At
1345 1645 1414 1703 de
1441 1645 1526 1703 his
1553 1646 1834 1703 hactenus.

469 1743 594 1796 Jam
632 1755 759 1796 vero
796 1739 923 1812 quid
967 1740 1022 1796 in
1061 1740 1165 1796 hac
1202 1740 1478 1812 postrema
1518 1739 1750 1797 editione
1789 1741 1995 1798 allabo-

2094 630 2250 677 mum
2277 614 2507 671 nomine
2538 612 2795 669 Cassiano
2822 625 2913 667 me
2951 608 3158 677 addixi,
3196 618 3257 666 ut
3296 610 3355 667 in
3385 612 3617 684 gratiam
3647 625 3711 672 et

2096 709 2420 782 obsequium
2459 706 2905 765 commilitonum
2951 713 3004 761 et
3041 703 3378 763 confratrum
3420 724 3703 778 meorum,

2096 803 2337 871 Ordinis,
2365 802 2605 874 inquam,
2643 798 2978 857 Benedictini
3017 798 3419 857 cmnobitarum
3458 803 3565 868 (cui
3610 819 3712 859 me

2100 901 2251 957 Deus
2304 913 2400 954 sua
2460 896 2628 969 gratia
2685 894 3003 968 inscriptum
3064 895 3251 968 voluit)
3301 895 3587 971 plerasque
3640 914 3711 955 ac

2101 992 2400 1066 praecipuas
2456 988 2802 1047 difﬁcultates
2857 988 3090 1061 Regulae
3148 989 3477 1046 sanctissimi
3528 991 3714 1047 Patris

2099 1087 2271 1144 nostri
2301 1083 2595 1155 Benedicti,
2619 1089 2887 1156 quantum
2927 1082 2985 1138 in
3011 1097 3103 1138 me
3127 1091 3290 1152 esset,
3316 1084 3434 1138 Deo
3454 1083 3710 1155 juvante,

2102 1190 2264 1255 prout
2297 1196 2355 1237 se
2387 1178 2537 1237 dedit
2574 1176 2809 1246 occasio,
2842 1192 2906 1232 ex
2952 1175 3208 1234 Cassiano
3249 1176 3595 1251 explicarem,
3648 1188 3705 1236 et

2102 1274 2411 1347 complures
2448 1272 2563 1345 ejus
2602 1272 2754 1328 locos
2791 1270 2859 1327 ad
2899 1268 3138 1328 Cassiani
3179 1271 3400 1342 scripta,
3440 1273 3588 1328 velut
3629 1270 3708 1329 ad.

2102 1375 2454 1440 prototypum
2502 1380 2663 1422 suum
2713 1362 2975 1420 referrem
3033 1378 3098 1419 ac
3142 1379 3477 1420 revocarem.
3538 1364 3712 1421 Unde-

2100 1462 2309 1535 liquido
2355 1467 2576 1533 apparet
2618 1466 2825 1531 quanta
2873 1473 3025 1525 cura,
3073 1472 3238 1529 quam
3285 1456 3371 1528 pia
3413 1465 3469 1513 et
3518 1457 3711 1515 solerti

2104 1555 2450 1614 aemulatione
2492 1552 2869 1610 sanctissimus
2907 1555 3066 1608 Pater
3111 1549 3433 1606 Benedictus
3479 1560 3695 1608 veteres

2105 1650 2410 1706 monachos
2447 1646 2644 1703 imitari
2673 1644 2960 1712 studuerit,
2998 1652 3054 1700 et
3076 1659 3269 1700 eorum
3303 1643 3537 1716 vestigiis
3565 1644 3701 1699 insi-

2103 1752 2272 1809 stere;
2311 1758 2520 1814 suoque
2542 1741 2793 1812 exemplo
2822 1748 2876 1797 et
2898 1737 3236 1797 institutione
3258 1753 3388 1795 suos
3411 1736 3722 1796 cmnobitas

397 1840 582 1889 ratum
611 1838 707 1888 aut
734 1842 984 1889 curatum
1009 1832 1191 1900 fuerit,
1219 1849 1251 1889 a
1276 1848 1365 1888 me
1390 1833 1600 1904 reposci
1627 1834 1781 1889 video
1809 1852 1822 1888 :
1847 1832 1997 1905 quod
2034 1900 2072 1906 _
2108 1837 2178 1895 ad
2214 1853 2405 1894 eorum
2432 1835 2790 1893 imitationem
2818 1848 3132 1906 provocare.

398 1926 498 1982 etsi
518 1926 723 2001 lectori
763 1926 942 1996 potius
971 1925 1354 1998 judicandum,
1379 1900 1543 1997 quam
1571 1943 1602 1982 a
1642 1942 1732 1983 me
1756 1900 1998 1983 corrime-
2034 1900 2082 1963 Β
2181 1936 2242 1986 5°
2262 1930 2346 1986 Ad
2373 1929 2495 1987 haec
2516 1928 2806 1985 sententias
2820 1900 3145 1982 illustriores
3168 1925 3406 1983 Cassiani
3437 1924 3719 1982 similibus

400 2016 739 2076 morandum
786 2018 961 2086 foret,
1015 2020 1201 2091 paucis
1241 2028 1459 2089 tamen,
1505 2028 1567 2076 ut
1607 2019 1772 2077 ﬁdem
1824 2036 2001 2077 meam

398 2111 649 2183 liberem,
681 2121 735 2169 et
761 2112 1064 2169 verecunde
1093 2112 1358 2169 indicabo.

475 2208 721 2263 Primum
768 2206 989 2278 quidem
1041 2205 1110 2263 de
1155 2213 1307 2262 textu
1359 2206 1613 2262 Auctoris
1654 2205 2004 2281 repurgando

403 2309 497 2357 aut
539 2299 890 2357 reformando
931 2316 1039 2356 non
1072 2315 1405 2372 magnopere
1433 2298 1789 2356 laborandum
1820 2300 2001 2355 existi-

404 2393 571 2464 mavi,
626 2409 754 2449 cum
805 2393 934 2449 satis
980 2393 1329 2450 emendatum
1376 2402 1433 2449 et
1478 2393 1821 2449 enucleatum
1877 2408 2005 2449 eum

404 2487 564 2545 nobis
595 2487 916 2559 reliquerint
953 2488 1226 2562 Cuychius
1255 2496 1321 2544 et‘
1345 2489 1651 2556 Ciaconius,
1679 2488 1777 2543 viri
1809 2486 2009 2544 doctis-

403 2580 526 2636 simi
565 2588 617 2636 et
658 2580 1078 2649 accuratissimi;
1117 2582 1205 2653 qui
1253 2580 1353 2637 hac
1382 2581 1437 2636 in
1471 2597 1532 2637 re
1558 2588 1837 2637 strenuam
1871 2597 1998 2654 ope-

406 2689 528 2729 ram
561 2662 849 2731 navarunt.
887 2675 1103 2731 Contuli
1131 2683 1317 2730 tamen
1339 2690 1465 2730 cum
1496 2674 1704 2746 aliquot
1726 2674 2007 2746 exempla-

408 2767 565 2825 ribus
601 2775 722 2824 tum
765 2768 995 2835 excusis,
1036 2777 1156 2825 tum
1194 2784 1354 2836 mss.,
1400 2776 1455 2824 et
1493 2767 1718 2824 subinde
1754 2767 2008 2841 quaedam

410 2861 525 2917 loca
568 2861 637 2916 ab
678 2861 781 2917 illis
824 2862 1207 2933 praetermissa,
1256 2869 1350 2918 aut
1392 2861 1569 2917 minus
1617 2876 1847 2932 expensa
1890 2876 2009 2917 cor-

417 2955 552 3024 rexi,
595 2964 689 3011 aut
729 2956 963 3025 excussi,
996 2964 1050 3012 et
1086 2954 1323 3013 adhibita
1370 2954 1535 3012 etiam
1582 2954 1829 3027 Dionysii
1872 2954 2009 3011 Car-

418 3048 657 3105 thusiani
727 3048 1037 3120 paraphrasi
1101 3048 1283 3105 lucem
1339 3048 1534 3116 ascivi;
1603 3063 1765 3119 quem
1825 3055 2008 3103 tamen

423 3141 834 3213 paraphrastem
860 3142 1035 3207 '(salva
1068 3142 1205 3198 tanti
1233 3140 1327 3197 viri
1362 3142 1703 3208 auctoritate)
1744 3157 2013 3197 nonnum-

2109 2025 2389 2081 sententiis
2429 2032 2480 2080 et
2506 2022 2695 2095 elogiis
2733 2023 2827 2078 SS.
2854 2023 3077 2077 Patrum
3119 2018 3321 2086 Basilii,
3355 2019 3714 2091 Hieronymi,

2111 2117 2421 2192 Augustini,
2466 2115 2731 2189 Gregorii,
2777 2114 3117 2185 aliorumque
3160 2112 3363 2183 passim
3414 2110 3710 2177 illustravi,

2111 2221 2167 2268 et
2187 2210 2462 2280 roboravi,
2482 2219 2537 2266 et
2555 2226 2619 2266 ex
2644 2210 2749 2265 illis
2766 2208 3061 2264 nonnullas
3082 2205 3391 2263 selectiores
3414 2212 3468 2260 et
3494 2203 3709 2269 breves,

2114 2306 2260 2363 velut
2296 2306 2538 2362 stellulas
2574 2302 2985 2376 splendidiores,
3022 2301 3077 2356 in
3121 2316 3295 2356 unum
3342 2298 3616 2367 collectas,
3659 2304 3714 2352 et

2115 2401 2305 2457 ordine
2345 2399 2586 2472 digestas
2627 2397 2694 2452 ad
2736 2398 2942 2451 calcem
2985 2397 3165 2466 operis
3214 2395 3453 2465 seposui,
3495 2410 3606 2464 quo
3653 2402 3710 2448 et

2117 2493 2320 2548 facilius
2338 2490 2619 2546 memoriae
2643 2486 2967 2543 mandentur
2988 2503 3017 2542 a
3036 2485 3362 2558 junioribus,
3398 2494 3450 2540 et
3472 2485 3721 2542 tenacius

2113 2585 2423 2658 inﬁgantur.

2188 2686 2247 2735 6ο
2274 2679 2360 2736 Ad
2384 2686 2711 2744 extremum,
2738 2692 2807 2732 ne
2828 2674 2956 2748 quid
2980 2675 3239 2731 lectorem
3266 2672 3320 2727 in
3343 2671 3507 2744 hujus
3531 2672 3717 2743 operis

2116 2771 2352 2828 decursu
2394 2770 2679 2839 remorari,
2722 2769 2804 2826 vel
2851 2767 3148 2834 offendere,
3188 2767 3271 2824 vel
3308 2765 3498 2837 quovis
3538 2764 3717 2821 modo

2116 2865 2175 2922 in
2218 2882 2460 2923 errorem
2500 2866 2753 2923 inducere
2788 2872 2990 2938 posset,
3030 2870 3229 2936 praeter
3269 2871 3488 2918 nostras
3532 2876 3698 2916 anno-

2119 2959 2387 3024 tationes,
2440 2960 2602 3032 etiam
2654 2958 2790 3015 alias
2835 2956 3243 3014 observationes
3263 2997 3279 3022 ,
3338 2964 3393 3010 et
3435 2953 3719 3011 censorias

2116 3061 2275 3109 notas
2296 3060 2413 3109 tum
2438 3051 2681 3125 Cuychii,
2711 3060 2830 3107 tum
2860 3049 3098 3108 Ciaconii
3134 3049 3405 3120 adjungen
3418 3047 3535 3114 das,
3571 3055 3625 3103 et
3648 3045 3716 3102 ad

2119 3146 2321 3203 calcem
2359 3145 2545 3202 itidem
2582 3161 2683 3201 suo
2721 3144 2910 3201 ordine
2946 3143 3291 3200 collocandas
3317 3141 3444 3198 duxi
3474 3159 3486 3194 :
3517 3140 3725 3212 quibus

408 3251 573 3308 quam
626 3234 695 3290 ab
749 3236 988 3291 auctoris
1048 3244 1232 3293 mente
1293 3252 1356 3293 ac
1412 3237 1680 3293 sententia
1733 3236 2011 3292 aberrasse
2046 3270 2090 3334 ϐ
2121 3239 2382 3297 antidotis
2418 3238 2661 3295 munitus
2688 3237 2913 3311 quilibet
2940 3237 3264 3294 Cassianum
3293 3234 3544 3305 deinceps
3571 3232 3717 3289 inof-

413 3329 733 3397 submonui,
761 3330 975 3387 lectoris
1003 3331 1218 3387 interim
1236 3331 1440 3404 judicio
1469 3330 1863 3388 arbitrandum.

479 3429 540 3480 2°
590 3425 986 3482 Annotationes
1021 3426 1154 3484 ‘fere
1209 3435 1498 3500 perpetuas
1549 3426 1752 3498 adjeci,
1811 3425 2011 3497 quibus

411 3536 527 3577 non
574 3520 753 3576 solum
802 3537 962 3577 voces
1016 3530 1071 3577 et
1115 3521 1380 3579 dictiones
1434 3520 1698 3594 quasdam
1754 3522 2009 3586 Graecas,

410 3614 666 3671 barbaras
710 3624 807 3671 aut
846 3615 1024 3672 minus
1068 3616 1311 3689 vulgatas
1340 3614 1633 3683 elucidavi;
1675 3613 1770 3670 sed
1808 3622 1861 3669 et
1886 3630 2011 3669 sen-

407 3710 604 3767 tentias
633 3727 873 3783 quasque
901 3711 1275 3781 obscuriores;
1306 3711 1616 3783 complures
1645 3710 1832 3766 itidem
1868 3724 2012 3781 qum-

326 3866 336 3874 .
411 3805 614 3862 stiones
653 3804 991 3877 theologieas
1033 3805 1100 3862 ad
1144 3805 1512 3862 monasticum
1553 3805 1861 3861 institutum
1891 3819 2013 3875 spe-

412 3904 638 3966 ctantes,
669 3914 866 3969 easque
908 3900 1183 3969 perutiles,
1225 3915 1289 3955 ex
1331 3900 1617 3955 occasione
1647 3905 2012 3965 occurrentes,

412 3998 611 4062 quanta
666 3992 816 4063 potui
864 3990 1124 4049 facilitate
1179 4001 1236 4050 et
1280 3984 1659 4065 perspicuitate
1711 4006 1811 4062 pro
1853 3998 2014 4062 captu

403 4084 689 4155 juniorum
716 4086 1027 4143 examinavi
1061 4106 1075 4143 :
1104 4086 1247 4144 unde
1276 4088 1436 4144 multi
1469 4086 1572 4142 loci
1597 4099 1918 4142 communes
1946 4084 2016 4140 de

413 4178 575 4237 rebus
616 4181 934 4239 monasticis
975 4182 1030 4237 in
1068 4198 1199 4240 usus
1239 4180 1589 4255 quotidianos
1628 4196 1692 4236 ac
1732 4178 2020 4234 familiares

412 4271 661 4344 depromi
704 4265 928 4343 queant.
992 4280 1230 4349 Ingenue
1279 4277 1499 4333 interim
1560 4275 1734 4332 fateor
1783 4273 2019 4331 subinde

412 4361 663 4435 adjutum
687 4378 776 4417 me
796 4364 1167 4421 notationibus
1192 4375 1311 4422 tum
1336 4366 1581 4437 Cuycbii,
1607 4375 1727 4423 tum
1755 4365 2016 4432 Ciaconii,

411 4470 546 4527 quas
586 4455 817 4527 proinde
859 4464 915 4512 et
958 4456 1115 4523 meis,
1146 4455 1364 4528 publico
1397 4456 1543 4511 bono
1586 4457 1897 4522 consulens,
1943 4456 2018 4512 ita

415 4548 728 4616 interserui,
776 4556 839 4604 ut
892 4557 1075 4605 tamen
1105 4564 1231 4605 suas
1278 4547 1474 4619 cuique
1521 4546 1729 4603 auctori
1771 4555 2019 4619 acceptas

2118 3334 2275 3391 fenso
2320 3334 2460 3406 pede
2495 3338 2796 3405 percurrat,
2823 3329 3066 3401 nihilque
3102 3328 3250 3398 quod
3281 3327 3348 3381 ad
3377 3326 3562 3397 operis
3604 3341 3727 3398 per»

2119 3428 2447 3493 fectionem,
2517 3427 2595 3481 vel
2652 3424 2817 3480 animi
2868 3422 2949 3479 sui
3013 3420 3362 3477 securitatem
3419 3418 3723 3489 pertineat,

2121 3520 2352 3591 amplius
2382 3517 2670 3575 desideret.
2714 3520 2863 3588 Quas
2894 3516 3112 3587 quidem
3150 3513 3560 3570 observationes
3599 3511 3727 3567 dili-

2122 3622 2310 3686 genter
2353 3613 2419 3668 iis
2457 3610 2829 3684 praelegendas
2871 3610 3073 3667 suadeo
3117 3617 3171 3665 et
3212 3624 3437 3676 moneo,
3480 3606 3570 3678 qui
3609 3623 3719 3663 non

2122 3723 2294 3779 usque
2337 3705 2475 3763 adeo
2498 3706 2565 3761 in
2596 3705 2686 3761 his
2724 3704 2943 3773 versati,
2984 3703 3152 3760 libros
3185 3702 3501 3775 praesertim
3545 3701 3735 3757 Colla-

2106 3803 2365 3871 tionum,
2387 3801 2587 3873 alioqui
2616 3799 2956 3869 utilissimos,
2985 3807 3039 3854 et
3067 3816 3095 3853 a
3121 3800 3214 3855 SS.
3250 3797 3523 3863 Patribus,
3554 3798 3723 3851 Bene-

2124 3896 2301 3964 dicto,
2353 3895 2566 3951 Thoma
2612 3893 2904 3965 Aquinate,
2945 3890 3204 3963 aliisque,
3248 3899 3311 3946 ut
3354 3890 3562 3947 dictum
3607 3896 3722 3954 est,

2124 3991 2226 4047 teri
2263 3990 2476 4056 solitos,
2508 3988 2707 4044 utiliter
2746 4002 2809 4041 ac
2844 3985 3130 4042 salubriter
3169 3991 3383 4040 versare
3429 3980 3721 4038 voluerint.

2125 4085 2334 4152 Habes,
2377 4083 2563 4149 lector,
2597 4097 2741 4154 quae,
2775 4083 2890 4136 Deo
2919 4079 3232 4146 amiliante,
3275 4078 3326 4133 in
3356 4076 3516 4146 hujus
3544 4073 3723 4146 operis

2127 4177 2362 4236 editione
2403 4185 2661 4255 praestare
2696 4174 2874 4231 studui
2916 4194 2928 4228 :
2971 4188 3093 4244 quae
3131 4171 3349 4245 quantis
3388 4168 3522 4225 mihi
3562 4168 3733 4224 tabo»

2125 4272 2275 4328 ribus
2314 4270 2673 4333 constiterint,
2716 4268 2907 4323 melius
2950 4268 3084 4345 ipse,
3121 4282 3212 4321 me
3255 4272 3489 4331 tacente,
3535 4276 3733 4317 censes

2128 4364 2231 4420 bis.
2266 4362 2373 4420 Sed
2403 4378 2613 4435 magnae
2639 4362 2909 4418 mercedis
2940 4362 3064 4418 loco
3089 4359 3221 4415 mihi
3253 4358 3501 4415 futurum
3527 4354 3729 4411 existi~

2128 4474 2299 4525 mem,
2341 4458 2384 4514 si
2426 4457 2532 4513 hoc
2572 4457 2670 4513 Dei
2709 4459 2838 4529 Opt.
2869 4459 3013 4512 Max.
3050 4452 3306 4510 beneﬁcio
3338 4452 3616 4522 assequar,
3661 4457 3724 4505 ut

2129 4552 2329 4623 aliquid
2376 4550 2566 4624 frugis,
2615 4560 2667 4607 et
2710 4550 2955 4607 utilitatis
2995 4548 3242 4621 spiritalis
3284 4545 3545 4601 fratribus
3583 4544 3726 4599 meis

414 4640 699 4713 referrem,
737 4642 865 4697 nihil
908 4643 1144 4699 alienum
1176 4641 1307 4698 mihi
1344 4641 1640 4698 vindicans.
1672 4644 1862 4713 Neque
1889 4658 2017 4699 vero
2054 4640 2102 4702 Ι)
2133 4647 2495 4703 Benedic-time
2524 4646 2736 4701 familiae
2772 4644 3024 4712 alumnis,
3049 4651 3103 4699 et
3131 4641 3392 4701 κοινοείοις
3420 4638 3523 4694 hac
3548 4637 3726 4709 opella

418 4737 551 4794 mihi
600 4737 798 4794 excidit
842 4738 973 4794 illud
1013 4738 1174 4794 P.2nii
1219 4740 1469 4806 (Prae/“at.
1524 4740 1665 4793 Hist.
1718 4740 1908 4806 Nat),
1953 4738 2021 4795 ad

417 4833 808 4906 Vespasianum
857 4833 992 4889 scite
1034 4833 1295 4905 scriptum
1345 4852 1358 4888 :
1412 4832 1718 4904 Benignum
1763 4848 1914 4902 esse,
1968 4842 2023 4890 et

419 4927 637 5000 ingenui
662 4928 880 5000 plenum
905 4926 1128 5000 pudoris
1150 4925 1308 4983 fateri
1332 4941 1427 4999 per
1446 4941 1585 4997 quos
1606 4924 2018 4998 profecerimus.

495 5025 554 5075 3°
609 5024 781 5077 Porro
834 5022 1087 5094 antiquos
1145 5020 1320 5090 ritus,
1382 5021 1727 5081 etinstituta
1778 5028 2021 5076 veterum

422 5111 818 5168 monachorum
844 5122 962 5170 tum
994 5116 1047 5170 in
1082 5114 1291 5173 Ofﬁciis
1323 5114 1515 5172 divinis
1540 5115 1876 5187 peragendis,
1900 5122 2022 5171 tum

421 5205 475 5260 in
517 5204 634 5261 aliis
670 5207 1146 5264 exercitationibus
1188 5210 1434 5267 asceticis
1466 5209 1679 5265 curiose
1720 5208 2024 5277 observavi,

422 5306 477 5357 et
520 5299 669 5356 velut
705 5300 760 5354 in
803 5300 983 5355 tabula
1022 5300 1229 5372 depicta
1278 5302 1468 5358 lectori
1517 5301 1822 5372 diligentius
1858 5302 2022 5374 inspi-

423 5390 611 5448 cieuda
635 5400 689 5448 et
713 5393 1126 5465 contemplanda
1156 5394 1412 5466 proposui
1444 5413 1458 5450 :
1486 5410 1548 5451 ex
1587 5395 1781 5467 quibus
1811 5395 2027 5465 itidem,

420 5492 704 5558 tamquam
744 5487 874 5543 locis
912 5488 1319 5557 communibus,
1350 5489 1735 5561 antiquitatum
1765 5490 2025 5545 monasti-

424 5594 612 5637 carum
668 5581 945 5639 studiosus
989 5581 1284 5656 intelligat,
1350 5581 1552 5654 quibus
1603 5583 1917 5640 auctoribus
1970 5593 2025 5643 et

424 5673 864 5734 observatoribus
932 5677 1248 5751 huiusmodi
1314 5677 1485 5745 ritus,
1553 5687 1604 5734 et
1668 5679 2023 5738 observantiae

423 5770 759 5844 monasticae,
804 5772 998 5845 quibus
1038 5789 1235 5848 magna
1266 5789 1392 5846 pars
1430 5775 1694 5849 regularis
1719 5775 2025 5849 disciplinae

421 5865 750 5937 continetur,
795 5867 945 5940 quasi
990 5883 1089 5941 per
1126 5884 1321 5928 manus
1361 5868 1574 5929 tradita:
1604 5870 1670 5930 ad
1707 5887 1806 5930 nos
1836 5888 2022 5945 perve-

416 5960 616 6019 nerint.

2129 4741 2394 4809 conferre,
2433 4750 2485 4797 et
2512 4741 2595 4797 vel
2621 4740 2731 4797 duo
2766 4739 2958 4795 saltem
2994 4738 3202 4793 minuta
3242 4735 3310 4791 de
3339 4732 3561 4806 penuria
3601 4745 3724 4786 mea

2128 4836 2184 4891 in
2211 4852 2423 4892 sacrum
2451 4834 2652 4891 domus
2682 4834 2782 4889 Dei
2809 4830 3251 4905 gazophylacium
3278 4827 3476 4883 inferre
3514 4839 3743 4880 merear

2132 4932 2277 4997 (Luc.
2307 4934 2465 4995 xxx).

2201 5024 2361 5097 Agite
2399 5023 2582 5095 igitur,
2630 5020 2823 5077 fratres
2864 5019 2920 5074 in
2959 5018 3175 5076 Christo
3227 5013 3568 5073 dilectissimi
3615 5012 3743 5087 (vos

2132 5118 2274 5172 enim
2334 5133 2448 5189 prae
2506 5116 2716 5173 caeteris
2768 5113 3071 5186 compello,
3124 5110 3322 5183 quibus
3382 5105 3727 5180 potissimum

2133 5220 2318 5268 noster
2375 5212 2464 5268 hic
2524 5212 2697 5280 labor,
2761 5219 2815 5265 et
2873 5216 3100 5265 conatus
3153 5204 3507 5271 desudavit);
3553 5201 3731 5274 agite,
3813 5274 3821 5283 _

2132 5305 2376 5377 inquam,
2420 5314 2475 5362 et
2501 5306 2814 5363 Cassianum
2858 5304 3035 5359 multo
3079 5301 3267 5358 labore
3302 5300 3457 5355 vobis
3498 5310 3728 5369 appara-

2132 5406 2273 5466 tum,
2312 5400 2482 5455 multa
2512 5398 2677 5454 animi
2715 5396 3001 5453 devotione
3041 5395 3280 5452 dicatum
3307 5409 3370 5449 ac
3403 5390 3733 5448 destinatum

2134 5490 2305 5548 obviis
2346 5492 2486 5548 ulnis
2525 5490 2771 5562 excipite,
2816 5498 2871 5545 et
2898 5496 3109 5562 gratum
3152 5486 3465 5558 hospitem;
3498 5494 3738 5549 eumque

2132 5585 2583 5643 facundissimum
2620 5584 2782 5640 tantis
2815 5582 3002 5657 elogiis
3039 5589 3094 5639 et
3131 5577 3419 5653 praeconiis
3455 5586 3737 5633 commen-

2132 5681 2320 5738 datum
2362 5682 2482 5738 laeta
2529 5679 2711 5736 fronte
2743 5686 2796 5735 et
2837 5686 2990 5751 grato
3036 5676 3219 5732 animo
3270 5664 3727 5741 complectimini,

2133 5784 2186 5833 et
2221 5776 2369 5848 quod
2409 5792 2439 5832 a
2484 5775 2639 5831 vobis
2680 5777 2750 5830 D.
2796 5771 3143 5835 Benedictus,
3197 5775 3261 5823 ut
3305 5772 3460 5837 pater
3501 5777 3533 5817 a
3586 5759 3731 5827 ﬁliis,

2132 5872 2389 5945 magister
2426 5888 2457 5927 a
2498 5869 2773 5942 discipulis
2814 5866 3083 5939 exposcit,
3113 5861 3262 5937 quod
3290 5858 3377 5916 alii
3421 5860 3513 5915 SS.
3547 5857 3755 5911 Patres.

2134 5982 2234 6024 suo
2264 5965 2536 6038 exemplo,
2576 5974 2630 6022 et
2669 5963 3002 6031 hortatione,
3046 5968 3102 6017 et
3139 5956 3420 6029 multiplici
3453 5952 3629 6009 fructu
3667 5959 3743 6002 ex.
