4052 6200
271 370 342 422 45

1012 372 1426 430 ILLUSTRIUM
1462 370 1778 429 VIRORUM
1820 374 1912 429 DE
1947 374 1998 429 J.
2036 373 2366 431 CASSIANO
2406 376 2847 434 TESTIMONIA.

3516 387 3590 461 is,

270 494 512 552 Cassiani
562 495 788 554 lectione
846 505 1105 572 percepto
1163 499 1494 563 docuerunt,
1544 507 1871 570 suaserunt,
1901 503 1953 566 Α
1983 500 2263 557 sententiae
2308 515 2434 558 vere
2474 502 2805 573 apostolicae,
2847 509 2902 560 et
2944 504 3121 562 aureis
3177 504 3372 563 litteris
3408 509 3589 564 consi-

270 585 424 645 hunc

429 691 675 742 Nocturna
704 695 895 745 versate
922 707 1088 757 manu,
1114 695 1312 746 versate
1330 694 1528 745 diurna.

342 812 506 867 Hunc
528 812 693 868 veluti
722 814 995 886 Speculum
1026 815 1455 884 monachorum,
1484 815 1655 871 immo
1696 817 1872 873 vivam

266 904 591 962 monasticae
637 906 760 962 vitae
804 908 1039 983 effigiem
1087 909 1245 965 vobis
1291 908 1608 980 proponite,
1662 909 1732 965 ab
1768 910 1873 967 hoc

264 1013 459 1054 verum
487 1006 539 1054 et
566 998 866 1071 perfectum
893 1001 1228 1057 monachum
1255 1001 1385 1057 vivis
1409 1001 1680 1059 coloribus
1705 1019 1870 1060 accu-

259 1089 536 1147 ratissime
573 1091 879 1164 depictum,
919 1101 972 1148 et
1011 1094 1123 1148 suis
1156 1093 1406 1149 omnibus
1432 1093 1671 1150 numeris
1699 1095 1867 1152 abso-

259 1182 440 1239 lutum
474 1176 853 1256 recognoscite
882 1183 985 1239 :ab
1012 1183 1115 1240 hoc
1147 1183 1376 1256 denique
1406 1185 1576 1242 totius
1603 1187 1868 1259 regularis

255 1274 561 1348 disciplinae
623 1275 1048 1345 institutionem,
1117 1282 1172 1331 et
1227 1290 1415 1333 veram
1468 1281 1867 1353 consequendaa

250 1369 619 1440 perfectionis
655 1370 816 1437 viam,
868 1385 933 1425 ac
975 1369 1241 1426 rationem
1295 1386 1325 1426 a
1368 1372 1461 1428 SS.
1514 1372 1770 1429 Patribus
1811 1382 1867 1430 et

245 1461 456 1533 priscis
498 1459 771 1517 monachis
813 1461 1094 1532 traditam,
1127 1472 1448 1537 usurpatam
1488 1474 1544 1523 et
1579 1467 1861 1538 calcatam,

245 1552 565 1624 perdiscite.
609 1557 811 1610 Verum
848 1554 978 1611 illud
1010 1565 1368 1626 mementote,
1399 1568 1661 1632 quantum
1693 1561 1861 1619 inter-

245 1647 321 1703 sit
368 1647 510 1703 inter
547 1646 782 1704 factores
814 1648 966 1723 legis,
1012 1657 1066 1707 et
1114 1651 1410 1720 auditores,
1461 1655 1575 1711 sive
1604 1656 1855 1714 lectores.

248 1744 369 1798 Non
395 1743 535 1795 enim
560 1742 836 1797 auditores
876 1745 1004 1813 legis
1023 1744 1172 1814 justi
1199 1751 1327 1801 sunt
1358 1748 1510 1818 apud
1538 1752 1735 1817 Deum;
1765 1751 1862 1805 sed

246 1835 485 1902 factores
515 1835 645 1905 legis
672 1835 1125 1906 justiﬁcabuntur
1154 1840 1329 1907 (Rom.
1368 1846 1462 1907 ιι).
1501 1841 1686 1898 Liceat
1726 1859 1856 1917 ergo
1892 1874 1941 1935 Β

248 1928 430 1984 verbis
457 1929 686 2000 apostoli
715 1930 907 1986 Jacobi
952 1947 1048 1988 vos
1088 1948 1444 1991 commonere
1480 1955 1493 1990 :
1540 1940 1725 1993 Estote
1759 1941 1856 2007 fa-

247 2026 418 2076 ctores
465 2024 639 2086 verbi,
707 2028 759 2078 et
807 2040 913 2079 non
977 2026 1252 2083 auditores
1304 2032 1545 2094 tantum,
1605 2033 1859 2098 fallentes

247 2118 595 2187 vosmetipsos
631 2136 648 2171 :
689 2120 819 2187 quia
859 2121 912 2173 si
943 2124 1066 2190 quis
1094 2122 1316 2177 auditor
1348 2129 1425 2179 est
1448 2126 1626 2188 verbi,
1660 2130 1711 2179 et
1749 2141 1858 2180 non

243 2210 447 2276 factor,
497 2210 582 2264 hic
627 2213 1037 2282 comparabitur
1079 2217 1196 2269 viro
1240 2217 1611 2270 consideranti
1647 2218 1891 2293 vultum_

242 2303 553 2356 nativitatis
593 2317 707 2357 suce
736 2305 795 2357 in
827 2307 1037 2373 speculo
1068 2324 1084 2359 :
1125 2306 1483 2360 considerauit
1518 2309 1657 2361 enim
1690 2323 1763 2371 se,
1806 2312 1858 2363 ct

242 2394 408 2455 abiit,
450 2398 499 2447 et
532 2397 721 2449 statim
758 2397 957 2450 oblitus
1004 2400 1085 2451 est
1119 2398 1301 2467 qualis
1328 2399 1496 2465 fueri.
1541 2400 1649 2466 Qui
1673 2404 1853 2455 autem

234 2490 579 2556 perspexerit
626 2490 684 2542 in
726 2489 839 2558 lege
880 2491 1138 2561 perfecta:
1187 2492 1473 2555 libertatis,
1523 2497 1575 2547 et
1604 2509 1854 2563 perman-

235 2582 375 2633 serit
406 2583 461 2633 in
489 2596 571 2644 ea,
607 2597 712 2635 non
737 2583 961 2637 auditor
988 2585 1276 2640 obliuiosus
1306 2587 1512 2653 factus,
1545 2588 1640 2641 sed
1670 2590 1853 2656 factor

235 2677 438 2746 operis,
490 2677 575 2731 hic
621 2678 807 2733 beatus
850 2680 907 2733 in
956 2680 1104 2747 facto
1142 2695 1239 2736 suo
1288 2684 1391 2736 erit
1432 2685 1582 2749 (Jac.
1627 2686 1700 2750 1).
1750 2682 1851 2738 Cui

1983 593 2231 666 gnandm.
2258 593 2432 651 subiit
2464 594 2595 651 mihi
2625 596 2677 651 in
2704 607 2943 655 mentem
2975 597 3060 656 his
3098 600 3342 657 versibus
3379 609 3584 658 extem-

1983 687 2264 759 poraneis,
2316 697 2371 744 et
2425 688 2496 746 ad
2546 697 2763 762 captum
2807 692 3091 765 juniorum
3150 694 3580 752 accommodatis

1980 780 2242 850 alludere,
2257 797 2459 855 eosque
2489 782 2604 840 vice
2628 781 2901 842 coronidis
2925 787 3048 844 huic
3073 787 3374 869 praefationi
3409 788 3581 844 ascri-

1977 873 2141 945 bere,
2189 876 2389 950 quibus
2425 877 2539 950 ipse
2587 894 2674 935 me
2717 879 2974 950 primum,
3016 889 3133 937 tum
3179 892 3404 940 caeteros
3445 898 3583 939 mea:

1976 967 2299 1025 conditionis
2325 979 2612 1027 consortes
2639 972 2941 1029 monachos
2968 973 3038 1030 ita
3072 974 3316 1048 alloquor
3347 983 3401 1033 et
3424 991 3578 1033 com-

1976 1061 2282 1119 monefacio
2313 1084 2326 1120 :

2072 1234 2201 1302 Quid
2230 1235 2416 1302 frustra
2430 1236 2656 1302 monachi
2683 1237 2838 1302 pergis
2865 1236 3046 1299 jactare
3069 1241 3304 1293 cncullam
3322 1245 3344 1290 Ρ

2159 1301 2265 1347 Νοη
2297 1299 2443 1347 vestis
2467 1299 2792 1364 monachum;
2810 1302 2973 1364 praxis
3000 1306 3050 1349 at
3080 1303 3181 1364 ipsa
3212 1304 3348 1352 facit.

2065 1359 2140 1409 Nil
2167 1373 2340 1409 nomen
2368 1361 2605 1419 monachi,
2642 1363 2706 1411 nil
2732 1359 2860 1411 certa
2891 1359 3320 1423 scientia‘morum,

2161 1423 2565 1488 Quimonachum
2596 1423 2813 1487 deceant,
2844 1425 3007 1488 pravis
3030 1428 3075 1473 at
3105 1427 3207 1488 ipsa
3234 1426 3392 1487 juvat.

2063 1485 2238 1552 Prasi‘s
2258 1485 2401 1552 habet
2433 1485 2678 1552 meritum,
2710 1485 2874 1552 praxis
2903 1487 2992 1536 sibi
3019 1485 3218 1552 praemia
3235 1485 3384 1552 regni

2159 1546 2383 1595 Vindicat
2400 1548 2595 1605 aeterni;
2620 1546 2783 1609 praxis
2804 1548 2862 1595 ad
2892 1546 3031 1598 astra
3045 1550 3188 1598 vehit.

2060 1607 2148 1657 Vis
2176 1621 2338 1657 veram
2365 1609 2585 1658 monachi
2614 1607 2723 1657 cum
2744 1611 2937 1660 nomine
2970 1610 3090 1660 ferre
3109 1612 3382 1662 cucullam?

2155 1672 2250 1719 Fac
2279 1670 2469 1732 dignam
2504 1672 2726 1735 monachi
2754 1674 2948 1721 nomine
2972 1673 3140 1735 praxin
3160 1686 3316 1723 ames.

2060 1733 2121 1782 At
2155 1746 2318 1805 veram
2340 1733 2562 1805 monachi
2581 1733 2871 1805 dignamque
2999 1735 3191 1805 nomine
3212 1738 3395 1800 praxim

2157 1795 2354 1843 Discere
2380 1795 2417 1842 si
2444 1795 2608 1855 gestis,
2631 1795 2754 1842 hanc
2772 1795 2891 1845 liber
2916 1797 3006 1844 iste
3032 1795 3189 1848 docet.

2050 1855 2247 1919 .Ecquid
2281 1855 2408 1902 enim
2430 1859 2645 1919 veterum
2666 1868 2850 1919 mores,
2878 1858 3195 1919 exemplaque
3223 1862 3421 1910 Patrum

2160 1917 2318 1980 Quam
2344 1914 2865 1980 monachispeculum,
2894 1914 3130 1980 certaque"
3152 1933 3319 1968 norma
3348 1922 3474 1971 fuit?

2059 1977 2207 2027 Disce
2228 1974 2349 2040 ergo,
2369 1974 2590 2024 monachi
2620 1974 2815 2040 quaesit
2844 1974 3109 2025 certissima
3136 1981 3315 2040 praxis,

2152 2037 2388 2100 Exemplo
2414 2037 2645 2089 veterum.
2672 2037 2754 2099 qui
2785 2040 3002 2100 praeiere,
3035 2037 3233 2089 Patrum

2058 2102 2121 2150 At
2147 2099 2371 2168 didicisse
2391 2112 2557 2168 parum
2579 2099 2792 2168 est,__nisi
2810 2101 3219 2168 re§_,_paraxisque
3247 2106 3504 2168 sequatur;

2155 2160 2399 2224 Quodque
2420 2160 2562 2224 scias,
2594 2161 2733 2224 factis
2756 2166 2804 2210 te
2845 2160 3067 2224 didicisse
3099 2160 3288 2223 probes.

2058 2224 2246 2274 Scilicet
2271 2223 2326 2289 in
2344 2223 2549 2289 speculo,
2571 2223 2659 2289 qui
2688 2236 2740 2271 se
2761 2223 3023 2289 spectando
3046 2227 3291 2289 tumescit,

2149 2285 2376 2336 Protinus
2399 2285 2434 2334 it
2453 2286 2615 2333 vultus
2647 2285 2904 2334 immemor
2926 2286 3035 2335 inde
3058 2287 3154 2336 sui.

2051 2349 2131 2399 Sic
2156 2362 2331 2411 expers
2358 2360 2579 2409 operum,
2601 2350 2651 2412 et
2672 2352 2857 2412 sanctae
2875 2349 3135 2412 speculatio
3166 2350 3329 2412 praxis

2147 2409 2231 2462 Nil
2246 2412 2425 2473 praeter
2457 2409 2683 2458 monachi
2716 2409 3058 2460 nomen’inane
3086 2409 3251 2461 refert.

1955 2588 2165 2655 Valete,
2192 2585 2386 2642 fratres
2423 2585 2475 2640 in
2513 2583 2726 2641 Christo
2765 2566 3123 2657 dilectissimi,
3168 2595 3221 2644 et
3263 2587 3559 2644 fraternam

1960 2680 2317 2736 munitionem
2348 2678 2483 2748 ecqui
2512 2677 2745 2749 bonique
2779 2679 3066 2735 consulite.

284 2916 1034 2997 ILLUSTRIUM
1102 2879 1662 3001 VIRORUM
1733 2925 1884 3000 DE
1953 2923 2023 3000 J.
2101 2916 2673 3005 CASSIANO
2742 2916 3497 2997 TESTIMONIA.

335 3204 395 3259 S.
424 3206 654 3274 Prosper
682 3208 1043 3274 Aquitanicus
1061 3210 1119 3262 in
1148 3209 1423 3273 Chronico,
1454 3226 1548 3265 an.
1580 3215 1688 3265 436
1718 3227 1731 3265 :

292 3298 555 3351 Joannes
584 3297 894 3352 Monachus
919 3308 1286 3368 cognomento
1330 3302 1621 3357 Cassianus
1651 3302 1847 3357 Massi-

210 3391 312 3448 liae
343 3387 582 3458 insignis
610 3396 663 3444 et
689 3387 951 3446 facundus
980 3391 1213 3462 scriptor
1243 3384 1494 3449 habetur.

489 3485 633 3540 Idem
666 3488 722 3539 in
749 3489 1000 3556 opusculo
1021 3492 1207 3543 contra
1229 3491 1544 3547 Collatorem
1578 3512 1595 3546 :

295 3576 491 3636 Unius
539 3577 881 3650 potissimum
922 3580 1315 3652 deﬁnitionem,
1370 3598 1533 3656 quem
1582 3601 1693 3641 non
1739 3586 1838 3643 du-

209 3674 381 3730 bium
424 3682 506 3730 est
540 3674 647 3731 illis
689 3677 942 3734 omnibus
987 3678 1043 3733 in
1082 3688 1395 3738 sanctarum
1436 3682 1838 3755 Scripturarum

212 3764 410 3823 studio
433 3778 708 3839 praestare,
742 3770 1059 3829 referemus.

696 3868 767 3920 Et
790 3869 982 3935 paucis
1012 3869 1306 3938 interjectis
1340 3889 1357 3925 :

290 3953 470 4026 Igitur
508 3954 563 4011 in
602 3956 741 4013 libro
763 4001 777 4026 ,
811 3960 966 4030 cujus
998 3963 1319 4031 praenotatio
1352 3970 1433 4018 est
1477 3984 1489 4020 :
1532 3967 1616 4022 De
1644 3975 1831 4037 prote-

207 4050 400 4105 ctione
440 4049 559 4115 Dei,
589 4051 671 4105 vir
696 4051 916 4122 quidam
947 4054 1297 4108 sacerdotalis
1339 4055 1566 4124 ordinis,
1604 4060 1697 4127 qui
1723 4059 1832 4114 dis-

209 4142 446 4214 putandi
496 4157 604 4197 usu
651 4143 792 4197 inter
841 4157 972 4210 eos,
1026 4142 1351 4214 quibuscum
1397 4145 1540 4217 egit,
1588 4149 1831 4217 excellit,

212 4234 479 4292 abbatem
510 4232 805 4304 quemdam
832 4233 1129 4293 introducit
1156 4236 1225 4295 de
1252 4239 1423 4310 gratia
1448 4247 1503 4294 et
1542 4237 1713 4297 libero
1743 4257 1829 4297 ar-

210 4326 378 4384 bitrio
407 4325 787 4384 disserentem.
888 4348 902 4359 ο

284 4431 481 4486 Castor
500 4432 774 4500 qn'scopus
802 4432 1055 4560 Agtensis
1082 4436 1139 4487 in
1163 4437 1387 4505 epistola
1414 4437 1663 4492 limina-ri
1679 4438 1757 4492 ad

882 4519 1160 4559 assumum
1196 4525 1213 4560 :

882 4519 1160 4559 assumum
1196 4525 1213 4561 .’

2578 3206 2650 3259 Et
2678 3218 2796 3273 cap.
2830 3208 2898 3258 73
2930 3220 2942 3258 :

2028 3300 2115 3358 Ad
2138 3298 2526 3372 perfectionem
2555 3298 2985 3354 conversationis
3006 3297 3098 3369 qui
3125 3297 3401 3368 festinant,
3430 3307 3563 3355 sunt

1958 3396 2219 3452 doctrina:
2258 3402 2574 3450 sanctorum
2622 3395 2848 3449 Patrum
2906 3409 2921 3448 :
2967 3408 3196 3465 quarum
3251 3394 3558 3451 observatio

1954 3489 2201 3562 perducit
2252 3489 2532 3546 hominem
2585 3487 2653 3544 ad
2700 3487 3072 3544 celsitudinem
3132 3485 3480 3559 perfectionis
3538 3510 3552 3545 :

1953 3597 2076 3652 qua:
2112 3582 2257 3638 enim
2288 3582 2501 3653 pagina,
2532 3589 2627 3637 aut
2654 3581 2773 3652 quis
2816 3595 2999 3637 sermo
3033 3580 3230 3637 divinae
3261 3581 3559 3638 auctorita—

1948 3677 2038 3745 tis,
2078 3676 2277 3732 veteris
2319 3691 2382 3731 ac
2424 3675 2552 3730 novi
2592 3673 2945 3738 Testamenti,
2984 3689 3094 3729 non
3142 3683 3221 3730 est
3256 3676 3555 3732 rectissima

1946 3786 2141 3826 norma
2187 3770 2310 3826 vitae
2337 3768 2630 3826 humanae?
2663 3777 2756 3825 aut
2784 3769 2903 3841 quis
2940 3768 3074 3824 liber
3108 3777 3424 3825 sanctorum
3467 3785 3556 3825 ca-

1944 3862 2272 3920 tholicorum
2315 3866 2536 3919 Patrum
2566 3862 2673 3919 hoc
2700 3879 2812 3919 non
2841 3871 3081 3931 resonat,
3114 3870 3175 3918 ut
3212 3871 3361 3918 recto
3387 3877 3551 3918 cursu

1942 3958 2328 4028 perveniamus
2372 3958 2440 4014 ad
2481 3959 2795 4014 Creatorem
2843 3960 3146 4013 nostrum?
3194 3972 3294 4012 nec
3339 3973 3450 4012 non
3498 3964 3554 4012 ct

1943 4053 2274 4108 Collationes
2314 4054 2562 4120 Patrum,
2609 4059 2663 4107 et
2688 4050 2933 4105 instituta
2964 4059 3019 4106 et
3056 4050 3178 4105 vita!
3216 4050 3453 4117 illorum,
3495 4057 3549 4104 et

1941 4146 2153 4217 Regula
2176 4146 2347 4202 sancti
2368 4146 2541 4200 Patris
2561 4143 2734 4199 nostri
2754 4143 2932 4197 Basilii
2958 4142 3085 4212 quid
3105 4142 3248 4196 aliud
3275 4148 3423 4206 sunt,
3448 4140 3549 4195 nisi

1940 4234 2077 4291 bene
2104 4236 2419 4301 viventium,
2445 4244 2500 4290 et
2537 4233 2905 4290 obedientium
2935 4231 3333 4303 monachorum
3365 4247 3547 4288 exem-

1938 4328 2024 4401 pla
2052 4337 2106 4387 et
2131 4329 2491 4384 instrumenta
2526 4327 2787 4383 virtutum
2809 4330 2834 4382 ἓ

2080 4429 2393 4488 Gennadius
2406 4429 2691 4499 presbyter
2705 4429 3054 4484 Massiliensis
3071 4429 3125 4483 in
3145 4430 3397 4498 Catulogo

2387 4501 2689 4556 Illustrium
2733 4502 2987 4557 Virorum
3017 4503 3040 4531 ³
3077 4518 3088 4553 :

281 4597 516 4651 Domno
562 4595 860 4652 sanctitatis
888 4596 1103 4669 Speciali
1136 4598 1303 4671 gloria
1348 4598 1626 4670 decorato,
1666 4610 1827 4676 atque
1855 4587 1905 4649 D
1978 4603 2319 4668 Cassianus,
2388 4600 2609 4656 natione
2665 4599 2860 4673 Scytha
2886 4643 2900 4666 ,
2967 4600 3440 4673 Constantinopoli
3502 4618 3531 4654 a

200 4704 307 4761 per
339 4689 526 4744 omnia
560 4689 923 4746 memorando
972 4711 985 4746 :
1029 4691 1126 4747 sed
1158 4700 1213 4747 et
1241 4693 1587 4751 scientiarum
1627 4694 1822 4752 decore

201 4780 461 4855 pollenti,
484 4781 626 4836 Patri
647 4781 845 4838 scilicet
869 4782 1124 4839 Cassiano
1149 4785 1362 4854 Castor,
1394 4795 1497 4843 etc.

500 4885 555 4939 S.
585 4884 898 4940 Benedictus
929 4887 986 4939 in
1019 4888 1227 4955 Regula
1266 4905 1383 4961 cap.
1420 4895 1486 4946 24
1518 4908 1532 4944 :

272 4976 542 5035 Monachi
586 4978 739 5033 omni
767 4979 1036 5050 tempore,
1080 4980 1192 5038 sive
1219 4981 1427 5055 jejunii,
1458 4983 1569 5038 sive
1611 4981 1814 5054 prandii

195 5070 393 5138 fuerit,
441 5086 568 5126 mox
615 5079 674 5127 ut
714 5073 1050 5129 surrexerint
1086 5090 1117 5131 a
1144 5091 1323 5145 caena,
1367 5075 1589 5133 sedeant
1624 5091 1815 5132 omnes

196 5168 253 5222 in
303 5179 519 5233 unum,
557 5172 610 5221 et
646 5166 788 5238 legat
830 5183 970 5223 unus
1015 5168 1380 5238 Collationes,
1422 5169 1503 5225 vel
1539 5168 1670 5224 vitas
1709 5170 1811 5223 Pa-

194 5270 383 5329 trum,
432 5246 527 5316 aut
578 5269 728 5318 certe
778 5261 977 5333 aliquid
1025 5263 1173 5336 quod
1215 5264 1444 5321 aediﬁcet
1501 5263 1802 5319 audientes.

198 5358 293 5421 (Et
335 5354 493 5419 infra
527 5374 543 5408 :
575 5358 595 5421 )
637 5356 693 5411 Si
735 5362 914 5411 autem
945 5356 1137 5429 jejunii
1178 5356 1295 5413 dies
1323 5356 1502 5425 fuerit,
1533 5356 1672 5412 dicta
1703 5358 1812 5411 Ve-

196 5463 373 5519 spera,
421 5463 590 5519 parvo
628 5448 908 5506 intervallo
952 5466 1085 5506 mox
1117 5451 1376 5508 accedant
1413 5451 1481 5508 ad
1524 5451 1810 5507 lectionem

202 5542 599 5610 Collationum,
631 5552 691 5599 ut
714 5542 970 5612 diximus,
1002 5553 1056 5601 et
1088 5545 1241 5601 lectis
1269 5554 1503 5618 quatuor
1526 5555 1618 5602 aut
1651 5546 1808 5617 quin-

193 5649 308 5707 que
352 5633 521 5704 foliis,
552 5634 634 5691 vel
674 5644 939 5708 quantum
975 5636 1109 5694 hora
1140 5638 1421 5711 permittit,
1456 5639 1715 5696 omnibus
1754 5640 1807 5694 iu

193 5742 380 5785 unum
402 5730 831 5799 accurrentibus,
864 5746 960 5803 per
982 5730 1122 5787 hanc
1156 5747 1370 5789 moram
1400 5732 1664 5802 lectionis,
1695 5740 1802 5789 etc.

266 5872 290 5897 ³
324 5860 496 5939 _ldem
514 5861 713 5939 _habet
757 5864 1033 5939 Honorius
1079 5866 1590 5939 Augustodunensis
1640 5886 1653 5922 :
1711 5866 1813 5923 nisi

192 5934 346 6006 quod
377 5949 481 6006 pro
507 5935 710 6007 Scytha
744 5935 938 5993 Afrum
976 5934 1201 6009 astruit';
1241 5946 1295 5994 et
1323 5938 1658 6011 singularum
1698 5939 1813 5993 eol-

1929 4701 2141 4753 Joanne
2184 4699 2385 4766 Magno
2431 4696 2689 4767 episcopo
2728 4695 2990 4752 diaconus
3036 4694 3345 4764 ordinatus,
3387 4694 3530 4768 apud

1928 4790 2226 4847 Massiliam
2269 4789 2568 4861 presbyter,
2599 4787 2840 4844 condidit
2872 4787 3005 4857 duo,
3046 4788 3102 4844 id
3144 4797 3247 4857 est,
3291 4788 3531 4842 virorum

1928 4893 1982 4940 et
2024 4885 2318 4940 mulierum
2349 4881 2703 4949 monasteria,
2737 4896 2858 4953 quae
2888 4896 3058 4951 usque
3097 4879 3259 4933 hodie
3294 4881 3534 4934 exstant.

1923 4978 2147 5050 Scripsit
2192 4975 2519 5047 experientia
2568 4974 2954 5046 magistrante,
3024 4972 3184 5042 plano
3230 4979 3285 5026 et
3334 4969 3527 5029 librato

1923 5086 2209 5137 sermone,
2249 5076 2311 5123 ut
2354 5076 2406 5123 et
2443 5067 2679 5138 apertius
2718 5067 2923 5131 dicam,
2974 5079 3133 5120 sensu
3175 5064 3332 5121 verba
3377 5065 3525 5123 inve-
3600 5103 3611 5114 .

1921 5167 2096 5231 niens,
2127 5172 2179 5219 et
2204 5163 2413 5218 actione
2451 5161 2688 5235 linguam
2718 5176 2966 5229 movens,
2996 5176 3081 5216 res
3118 5162 3365 5217 omnium
3401 5177 3524 5217 mo-

1918 5260 2225 5321 nachorum
2264 5255 2585 5331 professioni
2626 5254 2985 5326 necessarias,
3012 5254 3063 5310 id
3090 5265 3203 5326 est,
3230 5256 3296 5313 de
3330 5256 3520 5312 habitu

1923 5354 2196 5421 monachi,
2238 5352 2304 5410 de
2338 5352 2597 5409 canonico
2640 5352 2947 5408 orationum
2990 5359 3150 5423 atque
3183 5343 3519 5422 psalmorum

1922 5446 2111 5516 modo,
2155 5446 2243 5519 qui
2288 5446 2340 5501 in
2378 5446 2718 5501 monasteriis
2764 5444 2975 5516 Egypti
3014 5443 3098 5500 die
3138 5451 3411 5515 noctuque
3452 5451 3523 5499 te-

1919 5552 2099 5612 netur,
2143 5541 2312 5597 libros
2349 5548 2482 5611 tres,
2520 5539 2937 5595 Institutionum
2973 5538 3174 5592 librum
3216 5548 3412 5602 unum,
3452 5535 3523 5591 de

1920 5639 2145 5712 origine,
2175 5644 2229 5694 et
2274 5636 2555 5710 qualitate,
2586 5650 2648 5690 ac
2676 5631 2930 5691 remediis
2960 5638 3106 5698 octo,
3145 5628 3521 5703 principalium

1917 5731 2178 5788 vitiorum
2214 5730 2384 5786 libros
2423 5736 2587 5796 octo;
2639 5725 2882 5800 singulos
2931 5725 3134 5782 scilicet
3182 5722 3251 5780 de
3297 5718 3522 5790 singulis

1921 5866 2189 5923 lationum
2224 5862 2432 5931 titulos,
2473 5861 2584 5919 sive
2618 5863 2935 5932 argumenta
2968 5851 3195 5911 inferius
3232 5839 3515 5902 interserit
