4052 6200
466 351 534 403 47
1327 342 1417 396 AD
1454 339 1685 396 OPERA
1720 334 2002 393 JOANNIS
2036 331 2344 390 CASSIANI
2381 328 2915 388 PROLEGOMENA.
3714 332 3781 387 48

466 470 607 528 vitiis
656 470 824 527 libros
870 459 1177 541 expediens.
1238 464 1475 539 Digessit
1523 463 1690 521 etiam
1735 459 2065 518 Collationes
2094 462 2147 525 Α
2181 455 2465 524 monachi,
2507 470 2604 528 per
2630 461 2806 513 coetus
2840 451 2964 510 illos
3000 448 3305 518 distributi,
3347 465 3492 523 quos
3526 466 3593 508 ex
3635 454 3780 513 vocis

468 581 595 621 cum
623 564 868 620 Patribus
902 561 1116 635 Egypti
1143 559 1393 615 habitans
1426 577 1439 613 :
1476 566 1531 613 et
1557 555 1626 612 ad
1650 563 1954 611 extremum
1980 569 2064 610 ro-

468 667 624 732 gatus
642 674 673 713 a
700 660 883 714 Leone
916 655 1319 721 archidiacono,
1353 659 1541 724 postea
1562 650 1713 707 urbis
1734 653 1933 706 Romae
1959 648 2069 720 epi-

467 769 657 824 scopo,
692 751 910 823 scripsit
948 739 1205 806 adversus
1237 744 1552 802 Nestorium
1590 743 1658 800 de
1692 742 2071 798 Incarnatione

469 846 691 903 Domini
724 846 889 901 libros
912 851 1153 914 septem;
1181 850 1236 897 et
1261 841 1317 896 in
1342 839 1423 896 his
1452 837 1723 896 scribendi
1748 836 1892 910 apud
1917 839 2071 893 Mas-

468 939 644 997 siliam
668 980 682 1005 ,
709 947 761 993 et
802 935 1011 992 vivendi
1052 934 1218 991 finem
1262 933 1415 1002 imit,
1442 932 1752 989 Theodosio
1783 938 1838 988 et
1878 930 2070 987 Valen-

472 1031 673 1087 tiniano
712 1027 1083 1102 regnantibus.

1025 1133 1082 1187 S.
1133 1130 1448 1198 Fulgentius
1494 1147 1510 1182 :

541 1227 600 1281 S.
638 1227 954 1297 Fulgentius
997 1223 1298 1295 Ruspensis
1335 1221 1638 1293 episcopus,
1669 1228 1731 1277 ut
1763 1220 1953 1277 scribit
1978 1237 2074 1278 au-

470 1331 591 1376 ctor
613 1321 739 1376 vitae
765 1320 902 1390 ejus,
929 1319 1314 1392 Egyptiorum
1336 1316 1730 1373 monachorum
1751 1316 1888 1373 vitas
1906 1316 2073 1373 admi-

469 1414 667 1471 rabiles
706 1414 887 1487 legens
931 1413 1346 1470 Institutionum
1387 1412 1550 1468 simul
1602 1421 1764 1484 atque
1812 1412 2071 1469 Collatio-

471 1525 608 1565 num
666 1508 891 1580 spiritali
948 1508 1299 1564 meditatione
1359 1521 1691 1575 succensus,
1744 1515 2074 1564 memoratas

472 1608 642 1656 terras
688 1600 901 1673 navigio
947 1609 1129 1673 petere
1186 1599 1405 1667 statuit,
1463 1597 1677 1655 duabus
1720 1596 1963 1654 videlicet
2006 1613 2074 1654 ex

473 1693 686 1761 causis,
723 1702 784 1749 ut
810 1694 890 1749 vel
916 1693 987 1749 ibi
1010 1692 1256 1765 deposito
1285 1692 1506 1748 nomine
1544 1690 1788 1760 abbatis,
1815 1689 1918 1745 sub
1959 1694 2072 1747 Re—

472 1786 596 1856 gula
627 1786 826 1842 viveret
859 1787 914 1841 in
949 1786 1288 1855 humilitate;
1319 1786 1401 1842 vel
1430 1782 1773 1841 districtioris
1800 1783 2075 1841 abstinen-

471 1878 562 1934 tia:
592 1879 797 1950 legibus
820 1878 1165 1935 subderetur.
1773 1914 1792 1927 ο
2000 1862 2007 1869 ’

510 1981 857 2037 Cassiodorus
889 1983 963 2035 ad
993 1997 1115 2036 suos
1138 1983 1422 2037 monachos
1457 1983 1793 2037 Vivariensis
1818 1982 2042 2036 armabit

652 2055 745 2107 lib.
788 2054 855 2107 de
889 2055 1231 2108 Institutione
1263 2054 1431 2107 divin.
1467 2054 1583 2107 lect.
1611 2069 1731 2123 cap.
1768 2056 1837 2107 29
1878 2072 1891 2108 :

545 2147 868 2202 Cassianum
911 2146 1316 2217 presbyterum,
1368 2145 1460 2216 qui
1499 2147 1719 2216 scripsit
1754 2146 1822 2202 de
1858 2146 2078 2203 Institu-

473 2241 622 2296 tione
656 2240 895 2296 ﬁdelium
925 2240 1360 2306 monachorum,
1394 2239 1584 2295 sedulo
1614 2238 1790 2313 legite,
1826 2238 2078 2312 frequen-

475 2342 559 2390 ter
596 2333 812 2401 audite;
863 2333 956 2404 qui
994 2332 1135 2389 inter
1190 2334 1305 2404 ipsa
1358 2333 1531 2389 sancti
1579 2332 1839 2404 propositi
1893 2333 2076 2402 initia,

476 2425 949 2497 octo’principalia
979 2426 1105 2481 vitia
1135 2425 1266 2483 dicit
1288 2440 1406 2481 esse
1439 2424 1716 2497 fugienda.
1757 2425 1862 2480 Hic
1886 2426 2079 2483 noxios

477 2528 663 2576 motus
702 2518 1029 2575 animorum
1058 2519 1130 2574 ita
1176 2527 1547 2590 competenter
1586 2518 1855 2586 insinuat,
1887 2527 1949 2575 ut
1986 2535 2078 2575 ex-

479 2628 665 2668 cessus
706 2626 837 2668 suos
879 2611 1159 2668 hominem
1200 2611 1349 2684 prius
1380 2594 1561 2667 videre
1595 2609 1789 2681 faciat,
1830 2620 1885 2668 et
1912 2612 2080 2669 vitare

477 2703 806 2776 compellat,
851 2720 990 2777 quos
1025 2711 1185 2759 antea
1220 2701 1543 2759 confusione
1590 2703 1832 2775 caliginis
1870 2703 2079 2775 ignora-

477 2797 571 2853 bat
601 2819 613 2854 :
641 2798 731 2870 qui
759 2806 941 2853 tamen
971 2796 1038 2853 de
1060 2795 1230 2853 libero
1251 2795 1474 2851 arbitrio
1499 2811 1529 2849 a
1564 2796 1629 2850 B.
1670 2799 1937 2867 Prospero
1954 2795 2077 2868 jure

476 2890 725 2961 culpatus
753 2899 854 2946 est.
884 2890 1046 2946 Unde
1074 2904 1367 2945 monemus
1398 2896 1460 2945 ut
1478 2888 1533 2943 in
1571 2888 1733 2945 rebus
1761 2888 1958 2949 talibus
1982 2905 2074 2946 ex-

477 2984 758 3041 cedentem
783 2984 884 3040 sub
914 2984 1123 3039 cautela
1149 2984 1326 3055 legere
1352 2982 1609 3039 debeatis.

726 3087 873 3142 Idem
902 3089 959 3139 in
983 3087 1309 3155 expositione
1327 3086 1534 3155 psalmi
1554 3088 1720 3141 LXIX
1756 3088 1781 3117 ³
1812 3105 1824 3141 :

548 3182 710 3235 Hunc
753 3179 933 3235 locum
975 3177 1394 3235 facundissimus
1438 3180 1725 3235 Cassianus
1769 3178 1824 3234 in
1865 3178 2073 3238 decima

476 3272 798 3342 Collatione,
831 3272 1064 3344 plurima
1093 3272 1161 3329 de
1198 3273 1316 3345 ejus
1345 3271 1575 3327 utilitate
1603 3270 1893 3342 disserens,
1914 3280 2074 3331 tanto

478 3367 688 3423 honore
710 3366 1073 3434 concelebrat,
1106 3375 1168 3423 ut
1204 3365 1464 3439 quidquid
1490 3366 1741 3422 monachi
1770 3381 2077 3439 assumpse-

479 3463 622 3528 rint,
668 3463 784 3519 sine
824 3461 986 3535 hujus
1028 3460 1277 3518 versiculi
1314 3461 1458 3517 trina
1509 3462 1793 3517 iteratione
1842 3477 1955 3518 non
1992 3462 2077 3517 in-

480 3557 757 3615 choarent.

692 3665 920 3718 Joannes
951 3660 1215 3717 Ch‘macus
1252 3659 1432 3729 gradu
1458 3664 1489 3714 4
1519 3675 1631 3715 suae
1655 3660 1825 3716 Scala:
1853 3678 1869 3714 :

550 3757 633 3811 Ex
671 3754 981 3812 obedientia
1031 3752 1307 3809 humilitas
1346 3754 1616 3824 nascitur;
1665 3769 1728 3810 ex
1778 3752 2083 3809 humilitate

482 3846 761 3917 discretio,
801 3855 925 3903 uta
970 3862 1170 3919 magno
1213 3861 1433 3919 quoque
1473 3846 1730 3903 Cassiano
1770 3845 1827 3900 in
1866 3860 1932 3901 eo
1971 3860 2085 3901 ser-

479 3954 647 3995 mone
669 3955 833 4011 quem
863 3939 931 3996 de
955 3939 1279 3997 discretione
1309 3939 1650 4013 conscripsit,
1682 3938 2081 4010 venustissime,

478 4041 641 4106 atque
672 4033 932 4090 altissime
967 4033 1302 4106 disputatum
1337 4042 1437 4090 est.

482 4139 771 4207 Gregorius
810 4141 1103 4194 Turonicus
1137 4138 1230 4193 lib.
1264 4152 1305 4192 χ
1356 4139 1564 4192 Histor.
1605 4138 1798 4191 Franc.
1830 4150 1947 4206 cap.
1980 4136 2080 4199 29,

782 4225 944 4276 agens
973 4210 1038 4264 de
1060 4210 1281 4278 Pelagia
1309 4212 1485 4262 matre
1512 4209 1568 4265 S.
1593 4207 1805 4264 Aredit’.

551 4306 877 4365 Coenobium
924 4308 1159 4378 (inquit)
1212 4308 1482 4379 fundavit,
1520 4310 1577 4365 in
1616 4326 1725 4381 quo
1767 4325 1880 4365 non
1916 4307 2085 4365 modo

479 4398 738 4465 Cassiani,
769 4412 961 4454 verum
1006 4396 1169 4453 etiam
1198 4397 1408 4465 Basilii,
1440 4407 1495 4454 et
1537 4401 1874 4469 reliquorum
1914 4402 2083 4457 abba-

479 4500 634 4560 tum,
681 4492 771 4564 qui
817 4489 1256 4547 monasterialem
1304 4490 1472 4545 vitam
1522 4489 1904 4559 instituerunt,
1951 4492 2088 4548 cele-

2100 1835 2151 1899 B

2173 553 2378 625 origine
2411 550 2575 623 petita
2609 550 2819 606 ratione
2851 547 3101 605 coenobia
3128 546 3436 604 nominant.
3463 547 3618 605 Alter
3644 565 3781 622 quo-

2174 662 2282 719 que
2322 645 2456 701 liber
2483 644 2661 700 eidem
2699 643 2988 715 inscriptus
3014 640 3086 698 ab
3115 648 3241 697 octo
3271 640 3377 697 illis
3408 641 3654 708 (vitiosis
3691 658 3783 701 co-

2178 739 2556 813 gitationibus)
2579 738 2801 794 titulum
2827 745 3129 806 mutuatur,
3166 734 3365 808 quibus
3389 736 3572 809 gulam
3588 780 3604 808 ,
3629 738 3782 797 luxu-

2179 834 2341 904 riam,
2371 833 2653 890 avaritiam
2674 873 2691 902 ,
2721 833 2889 900 iram,
2914 831 3201 897 invidiam,
3243 829 3489 887 acediam
3511 870 3524 896 ,
3560 832 3780 893 inanem

2178 929 2405 1003 gloriam
2421 970 2437 999 ,
2472 936 2635 1006 atgue
2661 926 2971 998 superbiam
2996 923 3271 989 attribuit;
3310 925 3595 983 utilissima
3621 944 3748 987 vero
3766 971 3782 999 ,

2177 1030 2221 1086 si
2260 1045 2384 1102 quae
2412 1029 2550 1105 alia,
2581 1026 2703 1084 haec
2741 1025 2805 1082 iis
2843 1034 2973 1082 sunt
3002 1024 3382 1097 pronuntiata,
3427 1025 3519 1098 qui
3567 1027 3781 1101 religio-

2176 1140 2296 1181 sam
2318 1124 2456 1180 inire
2485 1122 2650 1178 vitam
2682 1120 2925 1193 cupiunt.
2959 1122 3029 1175 Et
3064 1134 3189 1175 vero
3222 1127 3370 1175 tanta
3395 1119 3459 1176 iis
3488 1121 3567 1177 vis
3595 1122 3778 1192 inest,

2178 1234 2243 1274 ac
2271 1217 2424 1290 quasi
2447 1214 2719 1283 divinitas,
2751 1222 2813 1269 ut
2834 1221 2890 1269 et
2916 1213 2972 1268 in
2996 1212 3143 1268 hunc
3181 1227 3353 1285 usque
3382 1212 3545 1282 diem,
3587 1215 3631 1271 si
3661 1216 3782 1287 quis

2179 1310 2579 1368 monachorum
2607 1316 2903 1366 conventus
2929 1306 3031 1363 hac
3054 1322 3117 1363 ex
3149 1306 3353 1375 forma,
3390 1315 3443 1362 et
3469 1307 3617 1363 hisce
3645 1324 3783 1379 prat-

2178 1405 2516 1478 ceptionibus
2571 1403 2927 1476 gubernetur,
2989 1416 3177 1458 revera
3240 1400 3502 1472 tantisper
3555 1401 3778 1470 floreat,

2179 1500 2495 1571 caaterisque
2532 1497 2830 1570 praelucens
2874 1495 3142 1551 virtutum
3183 1508 3299 1549 esse
3340 1491 3555 1549 ofﬁcina
3602 1509 3785 1551 cerna-

2179 1603 2270 1651 tur
2291 1613 2304 1649 :
2331 1608 2458 1649 cum
2485 1592 2575 1664 qui
2589 1592 2707 1648 haec
2726 1588 3021 1661 repudiarit
3040 1596 3240 1656 coetus,
3258 1586 3434 1658 parvis
3457 1585 3784 1656 quibusdam

2181 1687 2444 1755 virtutum
2484 1686 2722 1758 reliquiis
2756 1684 3082 1748 instructus,
3129 1680 3292 1737 veluti
3331 1681 3383 1736 in
3414 1681 3670 1738 ﬂuctibus
3703 1681 3784 1755 ja-

2181 1788 2377 1849 ctetur,
2412 1779 2491 1836 vel
2535 1778 2702 1834 etiam
2743 1775 3093 1848 naufragium
3120 1772 3309 1830 faciat.
3350 1776 3532 1846 Quare
3574 1773 3788 1847 expedit

2185 1873 2318 1930 nihil
2359 1888 2572 1941 eorum,
2620 1886 2741 1944 quae
2780 1871 2853 1927 ibi
2895 1869 3205 1935 traduntur,
3245 1876 3615 1925 contemnere.
3648 1871 3788 1926 Nam

2184 1968 2492 2024 Dominicaz
2528 1966 2647 2023 haec
2690 1964 2825 2037 legis
2858 1971 3018 2029 sunt,
3061 1971 3221 2035 atque
3257 1962 3599 2033 Evangelica‘.
3640 1961 3790 2019 disci-

2186 2061 2347 2133 plinae.
2395 2060 2659 2133 expositio
2694 2066 2770 2116 'et
2822 2056 3149 2131 explanatio.
3206 2056 3481 2112 Caeterum
3542 2055 3791 2113 sensibus

2186 2154 2300 2226 ipsa
2341 2171 2557 2227 quoque
2593 2153 2739 2228 apud
2766 2168 2895 2211 eum
2936 2149 3232 2224 respondet
3270 2148 3526 2217 elocutio,
3574 2157 3636 2205 ut
3663 2164 3790 2220 qua:

2186 2265 2298 2305 non
2346 2248 2787 2321 perspicuitatem
2830 2246 3011 2303 solum
3041 2243 3268 2310 afferat,
3318 2242 3415 2299 sed
3456 2258 3519 2298 ea
3568 2242 3788 2313 insuper

2185 2342 2256 2396 sit
2286 2341 2537 2397 facultate
2563 2340 2820 2411 praedita,
2856 2348 2917 2394 ut
2943 2338 3095 2393 facile
3129 2353 3192 2393 ac
3232 2336 3347 2392 sine
3376 2335 3484 2392 ulla
3522 2335 3574 2391 vi
3608 2335 3788 2391 homio

2187 2449 2321 2491 num
2349 2433 2546 2490 animis
2585 2432 2950 2503 imprimatur,
2986 2429 3118 2501 quin
3154 2436 3207 2482 et
3234 2427 3459 2483 eosdem
3497 2426 3791 2497 pervadere

2187 2536 2347 2599 atque
2374 2526 2444 2584 ad
2470 2525 2780 2582 institutum
2809 2538 2973 2579 suum
2996 2520 3267 2577 attrahere
3292 2526 3469 2591 queat.
3497 2520 3678 2575 Immo
3706 2534 3791 2575 sa-

2186 2622 2394 2694 pienter
2416 2619 2552 2677 adeo
2574 2625 2703 2676 sunt
2728 2618 2931 2685 omnia,
2960 2624 3013 2672 et
3044 2614 3234 2671 dextre
3276 2621 3584 2685 temperata
3628 2620 3793 2684 atque

2185 2713 2505 2781 efformata,
2543 2722 2604 2769 ut
2636 2727 2738 2768 nec
2774 2708 3094 2783 tropologiis
3132 2707 3269 2763 liber
3315 2706 3588 2763 secundus
3628 2705 3792 2763 desti-

2182 2815 2385 2875 tuatur,
2419 2807 2514 2864 sed
2558 2807 2729 2862 multa
2762 2802 3036 2861 contineat
3075 2817 3199 2874 qum
3240 2798 3585 2856 demulceant
3622 2802 3791 2872 atque

2183 2902 2422 2958 alliciant
2465 2921 2477 2956 :
2507 2916 2568 2957 ac
2604 2901 2755 2972 plura
2792 2898 2984 2966 etiam,
3023 2912 3146 2969 quae
3184 2910 3314 2952 cum
3354 2903 3566 2951 metum
3599 2910 3662 2951 ac
3688 2904 3790 2950 ter-

2184 3009 2365 3049 rorem
2393 2994 2689 3064 incutiant,
2709 3000 2828 3048 tum
2859 2989 3233 3064 paenitentiam
3257 2988 3640 3046 commovendi
3680 2988 3794 3045 vim

2184 3087 2436 3144 habeant.
2479 3088 2726 3144 Tertium
2768 3086 2852 3141 his
2888 3083 3207 3157 adjunctum
3256 3081 3499 3138 libellum
3534 3081 3792 3154 legimus,

2184 3196 2349 3253 quem
2393 3196 2421 3235 a
2466 3179 2705 3237 Castoris
2738 3177 2975 3251 episcopi
3023 3185 3201 3232 morte
3247 3174 3518 3247 inscripsit
3552 3176 3793 3233 coenobii

2184 3275 2324 3332 illius
2350 3271 2705 3341 moderatori,
2732 3272 2887 3343 cujus
2901 3270 3136 3326 emnobii
3157 3284 3343 3335 causa,
3368 3276 3425 3323 et
3444 3268 3667 3340 Regulae
3686 3268 3796 3327 illa:

2188 3369 2337 3441 prius
2364 3369 2545 3424 missae
2563 3365 2800 3422 fuerant.
2829 3364 2936 3433 Qui
2965 3362 3182 3434 quidem
3209 3360 3424 3416 libellus
3444 3360 3508 3416 iis
3525 3376 3661 3432 quos
3677 3363 3795 3434 jam

2188 3459 2671 3518 annumeravimus
2708 3456 2966 3514 assimilis
3000 3464 3101 3512 est.
3140 3459 3315 3511 Docet
3341 3454 3491 3511 enim
3523 3454 3578 3510 in
3605 3456 3796 3526 primis

2189 3554 2281 3626 qui
2308 3551 2561 3611 discretio
2584 3550 2674 3619 sit,
2713 3558 2818 3606 etc.
2850 3548 2987 3605 Vide
3013 3556 3211 3604 caetera
3240 3546 3385 3619 apud
3410 3547 3680 3604 eumdem.

2367 3656 2624 3712 Rabanus
2666 3652 2742 3708 ad
2774 3668 2819 3706 c.
2853 3657 2922 3707 38
2949 3652 3164 3720 Regula:
3192 3654 3264 3706 D.
3300 3651 3570 3707 Benedicti
3598 3669 3614 3705 :

2260 3758 2412 3814 Sicut
2433 3765 2489 3814 et
2515 3757 2804 3814 Cassianus
2826 3754 2903 3811 ait
2930 3774 2942 3810 :
2979 3754 3376 3812 Reﬁcientibus
3395 3752 3654 3811 fratribus
3670 3769 3799 3811 san-

2192 3860 2297 3908 ctae
2318 3850 2578 3907 lectiones
2605 3850 2875 3921 legantur,
2906 3855 3009 3904 etc.

2192 3954 2539 4010 Burchardus
2567 3954 2838 4022 episcopus
2869 3952 3260 4008 Vormatiensis
3291 3951 3381 4005 lib.
3406 3965 3523 4005 vm
3552 3964 3671 4020 cap.
3701 3955 3798 4019 77,

2512 4041 2581 4079 ear:
2623 4024 2851 4080 Concilio
2888 4024 3202 4092 Moguntino
3232 4038 3349 4092 cap.
3378 4025 3452 4075 6':

2265 4124 2722 4182 Sanclimoniales
2770 4123 2826 4179 in
2880 4121 3211 4179 monasterio
3259 4120 3572 4177 constitutae
3620 4120 3806 4177 omni-

2193 4218 2296 4274 bus
2324 4217 2515 4273 diebus
2550 4216 2619 4273 ad
2647 4214 2943 4288 capitulum
2985 4224 3041 4275 et
3074 4215 3143 4271 ad
3181 4214 3511 4273 Collationes
3549 4214 3808 4285 veniant,

2193 4321 2248 4369 et
2300 4311 2544 4385 regulam
2594 4327 2625 4368 a
2674 4313 2770 4369 SS.
2821 4311 3072 4369 Patribus
3126 4310 3229 4368 illis
3276 4310 3634 4368 constitutam
3678 4309 3806 4367 dili-

2194 4414 2385 4479 genter
2409 4405 2716 4462 observent.

2265 4496 2465 4555 lisdem
2507 4496 2621 4554 fere
2658 4496 2834 4555 verbis
2859 4498 3006 4572 apud
3045 4502 3272 4555 Ivonem
3302 4505 3443 4570 part.
3488 4510 3582 4552 vn
3620 4511 3672 4552 c.
3725 4502 3807 4553 95

484 4585 719 4641 brantur
758 4584 1027 4657 Regulae;
1056 4584 1213 4641 beata
1249 4582 1479 4641 muliere
1515 4583 1718 4641 victum
1745 4591 1908 4657 atque
1941 4584 2173 4646 vesti-D
2207 4591 2482 4666 profertur
2528 4608 2707 4650 canon
2758 4596 2828 4649 59
2869 4592 3064 4650 οοηοῑῑι
3108 4590 3333 4649 secundi
3390 4589 3796 4660 Cabilonensis,

478 4688 599 4735 tum
625 4679 852 4752 singulis
879 4679 1245 4736 ministrante.

478 4783 698 4839 Photz’us
709 4784 981 4854 episcopus
993 4782 1745 4853 Constantinop.Biinothecce
1767 4782 1883 4838 cod.
1900 4786 1999 4839 197
2017 4774 2045 4815 ¹³

463 4958 472 4967 ⁸
549 4886 786 4944 Cassiani
813 4884 1065 4943 monachi
1096 4885 1326 4959 Regulae
1351 4884 1751 4943 monachorum
1778 4885 1993 4961 Egypti
2015 4883 2075 4956 ες

478 4983 559 5035 De
587 4989 712 5037 octo
747 4980 949 5037 vitiosis
979 4979 1425 5054 cogitationibus;
1466 4979 1708 5037 Libellus
1746 4978 1915 5036 trium
1954 4980 2078 5036 Col-

476 5073 761 5128 lationum.
803 5075 1000 5129 Lectus
1036 5074 1245 5131 libellus
1270 5091 1377 5149 quo
1407 5074 1645 5133 Cassiani
1668 5072 1923 5131 Monachi
1953 5077 2078 5146 (pa-

477 5166 579 5221 tria
597 5153 625 5197 ά
649 5165 908 5232 Romani)
931 5166 1068 5222 libro
1091 5167 1200 5224 duo
1228 5168 1649 5225 continebantur
1681 5187 1694 5223 :
1718 5183 1910 5224 eorum
1941 5167 2076 5224 alter

476 5259 689 5315 Castori
729 5258 946 5316 cuidam
986 5260 1237 5332 episcopo
1277 5269 1643 5333 nuncupatur,
1685 5260 1775 5333 qui
1820 5260 1967 5317 hunc
2004 5260 2074 5317 ab

478 5352 569 5408 illo
625 5351 784 5408 scribi
837 5352 1154 5425 postularat.
1212 5355 1443 5411 Formas
1499 5361 1683 5411 autem
1735 5369 1803 5410 ac
1859 5355 2073 5428 regulas

476 5445 793 5517 praescribit,
826 5461 893 5503 ex
928 5461 1161 5519 quarum
1183 5446 1496 5520 praescripto
1528 5447 1714 5504 vivunt
1747 5447 1802 5503 in
1838 5449 2071 5521 1Egypto

485 5675 495 5685 .
541 5604 568 5685 ξ
593 5601 754 5685 Quod
771 5601 984 5685 scilicet
1012 5602 1216 5676 incipit,
1245 5607 1406 5669 Deus,
1432 5606 1491 5659 in
1520 5604 1856 5676 adjuton‘um
1880 5605 2070 5678 :meum

472 5674 706 5737 intende,
735 5681 839 5729 etc.
1120 5674 1137 5676 ί

542 5738 568 5777 δ
592 5746 670 5801 Ex
695 5746 941 5801 versione
962 5746 1024 5802 P.
1053 5746 1285 5805 Andreae
1310 5748 1499 5807 Scotti.

543 5819 569 5849 ο
613 5816 702 5873 Sic
740 5816 850 5896 iste
889 5817 1056 5876 libros
1103 5820 1343 5878 Cassiani
1372 5821 1688 5895 (inscripsit,
1721 5826 1887 5896 "quos
1915 5823 2068 5896 :vidit

471 5887 663 5947 Graece
685 5888 994 5948 translatos.
1270 5936 1277 5941 .
1372 5887 1391 5895 ⁷
1557 5887 1576 5894 “
1675 5887 1685 5895 ⁷
1761 5887 1783 5896 “
1915 5889 1927 5899 ’

2190 4701 2299 4757 quo
2340 4686 2650 4759 praccipitur
2698 4694 2759 4743 ut
2810 4687 3249 4744 sanctimoniales
3295 4683 3553 4743 omnibus
3599 4683 3807 4742 diebus

2184 4780 2255 4837 ad
2284 4781 2646 4838 Collationem
2686 4781 2921 4838 veniant.

2257 4886 2451 4940 Petrus
2486 4886 2747 4940 Damiani
2769 4884 3071 4940 cardinah‘s
3107 4886 3381 4955 episcopus
3409 4882 3669 4941 Ostiensis
3704 4900 3721 4936 :

2257 4984 2448 5040 Petrus
2486 4982 2737 5039 Damiani
2786 4981 2883 5040 lib.
2932 4997 2971 5039 v
3012 4982 3170 5054 epist.
3220 4988 3309 5050 l9,
3348 4981 3444 5038 ubi
3487 4979 3557 5037 de
3596 4979 3803 5038 vestitu

2183 5076 2577 5133 monachorum
2606 5084 2660 5132 et
2687 5076 3012 5134 clericorum
3036 5075 3148 5149 agit
3181 5095 3194 5132 :
3223 5075 3388 5146 Quod
3413 5075 3459 5133 si
3498 5073 3653 5132 vobis
3676 5072 3797 5131 du-

2181 5167 2333 5225 bium
2365 5168 2595 5241 videtur,
2633 5171 2824 5227 saltem
2853 5178 3159 5228 vestrarum
3200 5169 3439 5243 partium
3472 5168 3801 5228 testimonio

2179 5277 2372 5319 aurem
2391 5263 2802 5321 accommodate
2825 5285 2837 5321 :
2862 5264 3018 5338 legite
3032 5264 3360 5322 Collationes
3383 5266 3631 5332 Patrum,
3652 5277 3804 5335 quas

2181 5356 2476 5415 Eucherius
2517 5358 2896 5432 Lugdunensis
2932 5359 3216 5432 episcopus
3261 5359 3483 5418 elimato
3534 5372 3807 5416 sermone

2178 5449 2490 5509 abbreviare
2524 5451 2731 5510 studuit
2762 5472 2776 5508 :
2813 5460 2870 5509 et
2905 5450 2950 5510 si
2980 5451 3143 5509 nobis
3184 5450 3407 5509 credere
3438 5465 3551 5507 non
3597 5448 3801 5521 vultis,

2246 5599 2275 5645 δ
2308 5614 2393 5669 An
2422 5614 2547 5686 quia
2585 5612 2727 5686 inter
2760 5614 2983 5670 Latinos
3008 5611 3261 5686 Massiliae
3288 5608 3455 5666 vixit?
3486 5608 3630 5665 Nam
3652 5608 3804 5682 Scy-

2177 5682 2328 5739 tham
2361 5682 2576 5741 natione
2601 5683 2769 5742 fuisse
2796 5685 2871 5742 ait
2894 5684 3222 5742 Gennadius.

2175 5757 2595 5884 adstifulsloottus.
2630 5758 2748 5829 Ego
2789 5764 2920 5829 puto
2946 5755 3390 5828 mendum-esse,
3439 5751 3523 5811 vel
3564 5750 3634 5809 ab
3678 5751 3803 5811 alio
