4052 6200
342 173 420 229 53
1282 170 1325 224 D
1406 166 1887 225 C(ENOBIORUM
1925 168 1942 224 1

2062 169 2305 226 .‘ITUTIS
2341 172 2734 229 ΡΒᾸΞΡΑΤΙΟ.
3590 189 3662 240 54

345 315 3649 343 m

548 436 549 439 γ
654 431 1240 512 EPISTOLA
1291 448 1327 493 ει
1391 430 1471 508 S.
1544 424 2123 507 CASTORIS
2196 429 2752 511 APTENSIS
2821 432 3361 513 EPISCOPI

1963 640 2050 685 ΑΙ)

1172 810 1839 905 DOMNUM
1943 810 2829 907 CASSIANUM

1591 1010 1888 1061 ABBATEM
1925 1010 2406 1065 MASSILIENSEM.

368 1326 384 1343 κ
432 1287 639 1339 Domno
662 1280 960 1335 sanctitatis
990 1280 1209 1349 speciali
1229 1279 1400 1348 gloria
1423 1279 1700 1341 decorata,
1724 1282 1887 1348 atque
1911 1294 2012 1348 per
2034 1281 2211 1333 omnia
2235 1280 2576 1335 memorando
2607 1300 2623 1335 :
2649 1281 2743 1336 sed
2770 1285 2820 1336 et
2840 1282 3187 1337 scientiarum
3215 1282 3400 1337 decore
3418 1284 3665 1353 pollenti,

350 1378 517 1431 Patri
549 1375 743 1429 scilicet
766 1373 1039 1436 Cassiano,
1072 1373 1258 1429 Castor
1278 1373 1335 1426 in
1359 1372 1559 1427 mundo
1586 1372 1891 1441 degentium
1911 1375 2213 1442 peripscma
2237 1375 2282 1439 (Ι
2307 1375 2424 1431 Cor.
2447 1375 2551 1446 ιγ),
2577 1392 2695 1445 qua:
2718 1391 3002 1446 possumus
3025 1379 3298 1432 servitutis
3336 1378 3661 1432 humillima.

431 1468 868 1530 Rationabiliter,
900 1469 1080 1531 Pater,
1112 1467 1578 1535 irrationabilibus
1604 1471 1654 1521 et
1677 1466 1977 1535 elinguibus
1998 1467 2291 1536 pwdagogi
2304 1469 2547 1535 fomenta
2569 1469 2895 1523 subveniunt
2915 1489 2932 1524 :
2962 1471 3092 1539 quia
3123 1471 3225 1524 etsi
3247 1484 3352 1523 non
3373 1484 3531 1539 (equa
3556 1485 3668 1524 om—

340 1563 519 1617 .nibus
536 1562 853 1623 moderatio,
883 1577 1134 1632 oppressa
1156 1562 1492 1616 humanitate
1514 1562 1693 1630 rigere
1711 1559 2128 1630 deprehenditur
2150 1581 2165 1616 :
2190 1567 2359 1617 restat
2383 1568 2563 1617 tamen
2578 1568 2639 1617 ut
2658 1564 2740 1617 his
2762 1565 2953 1633 quibus
2968 1564 3191 1619 subacta
3211 1565 3498 1635 probatur,
3518 1565 3666 1619 subi-

353 1659 454 1725 gat
478 1655 905 1713 emolumentum.
937 1656 1054 1711 Non
1093 1656 1231 1709 enim
1255 1657 1432 1709 omnia
1457 1669 1740 1725 possumus
1778 1670 1993 1722 omnes;
2028 1658 2158 1725 quia
2185 1672 2290 1710 non
2319 1658 2555 1711 omnium
2584 1672 2737 1711 nosse
2761 1661 2983 1712 certare.
3016 1659 3206 1713 Merito
3230 1661 3371 1712 enim
3405 1659 3495 1713 sui
3512 1660 3662 1728 quis-

344 1766 520 1821 quam
536 1749 816 1820 jacturam
852 1750 1105 1811 incurrit,
1135 1750 1233 1818 qui
1253 1765 1315 1804 ea
1335 1764 1453 1818 quae
1474 1751 1693 1819 potiora
1722 1763 1910 1819 capere
1943 1747 2135 1801 didicit
2164 1749 2323 1812 bona,
2361 1752 2631 1818 surripere
2663 1751 2882 1803 minime
2923 1752 3152 1819 ambigit
3178 1751 3370 1817 [Forte
3397 1752 3659 1820 satagit].

357 1847 582 1901 Diutina
628 1860 860 1913 namque
877 1847 1003 1897 sunt
1025 1844 1403 1898 exercitatione
1423 1843 1728 1914 premendi,
1750 1844 2025 1911 variisque
2050 1840 2300 1909 operibus
2330 1840 2533 1901 alendi,
2568 1841 2761 1908 quibus
2782 1842 3017 1895 aliorum
3042 1843 3291 1896 discretio
3310 1840 3659 1912 subrogatur.

354 1940 565 1995 Etenim
586 1939 868 2007 aliquoties
891 1942 1254 2008 prcesumptor
1271 1953 1370 1992 sua
1390 1914 1696 1993 temeritate
1715 1938 2028 1999 succumbit,
2055 1936 2205 1998 dum,
2229 1937 2542 1989 necessariis
2566 1935 2751 1989 usibus
2766 1940 2919 2006 apta,
2951 1950 3049 1990 sua
3072 1938 3365 2004 incongrua
3392 1937 3668 1991 industria

354 2033 568 2086 incertis
578 2031 909 2085 moderatior:
915 2031 1031 2086 ibus
1043 2031 1381 2101 dispertitur.
1396 2031 1558 2088 Nobis
1568 2046 1691 2084 vero
1704 2030 1884 2084 idiotis
1895 2031 2057 2097 facile
2062 2045 2164 2099 per
2172 2030 2440 2082 incuriam
2451 2030 2630 2099 inepta
2637 2029 2962 2099 persuaderi
2962 2034 3207 2099 possunt.
3227 2032 3294 2083 Te
3303 2045 3450 2098 ergo,
3463 2030 3668 2085 charis-

342 2128 482 2179 sime
492 2128 564 2180 Pa
573 2130 671 2187 ter,
685 2142 792 2195 qua
800 2141 1082 2195 possumus
1093 2126 1303 2179 charita
1310 2130 1359 2179 te
1365 2127 1744 2195 prievenimus,
1759 2139 1863 2192 quo
1868 2125 1965 2193 pia
1976 2139 2037 2177 ac
2046 2125 2369 2178 inexhausta
2382 2125 2759 2188 exuberantia,
2773 2125 2912 2179 nihil
2914 2141 3160 2195 promere
3169 2127 3503 2195 sapientibus
3514 2127 3666 2180 nobis

343 2222 653 2284 subvenias,
676 2224 727 2275 et
757 2222 953 2291 quibus
978 2222 1296 2290 prmemines
1321 2221 1610 2282 exercitiis,
1638 2219 1736 2272 sub
1759 2218 1952 2287 quibus
1970 2216 2291 2286 praepollens
2308 2233 2455 2271 mens
2485 2221 2535 2271 et
2561 2219 2800 2272 membra
2829 2223 3127 2283 creverunt,
3158 2234 3253 2273 nos
3276 2220 3586 2290 neophytos,
3616 2224 3669 2274 et

362 2316 648 2369 mundialis
668 2330 881 2386 pompa:
909 2314 1344 2368 accurationibus
1364 2314 1562 2367 illectos
1587 2315 1824 2367 emcitare
1844 2327 1950 2365 nrn
1969 2310 2224 2378 differas.
2249 2312 2316 2365 Te
2330 2311 2545 2380 quidem
2562 2314 2902 2381 potissimum
2925 2313 3282 2369 Orientalium
3302 2313 3665 2368 ccenobiorum

337 2409 599 2464 doctrina
628 2412 910 2479 expertum
936 2412 1192 2470 tenemus,
1215 2407 1555 2475 mann‘meque
1577 2408 1974 2477 Egypt-corum,
1997 2412 2047 2462 et
2071 2407 2220 2476 apud
2239 2408 2559 2463 Thebaidem
2577 2409 2937 2475 fundatorum
2963 2429 2980 2463 :
3000 2412 3308 2479 prtesertim
3331 2426 3450 2465 cum
3470 2413 3521 2464 et
3547 2411 3662 2464 loca

351 2505 629 2560 Dominica
654 2504 941 2557 natiritate
960 2502 1198 2570 insignia
1221 2504 1314 2554 tua
1331 2502 1442 2553 sint
1461 2499 1737 2553 illustrata
1750 2502 2065 2569 prcesentia.
2085 2502 2338 2568 Quocirca
2357 2518 2474 2556 cum
2492 2505 2564 2556 sis
2581 2505 2816 2557 omnium
2835 2503 3139 2558 studiorum
3165 2505 3557 2561 Catholicorum
3583 2504 3662 2558 di-

347 2599 577 2668 sciplina
602 2599 859 2665 refertus,
886 2600 935 2651 te
963 2610 1171 2669 quoque
1194 2596 1435 2648 convenit
1458 2608 1551 2648 nos
1580 2594 1812 2648 scientia:
1835 2596 2036 2664 inopes,
2061 2611 2167 2650 non
2192 2599 2492 2666 prceterire.
2515 2601 2781 2653 Poscimus
2804 2615 3037 2669 namque
3064 2603 3213 2654 tuam
3232 2602 3643 2669 paternitatem,

345 2694 404 2746 in
432 2693 686 2746 instituta
706 2692 1171 2751 monasteriorum,
1197 2705 1318 2759 quae
1336 2704 1437 2758 per
1460 2690 1753 2757 Egyptum
1778 2692 1829 2742 et
1855 2690 2204 2744 Palwstinam
2230 2694 2437 2758 florere,
2463 2708 2526 2745 ac
2546 2695 2763 2747 institui
2781 2693 2985 2755 vidisti,
3007 2698 3057 2748 et
3087 2693 3356 2748 servanda
3386 2694 3647 2755 sanaeisti,

336 2789 569 2842 etsicuti
582 2788 662 2841 ibi
680 2788 713 2840 ὰ
734 2787 987 2841 Patribus
1006 2784 1217 2840 tradita
1232 2787 1376 2847 sunt,
1398 2784 1633 2853 simplici
1643 2797 1882 2837 sermone
1900 2783 1957 2849 in
1972 2785 2153 2836 nostra
2175 2782 2305 2836 rudi
2316 2786 2637 2852 monasterio
2650 2785 2905 2839 adhibere
2927 2787 3268 2854 complanata
3290 2801 3395 2839 non
3415 2786 3650 2848 abnuas,

347 2883 400 2933 et
415 2881 743 2955 eloquiorum
757 2885 967 2934 tuorum
985 2879 1239 2948 melli/tua
1255 2879 1524 2932 suavitate
1540 2876 1898 2932 exuberantia
1909 2876 2071 2931 verba
2082 2875 2432 2943 diffundens,
2450 2881 2636 2937 nostra
2650 2877 2746 2931 diu
2757 2880 2974 2931 arentia
2986 2878 3148 2931 corda
3169 2880 3350 2944 rigare
3366 2893 3471 2931 non
3486 2878 3547 2930 di
3546 2878 3659 2944 ffe-

345 2989 439 3028 ras
479 2994 495 3028 :
525 2991 594 3029 ea:
623 2989 727 3043 quo
752 2972 961 3042 abjcctu
977 2974 1261 3027 sterilitate
1288 2974 1478 3040 fruges
1496 2970 1730 3039 justitia:
1755 2972 1975 3056 valeant
1989 2971 2287 3041 pullulare.
2326 2971 2477 3026 Unde
2510 2988 2630 3026 reor
2652 2974 2704 3026 si
2725 2972 2862 3041 quid
2870 2974 3130 3042 proﬁcere
3148 2986 3242 3025 nos
3262 2971 3517 3040 possibile
3538 2971 3662 3037 fue-

342 3068 441 3130 rit,
474 3071 525 3122 te
551 3082 763 3137 quoque
778 3068 979 3135 potiori
998 3068 1188 3119 merito
1215 3065 1609 3119 munerandum
1625 3082 1642 3117 :
1676 3066 1726 3116 si
1743 3065 1965 3133 paterni
1977 3063 2180 3117 laboris
2200 3066 2498 3120 obedientia
2515 3067 2771 3121 inertium
2790 3070 2990 3120 mentes
3010 3066 3453 3135 qualemcumque
3481 3065 3663 3120 reddi-

322 3159 528 3215 derint
554 3160 788 3242 habilem
805 3161 1134 3214 servitutem.
1173 3159 1328 3222 Vale,
1359 3162 1521 3228 pater
1555 3160 1652 3212 Dei
1679 3174 1972 3220 servorum,
2004 3162 2056 3213 et
2084 3163 2347 3214 memento
2385 3161 2577 3215 nostri.

424 3309 448 3337 ³
481 3307 562 3360 Ex
596 3311 806 3360 vetusto
827 3304 1028 3360 Codice
1058 3301 1381 3359 Elnoncnsis
1406 3302 1725 3357 monasterii
1754 3303 1810 3357 S.
1840 3302 2098 3359 Amandi.

1121 3627 1226 3740 J
1232 3625 1622 3741 DAN
1631 3627 1752 3738 N
1766 3629 1949 3740 IS
2017 3625 2901 3742 CASSIANI

1558 3828 1884 3893 ABBATIS
1931 3828 2459 3894 MASSILIENSIS

498 4006 737 4136 DE
850 3930 2263 4138 COENO'BIORUM
2371 3914 3513 4135 INS‘TITUTIS

1500 4213 1815 4292 LIBRI
1885 4214 2223 4291 DUOD
2246 4204 2521 4291 EC'IM

1742 4503 2274 4638 Ilmefatio,

1555 4695 1639 4745 AD
1674 4695 2010 4747 CASTOREM
2048 4697 2451 4750 PONTIFICEM.

1827 4838 2187 4853 ———

418 4964 635 5022 Veteris
679 4961 1039 5019 Instrumenti
1094 4968 1283 5018 narrat
1329 4959 1559 5018 historia
1615 4960 1954 5034 sapientissi-
1982 4969 2036 5031 Α
2063 4963 2277 5027 viduae,
2325 4960 2592 5034 quidquid
2640 4961 2825 5018 divina
2870 4960 3135 5034 sapientia
3178 4968 3498 5035 suggerente
3536 4978 3651 5036 pra:

331 5075 504 5115 mum
523 5058 876 5116 Salomonem
901 5064 1026 5128 post
1046 5063 1324 5128 acceptam
1344 5053 1608 5135 divinitus
1626 5054 1952 5126 sapientiam
1996 5122 2003 5127 _
2061 5058 2270 5114 clarum
2299 5056 2357 5113 in
2383 5058 2590 5129 templo
2621 5057 2871 5126 Domini,
2902 5057 2981 5114 vel
3021 5057 3077 5114 in
3105 5058 3274 5116 sacris
3305 5059 3442 5117 vasis
3474 5060 3666 5117 molie-

342 5154 808 5228 prudentiamque
839 5150 1071 5207 multam
1102 5148 1291 5218 nimis,
1320 5156 1375 5206 et
1399 5147 1742 5206 latitudinem
1772 5147 1957 5206 cordis
2062 5152 2251 5221 batur,
2286 5150 2590 5209 ministerio
2634 5150 2751 5225 ejus
2789 5168 2853 5210 ac
2897 5152 3258 5227 dispositione
3299 5153 3525 5227 perfecit
3566 5156 3671 5221 {III

338 5251 509 5323 quasi
551 5264 778 5306 arenam
817 5248 988 5305 maris
1023 5246 1482 5304 innumerabilem
1523 5249 1626 5313 (ιιι
1656 5250 1788 5316 Reg.
1822 5249 1953 5313 1v):
2064 5250 2195 5318 Reg.
2237 5251 2369 5317 vn).
2402 5246 2458 5303 Si
2504 5261 2634 5319 ergo
2667 5245 2756 5304 ille
2793 5247 3062 5304 universis
3088 5248 3273 5321 regnis
3313 5256 3471 5333 terra:
3498 5248 3671 5305 subli-

347 5343 427 5399 ita
451 5351 517 5400 ut
548 5341 776 5400 Domini
806 5340 1125 5399 testimonio
1155 5340 1337 5397 nullus
1379 5339 1429 5396 ei
1455 5338 1652 5395 similis
1677 5338 1960 5396 retroactis
2063 5341 2212 5398 mior
2235 5341 2596 5415 principatus,
2641 5348 2696 5397 et
2728 5341 3006 5399 Israelitici
3043 5341 3259 5414 generis
3297 5332 3537 5397 nobilior
3581 5357 3673 5399 ex-

347 5436 700 5510 temporibus
738 5436 1041 5505 exstitisse,
1082 5450 1256 5509 neque
1286 5440 1411 5508 post
1463 5448 1587 5490 eum
1618 5442 1961 5491 surrecturus
2066 5435 2454 5506 cellentiorque
2502 5434 2788 5508 progenies
2841 5437 2939 5504 (III
2987 5439 3117 5506 Reg.
3158 5438 3299 5503 vn),
3348 5434 3548 5506 illaque
3588 5452 3672 5494 sa-
3758 5424 3769 5430 ’

336 5545 472 5587 esse
523 5530 763 5599 dicatur,
821 5528 1356 5602 illud'magnilicum
1400 5528 1647 5586 Domino
1696 5528 1964 5600 templum
2069 5530 2278 5603 pientia
2322 5528 2587 5591 divinitus
2620 5528 2899 5600 inspirata,
2953 5545 3078 5601 qua
3102 5536 3431 5585 cunctorum
3473 5527 3673 5584 Orien-

350 5632 642 5681 exstruere
668 5625 1005 5698 cupientem,
1030 5625 1349 5698 alienigenae
1375 5622 1516 5697 regis
1538 5623 1670 5697 Tyri
1699 5623 1966 5679 auxilium
2072 5622 2264 5680 talium
2287 5630 2343 5678 et
2386 5622 2765 5696 Egyptiorum
2792 5620 3109 5693 disciplinas
3135 5627 3192 5674 et
3230 5616 3477 5672 instituta
3515 5633 3675 5690 supe-

349 5720 700 5793 poposcisse.
734 5719 840 5790 Qui
891 5720 1061 5778 misso
1103 5718 1171 5777 ad
1220 5732 1279 5777 se
1314 5721 1524 5792 Hyram
1571 5717 1683 5775 ﬁlio
1724 5716 1969 5775 mulieris
2074 5713 2264 5784 rabat,
2304 5728 2648 5786 nequaquam
2692 5711 2944 5786 pauperis
2997 5718 3160 5783 atque
3202 5704 3520 5774 alienigenae
3572 5705 3671 5760 viri
