4062 6196
415 239 482 291 55
1766 226 2047 284 JOANNIS
2084 226 2388 284 CASSIANI
2596 303 2607 309 _
3660 238 3740 293 se

414 360 709 418 consilium
736 357 1095 431 dedignatur;
1136 364 1282 413 recte
1316 355 1486 413 etiam
1530 362 1589 411 tu
1628 353 1715 409 his
1766 351 2017 408 eruditus
2045 356 2099 419 Α
2129 351 2362 425 simplici
2412 367 2667 410 sermone
2713 351 2972 410 fratribus
3024 353 3081 409 in
3131 353 3345 412 novello
3390 358 3739 413 monasterio

416 454 713 527 exemplis,
770 451 1089 508 beatissime
1142 454 1167 483 ³
1228 465 1366 522 papa
1422 449 1636 515 Castor,
1708 461 1901 501 verum
1953 462 2019 502 ac

415 546 743 605 rationabile
789 548 908 602 Deo
947 544 1236 617 templum,
1266 559 1378 599 non
1405 541 1681 613 lapidibus
1726 540 2021 597 insensibi-

374 670 377 673 λ
417 642 591 711 libus,
640 639 736 697 sed
780 646 1096 697 sanctorum
1141 639 1387 693 virorum
1424 635 1882 707 congregatione,
1914 650 2019 693 nec

418 735 721 808 temporale
769 742 825 790 et
852 732 1209 805 corruptibile
1232 771 1249 799 ,
1279 730 1374 787 sed
1413 737 1683 786 mteruum
1727 737 1890 799 atque
1936 730 2020 784 in-

419 828 777 903 expugnabile
825 826 1096 884 aediﬁcare
1149 825 1466 896 disponens,
1507 839 1635 880 vasa
1680 823 1846 880 etiam
1899 840 2022 897 pre-

413 925 716 983 tiosissima
755 922 991 979 Domino
1028 920 1255 992 cupiens
1279 935 1635 988 consecrare,
1675 933 1787 975 non
1839 920 2017 975 multo

415 1021 533 1076 auri
573 1018 816 1085 metallo,
846 1014 1126 1086 argentive
1171 1014 1429 1081 conﬂata,
1462 1030 1586 1086 qua:
1624 1022 1747 1085 post
1783 1029 1875 1069 rex
1915 1016 2019 1070 Ba-

415 1112 670 1185 bylonius
695 1117 849 1181 capta
894 1107 1325 1164 concubinarum
1357 1123 1582 1163 suarum
1613 1123 1676 1162 ac
1704 1106 2015 1179 principum

414 1204 637 1276 deputet
658 1201 920 1274 voluptati
948 1202 1180 1270 (Daniel.
1210 1216 1249 1257 v
1275 1204 1318 1268 ),
1343 1200 1439 1256 sed
1483 1200 1773 1255 animabus
1810 1200 2015 1255 sanctis

415 1312 542 1370 qua:
584 1296 931 1362 innocentiae,
986 1293 1217 1366 justitia:
1273 1302 1331 1349 et
1385 1294 1653 1350 castitatis
1701 1292 2016 1363 integritate

2122 456 2218 505 tuo
2267 448 2489 520 cupiens
2537 448 2832 520 explanari.
2882 448 2982 505 Cui
3030 448 3108 505 rei
3162 458 3430 522 quantum
3479 466 3570 508 me
3609 451 3734 523 pius

2127 540 2293 598 ardor
2319 542 2569 599 desiderii
2612 543 2689 598 tui
2721 551 2980 615 provocat
3004 541 3253 611 obedire,
3281 551 3494 600 tantum
3539 544 3732 601 multi-

2128 634 2294 706 plices
2321 643 2554 690 aestuum
2607 636 2782 691 moles
2819 634 3096 691 volentem
3143 635 3520 706 obtemperare
3544 634 3731 691 deter-

2126 737 2273 784 rent.
2323 729 2569 785 Primum
2616 730 2742 801 quia
2768 745 2869 786 nec
2897 730 3021 786 vitae
3072 745 3210 787 mea
3260 730 3335 785 ita
3390 729 3735 801 aequiparant

2126 825 2340 892 merita,
2366 832 2427 879 ut
2453 824 2729 880 confidam
2762 840 2851 882 me
2875 840 2964 881 res
2990 833 3105 881 tam
3130 825 3349 892 arduas,
3374 832 3490 879 tam
3529 824 3736 882 obscuo

2127 934 2234 987 ras,
2266 927 2372 974 tam
2404 926 2644 986 sanctas,
2671 917 2833 990 digne
2864 934 3021 990 posse
3046 919 3228 975 animo
3259 935 3323 975 ac
3354 927 3535 975 mente
3571 934 3731 974 com-

2125 1012 2303 1085 plecti.
2348 1011 2598 1068 Secundo
2628 1012 2777 1083 quod
2826 1015 2850 1045 °
2897 1027 2958 1067 ea
3009 1028 3131 1083 qua:
3179 1029 3210 1068 a
3255 1012 3478 1085 pueritia
3540 1022 3729 1068 nostra

2125 1106 2265 1162 inter
2299 1105 2520 1162 eosdem
2569 1105 2853 1162 constituti
2904 1114 3067 1178 atque
3095 1106 3334 1178 ipsorum
3358 1106 3559 1161 incitati
3592 1122 3730 1178 quo-

2124 1198 2338 1255 tidianis
2386 1198 2861 1256 adhortationibus
2904 1207 2958 1255 et
2998 1199 3260 1271 exemplis
3307 1200 3386 1255 vel
3422 1215 3579 1271 agere
3617 1208 3739 1255 ten-

2123 1294 2380 1364 tavimus,
2407 1295 2488 1351 vel
2515 1294 2820 1365 didicimus,
2849 1295 2931 1351 vel
2957 1294 3073 1351 visu
3103 1295 3465 1368 percepimus,
3504 1295 3741 1350 minime-

414 1390 704 1464 fulgentes,
750 1405 932 1461 regem
961 1388 1242 1444 Christum
1286 1387 1341 1443 in
1380 1387 1693 1459 semetipsis
1728 1386 2019 1443 circumfe-
2119 1389 2236 1461 jam
2288 1405 2575 1461 possumus
2610 1389 2679 1446 ad
2724 1390 2993 1463 integrum
3038 1390 3292 1459 retinere,
3339 1398 3423 1445 tot
3455 1405 3737 1446 annorum

412 1493 537 1542 rant
559 1492 990 1542 commorantem
1011 1522 1029 1550 ,
1068 1497 1301 1554 egenum
1332 1496 1441 1549 me,
1473 1480 1736 1553 omnique
1761 1495 1824 1535 ex
1864 1489 2016 1552 parte

415 1577 847 1650 pauperrimum,
884 1574 951 1631 ad
975 1575 1426 1632 communionem
1449 1576 1588 1631 tanti
1623 1574 1804 1646 operis
1828 1574 2020 1647 digna-

332 1707 353 1729 .
418 1670 495 1725 ris
526 1667 849 1725 adsciscere.
902 1662 929 1700 δ
970 1670 1033 1724 In
1062 1668 1342 1739 provincia
1392 1667 1663 1740 siquidem
1714 1674 1805 1722 tua
1835 1682 2020 1723 coeno-

2126 1481 2340 1538 circulis
2376 1482 2444 1537 ab
2485 1498 2673 1538 eorum
2703 1483 2979 1540 consortio
3008 1491 3063 1538 et
3090 1482 3391 1559 imitatione
3440 1497 3728 1538 conversa-

2125 1574 2289 1631 tionis
2324 1575 2606 1645 abstracti;
2658 1576 2961 1649 przesertim
3000 1593 3129 1634 cum
3166 1576 3363 1633 harum
3405 1591 3593 1632 rerum
3643 1590 3737 1630 ra-

2129 1669 2206 1725 tio
2232 1685 2575 1741 nequaquam
2601 1671 2773 1743 possit
2798 1672 2971 1728 otiosa
2994 1670 3349 1727 meditatione
3376 1669 3737 1740 doctrinaque-

416 1761 636 1819 biorum
678 1770 928 1835 experte,
956 1761 1322 1818 Orientalium
1362 1761 1710 1832 maximeque
1737 1760 2019 1832 Aigyptio-
2054 1729 2102 1792 Β
2134 1729 2447 1831 verborum:
2472 1767 2556 1821 vel
2587 1729 2746 1834 tradi,
2793 1767 2876 1823 vel
2908 1766 3164 1839 intelligi,
3193 1766 3275 1821 vel
3302 1764 3567 1821 memoria
3597 1778 3733 1820 cono

417 1871 543 1911 rum
580 1854 764 1911 volens
803 1855 1047 1910 instituta
1085 1853 1341 1921 fundari,
1364 1870 1491 1909 cum
1531 1854 1607 1909 sis
1651 1853 1767 1925 ipse
1807 1854 2021 1911 cunctis

416 1949 713 2003 virtutibus
735 1948 1072 2019 scientiaque
1102 1944 1408 2019 perfectus,
1440 1953 1494 2001 et
1523 1947 1789 2003 universis
1811 1948 1887 2003 ita
1924 1963 2014 2004 re-

415 2040 588 2098 fertus
611 2041 818 2098 divitiis
838 2040 1234 2113 spiritualibus,
1263 2048 1323 2095 ut
1348 2039 1739 2112 perfectionem
1768 2056 2017 2112 quaeren-

415 2136 563 2192 tibus
607 2135 739 2192 satis
785 2134 1105 2207 abundeque
1132 2150 1245 2190 non
1294 2134 1460 2190 modo
1504 2143 1633 2190 tuus
1664 2151 1873 2204 sermo,
1923 2136 2019 2193 sed

413 2231 582 2285 etiam
613 2230 728 2286 sola
755 2230 865 2284 vita
909 2229 1148 2285 sufﬁciat
1176 2227 1245 2285 ad
1289 2228 1600 2301 exemplum
1622 2271 1637 2299 ,
1683 2245 1773 2285 me
1802 2245 2019 2301 quoque

418 2323 692 2395 elinguem
733 2332 790 2379 et
827 2339 1119 2396 pauperem
1160 2338 1412 2379 sermone
1461 2331 1624 2395 atque
1661 2322 1917 2389 scientia,
1957 2330 2020 2378 ut

418 2417 623 2489 aliquid
687 2417 755 2474 ad
820 2418 1219 2489 explementum
1277 2416 1356 2472 tui
1405 2414 1657 2471 desiderii
1704 2416 1771 2472 de
1834 2414 2019 2487 inopia

420 2526 612 2566 sensus
640 2510 749 2566 mei
774 2509 1089 2580 conferam,
1133 2510 1341 2582 poscis,
1386 2509 1743 2581 prmeipisque
1785 2509 2021 2564 utinsti-

419 2612 537 2660 tuta
560 2605 1041 2675 monasteriorum,
1082 2621 1205 2677 qua:
1234 2620 1329 2677 per
1356 2606 1653 2676 Egyptum
1682 2619 1745 2659 ac
1771 2603 2019 2660 Palaesti-

420 2714 547 2755 nam
576 2699 836 2756 custodiri
884 2700 1292 2772 conspeximus,
1321 2699 1393 2754 ita
1420 2706 1482 2755 ut
1513 2698 1584 2754 ibi
1613 2697 1774 2754 nobis
1801 2714 1830 2753 a
1855 2699 2023 2770 patri—

420 2792 522 2849 bus
556 2792 751 2849 tradita
779 2800 951 2860 sunt,
990 2792 1240 2866 quamvis
1270 2792 1529 2865 imperito
1570 2791 1812 2865 digeram
1857 2790 2019 2863 stylo,

419 2902 530 2942 non
558 2887 798 2959 leporem
828 2886 1096 2944 sermonis
1138 2887 1452 2959 inquirens,
1484 2886 1539 2940 in
1564 2901 1672 2957 quo
1700 2886 1814 2956 ipse
1836 2884 2021 2956 appri-

420 2995 509 3037 me
550 2996 609 3037 es
659 2981 942 3049 eruditus,
991 2980 1088 3038 sed
1126 2989 1441 3036 sanctorum
1494 2977 1796 3049 simplicem
1851 2977 2019 3033 vitam

2126 1858 2331 1915 tineri:
2392 1867 2571 1915 totum
2625 1876 2860 1933 namque
2913 1860 2970 1916 in
3021 1859 3139 1917 sola
3181 1857 3505 1930 experientia
3559 1872 3739 1929 usque

2126 1952 2394 2009 consistit.
2425 1956 2496 2009 Et
2523 1954 2992 2025 quemadmodum
3047 1953 3191 2011 tradi
3246 1952 3349 2009 nisi
3392 1952 3461 2008 ab
3504 1960 3733 2024 experto

2123 2062 2236 2102 non
2285 2056 2516 2119 queunt,
2570 2048 2643 2104 ita
2695 2065 2797 2106 nec
2842 2048 3039 2122 percipi
3090 2046 3313 2120 quidem
3354 2046 3436 2103 vel
3474 2038 3728 2117 intelligi,

2127 2138 2227 2195 nisi
2251 2140 2320 2196 ab
2344 2157 2409 2197 eo
2456 2141 2545 2214 qui
2566 2159 2628 2199 ea
2657 2143 2770 2214 pari
2800 2143 2980 2199 studio
3013 2158 3075 2199 ac
3099 2141 3298 2198 sudore
3322 2138 3741 2213 apprehendere

2127 2234 2506 2304 elaboraverit,
2535 2244 2766 2307 possunt
2797 2255 2810 2290 :
2858 2252 2979 2306 quae
3012 2245 3200 2291 tamen
3232 2235 3276 2289 si
3305 2231 3594 2290 collatione
3614 2231 3737 2305 jugi-

2124 2326 2446 2397 Spiritalium
2504 2328 2746 2383 virorum
2794 2326 3107 2400 frequenter
3154 2326 3394 2384 discussa
3456 2341 3570 2381 non
3614 2323 3729 2381 fue-

2126 2418 2253 2487 rint,
2281 2427 2335 2473 et
2367 2420 2528 2489 polita
2549 2459 2564 2487 ,
2596 2420 2703 2474 cito
2736 2436 2957 2475 rursum
3008 2421 3206 2475 mentis
3242 2419 3452 2474 incuria
3472 2417 3735 2474 dilabun-

2125 2519 2235 2566 tur.
2254 2510 2438 2567 Tertio
2467 2510 2593 2583 quia
2615 2510 2849 2582 idipsum
2875 2509 3021 2583 quod
3043 2520 3339 2581 utcumque
3366 2525 3475 2565 non
3501 2524 3598 2580 pro
3614 2524 3730 2564 me-

2125 2604 2232 2660 rito
2261 2605 2360 2673 rei,
2386 2603 2484 2660 sed
2512 2620 2611 2676 pro
2660 2605 2938 2677 praesentis
2959 2604 3220 2676 temporis
3245 2611 3388 2659 statu
3438 2617 3729 2675 possumus

2128 2698 2420 2766 reminisci,
2460 2698 2761 2770 imperitior
2805 2712 2986 2754 sermo
3043 2713 3280 2771 congrue
3315 2712 3426 2752 non
3462 2696 3605 2751 valet
3646 2710 3742 2751 ex-

2130 2789 2352 2863 plicare.
2385 2793 2510 2846 Huc
2541 2791 2775 2861 accedit,
2805 2791 2948 2864 quod
2975 2807 3137 2863 super
3168 2790 3269 2846 hac
3306 2806 3367 2846 re
3396 2789 3495 2844 viri
3524 2796 3579 2845 et
3623 2789 3729 2844 vita

2127 2883 2369 2952 nobiles,
2395 2892 2447 2940 et
2470 2900 2726 2942 sermone
2762 2885 3096 2958 scientiaque
3123 2884 3394 2957 praeclari,
3423 2885 3593 2940 multa
3611 2882 3736 2956 jam

2130 2980 2386 3051 opuscula
2411 2980 2777 3056 desudarunt,
2801 2988 3048 3037 sanctum
3087 2981 3351 3038 Basiliam
3385 2988 3439 3037 et
3463 2979 3743 3052 Hierony~

1520 3113 1777 3168 ALARDI
1811 3114 2038 3169 GAzaal
2076 3086 2635 3172 coiaMENTARIUS.

491 3245 517 3275 ³
564 3244 734 3315 Papa,
787 3256 884 3298 seu
930 3242 1127 3303 πάππας
1147 3241 1357 3318 _G_raec_e
1403 3242 1788 3318 exprimitiva
1810 3243 2015 3317 origine
2050 3251 2094 3313 C
2125 3245 2342 3302 edocuit
2363 3246 2586 3318 epistola
2611 3246 2874 3302 liminaris
2897 3243 2950 3318 in
2978 3243 3404 3318 vetustocodice
3429 3258 3536 3299 ms.
3558 3256 3732 3318 quem

422 3328 526 3368 vox
557 3313 656 3370 est
675 3329 999 3385 puerorum,
1028 3329 1122 3385 seu
1145 3313 1433 3385 infantium
1472 3313 1921 3383 balbutientium',
1951 3333 2015 3372 ac

421 3399 573 3457 suos,
622 3384 803 3456 patres
869 3384 1213 3441 balbutiendo
1287 3384 1728 3457 compellantium
1798 3389 2018 3452 (Cazlius

420 3456 652 3528 Rhedig.
686 3457 781 3510 lib.
810 3470 877 3511 χι
920 3460 1060 3513 Lect.
1089 3459 1264 3527 antiq.
1305 3456 1427 3527 cap.
1469 3457 1563 3528 2|)
1591 3476 1606 3521 ;
1634 3457 1759 3513 hinc
1781 3460 2018 3520 παπάζειν

422 3526 566 3599 apud
612 3530 913 3583 Homerum
948 3529 1174 3598 (Odyss.
1211 3526 1339 3595 vr),
1366 3526 1451 3583 vel
1489 3526 1715 3599 πάπίζειν
1743 3530 2016 3599 (Onuphr.

424 3598 713 3670 gle‘Eccles.
752 3602 942 3670 eoo),
967 3599 1403 3670 seu_papissare,
1449 3598 1591 3670 apud
1626 3598 1910 3663 Comicos’,
1936 3608 2021 3655 est

422 3666 709 3723 infantium
738 3684 912 3742 more,
934 3666 1466 3742 blandequepatrem
1480 3666 1810 3742 compellare
1843 3684 2016 3742 :‘quo-

348 3804 351 3807 Α
422 3754 548 3812 rum
577 3741 858 3811 exemplo,
880 3749 944 3812 et
970 3739 1204 3812 quadarn
1240 3739 1541 3796 imitatione
1569 3739 1727 3812 primi
1755 3739 2017 3797 Christia-

401 3809 502 3883 ~ni_
524 3826 626 3883 pro
650 3809 1358 3883 evangelica—simplicitate
1396 3821 1452 3867 et
1488 3809 1755 3868 modestia
1805 3819 2019 3883 patrem

422 3880 755 3952 Spiritualem
807 3880 1010 3956 blando
1053 3880 1156 3956 isto
1205 3883 1467 3940 vocabulo
1497 3898 1692 3956 papam
1742 3880 2018 3953 appellare

379 3974 388 3985 ι
422 3962 721 4022 coeperunt.
754 3953 886 4009 Inde
913 3970 1039 4009 vero
1068 3953 1271 4010 factum
1305 3963 1407 4018 est,
1438 3953 1582 4010 ut'in
1609 3968 1811 4009 nomen
1840 3962 2019 4008 trans-

421 4023 526 4078 iret
566 4023 859 4097 dignitatis,
910 4034 1075 4097 utque
1101 4026 1472 4097 liocinomine
1500 4025 1885 4097 insignirentur
1917 4024 2029 4097 ho-j

422 4095 728 4151 noratiores
771 4095 1157 4153 tantummodo
1197 4096 1374 4153 clerici
1408 4095 1638 4164 (Baron'.
1676 4099 1733 4151 in
1767 4098 1907 4151 notis
1947 4096 2023 4151 ad

421 4168 775 4237 Martyrolog.
854 4173 919 4223 to
992 4172 1271 4237 .lunuar.),
1338 4178 1399 4224 ut
1454 4168 1663 4223 notavit
1720 4166 2022 4223 Walfridus

423 4236 669 4316 $trabus,
719 4236 813 4316 lib.
864 4240 933 4316 de
985 4240 1173 4296 Rebus
1199 4236 1521 4316 licclesiast.
1568 4254 1688 4312 cap.
1743 4246 1800 4316 _7,
1835 4242 2020 4316 Papa,

422 4308 977 4377 inquiens,cujusdam
986 4327 1058 4377 pa
1065 4313 1262 4364 ternitu
1270 4314 1336 4364 tis
1345 4328 1533 4366 nomen
1545 4308 1706 4375 δείξειε
1714 4308 2023 4366 clericorum

424 4377 672 4443 congruit
704 4375 998 4443 dignitate?
1020 4380 1213 4431 Postea
1244 4386 1427 4434 tamen
1460 4382 1515 4433 in
1561 4397 1663 4435 usu
1692 4381 2017 4436 ecclesiasti-

423 4461 488 4500 co
547 4444 714 4514 erepit
767 4445 885 4500 hac
931 4447 1343 4518 nomenclatnra
1396 4449 1679 4518 peculiaris
1739 4465 1857 4503 esse
1906 4452 2017 4518 epi-

422 4530 754 4586 scoporum,
809 4524 870 4571 ut
933 4515 1414 4588 iidemﬂomnesf
1449 4525 1504 4572 et
1578 4518 1676 4572 soli
1728 4533 1879 4588 papa:
1940 4515 2021 4574 di-

2125 3333 2155 3372 a
2180 3315 2509 3373 monasterio
2530 3318 2845 3384 Elnonensi,
2874 3316 2985 3372 sive
3002 3316 3306 3371 Amandino
3319 3315 3737 3371 commodatum

2128 3388 2299 3444 serius
2330 3389 2640 3460 accepimus
2660 3431 2674 3455 ,
2726 3389 2829 3460 his,
2856 3387 3262 3443 Institutionum
3291 3386 3441 3460 libris
3477 3384 3733 3456 praeﬁxa;

2168 3476 2295 3514 nam
2324 3460 2419 3514 etsi
2452 3457 2718 3529 nusquam
2746 3458 2871 3513 alibi
2899 3468 3201 3529 repertam,
3238 3457 3529 3529 multisque
3568 3470 3727 3529 meu-

2168 3476 2295 3514 uam
2324 3475 2419 3514 etSl
2452 3475 2718 3528 nusquam
2746 3475 2871 3513 ann:
2899 3475 3201 3529 repertam,
3238 3475 3529 3528 murusque
3568 3475 3727 3510 men-

2126 3475 2210 3585 gis
2233 3544 2296 3584 ac
2327 3528 2501 3584 lituris
2533 3530 2879 3583 obscuratam
2897 3569 2911 3594 ,
2942 3535 3126 3581 tamen
3155 3526 3335 3597 quoad
3362 3526 3543 3597 licuit,
3571 3525 3639 3580 ab
3665 3525 3730 3597 iis

2129 3607 2510 3669 expurgatam,
2540 3606 2596 3653 et
2619 3612 2732 3654 sua:
2761 3597 3053 3669 integritati
3085 3596 3396 3669 restitutam
3427 3596 3551 3650 huic
3577 3596 3728 3669 operi

2128 3665 2587 3741 praemittendam,
2639 3677 2696 3725 et
2739 3683 2769 3724 e
2807 3665 3054 3741 tenebris
3086 3667 3385 3741 eruendam
3422 3682 3485 3722 ac
3507 3665 3731 3741 produ-

2126 3733 2358 3796 cendam
2390 3733 2648 3796 duximus
2687 3760 2701 3796 :
2729 3739 2887 3809 cujus
2914 3733 3075 3794 titulo
3101 3738 3187 3793 hic
3216 3739 3409 3809 Castor
3436 3733 3725 3809 episcopus

2126 3811 2380 3882 Aptensis
2420 3811 2621 3866 diserte
2650 3806 2986 3882 nominatur,
3031 3824 3068 3882 a7
3107 3824 3215 3880 quo
3238 3808 3355 3882 haec
3392 3806 3732 3882 epistola'ad

2126 3878 2447 3954 Cassianum
2471 3882 2679 3954 'scripta
2716 3878 3140 3954 asseritur._Esf
3161 3894 3287 3954 vero
3312 3878 3580 3954 Iéptiensis
3613 3878 3742 3954 epi-

2126 3968 2348 4024 scopus,
2376 3953 2429 4007 id
2466 3962 2568 4021 est,
2591 3949 2947 4025 'Aptm-Juliae
2973 3950 3203 4006 civitatis
3231 3949 3286 4004 in
3318 3950 3489 4025 Gallia
3517 3949 3729 4025 Narbo-

2129 4018 2279 4080 nensi
2311 4026 2484 4092 (Plin.
2506 4018 2600 4079 lib.
2628 4018 2702 4079 ιὶι
2727 4018 2929 4079 Πέδιοὶο.
2958 4039 3003 4076 c.
3031 4027 3117 4088 4),
3134 4035 3291 4093 unus
3315 4036 3345 4076 e
3371 4019 3741 4093 suffragaueis

2130 4090 2431 4167 Aquen‘sis,
2462 4095 2573 4167 sive
2609 4093 2973 4167 Taurinensis_
2993 4091 3415 4167 archiepiscopi,
3467 4100 3527 4147 ut
3542 4090 3729 4167 ieiert

2129 4162 2685 4222 Amo-Demochares
2702 4167 2848 4231 (Lib.
2863 4164 2929 4218 de
2946 4165 3149 4232 Sacrif.
3171 4165 3322 4219 Miss.
3334 4162 3381 4217 ὸ.
3401 4166 3519 4230 30).
3542 4162 3745 4218 Fuisse

2129 4247 2316 4293 autem
2349 4238 2497 4293 hunc
2516 4239 2801 4292 Castorem
2831 4235 3009 4289 virum
3038 4234 3321 4289 sanctitate
3341 4234 3726 4304 conspicuum,

2130 4317 2185 4363 et
2209 4308 2400 4375 insigni
2430 4307 2548 4365 zelo
2575 4305 2788 4377 pietatis
2821 4313 2877 4360 et
2916 4304 3186 4377 religionis
3208 4304 3539 4377 praeditum,
3569 4304 3730 4377 docet

2129 4387 2249 4434 tum
2286 4374 2402 4447 ejus
2436 4374 2659 4447 epistola
2694 4374 3039 4447 memorata,
3059 4384 3178 4431 tum
3208 4375 3327 4432 haec
3349 4374 3591 4432 Cassiani
3615 4374 3731 4433 ele-

2129 4463 2263 4502 gans
2291 4456 2344 4502 et
2368 4447 2637 4502 luculenta
2667 4446 2931 4502 praefatio.

2164 4463 2263 4518 aps
2291 4456 2344 4502 et
2368 4455 2637 4502 luculenta
2667 4455 2931 4518 praefatio.

2128 4464 2263 4519 gans
2291 4464 2344 4502 et
2368 4464 2637 4502 luculenta
2667 4464 2931 4518 praerauo.

2144 4591 2174 4599 _
2199 4511 2227 4550 ³³
2295 4518 2581 4599 Provincia
2619 4518 2707 4599 illa
2754 4517 2957 4599 scilicet
3007 4517 3262 4599 Aptensi,
3313 4516 3383 4573 de
3421 4531 3528 4599 qua
3562 4530 3727 4599 supra

423 4593 888 4680 uerentu_r,.u(tvex
934 4587 1184 4680 epistolis
1223 4589 1292 4642 D.
1331 4588 1580 4680 Cypriani
1603 4587 2016 4680 “Hieronymi,
2054 4618 2104 4680 D
2135 4590 2497 4680 Cwnolnorurn
2514 4594 2752 4671 experte,
2771 4590 2878 4680 ile.
2903 4587 3244 4680 Iilonasteriis
3262 4587 3451 4680 vacua.
3467 4590 3614 4680 jNam

422 4657 735 4729 Augustini,
761 4657 995 4726 Sidonii,
1022 4657 1468 4729 aliorumque'est
1494 4657 2018 4715 manifestum.’Hoc

422 4728 587 4799 igitur
611 4744 771 4784 sensu
800 4730 1089 4801 Cassianus
1119 4728 1227 4799 hic,
1256 4728 1310 4784 et
1333 4729 1386 4784 in
1411 4730 1576 4785 altera
1606 4730 1922 4801 praefatione
1948 4732 2017 4789 ad

425 4801 753 4857 Collationes
785 4804 1039 4868 Patrum,
1082 4800 1225 4873 hunc
1265 4802 1547 4873 Castorem
1575 4800 1787 4873 papam,
1812 4818 2019 4858 nuncu-

423 4873 683 4946 pat,_hoc
711 4881 826 4941 est,
855 4881 1086 4946 patrem,
1121 4872 1201 4927 vel
1243 4872 1591 4946 episcopum,
1622 4882 1683 4929 ut
1722 4872 2019 4946 Dionysius

423 4943 677 5016 Carthus.
701 4943 967 5015 exposuit.
1010 4946 1213 5000 Verum
1241 4943 1625 5016 posterioribus
1651 4943 2022 5016 saeculis—usus

425 5014 691 5094 Ecclesia;
706 5014 963 5094 obtinuit
981 5057 1014 5094 ε.
1035 5024 1097 5094 ut
1125 5014 1510 5094 nomen_papa_:_
1527 5015 1711 5094 ,‘sicut
1732 5024 1787 5071 et
1817 5015 2023 5094 epithe-

425 5092 548 5152 ton,
569 5086 896 5151 Beatissimi,
918 5088 1016 5141 soli
1039 5088 1295 5143 Romano
1317 5086 1563 5143 Pontiﬁci
1592 5086 1865 5144 tribuatur
1886 5089 2024 5153 (Bel-

426 5156 586 5229 Iaijm.
627 5154 720 5229 lib.
756 5170 803 5229 ii
836 5156 901 5209 de
941 5159 1093 5229 Rom.
1142 5160 1350 5227 Pontif.
1381 5176 1498 5229 cap.
1529 5165 1585 5215 3t
1609 5165 1649 5223 ).
1695 5161 1832 5216 Cum
1872 5157 2021 5214 enim

424 5224 660 5300 episcopi
681 5226 898 5296 quidam
921 5226 1247 5300 schismatici
1280 5224 1340 5300 iu
1364 5224 1550 5285 odium
1581 5230 1817 5284 Romani
1840 5229 2021 5300 ponti-

425 5294 543 5373 ficis
569 5294 775 5373 nomen
817 5312 968 5369 papae
1006 5297 1238 5373 superbe
1281 5294 1391 5373 sibi,
1438 5308 1776 5373 arrogarent,
1808 5294 2020 5373 Grego-

423 5368 541 5423 rius
569 5370 671 5423 Vll
694 5368 837 5423 anno
885 5374 1028 5440 10777
1055 5368 1107 5425 in
1135 5369 1344 5440 synodo
1371 5368 1623 5426 Romana
1653 5370 1892 5427 decrevit
1910 5368 2022 5440 ,‘ut

462 5454 580 5510 apte
618 5455 821 5496 nomen
848 5439 901 5495 in
952 5439 1087 5497 orbe
1114 5439 1422 5497 Christiano
1463 5443 1683 5498 unicum
1709 5450 1879 5509 esset;
1914 5439 2020 5498 nec

424 5454 580 5565 papa:
618 5455 821 5496 nomen
848 5457 901 5495 tu
952 5454 1087 5497 orne
1114 5454 1422 5497 Christiano
1463 5457 1683 5498 unicum
1709 5454 1879 5509 esset;
1920 5458 2020 5498 nec

447 5512 615 5566 iceret
680 5511 838 5567 alicui
891 5511 1031 5568 hanc
1088 5527 1156 5583 ap
1194 5512 1504 5569 ellationem
1559 5514 1660 5568 sibi
1712 5513 1794 5568 vel
1868 5512 2021 5570 alteri

424 5581 713 5638 ascribere.
746 5583 864 5640 Qua
890 5582 957 5639 de
1003 5598 1062 5638 re
1098 5528 1219 5640 vige
1268 5585 1422 5640 nlura
1458 5584 1604 5640 anud
1631 5583 1927 5640 Baronium
1967 5593 2021 5640 et

423 5581 726 5656 a_s_cribere._
746 5583 864 5652 Qua
890 5582 957 5639 de
1003 5598 1062 5656 re
1098 5581 1219 5656 vide
1268 5585 1422 5655 plura
1458 5584 1604 5656 apud
1631 5583 1927 5656 Baronium
1967 5593 2023 5640 et

423 5652 579 5725 alios.
626 5654 758 5724 Quis
786 5670 947 5725 porro
994 5653 1158 5710 fuerit
1189 5652 1289 5712 iste
1340 5652 1556 5721 Castor,
1612 5663 1667 5711 et
1710 5656 1865 5725 cujus
1900 5655 2023 5725 loci

424 5723 727 5806 episcOpus,
772 5723 907 5806 cum
939 5725 1240 5806 cassianus
1264 5742 1373 5806 n_ou
1412 5726 1752 5806 expresserit,
1773 5723 1926 5806 haud
1948 5725 2026 5782 l'a-

426 5794 526 5852 cile
555 5794 675 5853 erat
696 5796 931 5870 assequi,
958 5804 1014 5854 et
1031 5806 1180 5855 certo
1207 5796 1453 5856 deﬁnire.
1478 5794 1687 5855 Verum
1716 5796 1775 5854 in
1797 5797 2023 5856 tandem

2136 4677 2289 4716 mum
2313 4657 2622 4716 emnobiufn
2660 4659 2772 4731 ipse
2812 4662 3004 4717 Castor
3047 4661 3339 4731 episcopus
3362 4659 3615 4731 fundasse
3644 4657 3740 4714 hic

2127 4731 2459 4803 perhibetur.
2484 4731 2648 4789 Unde
2667 4729 2724 4786 et
2749 4731 3025 4803 novellum
3050 4729 3445 4803 monasterium
3475 4729 3608 4784 inl'ra
3636 4745 3751 4801 ap-

2129 4800 2375 4875 pellatur.
2400 4805 2505 4857 Pro
2519 4808 2742 4875 experte
2763 4801 3046 4875 legebatur
3062 4802 3117 4857 in
3127 4800 3455 4874 quibusdam
3466 4800 3727 4872 exparte,

2124 4873 2337 4931 duabus
2358 4874 2558 4929 voculis
2591 4882 2645 4929 et
2665 4873 3018 4929 nullo'sensu.

2200 4947 2224 4977 ο
2248 4947 2324 5000 Ex
2352 4945 2452 5001 hac
2477 4946 2766 5013 sententia,
2788 4943 3011 5016 aliisque
3040 4942 3306 5016 similibus
3330 4943 3383 4999 in
3404 4941 3747 5016 prmfatione-

2128 5025 2315 5071 nostra
2341 5016 2409 5072 ad
2437 5016 2699 5072 lectorem
2728 5013 3031 5086 productis,
3064 5015 3345 5086 perspicue
3385 5013 3729 5086 ostendimus

2129 5087 2452 5159 Cassianum
2477 5103 2593 5159 non
2615 5084 3089 5159 demumcmpisse
3121 5084 3460 5142 monasticen
3480 5084 3747 5159 excolere-

2129 5166 2222 5214 aut
2252 5157 2826 5232 proiiterj,postquam
2849 5157 3111 5232 legatione
3126 5173 3223 5229 pro
3246 5159 3457 5232 Joanne
3484 5157 3743 5232 Chryso-

2128 5226 2309 5284 stomo
2328 5228 2429 5284 sibi
2448 5226 2624 5285 delata
2653 5226 2964 5299 perfunctus
2992 5226 3149 5291 esset}
3177 5236 3239 5283 ut
3263 5228 3475 5285 videtur
3496 5226 3749 5299 sensisse»

2128 5300 2395 5357 Baronius
2420 5307 2437 5367 (
2460 5304 2616 5356 Tomo
2651 5297 2697 5355 V
2726 5301 2933 5356 Annal.
2964 5302 3124 5357 Anno
3170 5303 3389 5356 Domini
3419 5304 3549 5368 100)
3584 5320 3597 5356 :
3631 5297 3732 5355 sed

2129 5385 2253 5427 eam
2290 5372 2359 5444 ab
2387 5372 2607 5444 ineunte
2631 5379 2796 5428 aetate
2819 5379 2875 5428 et
2903 5371 3126 5444 pueritia
3159 5371 3482 5444 excoluisse,
3505 5380 3565 5444 et
3586 5370 3731 5444 inter

2128 5442 2427 5521 monachos
2464 5443 2773 5521 educatum,
2807 5450 2863 5521 et
2902 5439 3094 5521 primis
3118 5451 3236 5521 tum
3273 5442 3545 5521 religionis
3573 5439 3749 5521 Chri--

2127 5516 2336 5581 stianze,
2362 5523 2484 5570 tum
2509 5513 2824 5570 monasticae
2849 5512 3196 5571 institutionis
3224 5512 3548 5569 rudimentis
3573 5512 3729 5566 insti-

2128 5593 2348 5665 tutum:
2378 5586 2503 5642 inde
2534 5601 2631 5658 per
2660 5586 2878 5659 ἄξεθ’ρῆ
2907 5584 3225 5665 solitudines
3247 5581 3728 5665 inter‘anauhore-

2128 5665 2213 5714 tas
2239 5657 2336 5714 diu
2363 5652 2658 5722 versatum.
2688 5652 2956 5714 eteorum
2975 5656 3219 5713 doctrina
3244 5654 3520 5710 imbutum
3543 5652 3730 5719 fuisse,

2131 5745 2298 5811 quam
2348 5738 2538 5803 postea
2614 5728 2827 5801 scriptis
2889 5727 3147 5786 traditam
3193 5726 3493 5800 posteritati
3556 5734 3750 5782 trans-

2131 5808 2298 5856 misit.
