4052 6200
280 261 342 313 57
1201 258 1290 314 ns
1327 257 1805 317 C(ENOBIORUM
1843 259 2227 318 lNSTlTUTlS
2268 261 2656 318 PREFATIO.
3015 217 3019 222 ’
3154 221 3158 224 Ὺ
3517 267 3588 324 58

281 397 428 440 mum
472 381 614 450 dico,
655 381 896 454 aliosque
931 382 1248 452 nonnullos,
1292 387 1317 416 ³
1355 398 1592 456 quorum
1635 385 1874 442 anterior
1903 388 1957 452 Α
1984 383 2308 443 humilitatis
2359 385 2654 458 exemplar,
2704 385 2812 444 tuis
2861 386 3110 460 precibus
3158 385 3451 460 animatus,
3503 406 3588 448 se-

279 475 668 533 ciscitantibus
689 475 962 534 fratribus
1010 493 1174 550 super
1224 477 1452 534 diversis
1491 477 1748 536 institutis
1789 479 1872 537 vel
1979 477 2225 537 cundum
2271 478 2410 535 vires
2450 479 2643 553 ingenii
2685 480 2791 537 mei
2839 496 2976 554 opus
3013 481 3164 554 quod
3201 482 3435 556 injungis
3483 499 3580 557 ag-

281 571 667 642 quazstionibus
693 586 807 628 non
835 572 1014 629 solum
1041 570 1300 642 facundo,
1327 588 1516 630 verum
1541 573 1706 630 etiam
1733 573 1872 631 divi-

279 679 467 722 narum
514 665 922 737 Scripturarum
975 665 1306 722 testimoniis
1351 666 1574 738 copioso
1617 682 1872 724 sermone

278 757 555 831 respondit
596 776 611 814 :
656 751 683 791 δ
727 759 882 816 Alius
918 773 1046 816 vero
1077 775 1190 816 non
1231 759 1414 816 solum
1445 775 1547 816 suo
1585 759 1874 816 elucubra-

278 859 362 908 tos
387 850 604 924 ingenio
633 851 799 908 edidit
825 852 1013 920 libros,
1043 867 1242 910 verum
1267 853 1435 910 etiam
1474 853 1668 910 Graeca
1694 853 1871 928 lingua

274 943 532 1018 digestos,
562 945 618 1001 in
649 946 910 1002 Latinum
937 947 1103 1004 vertit
1130 945 1409 1020 eloquium
1445 967 1458 1002 :
1490 955 1613 1020 post
1636 963 1869 1018 quorum

278 1043 385 1096 tam
429 1039 780 1095 exuberantia
823 1039 1150 1112 eloquentiae
1190 1038 1439 1108 ﬂumina,
1492 1055 1714 1112 possem
1757 1057 1871 1097 non

275 1132 545 1190 immerito
578 1131 1026 1206 praesumptionis
1057 1131 1256 1203 notari,
1300 1131 1344 1188 si
1381 1131 1582 1204 aliquid
1618 1133 1870 1191 stillicidii

273 1225 429 1300 hujus
455 1227 663 1288 inferre
691 1235 1013 1294 tentassem;
1045 1226 1144 1282 nisi
1177 1241 1268 1282 me
1296 1225 1363 1282 ad
1393 1226 1514 1284 haec
1541 1227 1738 1283 ﬁducia
1759 1237 1870 1285 tua:

273 1321 582 1377 sanctitatis
622 1321 902 1388 animaret,
947 1329 1002 1377 et
1041 1321 1284 1392 sponsio,
1323 1320 1471 1392 quod
1517 1321 1599 1378 vel
1643 1321 1738 1378 tibi
1769 1321 1868 1380 hae

266 1427 438 1486 nugae
479 1411 658 1470 forent
701 1421 932 1484 accepta:
969 1413 1399 1486 qualescumque
1458 1408 1602 1483 sint;
1651 1415 1732 1470 vel
1781 1431 1870 1471 eas

267 1506 678 1578 congregationi
719 1505 954 1564 fratrum
994 1507 1049 1563 in
1087 1507 1306 1564 novello
1334 1515 1548 1564 tantum
1587 1516 1872 1566 monaste-

267 1600 346 1657 rio
388 1601 852 1657 commorantium
896 1601 1206 1674 deputares.
1254 1601 1361 1674 Qui
1401 1602 1446 1659 si
1492 1602 1619 1675 quid
1650 1618 1680 1658 a
1709 1603 1868 1660 nobis

269 1694 450 1750 minus
469 1691 702 1750 forsitan
727 1705 885 1753 caute
908 1697 1183 1768 prolatum
1205 1695 1390 1766 fuerit,
1415 1705 1470 1754 et
1497 1698 1580 1770 pie
1604 1699 1866 1772 relegant,

1980 572 2214 646 grediar,
2241 581 2296 630 et
2321 588 2383 649 ea
2415 589 2536 644 quae
2565 574 2892 632 omnimodis
2919 575 3118 632 intacta
3145 575 3330 633 relicta
3353 585 3484 634 sunt
3509 578 3579 635 ah

1979 666 2343 724 anterioribus
2370 667 2592 733 nostris,
2631 677 2818 740 utpote
2851 670 2942 742 qui
2982 670 3164 726 audita
3193 659 3374 743 potius
3411 685 3579 743 quam

1977 769 2198 832 experta
2259 761 2567 818 describere
2611 769 2980 832 tentaverunt,
3025 763 3172 820 velut
3216 764 3337 821 rudi
3383 780 3578 821 mona-

1977 851 2144 910 sterio
2181 861 2238 909 et
2279 854 2564 910 veritatem
2599 854 2902 912 sitientibus
2945 854 3229 916 intimabo.
3266 859 3376 914 Nec
3417 859 3584 930 plane

1980 945 2312 1004 mirabilium
2354 948 2484 1015 Dei,
2513 947 2906 1020 signorumque
2945 949 3312 1006 narrationem
3339 951 3573 1008 studebo

1981 1047 2270 1097 contexere
2301 1059 2313 1094 :
2347 1055 2470 1110 quae
2494 1039 2744 1112 quamvis
2773 1041 2947 1096 multa
2975 1057 3076 1112 per
3099 1041 3338 1098 seniores
3361 1051 3580 1099 nostros

1981 1141 2036 1188 et
2064 1131 2394 1188 incredibilia
2428 1147 2542 1188 non
2577 1133 2756 1188 solum
2787 1131 3142 1201 audierimus,
3177 1148 3377 1189 verum
3415 1134 3578 1190 etiam

1976 1227 2076 1284 sub
2097 1227 2384 1284 obtutibus
2407 1227 2611 1283 nostris
2637 1227 3072 1300 perspexerimus
3095 1227 3320 1299 impleta
3351 1248 3364 1283 :
3393 1237 3578 1284 tamen

1979 1319 2064 1376 his
2112 1321 2368 1378 omnibus
2411 1320 2808 1392 praetermissis,
2859 1335 2982 1394 quae
3025 1320 3332 1394 legentibus
3383 1329 3585 1393 praeter

1977 1413 2394 1471 admirationem
2442 1413 2575 1470 nihil
2615 1413 2848 1486 amplius
2883 1414 2952 1472 ad
2997 1415 3413 1471 instructionem
3449 1430 3576 1487 per-

1977 1505 2136 1565 fectae
2164 1509 2284 1564 vitae
2315 1507 2630 1578 conferunt,
2655 1509 2898 1565 instituta
2929 1524 3122 1566 eorum
3161 1509 3570 1580 tantummodo,

1975 1617 2036 1658 ac
2061 1603 2519 1660 monasteriorum
2557 1604 2793 1677 regulas,
2819 1605 3162 1676 maximeque
3189 1605 3568 1678 principalium

1976 1695 2254 1764 vitiorum,
2292 1711 2416 1768 quae
2453 1705 2578 1753 octo
2617 1697 2686 1753 ab
2717 1695 2794 1752 eis
2830 1695 3204 1768 designantur,
3248 1697 3484 1769 origines
3521 1704 3578 1752 et

269 1795 321 1844 et
346 1803 474 1844 cum
514 1788 671 1844 venia
697 1761 1096 1862 indulgentiore
1133 1761 1460 1858 sustentem,
1489 1761 1652 1846 ﬁdem
1685 1761 1867 1863 potius
1898 1761 1946 1823 B
1977 1801 2190 1855 causas,
2223 1761 2640 1860 curationesque
2669 1761 2979 1845 secundum
2995 1761 3320 1845 traditiones
3336 1761 3570 1856 eorum,

267 1881 372 1938 mei
404 1882 696 1950 sermonis,
725 1898 890 1955 quam
915 1891 1256 1941 venustatem
1280 1883 1480 1956 eloquii
1507 1884 1862 1956 requirentes.

269 1973 630 2047 Quapropter,
678 1975 986 2033 beatissime
1027 1993 1187 2050 papa,
1230 1978 1460 2034 unicum
1495 1977 1774 2052 religionis
1813 1985 1868 2034 et

1974 1888 2241 1953 quantum
2272 1881 2514 1937 Domino
2536 1881 2828 1952 adjuvante
2855 1892 3106 1952 potuero,
3137 1882 3372 1939 ﬁdeliter
3400 1883 3570 1954 expli-

1975 1993 2099 2034 care
2153 1977 2500 2034 contendam.
2551 1976 2903 2050 Propositum
2959 1977 3229 2049 siquidem
3282 1978 3417 2034 mihi
3471 1987 3579 2048 est,

1359 2131 1614 2186 ALARDI
1653 2132 1878 2187 GAZrEI
1917 2131 2476 2187 COMMENTARIUS.

339 2275 364 2305 ³
404 2274 558 2328 Duos
584 2271 920 2328 clarissimos
958 2270 1221 2327 Ecclesiae
1257 2269 1512 2326 doctores
1548 2270 1870 2329 nominatim

268 2343 550 2424 expressit,
579 2341 847 2398 Basillum
887 2350 942 2398 et
971 2341 1394 2467 Hieronf'mum,
1433 2343 1523 2412 qui
1541 2343 1714 2425 paulo
1739 2352 1866 2400 ante

268 2429 388 2467 eius
423 2422 638 2467 aetatem
677 2413 981 2467 ﬂoruerunt
1025 2429 1039 2466 :
1071 2421 1126 2467 et
1163 2413 1250 2467 ile
1291 2411 1508 2467 uutdem
1537 2429 1590 2467 in
1619 2415 1860 2467 Oriente.

267 2411 388 2485 ejus
423 2422 638 2485 aetatem
677 2413 981 2469 ﬂoruerunt
1003 2429 1039 2485 _:
1071 2421 1126 2468 et
1163 2411 1250 2485 ille
1291 2411 1508 2485 quidem
1537 2411 1590 2467 in
1619 2414 1860 2485 Oriente,

263 2482 352 2542 hic
375 2485 432 2555 in
458 2484 772 2555 Occidente,
802 2482 1200 2539 monachorum
1232 2482 1539 2540 insititutum
1573 2492 1627 2540 et
1653 2484 1862 2555 scriptis

265 2563 321 2612 et
358 2553 514 2612 factis
553 2554 778 2612 miriﬁce
819 2555 1161 2612 illustrarunt
1204 2563 1684 2626 etupropagarunt.
1724 2553 1864 2624 Quo-

266 2643 410 2690 rum,
440 2627 635 2698 inquit,
661 2629 922 2698 anterior,
961 2634 1180 2698 sanctus
1209 2624 1454 2698 videlicet
1476 2624 1712 2698 Basilius
1740 2628 1859 2681 Ma-

338 2713 425 2765 us,
455 2695 888 2770 archiepiscopus
915 2697 1259 2770 Caasariensis
1293 2695 1349 2770 in
1377 2697 1740 2770 Cappadocia,
1787 2700 1857 2770 D.

261 2713 425 2824 gius,
455 2713 888 2770 arcnlepiscopus
915 2713 1259 2754 masenensns
1293 2713 1349 2751 in
1377 2713 1740 2769 uappauocla,
1787 2713 1857 2752 υ.

320 2768 623 2840 ieronymo
647 2771 904 2840 anterior,
947 2767 1384 2840 siverantequior
1422 2767 1582 2840 :_sub
1617 2767 1864 2824 Valentis

263 2837 663 2911 enimgimperio
691 2838 896 2908 ﬂoruit,
923 2846 980 2911 et
999 2839 1102 2911 sub
1133 2837 1397 2911 Gratiano
1425 2837 1668 2911 obiit,_ut
1696 2845 1862 2894 testa-

240 2917 357 2982 ‘tur
377 2909 530 2966 idem
550 2909 922 2982 Hieronymus
943 2909 996 2965 in
1023 2909 1117 2966 lib.
1157 2909 1227 2966 de
1250 2909 1447 2982 Script.
1476 2909 1682 2982 Eccles.
1714 2911 1866 2982 inter

261 2981 381 3052 ejus
399 2981 659 3054 praeclara
683 2979 843 3054 opera
859 2989 1076 3054 exstant
1094 2981 1338 3054 Regulae,
1354 2979 1465 3054 seu
1485 2979 1864 3054 Institutiones

264 3050 585 3125 monasticae
604 3050 828 3124 duplicis
839 3051 1049 3125 generis
1061 3072 1077 3125 ε
1093 3050 1220 3125 nam
1233 3052 1350 3125 alia:
1366 3050 1861 3125 fusiusdisputatw,

261 3122 384 3195 aliae
411 3121 696 3195 breviores
725 3132 780 3195 et
815 3121 1142 3195 compendio
1179 3122 1459 3195 explicatae
1493 3121 1776 3195 dicuntur;
1809 3132 1864 3178 et

261 3192 316 3247 in
337 3193 614 3264 ustrisque
635 3192 1178 3265 variarquaestiones,
1194 3192 1266 3250 de
1283 3193 1446 3265 rebus
1463 3193 1530 3250 ad
1553 3193 1718 3248 vitam
1744 3208 1864 3265 mo-

259 3262 544 3320 nasticam
590 3272 645 3319 et
693 3262 1441 3335 perfectam"pertinentibus
1493 3279 1522 3318 a
1580 3263 1866 3335 monachis

257 3340 674 3404 preponuntur,
688 3333 890 3404 quibus
904 3333 1182 3404 isigillatim
1205 3334 1497 3404 respondet
1515 3337 1584 3387 D.
1612 3334 1862 3390 Basilius.

258 3401 354 3462 Ex
375 3401 662 3475 prioribus
685 3401 788 3475 illis
813 3401 1036 3475 collecta
1065 3402 1274 3475 videtur
1298 3401 1507 3475 Regula
1535 3405 1604 3457 D.
1631 3403 1813 3475 Basilii
1837 3419 1866 3459 a

260 3417 662 3528 Exlprioriuus
685 3417 788 3457 nus
813 3417 1036 3458 conecta
1065 3417 1274 3458 videtur
1303 3417 1507 3475 negula
1539 3417 1604 3457 υ.
1633 3417 1813 3460 nasum
1837 3419 1866 3459 a

260 3477 360 3532 Ru
403 3487 478 3546 no
517 3473 821 3546 Latinitate,
849 3473 1071 3546 donata,
1112 3473 1192 3530 vel
1241 3473 1419 3546 potius
1461 3473 1870 3546 paraphrastice

1977 2271 2065 2329 chi
2091 2271 2426 2328 institutione
2455 2271 2784 2329 inscribitur.

2045 2343 2493 2424 Epist._viges_ima
2515 2343 2778 2424 secunda,
2799 2341 2868 2400 ad
2893 2340 3287 2424 Eusthochium
3303 2341 3566 2424 virginem

1973 2424 2035 2486 et
2065 2413 2558 2483 sanctimonialem,
2603 2413 2694 2470 ubi
2743 2414 3144 2470 monachorum
3190 2413 3572 2486 Egyptiorum

1969 2485 2070 2541 tria
2119 2501 2315 2558 genera
2353 2494 2628 2554 recenset,
2675 2493 2729 2541 et
2770 2501 2964 2542 eorum
3003 2499 3190 2540 mores
3225 2485 3569 2541 et’instituta

1969 2564 2202 2613 enarrat.

2039 2627 2216 2698 Epist.
2253 2626 2508 2694 vigesima
2534 2626 2787 2698 septima,
2813 2623 2883 2682 ad
2905 2625 3154 2698 eamdem
3183 2625 3568 2698 Eustochium,

1971 2697 2063 2753 ubi
2094 2697 2263 2753 vitam
2291 2700 2476 2754 Paula:
2509 2697 2695 2753 matris
2737 2697 3209 2768 ejus,isanctitate_
3228 2705 3282 2752 et
3307 2697 3568 2768 religione

1973 2768 2530 2896 plenamddtcscribit,
2571 2777 2628 2824 et
2665 2766 2836 2823 multa
2869 2767 2936 2824 de
2971 2766 3302 2824 monialibus
3329 2783 3390 2823 ea
3417 2766 3568 2823 insti-

1999 2855 2030 2894 υ
2058 2855 2104 2894 IS
2158 2855 2214 2894 ra
2256 2855 2314 2893 ι.

1976 2839 2104 2894 tutis
2130 2839 2314 2894 tradit.

2045 2909 2216 2981 Epist.
2257 2909 2668 2982 quadragesima
2697 2907 2948 2979 septima,
2983 2907 3075 2982 ubi
3108 2907 3372 2963 nonnulla
3404 2907 3569 2964 etiam

1971 2979 2039 3036 de
2065 2979 2215 3053 voto,
2242 2979 2542 3036 tonsura'et
2577 2981 2828 3053 clausura
2854 2979 3190 3053 nion_ialium_.

2045 3045 2582 3108 Vitze'eremitarum
2623 3049 2798 3114 Pauli,
2840 3057 2895 3104 et
2922 3049 3238 3114 Hilarionis,
3283 3053 3339 3102 et
3371 3045 3573 3102 Malchi

1970 3122 2221 3194 monachi
2253 3123 2446 3194 captivi
2489 3123 2662 3194 plena:
2697 3127 2826 3178 sunt
2873 3119 3094 3194 optimis
3133 3118 3480 3176 documentis
3517 3125 3574 3174 et

1967 3193 2350 3250 instrumentis
2378 3193 2798 3249 monachorum.

2047 3268 2204 3320 Tomo
2250 3266 2497 3321 secundo.
2535 3293 2608 3306 —
2653 3264 2821 3318 Liber
2861 3262 3072 3334 primus
3106 3253 3302 3334 contra
3337 3257 3576 3334 Iovinia-

1973 3351 2106 3390 num
2146 3353 2158 3390 :
2204 3335 2295 3391 ubi
2328 3337 2500 3391 multa
2539 3335 2608 3392 de
2643 3329 2954 3392 excellentia
2979 3332 3248 3390 castitatis
3292 3338 3347 3386 et
3390 3329 3574 3403 vigini-

1973 3405 2100 3461 tatis
2122 3421 2234 3478 prae
2265 3406 2634 3478 matrimonio.

2047 3469 2211 3532 Liber
2228 3477 2498 3534 secundus
2521 3477 2621 3533 sub
2643 3475 2810 3532 ﬁnem
2827 3473 3088 3532 nonnulla
3112 3473 3279 3530 habet
3295 3471 3363 3528 de
3386 3469 3573 3528 ofﬁcio

263 3543 543 3616 exposita,
575 3543 760 3620 multis
789 3543 1122 3620 detractiset
1151 3544 1368 3620 mutatis
1399 3543 1563 3620 equas
1590 3543 1752 3620 vulgo
1777 3546 1864 3602 in-
1899 3554 1944 3618 ο
1977 3548 2250 3612 monachi,
2287 3558 2341 3604 et
2368 3547 2526 3604 laude
2559 3547 2751 3620 eremi.

388 3623 624 3698 quatuor
650 3617 886 3700 {tegulas
912 3617 1006 3699 SS.
1047 3617 1269 3700 Patrum
1304 3615 1635 3700 aboEeclesia
1659 3615 1859 3700 appro-

261 3685 424 3743 batas
449 3685 836 3742 circumfertur
863 3707 874 3742 :
902 3688 1060 3759 cujus
1085 3695 1140 3743 et
1165 3686 1414 3743 meminit
1437 3688 1506 3759 D.
1539 3685 1864 3745 Benedictus

263 3765 515 3832 extremo
538 3773 656 3832 cap.
690 3773 804 3815 sua:
828 3758 1056 3832 Regula
1087 3777 1099 3814 :
1131 3774 1340 3832 necnon
1366 3758 1593 3832 septima
1617 3760 1864 3832 synodus

263 3839 322 3902 et
346 3827 710 3902 innocentius
740 3827 1010 3902 secundus
1049 3829 1291 3902 pontifex
1323 3844 1354 3884 a
1376 3827 1664 3902 Gratiano
1692 3831 1858 3886 citati.

263 3899 382 3957 Sub
405 3901 766 3983 Regulauitem
789 3899 1190 3983 Basilii‘omnes
1212 3899 1411 3970 Graeci,
1437 3917 1533 3958 seu
1561 3901 1865 3959 Orientales

262 3971 524 4027 monachi
555 3971 786 4028 militare
817 3971 1090 4027 dicuntur.

337 4036 367 4074 ³³
423 4044 477 4098 S.
531 4043 900 4113 Hieronymus
951 4041 1237 4113 presbyter
1281 4049 1334 4094 et
1375 4041 1632 4113 Ecclesiae
1671 4041 1866 4113 doctor

260 4113 587 4195 praecipuus-
615 4110 868 4195 ﬂorebat,
899 4110 968 4195 et:
984 4110 1467 4195 scribebatpanno"
1477 4115 1494 4195 II
1505 4117 1536 4195 ft
1569 4111 1861 4195 Theodosii

259 4177 493 4256 imperi,
535 4191 598 4238 ut
631 4177 860 4252 ipsemet
895 4187 1141 4256 testatur
1169 4179 1224 4234 in
1263 4178 1402 4256 libre
1436 4177 1527 4233 illo
1569 4178 1637 4234 de
1674 4180 1868 4251 Script.

259 4249 482 4311 Eccles.
525 4249 768 4308 extremo
796 4268 810 4306 :
843 4259 897 4306 et
929 4251 1063 4308 obiit
1090 4250 1337 4306 Honorio
1375 4249 1691 4320 imperante,
1727 4249 1872 4307 anno

261 4329 438 4384 Dom.
483 4329 592 4380 422
630 4322 926 4394 secundum
963 4321 1216 4394 Prosperi
1253 4321 1596 4394 Chronicon,
1643 4321 1722 4377 vel
1765 4327 1871 4394 420

261 4394 573 4453 secundum
598 4393 813 4450 Baronii
837 4391 1185 4450 sententiain.
1212 4391 1344 4464 Ejus
1368 4391 1562 4464 scripta
1592 4401 1711 4449 toto
1736 4393 1870 4464 orbe

263 4466 592 4536 clarissima,
623 4464 820 4546 partim
848 4464 1068 4546 proprio
1102 4464 1222 4546 eius
1257 4463 1512 4546 ingenio,
1530 4472 1592 4520 ut
1624 4464 1714 4546 hic
1736 4463 1870 4520 dici-

261 4546 379 4610 tur,
408 4534 728 4610 exprompta
755 4546 812 4610 et
836 4534 1170 4602 elucubrata,
1201 4534 1396 4610 partim
1421 4549 1450 4589 e
1466 4534 1668 4610 _Graeco
1699 4543 1868 4610 trans-

261 4609 408 4676 lata,
451 4604 949 4664 multa'continent
991 4621 1115 4678 quae
1155 4604 1233 4678 ad
1263 4604 1663 4678 monachorum
1697 4607 1870 4678 insti-

261 4679 539 4752 tutionem
580 4686 878 4752 spectant__:
917 4676 1154 4752 quorum
1188 4676 1509 4752 elenchum,
1547 4691 1660 4752 quo
1689 4677 1866 4752 lecto-

263 4751 346 4806 ris
397 4751 580 4808 studio
612 4747 680 4806 'et
731 4747 971 4806 facilitati
1011 4747 1318 4818 consulam,
1363 4747 1600 4803 breviter
1647 4747 1736 4804 hic
1784 4749 1870 4804 in-

260 4821 483 4879 dicabo.

345 4895 406 4983 1."
417 4898 656 4983 [πηοεν
655 4894 886 4983 {'5‘31:
896 4889 1142 4983 33.919391?
1161 4889 1460 4983 9.1.99.2?“
1487 4889 1867 4959 Ηθ¹ί⁰⁴¹⁰τ¹¹⁰⁰’
1899 4920 1950 4983 D

262 4979 384 5038 qua
408 4978 535 5038 eum
559 4961 630 5018 ad
655 4961 1138 5038 solitariam‘yitam
1155 4961 1441 5038 _hortatur._
1545 5031 1557 5038 _
1664 5011 1669 5018 .

343 5035 532 5107 Epist._
560 5033 828 5107 secunda,
855 5033 935 5107 ad
970 5033 1368 5107 Nepotianum,
1408 5031 1478 5088 de
1507 5031 1614 5086 vita
1657 5030 1875 5086 clerico-

261 5103 444 5162 rum':
478 5104 572 5160 ubi
597 5105 768 5176 multa
796 5104 960 5161 etiam
995 5103 1073 5162 ad
1090 5103 1489 5161 monachorum
1511 5109 1718 5159 statum
1753 5117 1874 5176 per-

260 5175 498 5248 tinentia
525 5175 831 5248 luculenter
856 5176 1125 5248 exponit,
1401 5243 1418 5248 _
1565 5243 1604 5248 μ
1644 5244 1655 5248 _
1686 5180 1724 5248 ί

341 5247 518 5320 Epist.
560 5245 748 5320 tertia,
783 5246 878 5320 ubi
912 5243 1214 5305 monachos
1245 5243 1517 5319 quosdam
1550 5243 1748 5302 divitiis
1781 5245 1862 5300 in-

263 5318 484 5391 hiantes
510 5319 839 5391 perstringit.

340 5385 528 5460 Epist.‘
568 5385 783 5460 quarta,
821 5388 891 5446 ad
933 5388 1222 5448 Rusticum
1267 5386 1629 5460 monachum,
1661 5385 1748 5442 cui
1795 5386 1873 5442 vi-

265 5457 716 5588 ;endibictlrmam
759 5457 1068 5534 prescribit,
1115 5469 1171 5516 et
1215 5459 1328 5515 veri
1377 5457 1631 5516 monachi
1673 5472 1874 5514 munus

307 5549 444 5588 escri
489 5549 504 5587 ι
537 5575 550 5588 .

307 5533 550 5591 escribit.

343 5603 518 5676 Epist.
562 5608 774 5671 octava,
805 5603 875 5660 ad
901 5599 1433 5676 Demetriadem,__de
1469 5597 1732 5676 servanda
1765 5599 1876 5656 vir-

270 5671 518 5749 ginitate,
549 5689 675 5748 quae
716 5672 1002 5732 monachis
1030 5680 1087 5730 et
1117 5671 1448 5729 monialibus
1473 5672 1710 5729 maxime
1741 5687 1874 5728 con-

267 5748 435 5822 emit

339 5818 525 5892 Epist.
553 5815 766 5876 decima
792 5816 972 5886 tertia,
1007 5815 1078 5876 ad
1100 5814 1412 5887 Paulinum,
1444 5829 1570 5888 quae
1593 5813 1660 5872 de
1688 5826 1878 5872 mona-

2053 3622 2208 3675 Tomo
2232 3623 2406 3676 tertio.
2435 3649 2508 3661 -
2535 3619 2704 3690 Epist.
2729 3615 3229 3690 centesimagtertia,
3256 3613 3370 3690 ubi
3390 3612 3571 3690 Pauli-

1930 3700 1941 3710 ‘
1972 3705 2106 3746 num
2149 3691 2202 3744 in
2243 3683 2600 3746 dimittendis'
2621 3698 2676 3745 et
2712 3687 3074 3745 distrahendis
3116 3683 3460 3758 proChristo
3490 3683 3576 3738 fa-

1971 3761 2263 3817 cultatibus
2293 3760 2614 3830 tardiorem,
2647 3760 2797 3830 etin
2825 3759 2939 3815 dies
2974 3757 3484 3830 procr‘astinantem,
3509 3763 3572 3810 ut

1971 3831 2041 3888 ad
2067 3831 2345 3888 Christum
2379 3825 2804 3888 nudum'nudus
2829 3825 3030 3900 evolet,
3065 3827 3412 3884 vehementer
3437 3825 3572 3880 hor-

1971 3909 2140 3959 tatur.

2048 3977 2204 4044 Tomo
2241 3979 2459 4044 quarto.
2497 4003 2572 4014 —
2605 3969 2866 4027 Videatur
2899 3971 3018 4044 ejus
3049 3967 3474 4044 commentarius
3511 3966 3569 4022 in

1972 4042 2104 4122 illud
2123 4038 2448 4122 Eiet-emite:
2473 4047 2678 4122 Bantia}
2699 4047 2778 4097 est
2789 4045 2912 4122 viro
3059 4038 3574 4122 portqverz‘tjugum

1979 4115 2426 4189 ab_qdolescent£a
2450 4130 2551 4189 sua
2577 4115 2793 4189 (Thren.
2821 4112 2940 4189 ιῃ).
2962 4109 3075 4167 Ubi
3097 4109 3581 4189 conferuntur-coe-

1976 4184 2336 4307 uobittaetcum
2359 4182 2721 4250 auacboretis,
2747 4191 2802 4238 et
2823 4179 2930 4237 vita
2955 4179 3371 4248 contemplativa
3391 4179 3576 4234 activae

1979 4268 2096 4307 ora:
2121 4269 2150 4307 e
2205 4270 2290 4307 ur.

2018 4261 2290 4308 rmt‘ertur.

1979 4268 2290 4326 praetenur.

2052 4325 2196 4396 Ηωο⁸
2218 4331 2346 4396 sunt
2375 4320 2644 4396 praecipua
2670 4321 2786 4378 loca
2814 4323 2884 4396 D.
2918 4319 3258 4396 Hieronymi,
3283 4318 3572 4396 qui_bus_de

1980 4393 2268 4450 monachis
2299 4402 2354 4451 et
2375 4390 2786 4448 'monachorum
2820 4391 3083 4449 institutis
3125 4390 3320 4465 agitur,
3363 4390 3419 4446 in
3456 4391 3578 4464 ejus

1979 4465 2233 4538 operibus
2259 4465 2489 4538 propriis
2516 4471 2570 4520 et
2603 4465 2892 4538 germanis.

2049 4539 2110 4608 in
2139 4537 2202 4608 iis
2230 4531 2506 4608 vero'quae
2543 4551 2572 4590 a
2597 4531 2805 4592 Graecis
2829 4531 3141 4608 auctoribus
3165 4532 3366 4608 scripta
3383 4531 3576 4588 Latine

1971 4607 2227 4680 reddidit,
2275 4604 2512 4680 quorum
2538 4615 2753 4680 _auctor
2798 4607 2960 4680 etiam
3005 4604 3116 4680 hic_
3139 4605 3414 4680 meminit,
3459 4618 3574 4680 non

1976 4677 2122 4735 aliud
2163 4673 2374 4750 reperio
2411 4677 2560 4750 quod
2596 4677 2664 4734 ad
2701 4676 3065 4750 monasticum
3101 4673 3421 4750 institutum
3448 4673 3576 4728 atti-

1975 4759 2122 4817 neat,
2163 4745 2266 4806 nisi
2309 4745 2471 4806 vitam
2511 4751 2567 4805 S.
2614 4749 2836 4804 Antonii
2879 4763 2910 4803 a
2955 4748 3012 4802 S.
3047 4745 3343 4802 Athanasio
3379 4746 3576 4817 Graece

1980 4813 2262 4893 scriptam,
2293 4829 2352 4877 et
2381 4837 2444 4876 ex
2476 4820 2693 4894 Baronii
2735 4819 3000 4875 sententia
3031 4821 3264 4894 _(_Baron.
3297 4821 3426 4894 tam.
3455 4813 3578 4894 _l_ll.

1981 4885 2317 4948 An.'358.'et
2333 4895 2392 4965 in
2407 4892 2695 4965 Μαῖσιν-πίοι.
2723 4896 2787 4945 17
2809 4889 3103 4965 Januarii),
3125 4887 3342 4965 etia_m_a
3361 4887 3428 4965 D..
3455 4885 3578 4965 Hie:

1979 4977 2213 5036 renymo
2234 4963 2428 5017 Latine
2444 4952 2774 5036 translatam
2805 4968 2900 5036 :_et
2923 4952 3186 5036 Regulam
3212 4957 3268 5010 S.
3299 4952 3576 5036 [Zachomii

1978 5025 2212 5104 abbatis,
2249 5047 2416 5104 quam
2444 5031 2570 5104 huic
2601 5032 2776 5104 operi,
2817 5032 2933 5084 Deo
2962 5025 3577 5104 favente,_su_ii_ciemus,

1979 5103 2198 5158 scholiis
2226 5096 2284 5157 et
2305 5102 2450 5157 notis
2477 5096 2801 5172 elucidatam
2829 5119 2843 5156 :
2876 5113 3038 5170 quam
3066 5096 3180 5170 ipse
3209 5100 3278 5154 D.
3299 5098 3578 5172 Hierony-

1980 5189 2106 5228 mus
2133 5187 2164 5229 θ
2183 5173 2380 5230 Graeco
2406 5172 2460 5226 in
2486 5171 2746 5226 Latinum
2770 5184 3080 5226 sermonem
3108 5185 3139 5226 a
3164 5185 3222 5226 se
3249 5184 3578 5226 conversam

1980 5251 2219 5317 testatur
2242 5244 2311 5317 in_
2327 5242 2646 5317 praefatione
2673 5241 2846 5317 eidem
2869 5243 3092 5317 Regulae
3119 5242 3358 5317 praeﬁxa.
3382 5243 3578 5317 Fertur

1984 5316 2205 5388 quidem
2233 5311 2579 5388 sub'nomine
2605 5317 2677 5370 D.
2709 5311 3026 5388 Hieronymi
3053 5311 3588 5388 Régula_monach_o—

1981 5381 2106 5460 ium
2136 5407 2149 5441 :
2177 5387 2417 5458 itemque
2433 5386 2540 5460 alia
2572 5386 2779 5460 Regula
2803 5381 3216 5460 monacliarui'n,
3241 5385 3352 5440 sive
3370 5381 3576 5438 monia-

1983 5457 2136 5514 lium.
2179 5456 2388 5516 Verum
2430 5457 2518 5513 illa
2539 5456 2684 5529 _non'
2715 5456 2785 5529 a_b
2817 5457 2936 5529 ipso
2967 5457 3306 5528 Hieronymo
3343 5467 3574 5529 compo-

1982 5529 2106 5597 sita,
2135 5529 2233 5586 sed
2268 5545 2334 5585 ex
2367 5527 2580 5600 scriptis
2609 5525 2858 5600 ejusdem
2874 5535 3136 5600 excerpta
3161 5525 3216 5582 et
3243 5525 3534 5600 compilata
3555 5545 3578 5589 -,

1983 5593 2105 5671 quae
2134 5609 2189 5657 et
2225 5615 2254 5656 a
2288 5593 2528 5655 Martino
2553 5601 2606 5671 _V
2635 5593 2828 5670 pontii.
2867 5593 3585 5671 lertur'approbgtalbzec

1955 5665 2170 5743 .veroa
2214 5665 2654 5743 prudentioribus
2681 5684 2711 5725 e
2745 5669 2989 5743 catalogo
3024 5665 3251 5743 operum
3276 5668 3345 5722 D.
3373 5665 3577 5743 Hiero:

1981 5742 2132 5824 nymi
2169 5733 2458 5824 expuneta,
2495 5749 2550 5798 et
2585 5740 2641 5797 in
2670 5733 2952 5812 angulum"
2967 5733 3191 5812 rejécta,
3223 5745 3286 5794 ut
3319 5733 3498 5806 spuria
3524 5736 3583 5784 et

1984 5811 2036 5869 ei
2059 5811 2196 5871 falso
2224 5811 2476 5886 ascripta.
