4052 6200
314 249 371 302 61
1289 244 1378 299 DE
1412 240 1894 303 C(ENOBIORUM
1934 242 2313 301 INSTITUTIS
2351 245 2552 301 LIBER
2589 246 2631 301 Ι.
3551 250 3621 304 62

315 376 385 425 tet
419 367 663 425 incedere
684 371 870 437 (Luca:
894 371 1037 437 xu).
1070 370 1193 425 Hoc
1210 367 1356 424 enim
1385 365 1573 423 habitu
1593 366 1754 423 etiam
1779 365 1902 423 illos
1930 372 1985 436 Α
2018 372 2147 439 Reg.
2180 373 2244 437 ι).
2272 371 2543 426 Reversos
2571 369 2716 426 enim
2756 369 2829 426 ad
2851 383 2911 427 se
2948 369 3191 438 nuntios,
3220 384 3286 427 ac
3324 370 3619 429 referentes

315 462 633 531 ambulasse,
675 463 771 534 qui
806 463 862 518 in
916 462 1079 519 veteri
1120 446 1509 519 Testamento‘
1557 459 1911 532 professionis

315 554 469 627 hujus
486 554 779 613 fundavere
802 556 1116 631 primordia,
1140 555 1314 612 Eliam
1332 553 1536 611 scilicet
1555 562 1610 610 et
1629 553 1907 621 Eliszeum,

315 646 611 705 divinarum
638 650 1043 722 Scripturarum
1082 648 1408 706 auctoritate
1440 655 1776 704 monstratur
1805 666 1820 703 :
1847 662 1911 703 ac

315 738 560 812 deinceps
615 742 884 814 principes
943 751 1308 815 auctoresque
1353 740 1696 797 Testamenti
1745 740 1905 811 novi,

312 833 579 888 Joannem
607 832 883 902 videlicet,
916 836 1142 891 Petrum
1172 843 1228 890 et
1265 832 1495 889 Paulum
1516 875 1533 901 ,
1573 840 1907 904 caeterosque

312 923 553 995 ejusdem
580 925 784 982 ordinis
813 926 978 997 viros;
997 926 1178 982 taliter
1201 925 1478 982 incessisse
1510 915 1906 998 cognoc’m’us.

310 1018 557 1088 Quorum
590 1020 757 1091 prior,
790 1021 883 1094 qui
920 1021 979 1076 in
1013 1020 1175 1077 veteri
1204 1022 1553 1076 Testamento
1588 1020 1904 1090 virginitatis

302 1110 412 1187 jam
443 1112 606 1169 liores
639 1122 696 1169 et
723 1113 1062 1169 castimoniae
1093 1111 1552 1186 continentiaeque
1579 1112 1905 1185 praeﬁgura-

311 1204 400 1261 bat
426 1206 699 1279 exempla,
725 1222 849 1262 cum
874 1206 1061 1262 fuisset
1084 1221 1114 1260 a
1148 1204 1382 1261 Domino
1416 1205 1614 1262 missus
1643 1205 1712 1262 ad
1737 1205 1907 1261 incre-

308 1299 521 1371 pandos
562 1301 779 1356 nuntios
817 1298 1071 1356 choziae
1107 1284 1357 1372 sacrilegi
1401 1299 1543 1372 regis
1585 1300 1748 1355 Israel
1775 1341 1791 1370 ,
1839 1316 1904 1356 eo

304 1391 456 1463 quod
482 1393 795 1466 aegritudine
828 1393 1156 1466 praepeditus
1188 1410 1352 1467 super
1379 1402 1527 1450 statu
1554 1394 1747 1450 salutis
1788 1410 1904 1451 sua:

308 1486 612 1542 Beelzebub
643 1490 825 1543 Deum
851 1490 1102 1544 Accaron
1137 1489 1425 1553 consulere
1461 1488 1787 1545 destinasset
1809 1530 1823 1557 ,
1851 1498 1905 1545 et

298 1574 497 1634 idcirco
527 1579 602 1635 eis
636 1596 930 1637 occurrens
961 1580 1110 1638 idem
1156 1581 1418 1654 propheta
1449 1581 1775 1639 descensum
1834 1582 1903 1639 de

303 1670 439 1728 lecto
467 1672 585 1745 ejus
613 1673 665 1729 in
691 1690 802 1746 quo
831 1675 1164 1745 conciderat,
1190 1676 1527 1748 denegasset,
1551 1675 1902 1734 decumbenti

2015 462 2117 517 sibi
2149 463 2425 534 prophetae
2452 464 2801 532 sententiam,
2837 462 3144 521 sciscitatus
3180 472 3266 520 est
3291 464 3448 537 cujus
3476 476 3618 523 esset

2016 554 2205 626 ﬁgurae
2239 564 2294 613 et
2335 556 2554 639 habitus
2584 557 2682 626 vir,
2719 557 2810 630 qui
2836 558 3159 615 occurrisset
3181 558 3281 628 eis,
3317 568 3371 615 et
3404 558 3617 616 locutus

2017 644 2210 704 fuisset
2240 647 2617 720 hujuscemodi
2640 649 2801 705 verba
2830 670 2843 706 :
2881 653 3000 718 Vir,
3034 648 3308 724 inquiunt,
3332 652 3538 722 pilosus
3565 657 3617 708 et

2018 758 2154 796 zona
2178 744 2402 813 pellicea
2427 746 2692 798 accinctus
2736 744 2949 798 renibus
2965 763 2983 811 ,-
3010 759 3074 800 ex
3105 759 3215 817 quo
3257 743 3447 800 habitu
3475 760 3611 800 con-

2017 833 2197 891 festim
2240 852 2333 892 rex
2373 836 2777 908 contemplatus
2807 836 3087 893 hominem
3124 837 3245 905 Dei,
3285 837 3360 894 ait
3406 858 3420 894 :
3459 840 3610 895 Elias

2020 930 2285 985 Thesbites
2310 934 2387 984 est
2418 949 2435 984 :
2461 944 2620 985 zonae
2660 930 2908 986 videlicet
2935 930 3158 999 indicio,
3201 940 3256 986 et
3286 920 3410 987 hirti
3439 932 3613 989 incul-

2010 1020 2164 1093 tique
2191 1021 2437 1093 corporis
2472 1020 2650 1093 specie
2689 1021 2866 1076 virum
2904 1021 3004 1078 Dei
3046 1021 3410 1080 indubitanter
3447 1040 3613 1096 agno-

2012 1129 2168 1171 scens
2199 1132 2213 1169 :
2248 1130 2313 1172 eo
2352 1114 2499 1187 quod
2528 1115 2671 1171 istud
2710 1115 2757 1170 ei
2797 1117 2941 1172 inter
2980 1124 3064 1173 tot
3108 1118 3389 1173 Israelitici
3431 1119 3614 1190 populi

2015 1207 2184 1264 millia
2228 1209 2628 1276 commoranti,
2674 1208 2854 1265 cultus
2894 1209 3096 1282 proprii
3147 1210 3294 1266 velut
3338 1209 3615 1281 quoddam

2012 1303 2341 1374 impressum
2376 1300 2605 1375 speciale
2632 1302 2848 1373 signum
2876 1310 3137 1375 perpetuo
3166 1303 3489 1360 cohaereret.
3533 1307 3617 1360 De

2011 1397 2222 1452 Joanne
2250 1411 2486 1469 quoque,
2515 1396 2604 1468 qui
2637 1398 2831 1453 veteris
2857 1396 3089 1469 novique
3111 1396 3444 1453 Testamenti
3470 1397 3620 1453 velut

2012 1489 2237 1562 quidam
2280 1490 2678 1546 sacratissimus
2723 1490 2914 1559 limes,
2956 1489 3079 1558 linis
3128 1490 3452 1562 initiumque
3489 1506 3615 1562 pro-

2012 1584 2195 1652 cessit,
2233 1584 2306 1642 ita
2337 1585 2674 1655 Evangelista
2703 1593 2958 1641 narrante
3005 1586 3231 1651 (Matth.
3262 1590 3366 1651 In)
3404 1599 3615 1657 cogno-

2007 1677 2211 1735 scimus
2252 1696 2268 1734 :
2309 1681 2425 1748 Ipse
2468 1683 2651 1734 autem
2700 1681 2932 1734 Joannes
2970 1678 3203 1733 habebat
3243 1681 3616 1733 vestimentum

306 1764 419 1838 regi
461 1766 705 1839 exposita
756 1768 979 1826 vestitus
1019 1769 1276 1841 qualitate
1323 1778 1639 1843 compertus
1677 1779 1761 1826 est
1803 1770 1907 1838 (IV
1934 1759 1984 1820 B
2021 1770 2088 1824 de
2113 1772 2244 1840 pilis
2275 1773 2619 1836 camelorum,
2648 1776 2699 1826 et
2720 1765 2746 1803 δ
2775 1787 2968 1827 zonam
2990 1772 3274 1842 pelliceam
3299 1774 3442 1827 circa
3481 1772 3619 1826 lum-

1407 1916 1664 1971 ALARDI
1699 1916 1926 1971 οΑΖίΕι
1962 1914 2526 1972 COMMENTARIUS.

304 2035 591 2116 sententia
640 2035 708 2116 de
751 2037 962 2116 lumbis
1002 2037 1351 2116 accingendis
1375 2048 1433 2116 et
1473 2038 1895 2116 prmcingendis,

306 2109 580 2180 Lucze'xn
609 2125 623 2162 :
645 2110 767 2164 Sint
789 2110 962 2164 lumbi
972 2113 1141 2164 vestri
1150 2109 1433 2180 praeiacta?
1442 2130 1458 2177 ;
1476 2109 1553 2166 ad
1576 2109 1775 2179 Ephes.
1798 2123 1896 2165 v1:

304 2179 451 2235 State
472 2181 727 2234 succincti
739 2181 944 2236 lumbos
957 2179 1166 2236 vestros
1178 2183 1237 2235 in
1254 2183 1510 2245 veritate;
1532 2189 1586 2235 et
1605 2182 1627 2234 l
1647 2181 1762 2233 Pet.
1777 2195 1896 2250 cap.

308 2264 329 2304 ι
359 2267 372 2301 :
398 2252 621 2319 Propter
645 2251 811 2320 quod,
842 2253 1099 2305 succincti
1122 2253 1326 2306 lumbos
1352 2253 1542 2305 mentis
1564 2254 1753 2304 vestra:
1787 2266 1901 2320 spe-

306 2324 425 2374 rate
448 2322 500 2374 in
513 2337 653 2384 eam,
676 2337 799 2391 qua:
820 2322 966 2376 vobis
989 2323 1251 2388 offertur,
1268 2323 1529 2391 gratiam.
1556 2322 1724 2375 Porro
1736 2320 1902 2376 accin-

303 2398 443 2463 ctos,
478 2407 570 2447 seu
599 2392 924 2463 praecinctos
947 2392 1152 2463 habere
1173 2392 1414 2458 lumbos,
1440 2391 1739 2447 secundum
1762 2391 1900 2447 litte-

304 2460 772 2534 ralemi-sen'sum,
824 2462 953 2518 nihil
1006 2462 1155 2534 aliud
1206 2470 1289 2518 est
1322 2478 1487 2534 quam
1541 2470 1789 2534 paratum
1844 2471 1902 2518 et

299 2532 612 2604 expeditum
666 2549 811 2602 esse,
854 2540 917 2589 ut
957 2533 1225 2604 colligitur
1260 2531 1475 2589 ex’illis
1522 2531 1695 2588 verbis
1733 2534 1902 2589 Lucae

303 2618 393 2659 ιιι
424 2623 436 2657 :
460 2606 633 2660 Amen
655 2606 770 2660 dico
792 2606 958 2670 vobis,
986 2605 1131 2677 quod
1144 2606 1439 2677 preecinget
1462 2608 1611 2677 sc,‘et
1635 2607 1904 2677 transiens

302 2677 639 2732 ministrabit
674 2678 803 2731 illis.
846 2674 1104 2732 Solebant
1130 2674 1275 2730 enim
1312 2674 1616 2731 Orientales
1657 2675 1907 2745 oblongis

308 2747 387 2800 uti
416 2745 682 2819 vestibus,
707 2747 938 2819 ideoque
968 2746 1058 2818 qui
1091 2746 1447 2819 ministraturi
1468 2753 1643 2819 erant,
1678 2755 1775 2819 aut
1803 2745 1905 2800 iter

299 2816 496 2889 acturi,
521 2819 805 2889 collectam
830 2815 1036 2874 vestem
1069 2817 1287 2889 cingulo
1314 2815 1657 2889 stringebant
1676 2816 1903 2889 ad_lum-

303 2885 427 2956 bos,
452 2904 521 2943 ne
548 2888 938 2960 impedimento
966 2896 1127 2945 esset.
1156 2885 1230 2944 λι
1258 2891 1330 2943 D.
1355 2885 1663 2960 Gregorius
1688 2886 1756 2960 ad
1788 2902 1907 2960 mo:-

302 2973 392 3031 res
434 2957 684 3031 spectans
722 2960 1025 3030 praecinctis
1056 2959 1254 3016 lumbis
1287 2957 1594 3031 castitatem
1632 2957 1903 3029 designari

299 3028 705 3101 interpretatur.
723 3028 955 3088 Lumbos
976 3034 1137 3095 enim,
1164 3029 1356 3100 inquit,
1365 3028 1771 3101 pracingimus,
1784 3045 1905 3083 cum

297 3104 483 3155 carnis
495 3104 774 3156 luwuriam
790 3119 888 3173 per
907 3104 1287 3157 continentiam
1296 3105 1647 3156 coarctamus.
1674 3101 1901 3173 (Homil.

306 3176 375 3245 t3
402 3174 459 3227 in
493 3173 721 3244 Evang.)
747 3171 1061 3244 Utrumque
1090 3188 1218 3245 vero
1246 3188 1465 3245 sensum
1490 3171 1749 3245 Spectavit
1772 3171 1903 3245 cas-

294 3241 615 3322 sia‘nusuut
645 3241 717 3322 egi
771 3241 1440 3322 consequentibus‘magis
1485 3241 1695 3322 patebit
1748 3242 1899 3322 (Cap.

449 3311 611 3397 hujus
643 3314 732 3367 lib.
764 3318 825 3397 et
845 3311 1087 3397 libiahe.
1119 3316 1193 3397 ηε
1224 3311 1565 3397 Docet-enim
1589 3319 1825 3397 veterem
1847 3311 1907 3366 il-
1937 3333 1981 3397 ε

297 3381 427 3435 lum
459 3379 1188 3454 moremugestandiucinguli
1217 3395 1312 3436 seu
1351 3380 1547 3454 baltei,
1586 3388 1681 3436 aut
1719 3397 1906 3454 zonae,

296 3451 604 3525 monachis
633 3451 738 3525 illis
762 3452 1026 3525 Aigyptiis
1061 3452 1366 3508 solemnem
1404 3467 1468 3507 ac
1510 3451 1627 3517 lege
1656 3453 1905 3525 praescri-

298 3530 466 3595 ptum
488 3522 655 3578 fuisse
676 3522 879 3595 duplici
906 3522 970 3578 ex
999 3539 1189 3595 causa;
1214 3538 1512 3595 eorumque
1533 3522 1781 3595 exemplo
1805 3540 1909 3581 ca:-

298 3593 440 3649 teris
469 3593 772 3666 imonachis
803 3594 1195 3650 commendare
1238 3593 1469 3666 studet;
1505 3593 1707 3666 nempe
1729 3604 1790 3650 ut
1825 3611 1910 3651 \e-

305 3678 404 3719 ros
451 3663 648 3732 Christi
704 3665 903 3721 milites
951 3666 1121 3722 armis
1165 3664 1280 3721 istis
1324 3663 1692 3736 spiritualibus
1742 3681 1908 3736 supra

294 3736 770 3808 commemoratis,
794 3752 858 3808 ac
882 3736 1228 3808 potissimum
1251 3735 1512 3808 castitatis
1533 3735 1771 3808 cingulo,
1805 3735 1908 3792 vel-

297 3814 366 3861 ut
407 3806 586 3862 balteo
622 3806 839 3862 militari
861 3806 1185 3875 {accinctos
1218 3816 1273 3862 et
1302 3806 1593 3863 instructos
1628 3806 1686 3863 se
1721 3815 1906 3863 osten-

296 3875 518 3951 derent,
561 3885 615 3933 et
660 3877 827 3951 ut_ad
872 3893 1213 3951 omneopus
1249 3878 1551 3950 injunctum
1580 3876 1908 3951 autiinjun-

298 3947 544 4073 gendum
583 3948 753 4020 parati
785 3957 841 4005 et
876 3947 1131 4021 expediti
1157 3947 1373 4020 semper
1411 3958 1613 4004 essent.
1660 3947 1800 4003 Hinc
1838 3951 1909 4004 D.

353 4020 540 4073 asilius
581 4036 737 4073 zona:
778 4035 942 4073 usum
982 4019 1267 4073 monachis
1299 4020 1596 4073 universim
1635 4034 1909 4073 commcn-

353 4020 540 4075 asilius
581 4019 737 4077 zona:
778 4019 1596 4075 usum‘monachis’universim
1635 4034 1918 4074 commcn-

302 4088 404 4161 dat
428 4092 563 4159 (Ubi
579 4095 791 4161 supra).
817 4093 886 4144 D.
915 4090 1283 4161 Hieronymus
1312 4086 1593 4161 monachis
1621 4088 1786 4143 etiam
1810 4091 1916 4144 Ta-

304 4157 684 4221 bennensibus
731 4160 1027 4217 balteolum
1071 4157 1271 4215 lineum
1309 4157 1500 4213 tribuit
1532 4161 1622 4226 (In
1648 4161 1821 4228 pt’wf.
1854 4162 1913 4213 in

306 4234 576 4297 Regulam
604 4235 660 4291 S.
694 4233 1026 4297 Pachomii).
1061 4229 1330 4286 Palladius
1359 4245 1525 4285 zonas
1563 4236 1719 4283 vocat
1748 4231 1912 4295 (Pal-

306 4251 389 4288 ue
426 4251 576 4287 tuam
604 4251 660 4291 δ.
694 4251 1026 4297 racnomu).
1061 4251 1330 4286 fallamus
1359 4251 1525 4285 zonas
1564 4251 1719 4283 vocat
1748 4251 1912 4295 (rat-

303 4251 425 4359 ιαίῗ
475 4307 533 4359 in
575 4305 856 4360 Laus-iacis
884 4318 1002 4373 cap.
1029 4307 1109 4368 7),
1145 4300 1403 4372 additque
1431 4300 1534 4373 illis
1562 4315 1593 4354 a
1623 4298 1914 4373 Bachomio

302 4376 694 4446 praescriptum
731 4374 911 4444 (quod
936 4370 1207 4446 singulare
1243 4381 1295 4428 et
1312 4370 1608 4446 notatione
1627 4370 1911 4446 dignum),

303 4442 377 4501 in
415 4445 485 4502 ad
521 4442 733 4501 sacram
765 4442 1278 4517 synaximSabbato
1307 4452 1362 4517 et
1389 4442 1674 4499 Dominica
1696 4442 1824 4517 die,
1853 4450 1914 4498 ut

300 4517 483 4573 moris
519 4526 664 4583 erat,
695 4513 1043 4584 accedentes,
1086 4531 1253 4571 zonas
1280 4515 1585 4582 solverent,
1618 4521 1674 4569 et
1711 4513 1912 4587 pellent

300 4588 529 4643 ovillam
552 4627 569 4655 ,
610 4603 710 4644 seu
741 4587 999 4644 melotem
1025 4587 1392 4658 deponerent,
1423 4593 1633 4658 etcum
1663 4586 1778 4641 sola
1810 4586 1910 4641 cu-

301 4658 453 4730 culla
492 4658 814 4730 accederent
839 4664 978 4730 (quo
1000 4655 1293 4730 majorem,
1322 4664 1381 4713 ut
1414 4655 1631 4730 opinor,
1661 4672 1724 4711 ac
1749 4671 1907 4727 pecu-

299 4705 901 4799 liariimﬂreirerentiainl
927 4705 1399 4797 hones'tioremque
1430 4705 1676 4799 brabituin
1708 4705 1908 4799 pi'aagse
1936 4705 1984 4767 D

302 4798 574 4861 ferrent).

301 4880 489 4928 mant.
517 4868 706 4930 Sed'et
728 4874 797 4926 D.
827 4875 884 4928 P.
922 4874 987 4927 N.
1017 4870 1332 4940 Benedictus
1355 4868 1596 4940 priorum
1619 4868 1909 4925 monacho-

299 4959 438 4999 rum
478 4942 713 5013 vestigiis
743 4942 939 5013 ubique
980 4942 1264 5013 insistens,
1297 4938 1440 4995 hanc
1468 4940 1668 5013 cinguli
1715 4955 1910 4995 mona-

298 5014 431 5070 stici
471 5009 930 5085 praescriptionem
960 5013 1026 5070 ab
1058 5012 1162 5068 illis
1200 5019 1475 5085 acceptam
1497 5009 1649 5085 haud
1688 5018 1911 5085 praeter?

300 5081 482 5141 misit;
508 5087 648 5142 Cum
676 5081 820 5141 enim
850 5087 1041 5140 statuit
1077 5098 1200 5154 cap.
1240 5086 1306 5135 22
1341 5081 1563 5151 Regulae
1583 5121 1599 5145 ,
1619 5085 1705 5154 _ut
1730 5083 1913 5154 uestiti

294 5156 589 5212 dormiant
603 5158 865 5219 monachi,
884 5160 934 5211 et
954 5157 1115 5211 cincti
1124 5151 1353 5223 cingulis
1367 5157 1463 5207 aut
1483 5152 1729 5220 funibus,
1748 5151 1909 5222 idque

293 5242 371 5283 ea
395 5244 559 5284 causa
584 5243 750 5299 quam
769 5226 953 5284 subdit
976 5246 988 5281 :
1013 5231 1076 5281 ut
1094 5226 1288 5299 parati
1311 5226 1420 5278 sint
1437 5227 1741 5299 semper,.et
1759 5225 1907 5290 facto

290 5301 463 5369 signa
474 5295 678 5369 absque
689 5316 837 5354 mora
851 5295 1129 5369 surgentes
1139 5297 1398 5369 festinent
1410 5310 1464 5369 se
1474 5295 1910 5369 inricemprgerc-

294 5364 427 5441 nire
450 5371 526 5425 ad
553 5364 684 5441 opus
716 5372 812 5427 Dei
836 5389 853 5425 :
881 5364 1017 5441 satis
1038 5367 1241 5424 indicat
1250 5364 1499 5441 interdiu
1521 5372 1576 5420 et
1595 5364 1789 5441 poliqri
1821 5380 1911 5419 ra-

293 5439 459 5497 tione
496 5435 699 5498 debere
727 5456 844 5496 esse
877 5440 1204 5497 succinctos.
1248 5436 1411 5495 Unde
1440 5435 1679 5492 Joannes
1721 5435 1911 5490 Diaco-

292 5527 435 5580 nus,
472 5510 528 5568 in
559 5510 679 5567 Vita
708 5514 771 5567 Β.
804 5511 1049 5580 Gregorii
1074 5509 1262 5567 scribit
1292 5523 1419 5564 eum
1447 5507 1500 5562 in
1531 5506 1766 5580 exilitate
1792 5504 1906 5561 bal-

293 5577 432 5650 αεὶ(
461 5597 588 5655 quae
631 5582 794 5655 unius
826 5577 1039 5655 pollicis
1076 5591 1415 5655 mensuram_
1436 5594 1546 5655 non
1587 5577 1902 5655 escederct,

292 5649 549 5727 speciem
577 5649 1134 5727 propositiiregularis
1169 5651 1301 5727 olim
1325 5667 1356 5707 a
1382 5652 1439 5727 ξ.
1470 5649 1762 5727 Benedicto
1795 5657 1904 5706 sta-

292 5722 425 5805 tim,
464 5722 623 5805 cujus
664 5722 778 5805 ipse
816 5722 978 5782 vitam
1007 5722 1655 5805 describens,_itegulam
1683 5737 1903 5805 quoque

291 5793 640 5864 laudaverat,
685 5793 946 5856 servasse.
999 5796 1211 5868 Quibus
1261 5793 1440 5853 verbis
1476 5793 1717 5852 insinuat
1758 5793 1902 5850 sole-

603 4800 763 4872 Quod
786 4810 840 4857 et
865 4802 1208 4872 Sozomeuus
1248 4806 1300 4854 et
1327 4798 1666 4872 Nicephorus
1704 4797 1908 4872 contir-

2005 2053 2199 2094 mnem
2243 2037 2605 2109 Benedictinis
2635 2035 2797 2109 fuisse
2830 2051 2991 2109 usum
3027 2034 3377 2109 baltei,_sive
3416 2034 3615 2109 cinguli

2008 2114 2216 2181 (quem
2243 2118 2298 2181 et
2324 2108 2485 2164 hodie
2512 2107 2731 2181 plurimi
2760 2107 3109 2181 antiquarum
3141 2105 3616 2181 traditionum'te-

2007 2177 2171 2235 mices
2194 2178 2477 2245 retinent),
2502 2177 2558 2234 et
2584 2195 2648 2233 ex
2672 2178 2839 2249 ipsius
2863 2177 3098 2249 exilitate
3122 2184 3177 2233 et
3202 2192 3480 2249 mensura,
3505 2178 3615 2233 vel-

2007 2259 2071 2321 ut
2092 2258 2243 2306 certo
2273 2249 2472 2306 indicio
2499 2251 2556 2321 S.
2591 2248 2921 2321 Gregorium
2946 2248 3040 2304 diu
3062 2257 3190 2321 post
3217 2248 3455 2316 obitum,
3488 2265 3616 2304 cum

2006 2320 2124 2401 eius
2155 2337 2356 2392 corpus
2394 2320 2449 2376 in
2487 2320 2653 2401 alium
2672 2320 2871 2401 locum
2888 2320 3439 2401 .traust‘erifturnpro
3482 2335 3615 2401 pro-

2008 2389 2217 2448 fessore
2241 2389 2339 2447 seu
2369 2391 2638 2462 monacho
2670 2390 3024 2447 institutionis
3055 2393 3121 2445 Ι).
3151 2389 3428 2462 Benedicti
3458 2389 3614 2462 agni-

2008 2471 2127 2518 tum
2157 2463 2526 2527 etfostensum
2562 2461 2726 2517 fuisse
2757 2481 2769 2515 :
2796 2463 3121 2533 prcesertim,
3154 2460 3330 2531 inquit
3357 2460 3465 2525 ille,
3496 2460 3639 2515 cum.

2009 2535 2151 2589 idem
2179 2535 2499 2588 venerabilis
2524 2533 2708 2588 doctor
2736 2535 3022 2601 Gregorius
3042 2534 3131 2587 sui
3156 2534 3473 2587 monasterii
3496 2548 3611 2586 mo-

2011 2606 2207 2659 nachos
2233 2605 2507 2661 Benedicti
2530 2606 2717 2673 utique
2742 2604 2959 2672 Regalis
2988 2605 3319 2673 mancipatos
3352 2605 3410 2656 in
3434 2604 3613 2658 Saxo-

2013 2677 2163 2799 ρῖἶῐιυη
2192 2676 2484 2730 destinarit
2513 2678 2697 2741 (Joan.
2731 2677 2880 2741 Diae.
2916 2674 3009 2728 lib.
3037 2688 3125 2743 1v,
3165 2690 3282 2744 cap.
3316 2678 3446 2740 80).
3480 2674 3616 2729 Haec

2013 2762 2029 2799 ι
2072 2761 2121 2799 e.

2012 2761 2121 2800 me.

2085 2819 2111 2847 ³
2154 2812 2514 2870 Professiouis
2550 2814 2755 2885 scilicet
2789 2814 3123 2871 monasticae.
3152 2817 3269 2885 Qua
3299 2813 3508 2870 ratione
3536 2818 3587 2870 D

2017 2886 2387 2956 Hieronymus
2409 2885 2605 2954 passim
2629 2884 2852 2956 eosdem
2870 2885 3061 2956 veteris
3076 2884 3407 2941 'l‘estamenti
3428 2900 3617 2939 mona~

2015 2957 2149 3012 chos
2169 2955 2344 3011 vocat.
2374 2957 2538 3025 Epist.
2568 2963 2600 3011 4
2630 2973 2642 3009 :
2666 2958 2812 3019 Filii,
2839 2955 3033 3027 inquit,
3054 2956 3464 3025 prophetarum,
3488 2969 3617 3023 quos

2012 3028 2294 3083 monachos
2322 3028 2377 3080 in
2402 3029 2570 3082 veteri
2599 3026 2932 3083 Testamento
2961 3027 3184 3095 legimus
3209 3026 3312 3093 (ιν
3338 3029 3469 3093 Reg.
3500 3029 3619 3092 vr),

2011 3099 2354 3168 cedz'ﬁcabant
2378 3099 2485 3152 sibi
2513 3099 2726 3153 casulas
2760 3100 2986 3168 propter
3010 3100 3211 3165 ﬂuenta
3246 3096 3536 3168 Iordanis,
3569 3102 3621 3150 et

2014 3166 2188 3224 turbis
2216 3170 2434 3223 urbium
2463 3169 2727 3224 derelictis
2740 3166 3003 3239 fpolenta
3031 3173 3081 3223 et
3110 3168 3287 3222 herbis
3312 3166 3616 3239 agrestibus

2011 3241 2351 3296 victitabant.
2375 3242 2441 3295 Et
2456 3239 2509 3294 in
2525 3239 2750 3311 epistola
2764 3237 2833 3313 ad
2855 3239 3177 3313 Paulinum:
3195 3240 3402 3313 Noster,
3414 3237 3620 3313 inquit,

2013 3315 2264 3381 princeps
2290 3313 2463 3373 Elius,
2502 3310 2682 3366 noster
2708 3312 2962 3373 Elizceus,
2985 3312 3160 3364 nostri
3180 3310 3337 3381 duces
3362 3311 3468 3381 ﬁlii
3480 3325 3614 3381 pro;

2014 3377 2323 3452 phetafum.
2355 3381 2507 3452 Idem
2538 3382 2701 3437 docet
2732 3382 2971 3436 Isidorus
2999 3381 3093 3436 lib.
3126 3395 3173 3452 lt
3199 3380 3267 3436 de
3291 3377 3619 3452 [accusor-

2015 3449 2108 3509 iic.
2135 3468 2254 3524 cap.
2293 3458 2383 3524 l5,
2417 3451 2508 3507 ubi
2534 3453 2707 3524 Eliam
2727 3494 2743 3521 ,
2771 3452 3066 3524 Elizmum,
3104 3451 3345 3524 aliosque
3377 3449 3613 3524 prophe-

2015 3531 2095 3580 tas
2130 3520 2527 3594 monachomm
2567 3523 2836 3594 principes
2879 3522 3131 3594 appellat.
3177 3520 3284 3594 Sed
3308 3520 3613 3594 Aet_Cassia-

2016 3611 2118 3667 nus
2140 3592 2526 3667 inl'ra(Collat.
2560 3590 2645 3661 18,
2672 3590 2793 3665 eui).
2823 3598 2892 3667 6)
2913 3590 3034 3649 alia
3060 3591 3349 3667 locutionis
3373 3590 3613 3667 formula

2014 3665 2143 3721 dicit
2169 3662 2394 3721 eosdem
2426 3668 2611 3722 Patres
2647 3674 2704 3720 et
2728 3662 3025 3736 prophetas
3055 3664 3374 3736 monasticae
3409 3662 3615 3734 profes-

2014 3736 2182 3809 sionis
2209 3735 2584 3809 praeligurasse
2629 3734 2817 3809 lineas,
2832 3734 3011 3809 ducta
3039 3750 3070 3790 a
3096 3734 3401 3809 pictoribus
3439 3742 3608 3809 meta-

2017 3804 2227 3879 phora;
2248 3806 2339 3878 qui
2368 3804 2607 3879 laturam
2636 3806 2927 3879 imaginem
2959 3804 3138 3879 ductis
3179 3804 3615 3879 primum_linea-

2022 3873 2222 3950 mentis
2254 3873 2597 3950 prmﬁgurare
2618 3894 2691 3950 ac
2719 3873 3001 3950 d'esignare
3046 3873 3486 3950 solent_,___deinde_
3517 3891 3612 3930 co-

2021 3949 2165 4005 lores
2188 3945 2506 4020 eti—ornatus
2543 3948 2794 4005 inducere
2825 3945 2865 4004 ε’
2884 3965 2992 4020 quo
3022 3947 3190 4003 modo
3222 3945 3297 4002 illi
3334 3945 3616 4017 pr0phela=

2021 4029 2076 4077 et
2104 4019 2447 4077 anachoreta:
2468 4023 2527 4074 in
2550 4020 2933 4075 solitudinibus
2958 4023 3228 4080 errantes,
3252 4021 3489 4086 egentes,
3516 4032 3616 4069 an-

2025 4093 2285 4159 gustiati,
2319 4099 2452 4157 etc.,
2482 4091 2886 4145 monachorum
2928 4097 2981 4143 et
3011 4088 3463 4159 anachoretarum
3492 4086 3618 4139 novi

2020 4156 2350 4232 Testamenti
2389 4161 2557 4216 vitam
2601 4159 3103 4232 professionemque
3138 4156 3537 4212 adumbrarunt
3563 4164 3618 4210 et

2022 4247 2071 4302 p'
2086 4230 2457 4300 azﬁgurarunt.
2604 4230 2621 4232 ⁷

2096 4293 2123 4331 δ
2169 4300 2426 4369 Quamvis
2482 4299 2534 4353 in
2580 4297 2862 4355 Palaestina
2913 4295 3090 4354 Judaei
3130 4295 3283 4352 zonis
3338 4304 3617 4355 uterentur

2023 4369 2191 4427 laneis
2219 4372 2456 4439 (Auctor
2476 4386 2620 4441 oper.
2646 4371 2870 4441 ‘imperf.
2904 4373 2961 4425 in
2984 4369 3179 4426 Matth.
3198 4386 3242 4425 c.
3276 4372 3377 4441 ut)
3410 4388 3422 4425 :
3446 4371 3613 4441 Joan-

2021 4458 2119 4498 nes
2148 4451 2331 4523 tarnen
2372 4440 2796 4523 zonapellicea,
2831 4442 2937 4498 hoc
2976 4446 3100 4523 est,
3134 4456 3198 4523 ea
3224 4440 3396 4523 crudo
3431 4440 3615 4523 optio,

2019 4529 2115 4570 seu
2132 4514 2315 4570 villosa
2340 4513 2475 4585 pelle
2497 4510 2570 4568 uti
2598 4513 2825 4585 maluit,
2847 4522 2968 4569 tum
2993 4511 3062 4568 ad
3086 4510 3444 4585 imitationem
3461 4511 3615 4579 Elian,

2020 4592 2139 4641 tum
2202 4586 2273 4643 ad
2329 4582 2576 4657 corporis
2642 4584 2997 4657 afﬂictionem
3050 4590 3108 4657 et
3145 4582 3614 4657 _mac_erationem

2019 4657 2185 4712 etiam
2210 4673 2277 4713 ex
2313 4652 2453 4727 zona
2493 4655 2912 4727 procurandam.
2944 4652 3103 4727 Unde
3144 4654 3215 4727 D.
3250 4654 3620 4727 Hieronymus

2020 4728 2076 4798 in
2120 4729 2281 4798 epist.
2319 4726 2388 4798 ad
2428 4723 2833 4798 Demetriadem
2863 4725 3127 4798 virginem
3162 4724 3306 4798 inter
3331 4723 3471 4798 alias
3495 4724 3618 4798 lau-

2017 4797 2112 4854 des
2140 4794 2366 4855 senioris
2395 4796 2764 4852 Demetriadis
2801 4798 2913 4852 loca
2938 4794 3130 4852 sancta
3154 4794 3415 4848 visitantis
3443 4811 3455 4843 :
3485 4795 3618 4848 Stu-

2012 4870 2197 4944 pebat,
2228 4868 2426 4940 inquit,
2448 4868 2997 4944 adcent‘ersationem
3021 4867 3238 4944 Elite-et.
3258 4864 3481 4944 Joannis
3511 4865 3613 4918 Ba-

2014 4936 2218 5008 ptista,
2237 4936 2469 5009 quorum
2485 4942 2708 5007 uterque
2719 4955 2856 4992 zona
2861 4939 3084 5009 pellicea
3096 4936 3380 5009 ustrina-it,
3406 4948 3469 5009 ac
3478 4948 3619 4988 mor-

2019 5001 2479 5090 tiﬁcavitilumbos
2512 5001 2654 5090 suos.
2684 5010 2752 5062 Et
2773 5001 2936 5090 super
2965 5001 3381 5090 Matthazumde
3407 5004 3619 5062 Joanne

2021 5074 2210 5134 itidem
2253 5079 2411 5144 Bapt.
2453 5077 2693 5132 scribens
2740 5095 2752 5131 :
2805 5074 2967 5139 zona,
3000 5074 3190 5145 inquit,
3224 5077 3468 5147 pellicea,
3504 5093 3615 5147 qua

2013 5152 2215 5205 cinctus
2246 5151 2360 5217 fuit
2394 5152 2447 5203 et
2486 5149 2656 5210 Elias,
2695 5149 3120 5217 mortiﬁcationis
3159 5149 3456 5218 symbolum
3497 5153 3598 5205 est.

2019 5222 2142 5277 Hoc
2179 5219 2428 5291 exemplo
2468 5217 2656 5275 scribit
2693 5221 2746 5276 S.
2804 5217 3464 5293 Eulgentius_Buspensis
3503 5219 3617 5293 cpi:

2019 5308 2217 5363 scopus
2261 5290 2606 5348 consuevisse
2639 5290 2940 5347 monachos
2980 5293 3038 5346 in
3072 5290 3257 5351 Africa
3286 5290 3506 5363 pelliceo
3537 5290 3618 5347 uti

2018 5361 2234 5435 cingulo
2257 5368 2488 5430 (Baron.
2511 5367 2635 5435 tom.
2664 5364 2747 5418 1X
2769 5364 2974 5435 Annal.
3007 5361 3337 5435 anno93t});
3360 5361 3619 5435 idemque

2017 5432 2307 5491 confirmat
2334 5437 2397 5491 B.
2438 5433 2750 5491 Dorotheus
2776 5432 3108 5490 anachoreta
3145 5433 3197 5488 in
3231 5432 3477 5488 doctrina
3518 5432 3620 5490 sua

2018 5505 2213 5577 prima,
2241 5520 2364 5578 quae
2404 5514 2489 5562 est
2523 5503 2592 5578 de
2634 5502 3214 5578 Renuntiatione,_ubi
3242 5503 3309 5560 de
3337 5517 3397 5578 se
3428 5500 3618 5578 suique

2016 5570 2280 5649 temporis
2322 5574 2606 5633 monachis
2659 5578 2888 5649 loquens
2936 5593 2950 5631 :
2998 5576 3289 5649 Habemus,
3336 5570 3620 5649 inqui_t,‘e§

2013 5643 2207 5705 zonam
2227 5650 2506 5720 pelliceam
2523 5650 2665 5703 circa
2686 5643 2835 5703 rencs
2854 5652 3080 5720 nostros.
3109 5645 3171 5701 1d
3189 5647 3406 5720 signum
3425 5646 3521 5720 est,
3544 5643 3619 5695 ad

2013 5737 2145 5793 opus
2170 5714 2417 5792 quodque
2447 5722 2689 5784 accincti,
2721 5724 2783 5774 ut
2800 5719 3219 5793 quamprimum
3235 5715 3423 5793 simus.
3435 5714 3490 5793 et
3500 5725 3615 5793 ppa-

2014 5777 2128 5850 r‘ati
2146 5812 2163 5849 :
2178 5777 2538 5850 ‘Iaborctturus
2554 5777 2691 5848 enim
2709 5777 3023 5861 quisprinio
3039 5784 3356 5851 accingitur,
3373 5782 3425 5829 et
3439 5778 3514 5828 sic
3529 5777 3617 5830 dc-
