4052 6200
377 391 443 442 67

1720 375 2002 432 JOANNIS
2039 375 2344 433 CASSIANI

3621 382 3694 435 68

374 510 540 566 chum
585 523 801 579 semper
844 504 1138 578 impigrum
1180 501 1602 576 expeditumque
1640 508 1854 573 oportet
1885 500 1972 556 in-
1996 505 2051 568 Α
2085 499 2240 557 cilicii
2287 473 2659 569 ostentarent,
2720 514 2830 573 quo
2883 498 3093 556 cunctis
3155 514 3320 573 super
3368 500 3689 560 imminente

375 603 587 670 cedere,
614 600 863 657 inhabilis
898 607 1060 672 atque
1085 598 1261 670 inepta
1291 596 1381 665 sit,
1407 593 1741 652 omnimodis
1768 593 1973 651 refuta-

373 705 519 755 runt.
553 688 715 768 Quod
739 695 781 750 si
800 692 1082 766 quosdam
1118 691 1223 747 hoc
1253 689 1455 746 amictu
1483 686 1846 745 circumdatos
1880 703 1974 744 au-

373 790 609 847 divimus
631 786 942 861 probabiles
962 784 1248 850 exstitisse,
1273 798 1385 838 non
1414 798 1483 839 ex
1510 798 1577 839 eo
1596 781 1756 838 nobis
1779 797 1972 837 mona-

372 883 664 939 steriorum
702 887 784 936 est
824 878 1005 951 regula
1031 874 1349 943 sancienda,
1379 875 1461 931 vel
1490 874 1713 947 antiqua
1754 881 1970 930 sancto-

368 991 493 1031 rum
525 975 749 1029 Patrum
778 979 904 1028 sunt
930 968 1297 1043 perturbanda
1337 967 1585 1036 decreta,
1634 966 1785 1041 quod
1815 967 1970 1039 pauci

368 1075 761 1142 praesumentes
786 1063 1017 1123 aliarum
1063 1065 1326 1121 virtutum
1358 1064 1665 1137 privilegio,
1698 1079 1770 1119 ne
1792 1063 1849 1119 in
1884 1061 1970 1120 his

364 1162 581 1235 quidem
607 1176 730 1234 qua:
744 1175 856 1217 non
870 1158 1175 1220 secundum
1196 1157 1518 1213 catholicam
1537 1155 1783 1229 regulam
1806 1155 1874 1213 ab
1894 1155 1970 1213 eis

362 1263 619 1327 usurpata
642 1262 793 1323 sunt,
813 1251 1129 1325 reprehendi
1151 1251 1349 1308 debere
1368 1251 1689 1307 creduntur.
1716 1248 1968 1307 Generali

360 1364 599 1420 namque
627 1332 876 1404 omnium
899 1337 1301 1412 constitutioni,
1328 1359 1629 1416 paucorum
1661 1358 1773 1400 non
1803 1343 1966 1401 debet

364 1441 604 1513 praeponi
643 1456 745 1495 nec
771 1438 1125 1512 praeiudicare
1166 1438 1456 1494 sententia.
1494 1437 1605 1492 Illis
1627 1437 1773 1493 enim
1799 1436 1965 1494 debe-

363 1550 491 1590 mus
534 1532 792 1590 institutis
822 1549 884 1589 ac
912 1532 1110 1606 regulis
1147 1530 1507 1588 indubitatam
1552 1530 1749 1599 ﬁdem‘,
1792 1540 1848 1588 et
1887 1532 1964 1587 in-

365 1628 665 1685 discussam
697 1626 1056 1683 obedientiam
1088 1641 1183 1698 per
1209 1625 1395 1682 omnia
1439 1624 1821 1692 commodare,
1851 1642 1963 1681 non

364 1732 500 1788 quas
528 1731 826 1788 paucorum
865 1715 1115 1770 voluntas
1154 1699 1505 1780 intulit,’sed
1552 1729 1687 1785 quas
1725 1721 1965 1770 vetustas

363 1816 640 1865 tantorum
666 1817 1004 1879 temporum,
1039 1815 1093 1863 et
1126 1808 1489 1863 numerositas
1518 1815 1835 1862 sanctorum
1864 1810 1964 1863 Pa-

363 1910 511 1958 trum
558 1901 812 1958 concordi
859 1901 1249 1958 deﬁnitionein
1304 1909 1583 1970 posterum
1626 1901 1961 1974 propagavit.

361 1999 474 2052 Nec
495 1995 600 2050 hoc
637 2010 769 2050 sane
793 1993 1144 2079 prtejudicare
1171 1993 1328 2048 nobis
1352 1992 1515 2049 debet
1541 1993 1607 2049 ad
1634 1993 1964 2065 quotidiana:

360 2088 789 2145 conversationis
830 2088 1169 2159 exemplum,
1214 2086 1362 2160 quod
1397 2087 1476 2142 vel
1507 2088 1693 2143 Joram
1739 2087 1961 2143 sacrile-

363 2198 459 2254 gus
484 2198 576 2237 rex
607 2181 774 2236 Israel
811 2181 1043 2236 catervis
1070 2180 1315 2235 hostium
1345 2180 1768 2251 circumseptus,
1795 2178 1960 2235 scissa

361 2279 538 2343 vcste’,
564 2275 796 2331 cilicium
842 2274 1093 2331 habuisse
1132 2274 1447 2347 perhibetur
1493 2274 1823 2330 intrinsecus
1853 2277 1959 2340 (ιν

361 2373 490 2439 Reg.
520 2372 633 2435 v1),
661 2368 743 2423 vel
769 2368 915 2440 quod
941 2368 1191 2423 Ninivitac
1230 2368 1297 2424 ad
1326 2365 1679 2447 mitigandam
1719 2369 1820 2425 Dei
1849 2383 1961 2423 sen-

357 2464 586 2519 tentiam
616 2478 737 2535 qua:
766 2463 820 2518 in
851 2477 945 2519 eos
970 2462 1077 2517 lata
1106 2460 1285 2518 fuerat
1332 2477 1430 2541 per
1460 2459 1815 2532 prophetam,
1846 2461 1958 2518 cili-

362 2558 428 2613 cii
453 2558 738 2630 asPeritate
767 2556 921 2613 velati
952 2564 1077 2612 sunt
1122 2560 1296 2622 (Jome
1325 2560 1453 2622 In),
1494 2571 1618 2610 cum
1666 2563 1722 2611 et
1758 2555 1846 2612 ille
1886 2556 1961 2612 ita

264 2710 271 2713 ,
359 2653 682 2709 intrinsecus
725 2652 955 2707 latenter
1001 2650 1224 2706 indutus
1272 2665 1337 2705 eo
1386 2648 1551 2705 fuisse
1601 2655 1961 2719 monstretur,

359 2754 420 2801 ut
447 2746 546 2802 nisi
591 2746 756 2801 scisso
803 2744 1035 2816 desuper
1075 2743 1401 2799 indumento
1425 2759 1454 2798 a
1482 2744 1701 2799 nemine
1738 2758 1963 2816 prorsus

360 2840 621 2913 potuisset
658 2840 914 2913 intelligi,
954 2847 1009 2895 et
1038 2838 1123 2894 isti
1161 2854 1227 2895 eo
1273 2845 1520 2910 tempore
1561 2837 1961 2909 operimentum

2081 593 2230 648 urbis
2276 593 2555 650 eversione
2594 592 2938 666 lugentibus,
2980 592 3285 666 eodemque
3323 594 3527 650 amictu
3578 596 3685 651 cir-

2080 685 2371 754 cumdatis,
2397 687 2581 743 nullus
2604 693 2784 759 posset
2808 701 2837 742 a
2867 700 3146 758 quoquam
3175 687 3540 743 ostentatione
3567 690 3680 757 [AL

2080 778 2490 847 ostentationis]
2520 778 2718 834 notari.
2764 777 2902 848 Qtna
2938 777 3041 834 nisi
3082 777 3320 835 insolens
3347 778 3419 836 sit
3455 778 3688 837 diversi-

2078 880 2181 938 tas,
2207 887 2319 927 non
2348 870 2583 928 offendit
2621 871 2976 943 inaequalitas.

2689 965 2930 1022 CAPUT
2967 966 3062 1021 IV.

2492 1064 2570 1117 De
2605 1061 2822 1115 meullis
2867 1062 3263 1129 Egyptiorum.

2146 1152 2285 1208 Sunt
2331 1160 2594 1225 praeterea
2636 1153 2887 1227 quaedam
2916 1153 2971 1209 in
3018 1154 3135 1225 ipso
3164 1152 3539 1226 .Egyptiorum
3580 1154 3688 1212 ha-
3724 1202 3731 1207 .

2048 1232 2190 1301 rbitu
2236 1232 2349 1302 non
2392 1254 2607 1304 tantum
2645 1247 2713 1304 ad
2755 1262 2947 1303 curam
2992 1246 3264 1318 corporis,
3306 1256 3571 1319 quantum
3612 1249 3683 1306 ad

2074 1354 2296 1395 morum
2335 1338 2635 1396 formulam
2672 1340 3056 1413 congruentia,
3089 1355 3198 1411 quo
3240 1339 3601 1411 simplicitatis
3628 1352 3688 1399 et

2073 1431 2400 1489 innocentiae
2428 1434 2772 1490 observantia
2793 1477 2808 1503 ,
2852 1434 3015 1490 etiam
3054 1434 3107 1488 in
3145 1434 3258 1505 ipsa
3285 1436 3511 1491 vestitus
3547 1450 3681 1507 qua-

2071 1524 2222 1582 litate
2267 1534 2536 1583 teneatur.
2563 1530 2588 1560 "
2635 1527 2875 1585 Cucullis
2911 1542 3150 1599 namque
3188 1528 3463 1599 perparvis
3504 1544 3685 1600 usque

2071 1617 2140 1673 ad
2168 1620 2388 1675 cervicis
2413 1620 2877 1692 humerorumque
2900 1620 3170 1677 ’demissis
3196 1621 3451 1689 conﬁnia,
3482 1622 3685 1694 quibus

2070 1719 2286 1769 tantum
2320 1712 2494 1785 capita
2536 1723 2860 1787 contegunt,
2889 1713 3259 1770 indesinenter
3296 1714 3486 1771 diebus
3513 1723 3679 1771 utun-

2071 1811 2163 1860 tur
2190 1821 2254 1861 ac
2277 1807 2551 1877 noctibus,
2580 1808 2782 1864 scilicet
2823 1816 2886 1865 ut
2917 1808 3282 1865 innocentiam
3323 1817 3378 1865 et
3417 1808 3679 1881 simplici-

2073 1905 2241 1954 tatem
2272 1902 2634 1972 parvulorum
2658 1902 2861 1974 jugiter
2882 1901 3157 1959 custodire
3182 1903 3345 1958 etiam
3382 1902 3683 1959 imitatione

2070 1990 2238 2064 ipsius
2266 1994 2546 2050 velaminis
2576 2005 3049 2053 commoveantur.
3094 1996 3201 2067 Qui
3239 1996 3437 2053 reversi
3482 1996 3551 2053 ad
3594 1996 3680 2052 in-

2068 2083 2289 2141 fantiam
2319 2087 2520 2143 Christi
2544 2090 2755 2145 cunctis
2785 2089 2937 2146 horis
2963 2106 3092 2147 cum
3124 2089 3325 2146 affectu
3373 2102 3436 2146 ac
3476 2090 3685 2147 virtute

2067 2177 2367 2236 decantant
2392 2202 2402 2236 :
2424 2186 2673 2259 Domine,
2703 2200 2809 2239 non
2832 2190 2909 2239 est
2930 2187 3232 2240 eraltatum
3251 2202 3340 2240 cor
3362 2201 3555 2248 malm,
3582 2202 3676 2240 ne-

2069 2289 2171 2342 que
2181 2276 2314 2329 elati
2319 2280 2447 2330 sunt
2457 2279 2726 2341 oculimei,
2741 2295 2908 2349 neque
2919 2296 3005 2333 am
3014 2280 3171 2334 buluv
3178 2281 3260 2333 iin
3272 2296 3358 2334 ma
3365 2282 3681 2350 gnis,neque

2067 2368 2127 2419 in
2154 2368 2499 2422 mirabilibus
2524 2384 2687 2439 super
2710 2387 2813 2425 me.
2842 2373 2905 2426 Si
2924 2387 3029 2425 non
3056 2373 3331 2425 humiliter
3350 2374 3643 2427 sentiebam
3658 2416 3675 2436 ,

2068 2459 2161 2513 sed
2185 2462 2430 2513 eralta'ei
2444 2464 2682 2515 animam
2704 2478 2873 2516 meam
2899 2481 2916 2516 :
2941 2467 3078 2517 sicut
3099 2464 3400 2518 ablactatus
3421 2469 3499 2518 est
3516 2481 3681 2535 super

2068 2560 2244 2611 matre
2271 2572 2371 2612 sua
2397 2560 2626 2625 (Psalm.
2665 2558 2869 2630 cxxx).

2692 2653 2938 2709 CAPUT
2972 2655 3040 2711 V.

2490 2751 2564 2803 De
2605 2748 2818 2801 colobiis
2857 2749 3251 2817 Egyptiorum.

2139 2830 2167 2870 δ
2190 2838 2432 2895 Colobiis
2462 2855 2680 2913 quoque
2710 2839 2868 2897 lineis
2893 2840 3099 2912 induti,
3142 2857 3266 2914 qua:
3294 2840 3376 2897 vix
3406 2840 3473 2898 ad
3524 2840 3680 2897 cubi-

1454 2954 1707 3008 ALABD]
1749 2954 1971 3008 GAZzEl
2013 2953 2579 3010 COMMENTARIUS.

427 3074 451 3105 ³
484 3070 774 3136 Cucullus,
798 3068 879 3125 vel
923 3067 1197 3135 cucullio,
1224 3067 1306 3122 vel
1351 3068 1535 3123 minus
1577 3068 1816 3135 Latine,
1865 3084 1963 3124 cu-

356 3141 519 3206 culla,
560 3156 733 3213 genus
759 3148 842 3196 est
874 3138 1216 3213 vestimenti,
1263 3154 1358 3194 seu
1398 3138 1661 3205 amictus,
1684 3146 1875 3213 Acaput
1909 3149 1963 3213 et

2074 3071 2317 3125 habitum
2342 3072 2560 3139 longum
2584 3075 2633 3125 et
2658 3071 2918 3140 amplum,
2958 3070 3053 3125 sed
3077 3073 3315 3123 manicas
3342 3085 3447 3124 non
3474 3071 3681 3125 haben-

2073 3144 2175 3195 tem
2194 3160 2211 3207 ;
2228 3140 2377 3196 sicut
2405 3142 2616 3195 videtur
2643 3143 2876 3197 Clemens
2896 3158 3047 3210 papa
3085 3143 3317 3209 accipere
3344 3143 3401 3193 in
3440 3142 3673 3196 Clemen-

354 3209 614 3295 humeros
655 3209 1112 3295 circumanibiens
1150 3218 1203 3265 et
1242 3218 1559 3295 protegens;
1592 3210 1734 3295 unde
1757 3211 1961 3295 ‘cucul-
1992 3232 2036 3295 ρ
2074 3214 2404 3295 ςὶηςιηρνίτηα
2436 3212 2502 3295 de
2543 3216 2705 3295 statu.
2718 3209 3123 3295 monachorum;
3149 3214 3334 3295 [lactem
3370 3227 3494 3265 vero
3538 3213 3671 3295 elicit

357 3283 517 3347 latus,
538 3281 591 3336 id
614 3290 715 3346 est,
757 3282 970 3337 cucullo
1007 3282 1085 3336 vel
1117 3281 1325 3335 cuculla
1356 3281 1578 3336 indutus
1605 3285 1698 3348 (D.
1732 3282 1964 3337 Ambro-

354 3357 466 3407 sius
485 3369 641 3407 serm.
669 3355 794 3415 ult.,
826 3353 1077 3409 Sidonius
1102 3353 1193 3406 lib.
1219 3368 1311 3406 vn
1343 3355 1496 3423 epist.
1536 3358 1625 3419 I6,
1658 3356 1801 3407 Petr.
1839 3354 1961 3409 Clu-

350 3425 653 3506 niacensi
670 3439 763 3506 1n
811 3428 984 3506 Epist.
1017 3428 1140 3488 28).
1185 3426 1360 3506 Por‘ro
1400 3423 1626 3505 cucullis
1664 3423 1962 3505 utebantur

354 3495 608 3550 monachi
648 3494 908 3567 ngyptii,
942 3512 1053 3567 non
1090 3504 1205 3550 tam
1242 3494 1309 3548 ad
1347 3495 1591 3567 corporis
1630 3510 1851 3559 curam,
1876 3495 1961 3567 ait

356 3567 664 3628 Cassianus,
711 3565 874 3635 Quam
919 3565 985 3620 ad
1017 3568 1332 3621 monasticm
1368 3565 1755 3635 simplicitatis,
1788 3574 1845 3619 et
1872 3566 1957 3618 in-

354 3638 625 3707 nocentis:
650 3636 983 3707 symbolum,
1013 3636 1161 3707 quod
1203 3636 1370 3691 etiam
1412 3642 1641 3690 testatur
1664 3639 1728 3691 B.
1776 3638 1955 3690 Doro-

354 3707 518 3763 theus
540 3706 659 3761 loco
681 3706 934 3777 superius
962 3706 1128 3762 citato
1163 3726 1174 3760 :
1202 3709 1461 3770 Fer-imus,
1492 3708 1687 3776 inquit,
1708 3712 1758 3762 et
1777 3709 1950 3761 cucul-

354 3779 461 3832 lum
481 3821 496 3840 ,
529 3778 672 3847 quod
694 3781 1002 3832 innocentia:
1027 3781 1237 3845 signum
1274 3782 1351 3831 est
1379 3783 1427 3832 et
1462 3782 1740 3847 puritatis.
1788 3781 1954 3834 Pueri

355 3852 493 3919 enim
518 3850 743 3919 parvuli
760 3850 1022 3903 cucullum
1064 3851 1270 3915 ferunt,
1308 3864 1413 3902 non
1441 3853 1549 3903 viri
1571 3852 1815 3919 perfecti.
1846 3852 1948 3904 Nos

352 3914 536 3986 igitur.
575 3921 837 3975 cucullum
884 3914 1107 3987 ferimus
1129 3963 1145 3983 ,
1195 3924 1257 3974 ut
1299 3922 1526 3989 parruli
1567 3914 1733 3974 simus
1785 3921 1946 3972 mali-

353 3993 465 4055 tia;
492 3992 937 4061 qzwnuulmodum
964 3996 1137 4045 monet
1166 3992 1450 4060 Apostolus
1473 4011 1488 4045 :
1516 3992 1685 4047 Nolite
1708 3992 1948 4044 sensibus

344 4064 573 4131 parvuli
595 4078 728 4129 esse;
769 4064 981 4117 malitia
1018 4068 1194 4117 autem
1228 4064 1451 4131 parvuli
1476 4066 1651 4115 estote.
1687 4063 1948 4116 Sozome-

349 4148 458 4189 nus
498 4133 588 4189 lib.
632 4149 700 4190 Ill
750 4133 969 4205 Histor.
1010 4150 1125 4205 cap.
1176 4139 1242 4188 13
1296 4134 1362 4188 de
1422 4131 1947 4205 iisdem_monachis

351 4219 565 4276 agens;
592 4206 792 4276 Caput,
822 4204 1030 4276 inquit,
1065 4203 1457 4275 integumento,
1501 4203 1644 4273 quod
1680 4204 1947 4258 cucullum

350 4274 687 4340 (κυκούλλιονδ
713 4274 986 4345 (11ηκῖΙάνο
1020 4274 1189 4332 solent
1210 4320 1224 4339 ,
1256 4277 1608 4345 aperiebant:
1639 4291 1744 4345 quo
1776 4279 1947 4329 osten-

312 4349 316 4354 ’
350 4345 537 4398 (lerent
565 4360 619 4397 se
642 4348 809 4397 ritum
832 4348 1054 4413 perinde
1078 4349 1366 4414 simplicem
1392 4350 1442 4402 et
1462 4349 1726 4401 sinceram
1748 4363 1910 4414 agere
1928 4389 1942 4407 .

350 4420 512 4484 atque
536 4430 731 4483 pueros
762 4415 895 4467 lacte
933 4418 1195 4475 nutritas,
1229 4432 1452 4483 quorum
1482 4422 1643 4484 caput
1683 4417 1950 4483 ejusmodi

348 4488 506 4539 tiaris
533 4486 828 4546 involvunt,
859 4488 920 4539 ut
956 4489 1174 4553 tegatur
1211 4485 1372 4537 simul
1398 4490 1447 4538 et
1484 4488 1751 4551 foveatur.
1780 4485 1946 4541 Addit

346 4556 686 4632 Nicephoras
723 4556 866 4632 (Lib.
898 4570 958 4610 lx
991 4572 1033 4610 ε.
1073 4560 1131 4632 l_4
1153 4557 1624 4632 .Il-istor.)__teg_men
1656 4555 1816 4632 illud,
1847 4572 1940 4632 seu

345 4627 644 4682 amiculum
674 4626 1040 4682 ac'uminatum
1088 4626 1273 4680 fuisse.
1313 4626 1583 4681 Palladius
1610 4626 1663 4681 in
1694 4627 1939 4683 Historia

346 4699 610 4753 Lausiaca
632 4714 751 4755 can.
788 4703 847 4752 37
882 4696 1071 4752 scribit
1105 4696 1403 4751 monachos
1433 4698 1816 4754 Tabennenses
1838 4700 1940 4755 sub

346 4714 610 4753 Lausuaca
632 4714 691 4751 ca
741 4742 751 4751 .
788 4714 846 4752 37
882 4714 1071 4752 senon
1105 4714 1403 4751 monacnos
1433 4714 1816 4754 'r'auennenses
1838 4714 1940 4755 suo

345 4769 638 4825 Pachomio
664 4714 859 4825 abbate
887 4768 1124 4823 cucullas
1160 4767 1410 4841 habuisse
1438 4769 1616 4841 crucis
1655 4785 1940 4841 purpureae

344 4840 515 4923 figura
542 4849 782 4923 notatas;
814 4848 868 4895 et
897 4855 991 4923 eo_s_
1015 4855 1138 4895 cum
1173 4840 1289 4923 sola
1319 4840 1525 4921 cut-ulla
1574 4840 1642 4895 ad
1662 4840 1938 4923 commu-

345 4911 566 4968 nionem
602 4916 853 4967 accelere
888 4911 1109 4975 solitos,
1141 4919 1201 4965 ut
1232 4912 1477 4981 superius
1520 4911 1850 4979 notavimus,
1884 4920 1940 4968 et

344 5000 442 5053 cap
490 4991 549 5038 4t
589 4984 720 5038 dicit
742 4983 909 5038 etiam
936 4982 1167 5053 virgines
1200 4982 1664 5049 sanctimonialcs,
1690 4998 1789 5037 suo
1828 4999 1935 5039 sa:-

344 5052 469 5107 culo
520 5054 745 5109 cucullis
802 5054 878 5107 uti
933 5052 1296 5109 consuevisse.
1346 5055 1408 5108 D.
1461 5056 1827 5124 Hieronymus
1880 5056 1935 5110 in

342 5125 689 5177 Testamento
722 5124 1009 5180 Hilarionis
1056 5126 1321 5179 cucullam
1353 5126 1618 5189 nominat,
1665 5124 1741 5178 sic
1785 5126 1935 5180 enim

342 5194 530 5248 scribit
562 5215 573 5248 :
605 5196 791 5251 Omnes
826 5195 1044 5248 diutius
1077 5210 1204 5249 suas
1233 5198 1284 5247 ei
1320 5197 1624 5264 relinquens
1644 5237 1656 5256 ,
1688 5198 1933 5263 Evange-

343 5266 473 5319 lium
502 5266 714 5327 scilicet,
744 5269 795 5319 et
818 5268 1051 5320 tunicam
1088 5281 1321 5319 sacceum
1341 5268 1385 5328 ί,
1426 5267 1709 5325 cucullum,
1737 5270 1789 5317 et
1810 5268 1933 5334 pal-

341 5337 540 5390 liolum.
576 5340 638 5390 lit
668 5336 1031 5391 communiter
1053 5337 1229 5392 SOlcllt
1266 5337 1512 5389 monachi
1542 5335 1812 5389 cucullum
1844 5352 1935 5390 vo-

339 5422 495 5477 care,
547 5423 657 5462 non
695 5408 999 5472 cucullum;
1041 5417 1101 5461 ut
1128 5414 1179 5461 et
1220 5409 1304 5477 D.
1337 5406 1656 5477 Benedictus
1700 5420 1821 5474 cap.
1862 5412 1932 5460 55

336 5475 580 5551 Regulae.
609 5478 698 5533 ubi
731 5477 1003 5549 duplicem
1030 5475 1727 5551 siveigeminamassignat
1747 5478 1934 5529 cucul-

336 5546 449 5603 1οηῖ
462 5592 478 5620 ,
526 5551 753 5604 alterum
784 5546 841 5603 in
883 5551 1049 5603 hieme
1088 5546 1329 5620 rillusam
1355 5590 1368 5609 ,
1396 5548 1624 5601 alteram
1650 5547 1706 5598 in
1728 5552 1933 5620 _a:stute

336 5615 626 5691 simplicem
655 5626 705 5676 et
734 5626 959 5676 tenuem.
991 5621 1053 5691 in
1080 5633 1243 5691 quem
1276 5617 1455 5691 locum
1486 5615 1769 5691 annotavit
1796 5620 1934 5691 Tur-

335 5686 663 5747 rccfcmatus
689 5692 953 5747 cucullam
985 5686 1346 5743 diversimode
1387 5686 1554 5756 accipi
1590 5703 1617 5739 a
1643 5686 1869 5743 diversis
1914 5707 1926 5742 :

334 5763 543 5833 Aliqui,
570 5762 760 5834 inquit,
772 5760 1013 5815 ridelicet
1031 5760 1449 5821 Ultramontani,
1466 5758 1727 5812 cucullum
1749 5759 1933 5815 dicunt

326 5927 339 5931 _
398 5872 421 5896 *
450 5873 575 5919 Nota
601 5870 1060 5931 tunicamgsacceam
1082 5880 1168 5927 pro
1181 5879 1336 5921 sacro.
1358 5868 1431 5917 vel
1450 5866 1619 5931 cilicio,
1644 5867 1703 5917 de
1721 5883 1817 5931 quo
1846 5881 1930 5915 su-

334 5928 434 5991 pra.
459 5931 579 5980 Vide
599 5930 760 5978 Sidon.
779 5929 860 5977 lib.
884 5929 969 5976 Vll
988 5928 1126 5989 epist.
1161 5933 1232 5987 16,
1248 5932 1296 5976 et
1316 5931 1414 5978 Pet.
1437 5928 1839 5980 Cluniacensflib.
1857 5943 1929 5978 ιιι.

1971 4598 2021 4663 D

2074 3283 2339 3345 habitum,
2362 3286 2461 3353 qui
2484 3285 2667 3351 longas
2687 3284 2844 3337 habet
2862 3285 3114 3337 manicas.
3135 3284 3252 3337 Alii
3266 3297 3387 3335 vero
3406 3283 3671 3336 cucullum

2069 3356 2350 3408 nominant
2372 3352 2492 3408 eum
2519 3355 2763 3408 habitum
2801 3356 2901 3423 qui
2930 3354 3079 3423 apud
3106 3353 3239 3406 alios
3261 3352 3463 3405 dicitur
3486 3354 3669 3419 ﬂocus,

2068 3425 2310 3479 t'idelicet
2333 3426 2574 3479 habitum
2602 3441 2721 3479 cum
2744 3427 2956 3494 caputio
2975 3440 3042 3477 ea:
3064 3426 3211 3477 omni
3224 3427 3385 3493 parte
3400 3424 3664 3488 clausum,

2070 3495 2348 3563 longisque
2372 3498 2597 3549 manicis
2624 3498 2971 3549 numicatum.
3004 3497 3137 3549 Haec
3171 3494 3276 3548 ille.

2138 3557 2490 3630 “'Colobium,
2508 3566 2805 3620 secundum
2826 3568 3078 3621 Graecam
3100 3564 3511 3629 derivationem,
3531 3562 3668 3619 sim-—

2066 3634 2209 3704 plici,
2242 3651 2351 3691 non
2391 3635 2635 3707 gemino',
2665 3635 3008 3690 scribendum
3032 3638 3266 3701 (Alcuin.
3309 3637 3402 3689 lib.
3431 3636 3651 3707 deum.

2060 3708 2216 3773 Offie.
2270 3705 2533 3776 capf35).
2574 3709 2672 3762 Est
2699 3714 2881 3761 autem
2928 3708 3108 3761 tunica
3152 3706 3382 3761 manicis
3429 3705 3657 3773 defecta,

2057 3777 2398 3831 exstantibus
2445 3787 2595 3832 extra
2638 3793 2758 3832 eam
2814 3776 3045 3832 brachiis
3079 3796 3090 3831 :
3125 3776 3222 3831 ἀπὸ
3266 3782 3367 3829 τοῦ.
3402 3777 3659 3842 κολόεου,
3725 3815 3731 3823 .

2054 3848 2208 3920 quod;
2234 3847 2415 3920 breve,
2444 3849 2718 3920 mutilum,
2750 3864 2843 3904 seu
2883 3864 3135 3920 mancum
3166 3849 3451 3920 signiﬁcat.
3486 3850 3662 3906 Porro

2057 3918 2301 3973 Cassiani
2327 3919 2772 3989 colobia,quibus
2787 3919 3081 3974 utebantur
3102 3918 3361 3975 monachi
3389 3920 3623 3990 Aigyptii
3641 3962 3657 3988 ,

2055 4004 2164 4043 non
2191 3991 2412 4045 omnino
2439 3991 2663 4044 manicis
2692 3990 2976 4056 carebant;
3012 3991 3106 4046 sed
3142 4007 3203 4046 ea
3231 3990 3373 4045 infra
3408 3992 3653 4045 cubitum

2054 4059 2686 4133 desinebant(Sophron.
2718 4064 2773 4115 in
2814 4065 2976 4116 Prato
3001 4066 3178 4133 spirit.
3199 4078 3313 4132 cap.
3346 4066 3574 4133 92,120
3605 4069 3659 4117 et

2059 4135 2225 4198 124);
2281 4133 2405 4200 vel,
2457 4131 2520 4187 ut
2568 4134 2681 4201 ipse
2728 4133 2995 4203 loquitur,
3024 4131 3162 4189 'fere
3215 4131 3285 4187 ad
3335 4131 3651 4189 cubitorum

2055 4211 2300 4259 extrema
2330 4204 2724 4275 pertingebant,
2750 4220 2860 4257 non
2882 4203 3109 4258 humero
3146 4213 3303 4259 tenus
3332 4210 3551 4264 exertae,
3592 4213 3659 4261 ut

2053 4275 2295 4355 Guychio
2343 4276 2517 4356 visum
2568 4282 2669 4356 est.
2722 4277 2804 4356 De
2854 4275 3051 4356 quibus
3105 4276 3443 4356 Sozomenus
3490 4276 3654 4356 aliam

2054 4345 2219 4400 etiam
2250 4346 2541 4417 irationem
2608 4345 3003 4417 tropologieam
3054 4362 3146 4402 seu
3206 4348 3472 4417 moralem
3523 4347 3659 4402 assi-

2053 4430 2225 4486 gnans
2247 4416 2338 4489 lib.
2376 4431 2449 4489 ut
2480 4431 2602 4489 cap.
2645 4423 2709 4489 l3
2755 4416 2961 4483 scribit,
2998 4418 3206 4489 Aigg'pti
3236 4416 3532 4472 monachos
3555 4438 3659 4471 κει-

2051 4479 2210 4548 ’ἷῶνας
2258 4479 2649 4556 ἀχειροδωτόύς,
2690 4487 2793 4542 hoc
2821 4479 2958 4550 est.
2988 4479 3201 4543 tunicas
3252 4489 3370 4541 sine
3418 4489 3656 4545 manicis

2053 4556 2336 4623 habuisse;
2371 4563 2433 4611 ut
2454 4574 2511 4612 eo
2537 4561 2690 4625 signo
2707 4558 3040 4613 ostenderent
3066 4575 3257 4613 manus
3277 4574 3330 4613 se
3351 4559 3419 4611 ab
3440 4558 3649 4627 injuria

2052 4634 2103 4681 et
2122 4630 2439 4683 contumelia
2477 4630 2761 4695 inferenda
2792 4631 2983 4684 habere
3005 4633 3217 4699 penitus
3242 4631 3448 4683 alimus
3478 4631 3652 4695 (Idem

2048 4702 2104 4771 S.
2146 4702 2439 4755 Dorotheus
2476 4702 2571 4753 ubi
2604 4699 2815 4770 supra).
2848 4703 3018 4771 Porro
3060 4700 3375 4771 huiusmodi
3420 4701 3652 4756 colobiis

2048 4770 2251 4825 similes
2297 4773 2349 4825 in
2381 4771 2616 4825 vestibus
2643 4772 2808 4825 sacris
2842 4770 3198 4835 Dalmaticas,
3234 4786 3327 4824 seu
3367 4771 3650 4827 tunicellas

2054 4841 2300 4896 videmus
2322 4843 2607 4905 (Alcuinus
2625 4842 2722 4895 ubi
2736 4857 2904 4911 supra
2921 4857 2979 4895 ca
3002 4858 3040 4895 3.
3069 4848 3176 4905 37).
3205 4843 3288 4895 De
3313 4841 3511 4911 quibus
3539 4845 3653 4896 An-

2054 4915 2248 4966 sclmus
2292 4912 2633 4966 decretorum
2665 4912 2940 4966 collector.
2976 4859 3095 4966 haec
3127 4921 3409 4966 tamuuam
3435 4927 3499 4966 ex
3538 4915 3651 4966 Eu-

2045 4915 2248 4967 selmus
2292 4912 2633 4968 decretorum
2665 4912 2940 4973 collector,
2976 4912 3095 4968 haec
3127 4921 3409 4981 tamquam
3435 4927 3499 4967 ex
3538 4915 3651 4967 Eu-

2045 4983 2201 5038 sebio
2229 4984 2359 5049 (sed
2388 4984 2655 5039 incertum
2690 4989 2824 5053 quo)
2856 4983 2988 5039 citat
3021 5002 3032 5037 :
3066 4986 3116 5039 A
3160 4988 3344 5038 sancto
3374 4984 3649 5051 Syl'vestro

2045 5060 2093 5108 et
2118 5057 2446 5124 presbyteris
2474 5055 2585 5123 ejus
2613 5054 2931 5109 colobiorum
2967 5070 3097 5109 usus
3128 5057 3359 5124 sumpsit
3389 5057 3609 5109 initium
3630 5099 3645 5118 ,

2045 5130 2095 5177 et
2127 5129 2356 5187 Marcus,
2390 5142 2453 5178 ac
2479 5127 2672 5187 Julius,
2709 5129 2760 5179 et
2787 5127 3030 5181 Liberius
3060 5142 3126 5180 ea:
3150 5127 3338 5180 ordine
3380 5130 3505 5181 sunt
3534 5129 3644 5181 usi.

2043 5198 2168 5249 Post
2196 5197 2286 5249 hos
2306 5201 2483 5249 autem
2507 5197 2706 5249 colobia
2729 5198 2786 5248 in
2803 5197 3121 5251 dalmaticas
3145 5200 3471 5251 commutata
3496 5204 3641 5253 sunt.

2042 5267 2177 5320 llzcc
2208 5266 2314 5319 ille.
2346 5267 2552 5321 Dicitur
2571 5275 2753 5321 autem
2775 5267 3051 5322 colobium
3076 5269 3212 5322 alias
3242 5268 3644 5335 libitouarium,

2041 5337 2122 5390 vel
2156 5335 2561 5411 levitonarium,
2604 5336 2835 5411 lsodoro
2884 5346 3019 5411 teste
3047 5339 3143 5393 lib.
3170 5354 3272 5394 xxx
3328 5339 3642 5411 Etymolog.

2041 5421 2157 5475 cap.
2191 5411 2294 5460 22:
2318 5409 2728 5471 Libitonarium,
2765 5408 2962 5480 inquit,
2991 5414 3069 5465 est
3107 5412 3363 5465 colobium
3391 5408 3504 5465 Sine
3527 5408 3645 5465 ma-

2040 5481 2203 5539 uicis,
2250 5480 2405 5547 quali
2450 5481 2695 5550 monachi
2735 5483 2961 5550 Egypti
2984 5486 3235 5536 utuntur.
3282 5481 3535 5536 Meminit
3585 5491 3639 5535 et

2042 5550 2112 5613 1).
2149 5550 2514 5620 Hieronymus
2560 5549 2884 5620 praefatione
2918 5551 2972 5606 in
3020 5554 3284 5620 Regulam
3314 5551 3482 5605 sancti
3526 5553 3641 5620 iPa-

2039 5619 2260 5674 chomii.
2315 5619 2604 5675 Dicebatur
2641 5628 2696 5676 et
2748 5621 2998 5689 lebeton,
3055 5619 3133 5677 vel
3171 5622 3397 5677 lebitum
3442 5619 3636 5677 eodem

2040 5689 2375 5763 signiﬁcatu;
2413 5690 2555 5746 unde
2581 5691 2633 5746 in
2666 5691 2791 5748 Vita
2818 5693 3062 5763 ejusdem
3092 5692 3363 5749 Pachumii
3398 5691 3515 5746 haec
3542 5691 3641 5748 ha-

2040 5760 2242 5818 béntur
2268 5782 2281 5819 :
2308 5765 2369 5818 In
2401 5767 2555 5817 tanta
2581 5779 2703 5817 vero
2731 5760 3163 5820 vestimentorum
3185 5766 3414 5835 penuria
3436 5778 3489 5820 se
3512 5778 3641 5819 con-

2039 5869 2179 5933 epi~t.
2209 5874 2287 5930 2R,
2309 5870 2471 5918 Tract.
2500 5876 2551 5919 2t
2582 5870 2626 5920 in
2652 5870 2881 5934 Regulam
2917 5873 2978 5921 D.
3005 5871 3183 5921 Bened.
3244 5884 3256 5891 ί
