4052 6200
329 327 385 378 69
1282 324 1375 379 DE
1412 320 1894 379 C(ENOBIORUM
1931 322 2313 380 lNSTlTUTlS
2350 323 2550 380 LIBER
2593 326 2630 380 ι.
3546 338 3620 392 7o

330 462 492 509 torum
521 451 632 508 ima
668 450 1017 526 pet-tingunt,
1048 451 1225 508 nudas
1248 450 1315 506 de
1355 450 1569 523 reliquo
1607 449 1910 507 circumfe—
1934 455 1989 516 Α
2018 450 2105 506 nis
2134 450 2264 507 linei
2296 451 2491 509 doceat
2535 450 2944 524 indumentum,
2999 453 3331 530 audiantque
3371 473 3468 531 per
3504 458 3616 517 hoc

331 556 441 605 runt
462 562 678 617 manus,
708 556 769 604 ut
798 555 1110 621 amputatos
1128 545 1331 603 habere
1354 560 1451 602 eos
1478 554 1631 602 actus
1654 552 1710 602 et
1739 560 1903 616 opera

330 641 495 699 mundi
537 640 700 713 hujus
736 649 992 717 suggerat
1029 639 1290 697 abscissio
1328 638 1709 701 manicarum,
1753 646 1808 693 et
1838 636 1906 692 ab

332 734 461 791 omni
489 735 906 792 conversatione
931 742 1151 792 terrena
1176 733 1546 791 mortiﬁcatos
1566 748 1660 789 eos
1686 730 1909 788 velami-

2015 544 2346 615 Apostolum
2367 545 2614 618 quotidie
2641 545 2911 604 dicentem
2930 547 3032 605 sibi
3064 570 3078 606 :
3104 553 3426 622 Mortiﬁcate
3451 570 3610 610 mem-

2017 638 2113 692 bra
2137 643 2339 702 restim,
2367 655 2489 710 qua:
2517 644 2645 695 sunt
2666 656 2826 712 super
2844 645 3045 699 terram
3082 646 3296 711 (Coloss.
3323 650 3443 714 In).
3468 646 3609 704 Illud

2013 747 2230 804 quoque
2253 733 2386 806 ipso
2420 733 2606 791 habitu
2638 743 2972 808 protestante
2991 777 3006 806 ,
3050 741 3255 797 Mortui
3280 744 3419 797 enim
3448 745 3574 798 estis
3592 785 3613 806 ,

1406 913 1656 969 ALARDI
1693 911 1919 966 GAZ/El
1957 910 2516 969 COMMENTARIUS.

323 1075 673 1141 strinxerant,
689 1078 754 1129 ut
779 1090 1061 1142 nunquam
1081 1074 1311 1129 lebetone
1331 1073 1437 1127 alio
1458 1078 1769 1142 uterentur;
1791 1076 1901 1128 nisi

324 1160 425 1198 cum
448 1147 761 1200 indumenti
789 1146 968 1200 sordes
999 1147 1276 1199 necessitas
1299 1146 1549 1213 coegisset
1588 1147 1779 1199 eluere.
1812 1148 1898 1200 Le-

324 1216 460 1269 beton
495 1221 683 1270 autem
719 1217 856 1270 linea
883 1218 1038 1269 vestis
1065 1219 1184 1269 erat
1211 1217 1389 1269 instar
1412 1217 1617 1278 colobii,
1650 1232 1760 1285 qua.
1788 1231 1899 1269 mo-

317 1287 471 1340 nachi
514 1291 747 1341 utuntur
789 1287 942 1340 hodie
972 1302 1074 1356 per
1112 1286 1432 1340 Thebaidem
1480 1291 1532 1340 et
1582 1289 1891 1355 Egi/ptum.

316 1358 445 1412 Haec
472 1357 563 1411 ibi.
598 1356 701 1413 Sed
736 1364 793 1427 et
833 1357 971 1427 inter
999 1356 1649 1427 lnstitutionesiejusdem
1691 1357 1896 1412 Paclio-

318 1427 405 1482 mii
443 1426 587 1497 apud
620 1426 912 1482 Palladium
950 1425 1005 1482 in
1057 1427 1338 1482 Lausiacis
1384 1425 1615 1482 habetur
1668 1446 1680 1482 :
1726 1430 1896 1484 Noctu

321 1499 541 1553 habeant
587 1500 837 1553 lebitones
875 1499 1059 1562 lineos,
1094 1500 1336 1553 succi-nti.
1384 1498 1495 1553 Cur
1527 1506 1708 1553 autem
1745 1498 1902 1554 lineis

315 1569 485 1651 potius
525 1568 756 1651 colobiis
798 1584 967 1651 quam,
1004 1569 1172 1651 laneis
1211 1576 1496 1651 uterentur
1526 1569 1617 1651 “illi
1648 1570 1900 1651 monachi

318 1639 366 1695 in
409 1639 499 1695 illa
545 1641 713 1696 eremi
746 1639 1092 1707 austeritate,
1132 1656 1305 1711 causa
1328 1640 1610 1711 multiplex
1656 1649 1709 1695 et
1746 1640 1900 1696 obvia

319 1725 425 1792 esse
459 1711 654 1792 potuit
670 1751 691 1792 ε
701 1790 709 1792 _
731 1711 1004 1792 vel__quod
1047 1710 1425 1792 vestesnlinai,
1444 1710 1572 1792 .ut"
1585 1710 1798 1792 viliores
1819 1720 1904 1792 _ct

318 1781 643 1855 abjeetiores,
676 1781 748 1836 ita
784 1781 1172 1855 etiam_calidis
1206 1781 1311 1855 illis
1346 1782 1660 1855 regionibus
1696 1781 1904 1855 fuerint

318 1853 562 1924 aptiores,
595 1861 647 1907 et
686 1852 1125 1924 commodiores;
1157 1854 1240 1907 vel
1273 1852 1433 1924 quod'
1459 1854 1527 1909 ab
1563 1854 1905 1924 exemploet

313 1922 592 1995 traditione
625 1923 935 1995 Apostolica
967 1922 1020 1980 id
1055 1922 1377 1995 acceperint.
1428 1925 1590 1981 Certe
1634 1922 1904 1979 Eusebius

2004 1072 2122 1129 haec
2152 1073 2353 1143 pullam
2374 1078 2429 1128 et
2456 1071 2665 1130 fuscam
2685 1083 2915 1145 vestem,
2938 1083 3000 1133 ut
3024 1077 3310 1135 monachis
3336 1086 3391 1135 et
3414 1082 3617 1137 sancti-

2003 1144 2339 1221 monialibUS
2357 1146 2593 1221 maxime
2615 1147 2868 1221 usitatam
2889 1144 3283 1221 commendant
3306 1153 3516 1221 Patres,
3538 1155 3611 1209 D.

2004 1216 2558 1294 I-lieronymuscpist.
2593 1223 2653 1272 l5
2672 1217 2735 1273 ad
2755 1218 3087 1294 Marcellam.
3117 1223 3394 1283 Tunicam,
3418 1216 3614 1294 inquit,

2002 1289 2288 1354 fuseibrem
2304 1287 2497 1343 induta
2513 1304 2568 1343 se
2590 1293 2801 1358 repente
2813 1292 3036 1345 Domino
3052 1295 3395 1346 consecrauit.
3423 1287 3544 1348 Et'A
3554 1287 3614 1350 ιιὲ

2003 1358 2249 1429 gustinus
2272 1359 2425 1428 epist.
2458 1365 2558 1414 I99
2574 1360 2638 1415 ad
2666 1359 2908 1415 Ediciam
2936 1360 3137 1416 indicat
3157 1360 3365 1417 fuscam
3399 1371 3607 1420 vestem

2009 1444 2171 1511 quam
2202 1437 2357 1511 vocat
2385 1429 2637 1511 nigellam
2659 1472 2674 1498 ,
2713 1429 2904 1511 fuisse
2926 1438 3056 1511 tu_nc
3083 1432 3599 1511 insignecontinem

2007 1499 2138 1554 tiam
2168 1499 2561 1570 proﬁtentium.
2588 1501 2836 1571 Denique
2864 1505 2934 1557 D.
2962 1499 3269 1559 Bernardus
3294 1504 3387 1560 lib.
3417 1506 3485 1561 ad
3509 1522 3608 1561 so-

2008 1585 2192 1625 rorem
2226 1590 2239 1622 :
2263 1574 2436 1641 Nigra
2458 1575 2618 1627 vestis
2637 1574 2877 1628 insinuat
2901 1574 3259 1630 humilitatem
3296 1580 3506 1632 mentis.
3535 1580 3606 1633 Et

2009 1641 2075 1696 ad
2099 1641 2351 1697 eumdem
2376 1643 2711 1699 Bernardum
2730 1643 2971 1699 scribens
2988 1646 3182 1701 Petrus
3196 1645 3601 1706 Cluniacensis:
3678 1660 3693 1671 '

2018 1714 2207 1787 ljisum
2226 1717 2323 1776 est,
2351 1713 2545 1783 inquit,
2565 1717 2779 1783 magnis
2799 1717 3051 1770 Patribus
3076 1719 3182 1771 illis
3202 1720 3419 1787 nigrum
3444 1720 3606 1784 hunc,

2014 1782 2212 1860 dequo
2231 1782 2441 1850 agitur,
2454 1782 2701 1860 colorem,
2734 1782 3455 1860 magisahumilitati,'magis
3486 1782 3605 1860 pte;

2012 1855 2275 1930 nitentia,
2310 1855 2486 1930 magis
2517 1855 3002 1930 luctuiconvenire.
3033 1858 3235 1922 Quibus
3258 1855 3453 1930 studiis
3478 1855 3606 1930 quia

2012 1927 2203 1977 totiam
2227 1925 2476 1977 monachi
2486 1926 2655 1978 vitam
2680 1926 2971 1992 invigilare
2990 1930 3213 1995 oportet,
3239 1925 3606 1992 decreverunt,

315 1994 405 2049 lib.
430 2009 453 2076 ι
494 1994 706 2076 ῌὶεὶος.
737 2009 858 2076 cap.
889 1998 959 2076 25
984 1994 1193 2076 scr-ibit
1224 2011 1286 2049 ex
1328 1995 1897 2076 Egesippo‘Jacobum
1927 2008 1975 2070 Β
2010 2000 2072 2076 ut
2095 1996 2237 2075 color
2259 1996 2516 2076 moribus,
2543 1999 2710 2076 restes
2723 1994 3040 2076 ετςττυιειηιε,
3064 2013 3171 2066 qua
3178 2004 3399 2076 possent
3416 2015 3611 2069 eogna-

314 2065 611 2138 apostolum
654 2064 879 2138 fratrem
920 2066 1144 2138 Domini
1191 2064 1507 2138 numqﬁam—
1529 2064 1766 2121 induisse
1817 2064 1902 2138 la-

312 2135 462 2193 neam
490 2145 724 2203 vestem,
752 2135 847 2192 sed
884 2137 999 2192 sola
1029 2137 1260 2192 sindone
1303 2135 1445 2191 linea
1482 2152 1666 2192 usum.
1714 2136 1905 2191 Ratio-

311 2222 436 2262 nem
461 2208 619 2262 aliam
644 2248 660 2275 ,
703 2223 936 2278 eamque
984 2209 1272 2272 moralem,
1322 2206 1527 2262 indicat
1567 2205 1899 2278 Cassianus,

315 2278 643 2351 quod_lineo
669 2278 765 2351 illo
802 2276 1029 2348 habitu,
1057 2294 1151 2334 seu
1192 2278 1455 2333 velamine
1498 2276 1903 2351 signiﬁcaretur

310 2348 405 2405 eos
446 2349 513 2404 ab
548 2350 696 2405 omni
725 2351 1135 2405 conversatione
1170 2356 1384 2403 terrena
1417 2348 1774 2407 mortilicatos
1796 2390 1811 2414 ,
1846 2356 1900 2403 et

307 2420 511 2475 mundo
558 2429 811 2476 mortuos
857 2435 1008 2492 esse;
1065 2418 1503 2492 quandoquidem
1551 2428 1897 2492 mortuorum

307 2508 536 2563 corpora
565 2492 743 2547 linteis
772 2490 978 2563 involvi
999 2490 1246 2563 soleant;
1277 2490 1418 2546 sicut
1443 2499 1497 2563 et
1512 2490 1769 2563 Christus
1797 2507 1896 2563 pro

305 2561 465 2619 nobis
492 2571 746 2618 mortuus
777 2561 975 2633 legitur
1002 2561 1281 2617 involutus
1309 2562 1365 2616 in
1404 2561 1641 2633 rsindone
1688 2562 1897 2617 munda

304 2636 519 2706 (Matth.
547 2639 770 2706 xxvii).
801 2632 884 2688 Eo
910 2633 1057 2706 enim
1094 2641 1341 2706 spectare
1366 2632 1574 2706 videtur
1609 2633 1900 2706 Cassianus

303 2703 365 2760 ex
427 2704 711 2760 sententiis
762 2704 1018 2774 Apostoli
1059 2703 1135 2758 ab
1180 2719 1244 2759 eo
1283 2703 1478 2758 citatis.
1529 2703 1696 2774 Cujus
1738 2704 1898 2758 etiam

302 2775 889 2848 signiﬁcationisratio
910 2782 1023 2848 est,
1055 2774 1177 2845 quia
1204 2775 1408 2843 linum,
1448 2783 1508 2830 ut
1537 2774 1589 2829 in
1608 2775 1776 2848 telam
1815 2790 1899 2829 re-

301 2845 539 2919 digatur,
576 2847 768 2901 multis
794 2846 1090 2919 rationibus
1123 2855 1447 2910 maceratur,
1490 2845 1758 2919 tunditur,
1788 2853 1903 2919 tor-

300 2916 521 2989 qu'etur,
549 2933 614 2973 ac
652 2932 753 2973 suo
780 2917 947 2989 modo
999 2918 1379 2973 mortilicatur.
1413 2916 1703 2989 Probabile
1737 2916 1901 2971 etiam

302 2987 545 3045 vestibus
586 2989 741 3060 lineis
792 2988 1146 3060 utivoluisse
1202 2996 1424 3060 prOpter
1473 2987 1796 3044 munditiem
1849 2995 1904 3060 et

299 3060 630 3127 candorem,
675 3059 743 3114 ad
787 3058 1606 3141 designandam.innocentiam
1656 3066 1710 3141 et
1751 3058 1901 3141 puri-

298 3140 509 3198 tatem,
552 3146 716 3202 quam
764 3129 1133 3197 sectabantur,
1168 3131 1319 3202 juxta
1375 3130 1506 3185 illud
1558 3129 1905 3185 Ecclesiasten

295 3219 421 3273 cap.
458 3218 528 3256 η
560 3201 578 3256 ί
604 3203 760 3258 Omni
785 3208 1014 3271 tempore
1039 3201 1356 3273 restimenta
1388 3207 1480 3255 tua
1512 3203 1621 3254 sint
1646 3201 1899 3273 candida.

294 3270 587 3328 Caeterum
618 3273 684 3326 de
712 3270 897 3327 colore
911 3272 1277 3331 colobiorum.
1308 3280 1401 3326 aut
1429 3272 1651 3325 aliarum
1672 3270 1905 3325 vestium

293 3344 568 3398 curiosus
593 3342 872 3414 inquirere
896 3358 1004 3398 non
1035 3342 1247 3399 videtur
1283 3357 1462 3413 operte
1490 3342 1756 3414 pretium;
1782 3357 1905 3396 cum

290 3422 521 3470 constet
558 3429 817 3539 pauperes
861 3413 1017 3469 illos.
1049 3422 1101 3469 et
1130 3429 1361 3469 summm
1383 3414 1709 3484 paupertatis
1739 3414 1911 3467 culto-

290 3500 390 3539 res
423 3487 662 3539 eremieo
686 3501 744 3539 as
786 3485 840 3539 in
868 3484 953 3539 illa
980 3485 1103 3539 vitae
1123 3485 1429 3539 austeritate
1457 3500 1567 3539 nan
1594 3484 1709 3539 aliis
1742 3499 1906 3539 uuam

289 3500 390 3541 res
423 3484 744 3540 eremieolas
786 3485 840 3539 in
868 3484 953 3539 illa
980 3485 1103 3541 vitae
1123 3485 1429 3540 austeritate
1457 3500 1567 3539 nan
1594 3484 1709 3539 aliis
1742 3499 1906 3555 quam

290 3557 716 3628 simplicissimis
757 3563 811 3610 et
834 3556 1123 3628 1vilissimis
1164 3556 1492 3628 indumentis
1531 3556 1606 3628 uti
1645 3556 1903 3625 potuisse,

287 3626 544 3683 nec—uno
575 3628 881 3697 eodemque
922 3627 1107 3681 habitu
1143 3643 1337 3681 omnes
1363 3626 1657 3681 universim
1689 3642 1753 3681 ac
1782 3641 1903 3696 per-

252 3740 263 3749 .
287 3707 468 3769 petuo
501 3714 634 3769 usos
657 3697 861 3764 fuisse;
888 3697 978 3753 sed
1008 3713 1106 3769 pro
1131 3697 1434 3769 diversitate
1466 3697 1730 3763 locorum,
1765 3705 1905 3751 tem-

288 3767 538 3840 porum,
583 3767 1052 3840 facultatum,aut
1093 3769 1236 3824 varia
1267 3768 1555 3840 traditione
1605 3770 1902 3840 majorum,

286 3838 374 3921 vel
417 3839 996 3921 seniorum,_diversis.
1034 3840 1275 3921 Primum
1304 3840 1449 3921 enim
1479 3839 1810 3921 therapeutm
1833 3838 1902 3893 illi

287 3912 695 3992 3Aleurzinrlrini,
731 3910 845 3992 ‘hoc
883 3910 1643 3992 est.antiquissimim‘onachi
1677 3919 1903 3992 ἐφρεω-

284 3983 484 4037 lorum
517 3981 763 4052 discipuli
793 3981 1094 4050 candidati,
1127 3980 1162 4035 i.
1196 3982 1331 4035 albis
1365 3981 1569 4046 induti,
1618 3995 1645 4034 a
1677 3980 1904 4052 Philone

283 4050 706 4108 describuntur.
729 4054 835 4108 Ubi
844 4069 982 4119 vero,
996 4052 1170 4123 inquit
1184 4053 1321 4116 (Lib.
1337 4052 1401 4105 de
1422 4054 1549 4107 Vita
1566 4050 1903 4121 eomtempl.),

283 4142 385 4178 mn
398 4141 590 4179 rmere
614 4124 915 4185 candidati,
944 4130 995 4177 et
1014 4125 1127 4177 lceti
1136 4140 1253 4177 cum
1270 4139 1477 4177 summa
1492 4125 1706 4191 grarita
1715 4127 1782 4189 te,
1799 4129 1903 4175 etc.

284 4197 485 4251 Testis
517 4196 682 4250 etiam
714 4195 965 4250 Clemens
995 4194 1397 4250 Alexandrinus
1424 4194 1566 4258 (Lib.
1597 4208 1645 4248 ιῐ
1672 4193 1894 4261 Predag.

285 4284 331 4319 ε.
377 4273 472 4335 ιο,
510 4271 562 4321 et
582 4268 677 4321 lib.
712 4266 1282 4338 Inculti/Iigyptios
1307 4264 1439 4320 albis
1455 4264 1564 4338 fere
1590 4264 1666 4318 uti
1706 4265 1904 4331 solere,

281 4340 408 4392 ritu
451 4338 600 4409 genti
632 4336 906 4409 peculiari,
943 4336 1194 4407 idemque
1220 4344 1397 4393 vestes
1420 4336 1569 4409 albas
1591 4343 1780 4409 utpote
1804 4350 1895 4389 na-

279 4407 534 4476 turales,
580 4407 690 4462 non
730 4408 947 4473 tinctas,
979 4416 1033 4462 et
1072 4410 1352 4476 fullonem,
1401 4416 1461 4462 ut
1494 4408 1568 4462 ait
1622 4407 1905 4477 interpres,

280 4496 405 4533 non
432 4485 658 4549 experta
688 4478 1003 4534 Christianis
1033 4481 1269 4534 maxime
1299 4478 1679 4540 commendat,
1710 4492 1907 4549 easque

278 4548 559 4605 tincturis
584 4549 842 4604 omnibus
875 4549 1094 4621 praefert
1133 4551 1255 4621 (Lib
1295 4550 1360 4605 de
1382 4549 1595 4621 Pallio).
1647 4552 1735 4621 At_
1766 4563 1795 4602 e
1823 4548 1904 4603 di-

280 4636 463 4675 verso
492 4621 662 4674 multa
702 4630 828 4675 sunt
845 4618 1015 4692 {quae
1049 4618 1347 4692 monachos
1373 4618 1766 4692 doceantqatris
1792 4633 1910 4673 ves-

276 4692 447 4746 tibus
497 4691 628 4746 olim
658 4707 789 4747 usos
837 4689 1018 4748 fuisse.
1068 4694 1210 4748 Nam
1250 4691 1518 4761 imprimis
1571 4689 1907 4761 Christianos

282 4762 651 4835 perfectioris
680 4763 802 4818 vitae
825 4763 1064 4818 cultores
1111 4764 1276 4835 pallio
1316 4760 1533 4835 indutos
1559 4760 1723 4835 fuisse
1755 4776 1905 4815 more

280 4831 770 4904 philosophorum
813 4842 1064 4899 testatur,
1109 4831 1318 4902 sibique
1347 4833 1449 4904 hoc
1476 4831 1696 4904 nomine
1709 4839 1909 4904 gratu-

280 4901 369 4959 lat
384 4922 460 4959 ur
484 4901 848 4976 Tertullianus
884 4904 1137 4976 peculiari
1166 4901 1302 4976 libro
1332 4903 1397 4976 de
1417 4903 1537 4976 hac
1575 4901 1803 4976 reedito.
1838 4907 1910 4957 At

280 4976 535 5044 pallium
569 4972 1024 5047 philosophicum,
1050 4975 1197 5030 et-ad
1230 4973 1563 5047 Christianos
1588 4972 1908 5047 translatum

278 5047 531 5115 nigrum
572 5044 761 5112 fuisse,
787 5044 1093 5101 subindicat
1134 5049 1186 5101 D
1237 5046 1602 5116 Hieronymus
1631 5044 1788 5116 epist.
1818 5048 1910 5116 23,

278 5117 393 5172 ubi
427 5119 502 5173 de
529 5118 851 5190 Christianis
887 5133 1068 5190 agens,
1095 5118 1186 5187 qui
1237 5114 1456 5190 propter
1491 5114 1729 5190 viliorem
1763 5114 1913 5190 habi-

278 5196 425 5262 tum
448 5206 479 5243 a
514 5189 830 5262 gentilibus,
850 5185 1261 5262 nonnumquam
1279 5188 1438 5262 etiam
1463 5202 1491 5241 a
1520 5185 1914 5262 pseudo-Chri-

278 5260 501 5316 stianis
521 5259 834 5315 "riderentur
863 5279 875 5313 :
902 5263 1025 5322 Nos,
1057 5259 1254 5328 inquit,
1282 5261 1411 5328 quia
1441 5260 1611 5311 serica
1640 5262 1781 5311 reste
1806 5273 1911 5309 non

280 5335 543 5395 utimur,
569 5332 819 5386 monachi
850 5347 1099 5385 vocamur
1128 5349 1143 5384 :
1170 5333 1221 5383 si
1252 5332 1433 5384 tunica
1472 5345 1577 5383 non
1609 5329 1907 5390 canduerit,

283 5407 497 5457 statim
516 5404 658 5457 illud
676 5419 703 5456 e
716 5404 874 5456 triuio
898 5420 913 5456 :
933 5405 1209 5472 impostor,
1236 5406 1285 5455 et
1302 5403 1516 5472 ereus
1532 5404 1625 5454 est.
1641 5401 1715 5472 _At
1738 5398 1912 5454 multo

281 5474 505 5530 clarius
553 5475 607 5530 id
631 5481 849 5529 constat
876 5489 937 5527 ex
974 5470 1155 5528 vetere
1192 5471 1411 5526 historia
1462 5470 1657 5541 (Apud
1692 5471 1913 5526 Suriu'm

470 5548 550 5600 Vl
580 5562 698 5616 cap.
745 5544 819 5615 9).
863 5546 1005 5600 Nam
1052 5544 1106 5616 in
1146 5544 1268 5616 Vita
1299 5545 1394 5598 SS.
1448 5541 1807 5616 Gallactionis
1860 5548 1914 5594 et

278 5614 588 5687 Epistaemi
631 5611 967 5686 martyrum,
996 5615 1086 5687 qui
1115 5613 1216 5670 sub
1240 5615 1406 5670 Decio
1442 5614 1587 5687 passi
1609 5621 1759 5687 sunt,
1793 5611 1914 5687 haec

272 5684 559 5759 scriptor.
586 5690 715 5751 Eos,
763 5684 967 5759 inquit,
1011 5684 1110 5757 qui
1141 5691 1265 5741 sunt
1293 5684 1455 5757 nigro
1492 5686 1666 5756 pallio
1713 5684 1911 5759 induti,

272 5754 447 5814 dixit
467 5760 678 5815 similes
700 5773 817 5813 esse
833 5754 1061 5827 angelis,
1085 5760 1344 5812 nimirum
1358 5754 1465 5827 qui
1479 5754 1534 5810 se
1562 5772 1595 5809 a
1617 5754 1817 5809 mundo
1836 5769 1915 5808 se-

258 5843 357 5898 pa
370 5838 533 5896 rant,
567 5832 707 5887 etab
724 5831 806 5885 his
832 5826 953 5899 qua:
976 5833 1102 5885 sunt
1128 5830 1320 5882 mundi
1343 5846 1356 5882 :
1378 5826 1437 5883 et
1456 5830 1673 5882 servant
1686 5826 1914 5899 in’rgini-

262 5905 487 5969 tatem,
510 5909 562 5960 et
576 5898 856 5973 elegerunt
874 5901 1241 5955 haberetitam
1264 5898 1823 5956 Christoconsimilem.
1846 5900 1916 5950 At

2012 2068 2153 2138 tione
2169 2066 2551 2138 jungerentur,
2581 2075 2682 2138 etc.
2723 2066 2822 2121 His
2849 2066 3053 2138 accedit
3075 2066 3222 2138 quod
3252 2084 3280 2122 a
3310 2066 3494 2125 colore
3520 2088 3609 2127 ve-

2008 2136 2174 2223 stium
2201 2136 2636 2223 Benedictini,_in
2665 2138 2796 2219 iure
2835 2136 3189 2223 Canonicoet
3227 2140 3425 2210 passim
3461 2143 3606 2223 apud

2006 2206 2327 2282 Ca_nonistas
2354 2207 2604 2282 monachi
2633 2208 2775 2282 nigri
2814 2217 3200 2282 nuncupantur
3227 2206 3251 2263 ':
3291 2226 3402 2281 quo
3433 2206 3603 2269 etiam

2005 2278 2191 2333 colore
2217 2277 2269 2332 in
2300 2277 2486 2334 habitu
2511 2294 2672 2334 usum
2697 2277 2818 2336 esse
2846 2283 2913 2334 ι).
2950 2277 3323 2336 Bcnedictum’
3339 2291 3611 2340 testantur

2003 2347 2245 2422 Raphael
2272 2349 2658 2422 volaterranus
2675 2350 2772 2406 lib.
2794 2364 2903 2422 xxi
2932 2351 3200 2422 Anthrop.
3229 2360 3283 2407 et
3296 2353 3604 2411 Chronicon

2003 2419 2305 2493 casSinense
2336 2419 2427 2476 lib.
2459 2435 2532 2493 1v
2554 2436 2673 2493 cap.
2700 2427 2827 2493 7115,
2850 2421 3106 2493 idemque
3139 2419 3469 2480 conﬁrmant
3495 2428 3604 2481 Pa-

2003 2500 2118 2567 tres
2144 2490 2506 2567 Cassinenses
2521 2492 2572 2545 in
2596 2490 2956 2567 declaratione
2979 2490 3206 2564 Regula:
3232 2495 3384 2565 (Cap.
3409 2496 3497 2567 55)
3520 2496 3607 2553 his

2007 2562 2186 2617 verbis
2206 2581 2218 2616 ε
2239 2565 2466 2632 Propter
2488 2565 2626 2617 hanc
2643 2579 2859 2618 causam
2874 2566 2932 2617 in
2944 2562 3092 2618 statu
3109 2562 3400 2621 monastico
3420 2562 3608 2624 vatius

2011 2634 2229 2707 inolevit
2245 2648 2377 2707 mos,
2397 2639 2447 2687 et
2460 2636 2600 2707 color
2621 2637 2845 2689 restium
2872 2654 2888 2689 :
2910 2650 3003 2688 nos
3024 2640 3200 2689 autem
3220 2642 3605 2707 assumpsimus

2013 2705 2233 2757 colorem
2260 2706 2501 2771 nigrum,
2522 2705 2736 2758 beatiss.
2762 2710 2977 2775 patrem
2998 2711 3235 2760 nostrum
3264 2705 3607 2765 Benedictum

2012 2778 2291 2845 sectantes,
2323 2776 2419 2842 qui
2445 2778 2522 2845 (ut
2545 2774 2786 2845 legimus)
2812 2778 2969 2843 nigro
2993 2792 3120 2830 usus
3158 2781 3236 2830 est
3261 2780 3446 2832 colore.
3472 2782 3609 2836 Haec

2012 2844 2235 2919 il|_i._Est
2251 2860 2415 2919 porro
2439 2843 2864 2919 observandum,
2883 2846 3033 2919 quod
3054 2850 3121 2919 D.
3137 2847 3365 2919 Basilius
3389 2849 3545 2919 epist.
3578 2859 3598 2906 1

2012 2913 2081 2969 ad
2107 2913 2434 2988 Gregorium
2463 2915 2870 2988 Nazianzenum
2897 2913 2949 2988 et
2972 2915 3024 2988 in
3049 2918 3277 2988 Begulis
3303 2913 3472 2973 fusius
3496 2920 3608 2976 dis-

2013 2987 2215 3058 putatis
2230 2986 2426 3058 quzest.
2450 2992 2519 3041 22
2545 2988 2713 3043 multa
2736 2987 2866 3043 dicit
2891 2986 2957 3042 de
2979 2986 3163 3043 habitu
3178 2988 3604 3057 monachorum;

2012 3056 2069 3112 at
2105 3056 2172 3113 de
2199 3056 2382 3114 colore
2415 3058 2541 3113 nihil
2573 3079 2584 3113 :
2616 3058 2720 3113 nisi
2740 3066 2801 3115 ut
2840 3058 3099 3114 concolor
3134 3067 3189 3114 et
3230 3058 3518 3117 uniformis
3541 3056 3611 3118 sit

2013 3127 2230 3204 habitus
2262 3146 2276 3195 _:
2315 3128 2607 3204 sicut_nec
2634 3130 2919 3204 Cassianus
2957 3137 3073 3204 toto
3098 3128 3223 3204 _hoc
3276 3130 3441 3204 libro,
3496 3149 3609 3204 quo
3638 3135 3643 3138 ’

2010 3198 2255 3254 habitum
2277 3199 2671 3274 monachorum
2687 3200 2964 3274 describit.
2985 3200 3148 3257 Unde
3170 3205 3233 3255 D.
3257 3198 3606 3274 Benedictus,

2015 3278 2259 3324 veterum
2323 3272 2541 3325 illorum
2593 3271 2992 3326 monachorum
3062 3280 3115 3326 et
3156 3271 3604 3330 anachoretarum

2015 3340 2274 3414 exemplis
2309 3349 2362 3395 et
2404 3341 2664 3414 institutis
2706 3342 2916 3414 egregie
2950 3342 3216 3414 imbutus,
3264 3358 3395 3399 suos
3431 3362 3605 3402 emno-

2022 3413 2161 3485 bitas
2191 3419 2381 3466 monet
2407 3412 2554 3482 (Cap.
2590 3418 2656 3467 55
2691 3412 2866 3481 1229.);
2897 3429 2964 3485 ne
2999 3413 3065 3467 de
3091 3416 3260 3485 colore
3283 3421 3380 3470 aut
3400 3421 3607 3485 'grossi—

2016 3483 2202 3537 tudine
2224 3486 2468 3559 t‘estium,
2504 3488 2601 3538 aut
2624 3500 2805 3538 rerum
2835 3483 3453 3559 hujusmodicausentur
3479 3488 3494 3559 (
3504 3488 3609 3544 hoc

2016 3562 2115 3628 est,
2147 3556 2517 3628 querulentur,
2551 3556 3052 3624 autmurmurent);
3075 3556 3167 3610 sed
3181 3559 3383 3626 quales,
3411 3556 3604 3628 inquit,

2014 3627 2248 3698 inveniri
2268 3629 2493 3695 possunt
2509 3628 2567 3679 in
2583 3628 2862 3696 provincia
2883 3643 2991 3697 qua
3012 3628 3231 3695 degunt,
3255 3635 3349 3684 aut
3364 3627 3507 3698 quod
3531 3634 3611 3685 ri-

2016 3696 2118 3749 lius
2153 3699 2464 3769 compa-rari
2477 3701 2675 3769 potest.
2717 3698 2985 3769 Caeterum
3038 3698 3169 3769 quid
3213 3696 3607 3769 posterioribus

2013 3766 2226 3840 saeculis
2255 3769 2321 3822 de
2339 3766 2601 3840 vestibus
2627 3766 3102 3840 Benedictiuorufn
3140 3766 3434 3840 earumque
3460 3772 3610 3829 colo-

2013 3837 2186 3903 ribus,
2211 3846 2265 3893 et
2301 3839 2417 3892 aliis
2445 3838 2852 3895 conditionibus
2901 3848 3168 3895 statutum
3212 3841 3304 3908 sit,
3348 3837 3522 3897 latius
3551 3842 3605 3897 in

2013 3908 2207 3981 celebri
2253 3909 2651 3981 Constitutione
2694 3910 2990 3967 Clementis
3029 3911 3096 3975 V,
3147 3910 3456 3981 cujushaec
3480 3920 3608 3969 sunt

2012 3980 2172 4034 verba
2214 3980 2492 4035 memoria:
2520 3980 2950 4036 commendanda
3015 4001 3027 4035 :
3055 3985 3130 4037 Ne
3174 3980 3231 4034 in
3266 3998 3397 4049 agro
3430 3987 3611 4038 Domi-

2013 4053 2149 4112 nico,
2172 4066 2324 4104 sacra.
2353 4052 2594 4105 ridelicet
2617 4054 2997 4105 Monachorum
3023 4054 3313 4119 Nigrorum
3332 4054 3610 4119 religione,

2013 4122 2319 4194 indecorum
2331 4122 2545 4188 aliquid
2555 4123 2794 4194 obrepat,
2813 4126 2908 4175 aut
2918 4123 3475 4194 ritiosumquidquam
3490 4139 3613 4194 per-

2014 4193 2208 4263 niciose
2234 4193 2290 4243 in.
2314 4196 2535 4263 segetem
2561 4192 2846 4263 coalescat;
2868 4191 2959 4243 sed
2977 4195 3039 4263 ut
3057 4193 3113 4243 in
3142 4191 3237 4243 illa
3257 4193 3440 4261 potius
3455 4191 3611 4263 ﬂores

2016 4262 2231 4315 honoris
2258 4264 2305 4313 et
2326 4261 2613 4314 honestatis
2636 4262 2849 4327 fructus
2880 4263 2937 4315 in
2960 4262 3202 4316 ubertate
3232 4261 3563 4322 succreseant
3592 4287 3609 4323 :

2015 4334 2090 4385 eis
2105 4334 2162 4384 in
2180 4332 2409 4386 restibus
2426 4331 2794 4386 inordinatum
2814 4347 3038 4395 onmem,
3064 4348 3155 4387 seu.
3174 4337 3499 4405 anquisitum
3519 4354 3612 4392 or-

2014 4408 2223 4479 natum,
2256 4409 2354 4479 aut
2382 4405 2619 4479 cultum,
2632 4418 2836 4479 necnon
2864 4406 2921 4479 in
2950 4406 3183 4479 cibis_,_et
3197 4408 3430 4475 potibus,
3462 4412 3613 4479 equi-

2016 4477 2232 4535 taturis,
2254 4479 2302 4527 et
2327 4475 2662 4529 lectisterniis
2674 4477 2910 4545 quemvis
2930 4480 3055 4529 nota
3064 4477 3217 4530 bilem
3238 4475 3611 4534 interdicentes

2016 4560 2303 4609 excessum,
2321 4548 2629 4608 statuimus,
2648 4551 2709 4600 ut
2720 4548 2963 4616 superior
2976 4549 3131 4601 restis
3148 4550 3385 4616 ipsorum
3400 4552 3467 4605 ha
3476 4553 3619 4605 bitui

2019 4617 2088 4690 (ἱ,
2111 4616 2285 4683 ﬂoco,
2318 4616 2564 4690 cucullm,
2593 4618 2673 4690 vel
2706 4617 2995 4690 scapulari,
3021 4616 3323 4690 aitglossa)
3358 4625 3613 4690 proxima

2019 4686 2231 4757 (nempe
2244 4688 2386 4812 toga;
2403 4690 2571 4755 nigri,
2591 4688 2769 4751 bruni,
2793 4686 2889 4743 aut
2909 4689 3025 4743 albi
3038 4689 3224 4743 coloris
3241 4686 3613 4760 cristatjurta

2019 4774 2213 4812 morem
2236 4775 2365 4812 ama
2395 4775 2478 4812 eos
2488 4760 2917 4812 sem'aiisolitum
2928 4762 2985 4812 in
3001 4761 3232 4812 reaione.
3253 4776 3361 4812 aua
3379 4761 3609 4812 denunt:

2016 4774 2213 4812 morem
2236 4760 2386 4828 apud
2395 4775 2478 4812 eos
2488 4760 2917 4813 sem'aiisolitum
2928 4762 2985 4813 in
3001 4761 3232 4826 regione,
3253 4776 3361 4827 qua
3379 4761 3609 4827 degunt:

2015 4844 2107 4883 nec
2121 4832 2175 4883 in
2190 4830 2399 4899 qualita
2407 4832 2637 4897 tepanni
2646 4831 2910 4897 regularis
2927 4830 3217 4883 cmcedatur
3229 4829 3506 4899 modestia,
3523 4846 3617 4885 nec

2018 4898 2298 4969 qumratur
2318 4900 2462 4967 quod
2472 4901 2779 4967 pretiosius,
2797 4904 2893 4951 aut
2910 4898 3145 4969 subtilis,
3162 4898 3254 4969 sed
3267 4898 3410 4965 quod
3424 4901 3614 4955 utilius

2019 4966 2161 5023 ralet
2186 4966 2437 5029 inrenim',
2467 4966 2571 5020 etc.
2601 4969 2710 5022 Ubi
2743 4966 3160 5038 glossographus
3184 4968 3249 5022 ad
3277 4969 3363 5022 illa
3391 4970 3551 5025 verba
3596 4994 3609 5028 :

2021 5042 2200 5112 Nigri,
2228 5040 2407 5112 bruni,
2427 5039 2649 5091 autalbi
2662 5042 2800 5112 :_Hos
2814 5037 2948 5112 tres,
2968 5037 3168 5112 inquit,
3184 5040 3377 5095 colores
3390 5046 3613 5112 permit-

2021 5110 2198 5173 tendo,
2229 5110 2364 5182 alios
2390 5124 2587 5171 omnes,
2615 5109 2700 5182 uel
2725 5109 2968 5182 misculos
2992 5110 3255 5179 prohibet,
3289 5109 3433 5182 quod
3454 5115 3619 5168 multi

2020 5196 2124 5236 non
2142 5180 2460 5253 ponderant,
2489 5181 2641 5253 Quod
2661 5196 2786 5250 ergo
2801 5181 2932 5235 dicit
2959 5183 3159 5249 Regula
3186 5180 3403 5253 (nempe
3428 5188 3496 5238 D.
3514 5187 3616 5238 Be-

2021 5252 2218 5308 nedicti
2238 5252 2326 5307 ubi
2349 5252 2542 5322 supra)
2580 5252 2647 5305 de
2677 5253 2845 5307 colore
2886 5269 2989 5307 non
3028 5258 3314 5307 catlsentur
3342 5252 3612 5316 monachi,

2020 5340 2126 5378 non
2144 5323 2376 5377 intendit
2396 5322 2540 5392 quod
2562 5325 2805 5379 omnibus
2823 5324 3080 5378 coloribus
3101 5325 3339 5379 liceateis
3352 5329 3463 5379 uti:
3486 5341 3611 5378 nam

2020 5399 2181 5450 etiam
2192 5395 2539 5450 saecularibus
2549 5396 2750 5449 clericis
2758 5400 2884 5449 sunt
2893 5396 3113 5465 quidam
3123 5396 3413 5462 interdicti;
3418 5401 3493 5451 De
3502 5398 3614 5449 rita

2022 5471 2073 5521 et
2090 5468 2289 5522 honest.
2323 5466 2505 5521 Cierio.
2525 5480 2644 5534 cap.
2668 5466 2880 5531 Clerici,
2908 5468 3025 5521 Lib.
3052 5480 3127 5520 ῐιῐ
3156 5468 3419 5522 Decretal.
3449 5469 3529 5519 tit.
3556 5466 3613 5533 ι).

2022 5539 2127 5594 Sed
2138 5540 2231 5592 hoc
2254 5537 2502 5598 intendit,
2530 5536 2672 5606 quod
2687 5553 2793 5591 non
2817 5543 3103 5592 causentur
3116 5539 3257 5590 inter
3274 5538 3467 5590 colores
3487 5550 3616 5606 per-

2022 5612 2228 5671 missos,
2259 5608 2401 5677 quod
2424 5610 2523 5662 iste
2539 5605 2621 5662 isit
2647 5610 2828 5676 limior,
2856 5608 3150 5677 pulchrior,
3183 5607 3266 5659 rel
3288 5607 3484 5677 meliori
3502 5605 3613 5657 illo.

2023 5681 2215 5751 Subdit
2244 5675 2438 5751 deinde
2490 5675 2918 5751 glossbgraph‘us
2951 5677 3239 5751 rationem.
3287 5675 3615 5751 _cur_i_lli_co—

2023 5750 2166 5807 lores
2194 5764 2307 5821 pra:
2332 5750 2448 5805 aliis
2477 5746 2584 5804 sint
2616 5746 2882 5821 permissi.
2912 5750 3011 5802 Isti
3026 5746 3220 5821 colores
3247 5746 3359 5821 sine
3382 5746 3616 5821 tinctura

2025 5838 2092 5877 ea:
2113 5809 2237 5876 lan'a
2250 5824 2471 5890 possunt
2497 5809 2704 5880 haberi,
2736 5823 2786 5872 et
2813 5818 2930 5890 ideo
2958 5816 3129 5879 magis
3147 5811 3448 5890 amrehati.
3473 5809 3619 5890 iac

2298 5872 2469 5945 biecit
2490 5872 2771 5944 occasione
2790 5884 2992 5938 referre
3013 5872 3197 5947 operai
3208 5872 3440 5942 pretium
3464 5872 3613 5922 duxi.
