4062 6196
449 353 517 405 '75

1793 347 2073 404 JOANNIS
2108 347 2416 404 CASSIANI

3684 347 3755 400 76

451 489 571 543 cap.
596 479 679 537 2).
710 475 789 529 De
810 473 1008 545 quibus
1030 475 1363 548 Apostolus:
1396 475 1788 532 Circumierunt
1813 472 2046 543 (inquit)
2077 475 2132 537 Α
2156 489 2296 544 pone
2323 488 2442 527 eum
2470 488 2631 542 super
2652 466 2849 539 faciem
2871 473 3053 542 pueri,
3089 475 3152 525 ut
3178 473 3326 524 vivat
3352 472 3447 536 (Vl
3478 472 3609 541 Reg.
3640 474 3751 537 Iv).

451 569 510 621 in
537 568 743 624 melotis
771 573 823 623 et
857 571 915 623 in
941 571 1166 639 pellibus
1195 571 1433 640 caprinis
1461 572 1690 636 egentes,
1723 569 2046 635 angustiati,

451 665 668 731 afﬂicti,
682 664 874 733 quibus
888 665 1085 733 dignus
1098 680 1203 718 non
1215 669 1334 718 erat
1344 662 1661 724 mundus,in
1672 660 2049 715 solitudinibus

452 761 714 819 errantes,
736 762 787 811 et
806 759 863 811 in
892 757 1176 818 montibus,
1199 762 1251 811 et
1268 759 1325 810 in
1344 757 1629 827 speluncis,
1653 760 1703 809 et
1724 756 1784 808 in
1807 756 2050 810 cavernis

453 854 612 905 terrce
655 851 835 917 (Hebr.
878 855 983 916 χι).
1020 850 1128 921 Qui
1155 857 1336 904 tamen
1371 848 1590 905 habitus
1619 848 1772 921 pellis
1811 849 2050 919 caprina:

449 941 718 1013 signiﬁcat
742 941 1073 996 mortiﬁcata
1099 941 1250 996 omni
1280 941 1570 1013 petulantia
1599 939 1906 997 carnalium
1934 955 2055 1011 pas-

450 1034 668 1088 sionum
714 1031 913 1089 debere
965 1048 1061 1088 eos
1104 1033 1159 1088 in
1204 1049 1423 1089 summa
1473 1032 1738 1089 virtutum
1787 1032 2052 1105 gravitate

446 1126 768 1194 consistere,
802 1141 905 1181 nec
941 1126 1239 1198 quidquam
1277 1127 1558 1198 petulcum
1585 1126 1672 1182 vel
1700 1126 1948 1184 calidum
1960 1125 2051 1198 ju-

447 1220 685 1277 ventutis
734 1236 800 1277 ac
845 1221 1164 1278 mobilitatis
1210 1222 1450 1294 antiquae
1490 1221 1547 1277 in
1589 1236 1783 1278 eorum
1823 1235 2054 1292 corpore

447 1311 683 1372 residere
694 1357 706 1369 .

1058 1410 1300 1467 CAPUT
1339 1410 1443 1465 IX.

1090 1508 1166 1561 De
1204 1503 1409 1559 baculo.

523 1596 665 1652 Nam
692 1602 748 1652 et
786 1600 812 1631 ³
849 1595 1106 1654 baculum
1148 1605 1388 1670 gestasse
1424 1597 1646 1655 eosdem
1676 1597 1846 1666 viros,
1889 1596 2054 1653 etiam

453 1689 697 1758 Elisaaus,
734 1690 826 1762 qui
857 1706 1001 1747 unus
1027 1705 1093 1747 ex
1131 1691 1260 1762 ipsis
1290 1700 1394 1759 est,
1425 1691 1610 1759 docet,
1648 1708 1778 1749 cum
1817 1691 1951 1749 dicit
1986 1692 2056 1749 ad

451 1783 601 1839 Giezi
630 1800 860 1855 puerum
880 1800 1064 1851 suum,
1086 1774 1313 1841 mittens
1335 1801 1463 1841 eum
1490 1785 1563 1842 ad
1586 1786 1970 1843 suscitandum
1996 1785 2057 1841 ﬁ-

2160 569 2339 637 Quem
2368 566 2559 638 utique
2591 581 2703 621 non
2730 564 2967 621 dedisset
2994 565 3043 621 ei
3085 562 3355 636 prOpheta
3400 561 3754 634 gestandum,

2156 661 2258 718 nisi
2286 678 2412 718 eum
2440 676 2607 717 manu
2636 676 2732 716 sua
2770 661 2963 716 solitus
2988 668 3131 715 esset
3154 658 3354 731 jugiter
3376 655 3756 713 circumferre.

2158 754 2325 826 Cujus
2354 753 2584 825 gestatio
2612 752 2959 820 spiritualiter
2988 760 3198 818 monet,
3230 765 3531 820 numquam
3559 749 3761 806 debere

2159 865 2252 904 eos
2277 849 2420 904 inter
2452 857 2537 904 tot
2563 848 2895 903 oblatrantes
2918 846 3179 901 vitiorum
3214 860 3395 911 mnes,
3425 852 3482 899 et
3507 843 3755 899 invisibi-

2158 944 2235 998 les
2274 941 2642 1013 nequitiarum
2672 940 3034 1013 spiritualium
3072 939 3295 1007 bestias,
3326 939 3566 994 inermes
3603 937 3761 993 ince-

2159 1037 2290 1092 dere
2316 1035 2403 1108 (de
2438 1036 2641 1107 quibus
2678 1036 2868 1091 beatus
2900 1033 3075 1089 David
3114 1032 3329 1089 liberari
3366 1031 3648 1103 postulans
3670 1030 3759 1087 di-

2161 1131 2235 1186 cit
2273 1149 2287 1186 :
2318 1133 2394 1188 Ne
2422 1130 2635 1192 tradas,
2674 1131 2914 1192 Domine,
2948 1129 3126 1183 bestiis
3156 1129 3397 1181 animam
3427 1128 3762 1195 conﬁtentem

2161 1227 2261 1281 tibi
2284 1226 2452 1291 (Psal.
2477 1222 2726 1294 Lxxm),
2752 1221 2848 1278 sed
2869 1222 3135 1277 irruentes
3160 1235 3250 1275 eas
3271 1218 3562 1275 retundere
3581 1218 3765 1274 crucis

2159 1319 2460 1391 signaculo,
2510 1334 2575 1374 ac
2608 1317 2825 1390 longius
2862 1315 3199 1387 propulsare,
3242 1321 3427 1385 atque,
3470 1312 3763 1369 adversum

2159 1427 2219 1468 se
2249 1403 2554 1478 saevientes,
2583 1409 2701 1481 jugi
2743 1408 3004 1464 memoria
3033 1406 3341 1462 Dominicae
3384 1404 3675 1476 passionis,
3704 1413 3765 1462 et

2158 1504 2466 1562 imitatione
2494 1504 2638 1560 illius
2667 1498 3104 1559 mortiﬁcationis
3126 1500 3488 1573 exstinguere.

2779 1598 3020 1654 CAPUT
3055 1597 3133 1651 Χ.

2596 1698 2672 1752 De
2708 1693 3078 1750 calceamentis
3117 1705 3320 1746 eorum.

2234 1788 2606 1846 Calceamenta
2630 1804 2757 1845 vero
2781 1788 2930 1843 velut
2940 1784 3231 1843 interdicta
3252 1783 3563 1855 evangelico
3583 1776 3611 1815 ¹³
3629 1798 3769 1856 pra:-

454 1877 589 1934 lium
612 1878 897 1935 mulieris:
928 1862 1342 1936 Tolle‘baculum
1366 1896 1566 1946 meum,
1587 1885 1637 1937 et
1657 1897 1877 1959 currens
1897 1882 2055 1946 vade,
2089 1871 2137 1933 Β
2168 1891 2326 1955 cepto
2384 1887 2696 1939 recusantes
2715 1922 2733 1949 ,
2794 1897 2924 1937 cum
2990 1880 3281 1939 inﬁrmitas
3337 1878 3618 1953 corporis,
3678 1879 3763 1936 vel

1553 2061 1810 2118 ALARDI
1847 2063 2074 2118 ΕΑΖᾸεί
2107 2062 2667 2120 COMMENTARIUS.

458 2228 581 2268 rum
610 2220 704 2269 aut
745 2211 1127 2279 librariorum;
1170 2227 1236 2284 ac
1283 2211 1509 2283 proinde
1545 2212 1837 2284 legendum
1878 2230 1995 2270 esse
2041 2232 2056 2271 :

455 2286 687 2357 melotes,
714 2299 834 2354 quae
853 2283 1562 2357 penulg_appellaturf_(Cfap.
1599 2287 1706 2350 lO).
1741 2284 1877 2357 Quis
1910 2286 2056 2357 enim

459 2354 643 2428 credat
671 2356 977 2428 monachos
1014 2354 1160 2428 illos:
1174 2363 1289 2410 tam
1324 2355 1574 2428 religiose
1610 2363 1702 2411 aut
1741 2354 2060 2428 scrupulose

460 2424 909 2497 acalceamentis
928 2425 1276 2497 abstinuisse,
1305 2424 1455 2497 quod
1487 2433 1739 2497 putarent
1762 2426 1847 2482 illa
1870 2424 2058 2483 Domi-

460 2496 585 2553 nico
612 2504 883 2568 praecepto
914 2496 1079 2569 fuisse
1105 2496 1505 2569 interdicta,ut
1529 2496 1665 2553 infra
1691 2496 1896 2554 dicetur
1926 2519 1938 2554 :
1966 2515 2056 2569 pe-

460 2582 578 2623 ram
615 2567 757 2624 vero
791 2567 1160 2639 ’proumelote
1198 2577 1254 2623 et
1295 2567 1549 2624 familiari
1596 2569 1916 2624 indumento
1963 2567 2058 2625 ha-

460 2638 675 2711 buisse;
728 2637 858 2711 cuin
904 2637 1095 2695 iisdem
1143 2639 1274 2694 locis
1301 2655 1369 2711 ac
1409 2640 1689 2711 sententiis
1715 2640 2058 2711 Evangelicis

465 2725 588 2778 pera
621 2709 780 2782 simul
808 2725 935 2765 cum
962 2710 1340 2766 calceamentis
1369 2710 1721 2782 prohibeatur
1743 2709 1959 2777 (Matth.
1992 2726 2055 2780 χ,

462 2786 514 2835 et
540 2784 694 2836 Lucae
719 2780 811 2850 x)?
844 2782 1156 2853 Praesertim
1187 2797 1314 2837 cum
1350 2780 1495 2853 apud
1524 2783 1786 2853 probatos
1808 2790 2058 2838 auctores

461 2861 582 2907 tum
610 2867 814 2924 sacros,
848 2860 968 2907 tum
1013 2851 1270 2924 profanos
1302 2851 1427 2924 pera
1462 2851 1587 2908 nihil
1615 2852 1764 2908 aliud
1791 2853 2057 2924 signiﬁcet

461 2938 628 2995 quam
663 2923 902 2995 loculum
951 2932 1047 2978 aut
1083 2923 1379 2989 sacculum,
1426 2924 1479 2978 in
1519 2939 1630 2994 quo
1681 2923 1922 2995 pastores
1966 2932 2060 2979 aut

461 2993 698 3049 viatores
732 2993 915 3049 cibum
953 2994 1209 3049 diurnum
1239 3010 1333 3049 seu
1370 2993 1621 3049 viaticum
1655 2993 1943 3050 recondere
1973 3011 2060 3050 so-

464 3064 579 3118 lent
604 3083 615 3118 :
645 3079 752 3134 quo
773 3064 939 3118 etiam
955 3065 1121 3119 modo
1142 3065 1399 3135 accipitur
1424 3065 1477 3119 in
1496 3065 1967 3136 EvangelioLut-a:
1988 3082 2023 3121 x
2046 3085 2058 3121 :

464 3136 637 3191 Nolite
648 3138 870 3206 portare
884 3136 1174 3197 sacculum,
1192 3152 1362 3206 neque
1376 3152 1586 3206 peram.
1612 3139 1682 3191 Et
1698 3137 1865 3192 Luca:
1886 3152 2024 3193 χχιι
2041 3156 2054 3192 :

466 3150 870 3260 λνοιιτῖῗοντανρ
884 3150 1174 3197 sacculum,
1192 3152 1362 3206 neque
1374 3152 1586 3262 peram.
1617 3150 1682 3191 lat
1701 3150 1865 3192 Luca:
1886 3152 2054 3193 χχιιι

466 3208 622 3274 Qua-It
663 3222 692 3260 ο
721 3206 849 3259 misi
872 3221 961 3259 vos
990 3208 1104 3261 sine
1125 3222 1263 3277 pera
1291 3213 1342 3262 et
1407 3209 1579 3269 acuto,
1608 3216 1663 3262 et
1689 3208 1832 3262 alibi.
1864 3210 1942 3263 De
2011 3225 2062 3263 e-

466 3277 594 3332 uula
622 3292 751 3331 vero
785 3274 903 3332 haec
935 3275 1097 3333 habet
1124 3278 1238 3333 Nic.
1279 3281 1553 3333 Perottus.
1584 3287 1639 3333 et
1676 3294 1742 3333 ex
1769 3294 1833 3333 eo
1861 3224 2056 3333 Amgr.

465 3277 594 3332 nula
622 3292 751 3331 vero
785 3274 903 3332 haec
935 3275 1097 3333 habet
1124 3274 1238 3333 Nic.
1279 3281 1553 3340 Perottus.
1584 3287 1639 3333 et
1676 3294 1742 3334 ex
1769 3294 1833 3334 eo
1861 3274 2056 3334 Ambr.

466 3348 777 3419 Calepinus,
806 3363 930 3418 qua:
954 3350 1084 3404 satis
1114 3350 1406 3406 ostendunt
1432 3351 1683 3418 penulam
1707 3366 1832 3405 cum
1864 3349 2062 3405 melote

467 3419 754 3475 convenire
777 3438 791 3476 :
824 3421 1049 3483 Penula,
1079 3420 1274 3492 inquit,
1303 3424 1462 3477 vestis
1491 3423 1659 3477 densa
1684 3438 1746 3476 ac
1770 3423 1913 3484 vilis,
1939 3437 2061 3491 quae

2167 2223 2221 2271 et
2248 2224 2650 2289 praeceptorum
2678 2213 3026 2289 distinctione
3055 2213 3383 2289 cogitantes._
3403 2213 3609 2289 Yerum
3645 2211 3766 2268 aliis

2166 2283 2852 2368 prudentibribusuparum
2893 2284 3065 2368 solida
3104 2283 3163 2342 et
3196 2283 3489 2368 probabilis
3528 2284 3657 2368 visa
3681 2292 3764 2338 est

2166 2357 2267 2413 ista
2290 2358 2572 2414 sententia.
2607 2357 2750 2413 Nam
2777 2366 2837 2412 ut
2859 2372 2986 2412 vere
3012 2357 3410 2426 dicereturrboc
3430 2362 3762 2426 praeceptum

2177 2428 2439 2500 apostolis
2471 2444 2571 2500 pro
2598 2437 2864 2499 tempore,
2895 2427 3000 2482 hoc
3038 2435 3141 2491 est,
3182 2425 3332 2480 initio
3362 2424 3766 2500 praedicationis

2167 2494 2332 2554 fuisse
2361 2494 2840 2571 imp‘ositpmfnon
2872 2504 3055 2571 tamen
3085 2494 3402 2571 sequeretur
3425 2494 3601 2549 fuisse
3631 2509 3759 2565 per-

2165 2576 2420 2641 petuum;
2439 2565 2689 2625 'maxime
2713 2583 2842 2624 cum
2866 2583 2896 2621 a
2925 2565 3143 2641 Christq
3163 2565 3423 2641 ’videatur
3449 2572 3641 2641 postea
3666 2580 3755 2641 re_-

2168 2635 2419 2696 vocatum
2458 2641 2511 2695 in
2545 2647 2701 2695 nocte
2730 2653 2929 2705 canae;
2960 2636 3179 2708 quando
3207 2636 3342 2692 dixit
3378 2635 3499 2691 eis:
3533 2636 3763 2704 Quando

2165 2715 2293 2768 misi
2316 2728 2406 2767 vos
2444 2713 2557 2767 sine
2595 2727 2731 2781 pera
2762 2715 2813 2766 et
2845 2710 3238 2781 calceamentis,
3266 2715 3372 2763 etc.
3392 2710 3761 2781 _(Luc._xxu),

2167 2791 2228 2836 ut
2272 2792 2428 2839 notat
2465 2785 2536 2838 D.
2583 2777 3013 2853 Chrysostomus
3054 2779 3273 2853 homilia
3312 2785 3345 2834 9
3389 2778 3444 2833 in
3478 2778 3650 2853 Epist.
3692 2777 3763 2832 ad

2169 2853 2535 2925 Philippenses
2562 2873 2588 2925 γε
2622 2848 2792 2925 multo
2828 2851 3009 2906 minus
3033 2850 3100 2906 ad
3127 2851 3264 2925 alios
3299 2848 3513 2906 extendi
3542 2848 3760 2925 debere,

2166 2918 2451 2995 tamquam
2479 2923 2777 2979 universale
2807 2930 3158 2995 prazceptum.
3202 2923 3391 2995 Neque
3429 2918 3765 2995 veropredi-

2167 2995 2272 3050 bile
2298 2989 2381 3052 est
2404 3004 2501 3050 aut
2529 2989 2823 3052 Christum'
2840 2989 3019 3065 ipsum
3049 3001 3141 3048 aut
3167 2989 3441 3065 apostolos
3468 2989 3627 3065 nudis
3652 3005 3766 3045 om-

2162 3066 2293 3121 nino
2320 3066 2544 3137 pedibus
2563 3062 2878 3121 incessissei
2906 3080 3032 3120 cum
3058 3064 3124 3118 de
3143 3063 3358 3120 Christo
3378 3062 3574 3137 dixerit
3598 3064 3766 3116 Joan-

2167 3154 2264 3193 nes
2292 3132 2533 3208 Baptista
2564 3137 2757 3192 Matth.
2803 3151 2876 3191 ιιι
2911 3155 2923 3191 :
2956 3137 3166 3191 Fortior
3208 3150 3290 3208 me
3313 3136 3433 3208 est;
3463 3132 3617 3208 cujus
3656 3149 3767 3187 non

2167 3225 2288 3263 sum
2308 3204 2507 3278 dignus
2527 3208 2874 3280 procumbens
2896 3208 3095 3261 solvere
3110 3206 3409 3280 corrigiam
3432 3204 3765 3280 calceamen-

2170 3284 2348 3335 torum
2371 3274 2660 3350 ejusfSed
2694 3288 2747 3334 et
2776 3281 3014 3350 Marcus,
3047 3276 3205 3331 veluti
3236 3289 3538 3350 prazcavere
3558 3274 3763 3350 volens

2175 3367 2242 3406 ne
2277 3344 2431 3423 quod
2460 3349 3094 3423 Mattbzeususcripserat.
3128 3344 3407 3423 perperam
3445 3344 3765 3423 intelligere-3

2169 3416 2548 3494 tuin-scripsit
2586 3420 2829 3494 sandalia
2857 3416 3316 3494 apqstolis’fuisse
3352 3416 3763 3494 concessamsed

465 3492 714 3574 nebuloso
729 3507 793 3574 ac
811 3493 1051 3574 pluvioso
1073 3486 1303 3574 tempore
1317 3509 1487 3564 supra
1508 3496 1746 3574 tunicam
1765 3486 2063 3574 assumitur
2090 3514 2135 3574 α
2172 3486 2466 3574 calceatus:-
2486 3493 2580 3558 ait,
2608 3486 2907 3574 sandaliis."
2924 3491 3134 3571 Quibus
3167 3488 3344 3544 verbis
3374 3487 3574 3574 indicat
3589 3573 3596 3574 ί
3611 3486 3763 3574 Chri-

469 3563 576 3615 loco
599 3564 776 3631 pallii,
798 3557 872 3615 ad
896 3563 1158 3617 arcendas
1173 3557 1221 3616 ἀ
1252 3557 1469 3632 corpbre
1492 3566 1708 3633 pluvias
1739 3581 1755 3617 :
1782 3565 1893 3617 luec
1920 3565 1971 3616 si
1995 3579 2063 3616 em
2092 3557 2135 3574 "
2175 3571 2292 3618 tum
2324 3557 2577 3629 voluisse,
2608 3572 2702 3633 aut
2737 3570 2882 3633 certe
2918 3557 3223 3632 permisisse
3255 3557 3763 3633 apostolisncalcea-

466 3633 691 3699 pellibus
715 3637 853 3694 erat,
877 3637 1082 3687 scortea
1107 3634 1417 3689 vocabatur.
1447 3639 1523 3691 De
1542 3650 1653 3705 qua
1671 3634 1944 3690 Martialis
1974 3635 2064 3687 lib.

472 3716 630 3757 χινε

593 3815 870 3881 Ingrediare
892 3816 1022 3867 viam
1046 3818 1168 3868 ctelo
1193 3818 1309 3869 licet
1332 3833 1490 3881 usque
1509 3833 1703 3880 sereno;

657 3881 727 3928 Ad
754 3879 942 3929 subitas
967 3894 1238 3944 numquam
1261 3879 1453 3932 scortea
1475 3882 1604 3933 desit
1623 3879 1794 3947 aquas.

471 3986 627 4049 Haec,
652 3991 707 4039 et
733 3983 838 4058 alia
867 3984 1010 4058 apud
1037 3985 1205 4058 ipsos,
1230 3995 1285 4042 et
1311 3986 1449 4042 alios
1477 3997 1746 4044 auctores.

540 4060 565 4089 ³
598 4055 1218 4115 ΜοιιεοὶιοςΤΙιθΒειίάίε
1241 4058 1494 4113 baculum
1518 4059 1721 4116 itineris
1739 4058 1954 4116 socium
1981 4058 2070 4116 ha-

467 4126 648 4202 buisse
675 4135 903 4202 testatur
935 4133 1003 4202 D_.
1036 4129 1402 4199 Hieronymus
1430 4130 1748 4202 praefatione
1794 4132 1848 4186 in
1891 4136 2064 4202 Regu-

468 4201 575 4254 lam
615 4200 671 4255 S.
723 4199 1003 4256 Pachomii
1041 4204 1124 4267 (In
1160 4204 1290 4259 Vita
1323 4199 1661 4270 Hilarionis).
1695 4206 1767 4260 Et
1793 4206 1849 4260 S.
1895 4199 2069 4259 Anto-

465 4270 605 4345 nius,
647 4271 840 4345 eodem
872 4274 1218 4345 Hieronymo
1248 4282 1407 4338 teste,
1450 4274 1704 4330 baculum
1734 4284 1945 4345 gestare
1974 4290 2067 4345 so-

370 4344 373 4349 ’
464 4339 814 4425 litastunde
839 4339 1111 4425 (febricula
1137 4343 1435 4425 instructus
1464 4346 1608 4425 pingi
1635 4339 1794 4425 s_o_lét.
1833 4344 1993 4425 Quod
2021 4346 2065 4425 si

469 4408 695 4489 moralia
714 4410 946 4489 requirit
968 4410 1158 4478 lector,
1187 4415 1359 4468 multa
1385 4408 1719 4489 huiusmodi,
1746 4424 1802 4471 et
1826 4408 2064 4489 Cassiani

463 4478 622 4555 (lictis
665 4478 967 4555 admodum
1014 4496 1252 4555 consona
1306 4478 1739 4555 petererpoteri't
1782 4501 1853 4541 ex
1900 4488 2063 4542 Petro

465 4548 781 4631 Berchorio,
818 4551 911 4631 (ιιιί
947 4548 1323 4631 .multiplicem'
1349 4548 1792 4631 baculi'moralis
1826 4557 2062 4631 speciem

464 4636 532 4696 ex
571 4620 799 4696 diversis
818 4620 1140 4696 _'_Scriptura7e
1187 4623 1319 4696 locis
1365 4624 1495 4681 satis
1535 4626 1778 4696 apposite
1817 4620 1872 4682 et
1906 4628 2062 4695 inge-

463 4693 640 4769 niose,
669 4693 788 4769 rudi
818 4693 942 4769 licet
967 4693 1143 4769 'stylo,
1173 4695 1383 4769 colligit
1409 4704 1470 4769 et
1502 4693 1725 4769 exponit
1753 4701 1836 4763 (In
1864 4693 2062 4755 Dictio-

463 4766 647 4828 nario,‘
674 4765 830 4820 verbo
862 4765 1141 4828 Baculus).
1178 4765 1513 4822 Alia'itidem
1540 4765 1670 4823 satis
1697 4778 2057 4826 consentanea

460 4835 766 4912 de_baculo
793 4836 1024 4912 ejusque
1060 4835 1541 4908 signiﬁcationibus
1577 4837 1741 4896 habet
1778 4841 2056 4912 Pagninus

460 4907 516 4963 in
537 4910 770 4981 .Isagoge
791 4907 881 4981 lib.
913 4907 951 4965 1’
966 4923 1085 4980 cap.
1117 4907 1201 4981 18,

536 4970 564 5008 ¹³
600 4970 1204 5052 1Πὸνιιίιηὶιυιηξιιιιοά
1238 4979 1379 5049 apud
1412 4980 1734 5038 Matthaeum
1764 4989 1819 5036 et
1846 4983 2053 5037 Lucam

462 5050 779 5117 exprimitur
803 5051 883 5106 his
902 5050 1088 5124 verbis
1105 5070 1116 5106 :
1141 5052 1314 5109 Nolite
1328 5057 1553 5123 portare
1570 5054 1860 5117 sacculum,
1884 5070 2054 5124 neque

456 5132 876 5207 peram,ineque
904 5123 1511 5207 mlceamenta'QIatth.
1542 5127 1767 5207 x,‘L.uc._
1797 5129 1880 5190 x).

460 5189 621 5243 verba
666 5189 917 5267 monachi
956 5191 1029 5246 illi
1058 5193 1135 5247 sic
1177 5194 1538 5267 accipiebant,
1580 5202 1641 5250 ut
1679 5196 1802 5250 inde
1833 5189 2051 5267 collige.

459 5267 585 5334 rent
605 5261 1094 5334 calceamentorum
1127 5261 1567 5334 usum'apostolis
1590 5274 1645 5320 et
1665 5281 1855 5320 eorum
1881 5261 2055 5321 secta-

461 5331 773 5404 toribus,__id
803 5340 902 5404 est,
945 5331 1223 5404 monachis
1256 5343 1314 5389 et
1344 5331 1681 5404 perfectioris
1709 5335 1833 5391 vita:
1874 5336 2051 5391 culto-

458 5399 611 5475 ribus
639 5400 808 5475 fuisse
829 5402 1205 5468 interdictum;
1236 5413 1291 5459 et
1323 5399 1547 5475 proinde
1581 5405 1739 5461 nudis
1770 5415 1825 5460 et
1846 5407 2050 5462 discal-

459 5473 626 5528 ceatis
671 5473 898 5545 pedibus
938 5473 1468 5548 incedendum—esse.
1510 5479 1589 5548 Ita
1624 5476 1698 5529 illi
1741 5492 1840 5531 suo
1870 5493 2049 5548 more,

458 5551 652 5618 et_pro_
670 5560 768 5618 suo
794 5554 976 5615 captu,
1011 5553 1064 5599 et
1092 5545 1431 5616 simplicitate
1460 5546 1620 5601 verba
1647 5548 1945 5618 scripturae
1971 5545 2049 5604 ni-

459 5613 568 5687 mis
610 5614 777 5687 rigide
827 5613 884 5671 et
935 5613 1236 5672 secundum
1281 5617 1547 5685 litteram,
1599 5626 1659 5672 ut
1690 5613 1905 5685 dicitur,
1951 5636 2047 5677 seu

455 5686 967 5762 verborumsonum
995 5688 1332 5762 interpretari
1360 5689 1504 5762 soliti
1529 5704 1722 5762 :_.tnore
1747 5690 1906 5745 etiam
1934 5692 2048 5762 pri-

454 5771 676 5834 morum
710 5757 1160 5834 Christianorum,
1208 5758 1299 5834 qui
1339 5758 1702 5834 quidquidex
1750 5757 2045 5834 Evangelio

453 5826 721 5897 audirent,
744 5829 827 5885 vel
857 5843 921 5884 ex
944 5826 1175 5905 fervore,
1197 5826 1278 5885 v'el
1307 5826 1374 5887 ei
1395 5826 1739 5905 simplicitate
1761 5826 2044 5905 tamquam

455 5908 792 5974 praeceptum
841 5900 1322 5973 amplectebantur,
1380 5900 1523 5958 nihil
1558 5901 1627 5959 de
1685 5900 2042 5959 consiliorum

2176 3641 2267 3690 tos
2293 3649 2410 3689 esse
2446 3628 2716 3688 sandaliis.
2752 3628 2998 3689 Unde—et
3032 3633 3192 3685 Petro
3222 3628 3468 3701 appstolo
3496 3628 3634 3701 dixit
3657 3643 3759 3701 an-

2177 3706 2327 3776 gelus
2342 3711 2465 3776 Act.
2485 3719 2577 3760 xu
2602 3721 2615 3758 :
2636 3705 2823 3776 Calcea
2842 3707 2891 3757 te
2906 3704 3109 3776 caligas
3124 3698 3271 3776 tuas,
3286 3700 3375 3755 ubi
3394 3701 3583 3776 Greece
3605 3698 3761 3754 habeo

2175 3771 2267 3831 tur
2293 3775 2551 3830 σανδάλια.
2584 3775 2723 3830 Hinc
2746 3776 2817 3828 D.
2847 3772 3290 3845 Augustinuslib.
3314 3787 3365 3827 ιι
3390 3771 3457 3826 de
3484 3775 3761 3845 Consensu

2176 3848 2431 3920 Evangel.
2461 3862 2580 3919 cap.
2608 3852 2758 3920 30uet
2779 3844 2866 3920 alii
2897 3842 3225 3920 cénsen_t_i_ll_a
3249 3842 3631 3898 tantummodo
3655 3843 3763 3896 cal-

2179 3914 2457 3973 ceaménta
2485 3914 2742 3988 apostolis
2788 3915 2946 3971 fuisse
2987 3914 3275 3988 prohibita,
3305 3928 3430 3988 qua:
3464 3923 3638 3988 totum
3674 3928 3762 3988 pe-

2177 3989 2301 4044 dem
2339 3984 2599 4062 tegerent,
2639 4003 2869 4060 quaeque
2900 3984 3117 4062 proprie
3157 3984 3473 4057 ὓποδῆματα,
3514 3984 3763 4062 sive__cal-

2176 4055 2453 4116 ceamenta
2482 4055 2808 4116 vocarentur
2840 4079 2851 4114 :
2886 4055 3123 4113 Sandalia
3152 4072 3279 4112 vero
3310 4055 3409 4127 pro
3435 4071 3589 4110 more
3619 4055 3762 4110 illius

2176 4132 2410 4204 regionis
2440 4133 2541 4188 illis
2569 4131 2730 4187 fuisse
2755 4145 3028 4196 concessa,
3049 4129 3246 4204 quibus
3269 4129 3381 4204 scla
3409 4127 3758 4204 pedis_pla_nta

2174 4197 2475 4275 tegebatur,
2515 4204 2794 4275 superiore
2834 4208 2985 4275 parte
3024 4197 3169 4255 nuda
3200 4207 3254 4253 et
3281 4197 3757 4275 detecta._llujus-

2173 4268 2321 4328 mpdi
2373 4268 2517 4329 enim
2562 4268 2911 4342 calceamenti
2970 4285 3142 4342 genus
3189 4269 3365 4326 vocari
3416 4268 3652 4342 sandalia
3704 4277 3760 4322 et

2171 4344 2344 4400 soleas
2396 4344 2596 4401 indicat
2649 4339 2998 4413 Augustinus:
3047 4342 3184 4411 Quia
3229 4356 3358 4413 ergo
3403 4339 3657 4413 Christus
3705 4346 3763 4394 et

2172 4413 2426 4486 apostoli,
2471 4422 2533 4470 ut
2576 4423 2659 4469 est
2698 4411 3007 4486 verisimile,
3053 4427 3153 4482 pro
3202 4411 3357 4486 more
3399 4411 3539 4467 illius
3583 4415 3760 4486 gentis

2170 4480 2423 4542 maxime
2447 4501 2477 4539 a
2519 4483 2847 4556 pauperibus
2883 4480 3122 4556 recepto,
3161 4480 3758 4556 utebanturusandaliis,

2169 4556 2342 4612 noluit
2388 4553 2656 4612 Dominus
2699 4571 2828 4626 suos
2876 4553 3168 4626 discipulos
3211 4553 3266 4609 in
3319 4553 3759 4626 prazdicationem

2168 4627 2342 4684 ituros
2374 4638 2586 4684 mutare
2623 4625 2884 4692 sandalia,
2923 4622 3112 4696 autﬁde
3144 4622 3339 4696 calceis
3372 4622 3759 4696 comparandis

2168 4714 2286 4775 esse
2307 4700 2596 4775 sollicitos;
2619 4709 2679 4755 ut
2708 4698 2819 4775 hoc
2835 4697 2996 4752 etiam
3023 4695 3207 4752 habitu
3233 4695 3620 4762 humilitatem,
3650 4710 3760 4775 ρῳ-

2166 4770 2474 4836 nitentiam,
2499 4780 2556 4826 et
2585 4764 2771 4826 rerum
2806 4769 3167 4824 humanarum
3197 4775 3575 4837 contemptum
3606 4764 3756 4821 exhi-

2171 4840 2379 4913 herent.
2406 4844 2528 4897 Hoc
2556 4841 2719 4913 igitur
2747 4840 2995 4913 exemplo
3025 4848 3080 4895 et
3105 4838 3315 4913 ratione
3332 4837 3548 4894 adducti
3573 4852 3760 4891 mona-

2089 4888 2139 4949 D
2170 4888 2257 4968 chi
2288 4888 2383 4976 illi,
2408 4888 2623 4968 ip
2652 4888 2939 4983 Evangelia
2976 4909 3211 4983 legerent
3236 4909 3602 4983 calceamenta
3631 4922 3761 4983 apo-

2161 4984 2317 5040 stolis
2342 4983 2510 5040 fuisse
2535 4979 2828 5054 prohibita,
2857 4979 3097 5054 sandalia
3135 4996 3263 5036 vero
3304 4980 3550 5054 minime,
3578 4979 3759 5054 verbis

2161 5054 2452 5124 Scripturae
2493 5049 2813 5125 simpliciter
2852 5052 3206 5125 inhaerentes,
3247 5060 3303 5107 et
3324 5050 3543 5125 aliquid
3581 5049 3748 5125 etiam

2161 5121 2461 5204 spirituale,
2498 5121 2855 5204 seu—morale,
2886 5123 3033 5204 quod
3055 5121 3447 5204 _hic_tangi_t.ur.,
3479 5122 3549 5204 in
3563 5121 3641 5175 eis
3679 5129 3758 5175 at-

2160 5193 2469 5258 tendentes,
2502 5211 2533 5250 a
2578 5193 2955 5250 calceamentis
2989 5194 3135 5250 velut
3162 5193 3464 5250 interdictis
3514 5196 3756 5256 Evange-

2161 5266 2264 5322 lico
2306 5275 2600 5338 praecepto,
2629 5265 2876 5338 religiose
2918 5264 3286 5330 abstinebant,
3326 5275 3382 5320 et
3415 5279 3607 5338 eorum
3655 5278 3756 5338 usu

2160 5332 2444 5405 repudiato
2468 5332 2718 5392 sandaliis
2734 5332 3047 5402 ptebantur,
3072 5338 3176 5401 vel,
3200 5345 3260 5391 ut
3279 5336 3569 5392 Cassianus
3594 5332 3759 5405 loqui-

2157 5404 2269 5477 tur,
2300 5410 2489 5477 caligis
2530 5423 2652 5463 suos
2688 5408 2999 5479 muniebant
3034 5408 3226 5478 pedes;
3268 5407 3466 5479 quibus
3494 5404 3760 5479 verbiset

2157 5474 2510 5555 sequentibus
2548 5487 2732 5555 aperte
2774 5474 3067 5555 indicatse
3107 5474 3304 5549 caligas
3339 5493 3436 5547 pro
3478 5474 3753 5555 sandaliis,

2159 5551 2266 5605 hoc
2292 5558 2393 5613 est,
2425 5566 2524 5621 pro
2552 5550 2775 5621 pedum,
2805 5566 2916 5604 non
2950 5550 3204 5604 tibiarum
3236 5550 3589 5621 tegumentis,
3619 5550 3758 5599 acci-

2156 5637 2284 5685 pere
2292 5617 2454 5693 juxta
2486 5617 2806 5693 praedictum
2836 5620 3127 5692 Scriptum
3144 5617 3334 5693 locum
3365 5617 3752 5693 (VideABaron.

2133 5697 2195 5769 ⁸ι.
2223 5694 2268 5748 Ι.
2294 5689 2505 5769 Annal;
2525 5710 2616 5748 an.
2648 5698 2740 5757 57,
2762 5697 2813 5769 et
2838 5689 3112 5769 Molanum
3135 5691 3224 5744 lib.
3254 5689 3321 5744 de
3340 5691 3474 5769 _Pict.
3500 5691 3550 5769 et
3578 5689 3750 5756 Imag.

2154 5781 2199 5817 c.
2229 5768 2341 5830 82).
2378 5764 2585 5820 Eadem
2616 5779 2741 5819 vero
2771 5762 3070 5818 imitatione
3097 5763 3443 5818 consuevisse
3471 5760 3759 5831 plerosque

2151 5829 2465 5911 monachos
2497 5835 2629 5911 olim
2659 5835 2774 5911 sine
2811 5833 3022 5899 calceis,
3054 5850 3151 5911 seu
3188 5831 3348 5911 nudis
3378 5829 3644 5911 pedibus,_
3667 5829 3753 5885 vel

2149 5912 2366 5960 tantum
2385 5903 2547 5962 soleis
2567 5905 2815 5962 incedere
2833 5912 3065 5961 testatur
3084 5905 3158 5959 D.
3188 5904 3486 5977 Gregorius
3510 5903 3748 5961 Nazian-
