4052 6200
326 311 382 361 77
786 309 875 363 DE
910 307 1388 365 C(ENOBIORUM
1425 308 1664 366 lNSTlT.
1706 309 1832 366 LIB.
1873 311 1940 365 ll.
1986 341 2049 350 —
2091 313 2180 368 DE
2217 312 2608 371 NOCTURNIS
2646 316 3122 374 ORATIONlBUS.
3535 325 3603 379 78

325 427 604 487 matutinus
629 429 826 487 hiemis
860 431 1034 502 rigor,
1068 447 1164 489 seu
1207 431 1490 489 meridiani
1517 438 1686 490 aestus
1716 431 1900 491 fervor
1923 439 1976 504 Α
2007 435 2151 492 curis
2191 435 2462 508 patiamur
2498 439 2738 508 involvi,
2782 440 2850 498 de
2894 442 2979 500 his
3019 442 3226 500 scilicet
3262 443 3600 516 cogitantes,

324 524 565 598 exegerit,
590 525 977 582 tantummodo
1012 526 1196 599 caligis
1227 541 1359 584 suos
1395 527 1656 584 muniunt
1693 527 1858 600 pedes
1886 549 1898 584 :

323 615 414 674 hoc
443 618 862 690 interpretantes
893 634 994 675 usu
1022 635 1213 675 earum
1237 619 1322 675 vel
1352 619 1641 676 Dominica
1672 621 1902 692 permis-

320 711 456 766 sione
474 710 703 783 signari,
735 719 798 768 ut
821 712 864 768 si
900 711 954 772 in
983 711 1088 768 hoc
1122 712 1336 770 mundo
1381 713 1668 770 constituti
1694 730 1821 770 cura
1849 723 1905 771 et

319 806 660 863 sollicitudine
687 808 865 864 carnis
906 807 1070 880 hujus
1097 809 1432 865 omnimodis
1469 810 1616 866 exuti
1645 825 1763 866 esse
1789 826 1901 867 non

261 903 268 909 '
320 914 597 972 possumus
619 941 634 966 ,
669 916 769 956 nec
805 901 875 958 ab
913 917 978 958 ea
1011 901 1232 974 penitus
1277 903 1632 974 prazvalemus
1659 903 1897 974 absolvi;

317 991 495 1047 saltem
525 994 884 1066 occupatione
911 994 1011 1050 levi
1048 1003 1104 1050 et
1129 995 1490 1066 implicatione
1517 997 1670 1052 tenui
1710 1013 1899 1054 neces-

315 1086 521 1143 sitatem
562 1087 814 1160 corporis
859 1087 1225 1159 explicemus,
1269 1103 1404 1145 neve
1458 1090 1656 1146 animai
1698 1101 1901 1149 nostrae

312 1177 490 1250 pedes,
517 1178 610 1250 qui
653 1178 886 1250 expediti
922 1179 989 1235 ad
1018 1179 1351 1251 spiritualem
1382 1196 1639 1246 cursum,
1669 1191 1724 1238 et
1765 1197 1900 1255 pra:-

311 1272 594 1330 dicandam
637 1273 905 1346 Evangelii
934 1289 1119 1346 pacem
1157 1290 1373 1348 semper
1410 1292 1529 1340 esse
1561 1276 1762 1333 debent
1802 1294 1898 1350 pa-

309 1367 436 1439 rati,
475 1366 667 1439 quibus
693 1375 816 1439 post
847 1368 1061 1424 odorem
1085 1374 1487 1438 unguentorum
1511 1370 1708 1428 Christi
1730 1372 1873 1428 curri
1889 1402 1902 1414 -

313 1476 428 1517 mus
446 1463 636 1527 (Cant.
677 1465 744 1530 ι),
779 1471 835 1520 et
869 1461 938 1518 de
961 1462 1158 1535 quibus
1183 1464 1359 1523 David
1389 1484 1402 1520 :
1430 1467 1676 1530 Cucur-n’,
1704 1467 1898 1540 inquit,

308 1557 364 1608 in
386 1556 513 1622 εἰεί(
532 1557 732 1611 Psalm.
757 1557 894 1627 Lxr)
920 1558 988 1611 Et
1009 1556 1276 1613 Jeremias
1308 1576 1321 1612 :
1344 1562 1459 1628 Ego
1482 1546 1665 1615 autem
1684 1576 1791 1614 non
1813 1562 1900 1615 la-

309 1649 492 1705 boravi
507 1653 557 1706 te
571 1665 794 1721 sequens
804 1653 1016 1719 (Jerem.
1032 1655 1206 1721 xvu),
1225 1652 1526 1710 morticinis
1542 1653 1704 1726 hujus
1714 1654 1897 1711 saeculi

2006 545 2130 600 quae
2157 545 2270 586 non
2295 531 2364 588 ad
2407 533 2766 604 supplendam
2794 537 3173 593 necessitatem
3217 546 3464 608 natum,
3506 540 3605 598 sed

2008 623 2078 678 ad
2140 625 2474 696 superﬂuam
2530 626 2857 700 noxiamque
2922 631 3190 701 pertinent
3244 632 3601 704 voluptatem.

2008 717 2167 787 Quod
2193 717 2266 773 ita
2287 718 2656 790 implebimus,
2676 721 2720 774 si
2741 721 3043 778 secundum
3069 725 3396 796 Apostolum
3424 731 3604 784 carm’s

2007 827 2194 866 curam
2216 827 2325 868 non
2341 811 2623 870 fecerimus
2642 817 2699 868 in
2724 815 3006 870 desideriis
3027 821 3193 882 (Rom.
3215 825 3378 887 χιιι).
3395 822 3606 890 Quibus

2007 912 2193 961 tamen
2264 905 2446 978 caligis
2505 923 2845 980 quamquam
2902 910 3046 966 licito
3116 920 3358 982 utantur,
3413 923 3605 990 utpote

2007 998 2231 1054 Domini
2259 1000 2516 1056 mandato
2537 1003 2810 1058 concessis
2827 1043 2844 1072 ,
2873 1019 3218 1077 nequaquam
3245 1013 3427 1064 tamen
3461 1009 3606 1079 pedi-

2007 1090 2108 1148 bus
2149 1107 2210 1147 ea
2248 1091 2510 1150 inhaerere
2545 1095 2892 1166 permittunt,
2940 1113 3068 1153 cum
3111 1099 3376 1156 accedunt
3413 1100 3483 1158 ad
3521 1117 3606 1159 ce-

2007 1186 2262 1244 lebranda
2282 1229 2297 1256 ,
2347 1204 2443 1245 seu
2505 1190 2845 1264 percipienda
2905 1201 3256 1249 sacrosancta
3311 1195 3605 1267 mysteria,

2006 1277 2136 1336 illud
2161 1281 2496 1340 aestimantes
2534 1283 2699 1340 etiam
2736 1285 3040 1342 secundum
3071 1287 3308 1344 litteram
3341 1289 3602 1347 custodiri

2006 1373 2222 1444 debere,
2251 1375 2400 1447 quod
2432 1377 2628 1434 dicitur
2649 1377 2718 1435 ad
2747 1382 2996 1453 Moysen,
3025 1381 3105 1438 vel
3128 1382 3197 1440 ad
3211 1384 3402 1440 Iesum
3425 1383 3602 1441 lilium

2006 1469 2152 1525 Nave
2184 1489 2196 1524 :
2246 1471 2398 1528 Solve
2425 1475 2714 1542 corrigiam
2751 1476 3098 1531 calceamenti
3135 1481 3246 1545 tui‘;
3284 1480 3426 1534 locus
3457 1482 3600 1535 enim

2004 1565 2062 1618 in
2087 1581 2192 1634 quo
2218 1569 2353 1631 stas,
2381 1571 2529 1622 terra
2555 1574 2744 1625 sancta
2771 1575 2850 1626 est
2877 1573 3074 1638 (Brod.
3108 1587 3196 1642 tu,
3226 1576 3384 1630 Iosue
3412 1579 3493 1641 v).

1395 1808 1650 1864 ALARDl
1688 1809 1908 1865 GAZzEI
1949 1807 2511 1868 COMMENTARIUS.

302 1965 465 2007 zenus
486 1957 623 2034 orat.
661 1955 683 2006 ι
718 1947 787 2034 de
818 1965 971 2034 pace,
1006 1949 1096 2007 ubi
1129 1950 1279 2034 inter
1301 1951 1554 2034 exercitia
1595 1953 1898 2034 monacho-
1937 1955 1986 2020 B
2010 1971 2144 2010 num
2161 1955 2820 2034 monachumapostatam
2848 1959 2919 2016 ita
2940 1959 3193 2034 suggillet
3221 1981 3232 2018 :
3261 1961 3439 2018 Antea
3460 1961 3605 2019 nudo

301 2037 441 2106 pum.
459 2021 613 2106 pqnit
639 2021 1013 2106 pedes‘Znudo‘s
1050 2023 1360 2106 apostolicis
1386 2023 1608 2106 similes.
1641 2024 1903 2106 Idemque
2011 2042 2134 2082 eras
2168 2027 2306 2098 pede
2338 2047 2354 2082 :
2381 2021 2677 2085 modo'non
2699 2032 2871 2086 solum
2899 2021 3152 2098 calceata,
3188 2034 3284 2089 sed
3309 2038 3362 2089 et
3387 2039 3598 2090 ornato.

299 2091 446 2149 haud
461 2091 706 2150 ’obscure
727 2092 930 2150 indicat
957 2096 1030 2150 D.
1065 2091 1461 2166 Hieronymus,
1491 2094 1628 2152 dum
1665 2091 1906 2152 Joviriia-

295 2275 3607 2304 .————.—.——_——————_——______________________

1106 2472 1114 2480 .
1170 2383 1732 2490 LIBER
1801 2385 2106 2493 SEC
2130 2387 2476 2494 UND
2505 2387 2726 2512 US.

885 2545 964 2600 DE
1000 2545 1320 2600 CANONICO
1355 2549 1836 2603 NOCTURNARUM
1874 2551 2246 2605 ORATIONUM
2282 2553 2366 2607 ET
2402 2556 2782 2609 PSALMORUM
2817 2558 3014 2610 MODO.

790 2810 1031 2868 CAPUT
1069 2811 1392 2867 PRIMUM.

2004 2830 2106 2888 pro
2127 2823 2288 2888 captu
2329 2815 2532 2873 mentis
2561 2831 2674 2873 sua:
2700 2815 2962 2873 habentes
2986 2817 3230 2888 quidem,
3258 2827 3323 2876 ut
3351 2819 3428 2875 ait
3451 2822 3601 2892 Apo-
3681 2880 3695 2894 ο

363 2906 389 2936 ³
419 2902 636 2976 Duplici
663 2901 823 2976 igitur
841 2903 967 2971 hoc,
993 2903 1148 2977 quod
1163 2903 1418 2972 diximus,
1449 2903 1672 2977 cingulo
1698 2903 1900 2961 Christi
2002 2913 2176 2970 stolas
2199 2917 2386 2981 (Rom.
2419 2919 2512 2984 χ),
2540 2916 2713 2970 zelum
2734 2918 2852 2979 Dei,
2873 2916 2966 2971 sed
2984 2931 3090 2971 non
3118 2917 3411 2972 secundum
3429 2920 3604 2973 scien-

289 2995 455 3052 miles
471 2995 766 3064 accinctus,
789 2996 1007 3053 interim
1031 2997 1122 3069 qui
1151 2996 1354 3053 modus
1372 2997 1760 3054 canonicarum
1783 3013 1900 3054 ora-

2004 3015 2158 3075 tiam,
2198 3027 2362 3084 super
2405 3011 2506 3068 hac
2537 3006 2636 3069 reb
2671 3011 2915 3070 diversos
2946 3021 3107 3086 typos
3139 3029 3205 3070 ac
3231 3014 3446 3087 regulas
3473 3014 3604 3072 sibi-

287 3090 508 3146 tionum
569 3090 1017 3163 psalmorumque
1063 3091 1136 3148 sit
1176 3090 1526 3163 in-partibus
1579 3092 1817 3150 Orientis
1867 3107 1898 3147 a

2013 3117 2118 3166 met
2155 3110 2519 3168 constituisse.
2570 3109 2804 3180 Quidam
2849 3110 2995 3166 enim
3037 3111 3273 3180 vicenos,
3318 3126 3414 3168 seu
3447 3111 3608 3168 trice-

282 3182 499 3238 sanctis
542 3182 790 3254 patrihus
834 3181 1134 3254 antiquitus
1191 3191 1460 3250 statutus,
1500 3193 1775 3257 agnoscat.
1814 3188 1898 3242 De

280 3246 564 3348 qualitate
597 3289 726 3330 vero
757 3246 985 3342 earum;
1010 3275 1095 3332 vel
1121 3246 1590 3346 quemadmodum
1631 3294 1786 3334 orare
1809 3294 1894 3334 se-
1925 3246 1971 3310 Ο

277 3363 551 3424 cundum
589 3367 837 3439 Apostoli
855 3367 1182 3424 sententiam
1208 3369 1254 3436 (ι
1287 3369 1562 3438 Thess.v),

277 3461 550 3514 missione
578 3459 883 3531 possimus,
907 3459 1019 3518 suis
1043 3461 1098 3517 in
1138 3461 1275 3518 locis
1301 3477 1427 3518 cum
1464 3463 1743 3520 seniorum
1771 3463 1895 3520 Col-

278 3552 528 3608 lationes
578 3553 906 3624 cmperimus
953 3570 1256 3627 exponere,
1300 3565 1565 3626 quantum
1617 3555 1894 3613 Dominus

278 3645 528 3714 dederit,
573 3646 914 3719 proferemus
940 3651 1106 3718 (Coll.
1147 3655 1182 3705 9
1209 3667 1328 3721 cap.
1363 3657 1416 3720 3,
1450 3655 1486 3706 6
1509 3666 1644 3722 seq.,
1673 3656 1726 3706 et
1758 3653 1892 3708 Coll.

283 3747 306 3794 I
321 3743 366 3792 0
388 3755 520 3815 cap.
541 3745 624 3808 7).
1262 3751 1286 3766 “

918 3837 1160 3894 CAPUT
1197 3839 1266 3894 ιι.

277 3931 370 3986 De
387 3928 706 3984 diversitate
715 3933 947 3992 numeri,
971 3933 1069 4000 qui
1082 3932 1157 3985 ad
1171 3932 1534 3987 decantandos
1552 3933 1788 4001 psalmos
1797 3947 1898 4002 per

605 4003 887 4055 universas
911 4003 1221 4070 provincias
1243 4004 1316 4056 sit
1339 4007 1598 4056 statutus.

363 4093 576 4150 Multos
625 4109 862 4166 namque
912 4093 1288 4166 comperimus
1311 4096 1436 4167 “per
1476 4093 1610 4150 alias
1655 4093 1904 4167 regiones

2001 3221 2104 3262 nos
2141 3205 2398 3278 psalmos,
2441 3215 2499 3262 et
2524 3205 2626 3263 hos
2666 3207 2814 3279 ipsos
2840 3206 3268 3278 antiphonarum
3305 3209 3605 3280 protelatos

1628 3300 1894 3384 Prafe‘se'
1932 3300 1970 3310 “”
2003 3300 2256 3357 melodiis
2287 3309 2344 3357 et
2382 3300 2730 3374 adiunctione
2774 3301 3138 3379 quarumdam
3167 3303 3604 3362 modulationum

1587 3375 1895 3472 “Minio?
2001 3398 2199 3456 debere
2231 3399 2334 3458 dici
2363 3399 2588 3472 singulis
2627 3398 2879 3457 noctibus
2916 3410 3276 3458 censuerunt:
3321 3402 3409 3458 alii
3458 3401 3606 3459 hunc

2001 3498 2229 3556 modum
2254 3501 2422 3557 etiam
2450 3498 2710 3557 excedere
2737 3506 3116 3566 tentaverunt;
3142 3499 3387 3557 nonnulli
3410 3499 3602 3558 decem

2000 3605 2055 3652 et
2081 3609 2242 3668 octo;
2277 3608 2441 3672 atque
2468 3599 2524 3654 in
2563 3597 2709 3654 hunc
2746 3597 2972 3654 modum
3011 3597 3240 3656 diversis
3270 3600 3326 3655 in
3356 3599 3490 3656 locis
3515 3599 3603 3656 di-

2004 3711 2224 3753 versum
2253 3710 2521 3752 canonem
2543 3694 2864 3767 agnovimus
2887 3695 3217 3763 institutum,
3247 3705 3441 3768 totque
3466 3712 3596 3768 pro-

2003 3791 2299 3866 pemodum
2323 3801 2486 3866 typos
2513 3807 2580 3848 ac
2610 3791 2826 3864 regulas
2854 3792 3091 3849 vidimus
3125 3801 3434 3865 usurpatas,
3471 3801 3608 3865 quot

2002 3895 2170 3950 etiam
2195 3893 2529 3950 monasteria
2549 3893 2821 3964 cellasque
2850 3894 3230 3967 conspeximus
3251 3896 3426 3960 (Vide
3451 3897 3609 3964 inf-ra

2005 3996 2081 4050 ad
2108 4011 2228 4066 cap.
2272 4001 2306 4051 8
2345 3995 2508 4065 hujus
2537 3997 2689 4062 lib.).
2733 3996 2873 4050 Sunt
2899 3996 3102 4067 quibus
3128 3995 3184 4051 in
3227 3995 3357 4068 ipsis
3391 4011 3610 4067 quoque

2007 4099 2032 4128 °
2059 4096 2268 4152 diurnis
2309 4097 2626 4153 orationum
2671 4093 2891 4166 ofﬁciis,
2932 4095 2987 4154 id
3031 4104 3136 4163 est,
3183 4095 3389 4164 Tertia,
3430 4097 3610 4165 Sexta,

1397 4250 1654 4307 ALARDI
1692 4251 1918 4306 GAZ/EI
1955 4249 2517 4306 COMMENTARIUS.

365 4398 394 4427 ³
422 4396 636 4464 Nempe
676 4392 945 4467 corporali
983 4401 1040 4451 et
1084 4393 1470 4467 spirituali,de
1511 4394 1708 4467 quibus
1737 4409 1903 4466 supra

285 4467 464 4536 (Cap.
497 4471 531 4520 2
557 4470 608 4520 et
631 4466 732 4539 uit.
757 4466 849 4520 lib.
867 4466 929 4539 ι)
955 4483 970 4521 :
1005 4467 1276 4538 corporali
1305 4466 1550 4538 quidem,
1572 4483 1682 4539 quo
1700 4467 1908 4539 succin-

285 4543 424 4592 ctus
457 4537 1119 4620 _rri_onachus_‘ad_omnes
1141 4553 1272 4620 usus
1310 4537 1366 4594 et
1392 4537 1808 4620 operaexterna
1837 4538 1910 4592 sit

286 4605 638 4679 expeditior;
673 4607 957 4679 spirituali,
997 4608 1102 4664 hoc
1131 4618 1237 4676 est,
1275 4605 1697 4666 mortiﬁcatione
1727 4625 1906 4665 mem-

287 4677 554 4751 brorum,
577 4677 631 4732 in
659 4677 859 4751 quibus
889 4679 1118 4738 luxuriae
1141 4679 1429 4736 seminaria
1466 4681 1830 4736 continentur.

367 4742 836 4838 {’Typum:alias
897 4765 1165 4838 canonem
1217 4758 1417 4838 vocat,
1463 4751 1596 4838 alias
1657 4752 1906 4832 regulam
1939 4775 1990 4838 Β

288 4826 396 4874 aut
429 4821 907 4891 constitutionem,
953 4822 1086 4878 alias
1110 4821 1337 4878 modum
1367 4830 1422 4878 et
1462 4821 1767 4891 rationem;
1810 4821 1908 4876 sic-

292 4891 376 4966 uti
403 4891 576 4946 etiam
609 4891 805 4966 accipit
838 4894 894 4949 S.
927 4893 1256 4966 Ambrosius
1283 4892 1442 4964 epist.
1477 4898 1573 4962 68,
1612 4909 1738 4948 cum
1779 4893 1856 4948 ait
1889 4909 1904 4946 :

291 4964 462 5017 Posse
490 4963 942 5037 tmmmaliquem
965 4963 1215 5037 reperiri,
1237 4963 1344 5035 quo
1365 4966 1538 5035 possit
1556 4966 1776 5032 auferri
1788 4966 1912 5032 fra-

292 5039 452 5088 trum
485 5033 780 5088 discordia.

363 5108 392 5138 ο
417 5105 534 5176 ‘Cur
546 5105 602 5176 in
622 5104 814 5176 ofﬁciis
832 5103 1040 5161 diurnis
1069 5105 1308 5161 Primam
1329 5121 1495 5176 quam
1519 5119 1801 5172 vocamus,
1828 5103 1916 5160 hic

291 5184 351 5231 et
374 5174 510 5230 alibi
536 5175 840 5242 obmiserit,
864 5185 920 5231 et
941 5177 1296 5232 solummodo
1318 5169 1586 5242 Tertiam,
1614 5169 1833 5233 Sextarn
1863 5183 1919 5232 et
1956 5169 1979 5187 ⁸

293 5249 524 5303 Nomm
545 5248 848 5319 nominarit
865 5247 942 5319 (L.
968 5261 1072 5311 ιιι,
1089 5265 1133 5303 c.
1153 5253 1184 5302 3
1211 5253 1262 5303 et
1278 5253 1356 5315 4),
1381 5247 1519 5303 ratio
1541 5263 1660 5303 esse
1681 5247 1916 5319 videtur,

293 5319 452 5390 quod
483 5318 665 5374 Prima
691 5327 823 5390 tunc
860 5318 1120 5390 temporis
1165 5319 1309 5390 apud
1341 5319 1655 5390 Orientales
1694 5318 1776 5390 vel
1807 5334 1918 5372 non

293 5388 421 5444 erat
451 5390 506 5444 in
552 5404 678 5458 usu,
719 5397 777 5444 ut
803 5388 944 5461 infra
973 5388 1182 5445 dicetur
1200 5388 1441 5461 plenius,
1481 5389 1565 5444 vel
1595 5389 1760 5445 simul
1790 5405 1918 5444 cum

299 5461 592 5533 Laudibus
626 5460 983 5533 jungebatur,
1009 5469 1082 5533 _et
1101 5460 1224 5533 iuno
1247 5462 1476 5533 nomine
1503 5461 1787 5517 Matutine:
1815 5475 1922 5533 so-

295 5530 644 5600 lemnitatis,
685 5530 781 5587 seu
826 5530 1163 5588 matutinalis
1200 5531 1362 5587 ofﬁcii
1409 5533 1749 5590 censebatur.
1797 5531 1921 5600 Quo

293 5601 530 5675 quidem
559 5612 809 5675 tempore
851 5611 1068 5675 constat
1108 5612 1218 5658 tres
1259 5604 1390 5659 istas
1420 5603 1586 5659 horas
1627 5604 1920 5659 canonicos

222 5685 245 5692 '
292 5672 698 5747 propriissime
728 5672 952 5747 diurnas
992 5672 1156 5747 fuisse
1192 5675 1508 5747 appellatas.
1551 5677 1694 5742 Nam
1743 5686 1924 5743 vespe-

291 5760 382 5820 ra:
405 5745 834 5820 (quodammodo
872 5745 1070 5820 mediae
1107 5745 1283 5814 erant,
1325 5761 1452 5802 cum
1493 5753 1738 5820 extrema
1772 5753 1924 5820 parte

292 5814 446 5882 diei,
469 5825 530 5872 et
553 5815 856 5888 completo,
886 5814 997 5872 sive
1025 5819 1357 5888 complente,
1395 5832 1470 5888 ac
1488 5814 1922 5888 desinentedie;

301 5885 764 5960 Completorium
791 5902 922 5944 vero
950 5887 1054 5944 sub
1083 5885 1298 5944 initium
1328 5886 1525 5954 noctis,
1559 5896 1614 5942 et
1640 5885 1832 5957 primis
1865 5900 1925 5940 se

2006 4393 2125 4468 jam
2166 4391 2342 4450 noctis
2383 4391 2635 4468 tenebris
2659 4391 3489 4468 intendentibusgcelebrandum
3531 4409 3612 4452 es-

2013 4464 2132 4534 set;
2163 4474 2302 4522 teste
2325 4468 2394 4538 D.
2430 4464 2626 4521 Basilio
2653 4466 2708 4538 in
2734 4465 2958 4538 Regulis
2987 4465 3162 4538 fusius
3189 4466 3390 4538 disput.
3413 4475 3610 4538 quaest.

2017 4543 2104 4594 37.
2143 4539 2316 4594 Porro
2337 4537 2481 4593 circa
2515 4537 2736 4593 nomina
2763 4537 2994 4594 istarum
3013 4537 3298 4606 horarum,
3325 4543 3386 4594 ut
3423 4537 3612 4594 earum

2016 4608 2154 4665 ratio
2188 4617 2571 4682 cognoscatur,
2598 4610 2697 4665 tria
2721 4618 2851 4664 sunt
2880 4609 2986 4666 hoc
3013 4609 3132 4665 loco
3156 4609 3403 4682 notanda
3439 4607 3615 4664 docu-

2017 4689 2222 4746 menta,
2254 4679 2392 4736 scitu
2429 4683 2733 4736 necessaria
2776 4683 3124 4747 (Bellarmin.
3167 4681 3261 4735 lib.
3307 4693 3329 4734 ι
3366 4679 3433 4733 de
3477 4682 3610 4734 Bon.

2017 4752 2174 4821 Oper.
2202 4753 2266 4822 in
2289 4753 2491 4822 partio.
2528 4767 2647 4822 cap.
2679 4755 2798 4817 11).
2829 4753 3074 4822 Primum
3108 4749 3330 4806 nomina
3355 4748 3616 4822 horarum

2015 4817 2407 4878 canonicarum
2457 4817 2676 4893 proprie
2725 4822 2796 4879 ad
2842 4838 2934 4878 eas
2982 4821 3150 4876 horas
3197 4817 3617 4893 accommodata

2018 4909 2160 4962 esse,
2181 4963 2193 4972 _
2225 4907 2350 4972 quae
2393 4887 2535 4972 apud
2562 4887 2979 4972 'vetereserant
3015 4895 3070 4972 in
3105 4905 3230 4955 usu,
3269 4887 3616 4972 quaequein-

2018 4960 2260 5034 aequales
2302 4969 2357 5017 et
2396 4960 2861 5034 antiquariaa__dici_
2901 4961 3113 5034 solent,_
3139 4975 3372 5034 quarum
3405 4960 3620 5034 initium

2019 5030 2324 5090 ducebatur
2369 5030 2440 5086 ab
2485 5030 2612 5104 ortu
2653 5030 2817 5104 solis;
2849 5031 2922 5088 ita
2953 5041 3010 5088 ut
3035 5030 3209 5104 prima
3245 5031 3392 5104 hora,
3419 5032 3620 5089 dicere-

2018 5113 2133 5170 tur,
2180 5117 2305 5174 quaa
2348 5110 2478 5178 erat
2514 5103 2690 5178 prima
2727 5103 2797 5160 ab
2816 5113 2954 5178 ortu
2989 5103 3150 5174 solis;
3195 5103 3454 5178 secunda,
3497 5119 3621 5178 qua:

2023 5183 2142 5247 erat
2163 5172 2402 5231 secunda
2429 5173 2501 5230 ab
2530 5173 2724 5247 eodem
2753 5173 2886 5232 solis
2907 5172 3206 5246 exortu,‘ct
3227 5175 3310 5232 sic
3342 5172 3617 5247 deinceps.

2024 5246 2294 5329 Dicuntur
2319 5254 2501 5330 autem
2543 5245 2851 5330 inaequales,
2873 5247 3293 5330 quoniamncum
3324 5262 3420 5318 per
3440 5245 3620 5330 totum

2025 5333 2232 5374 annum
2269 5318 2324 5372 in
2348 5316 2639 5374 duodecim
2661 5316 2834 5376 horas
2856 5316 3001 5377 diem
3039 5316 3374 5374 artificialein
3411 5327 3621 5376 veteres

2025 5388 2431 5455 distribuerent,
2460 5397 2516 5443 et
2545 5388 2598 5442 in
2623 5391 2853 5446 totidem
2887 5398 3104 5446 noctem
3132 5409 3148 5458 ;
3173 5389 3475 5446 necessario
3519 5390 3619 5446 lie-

2025 5459 2142 5526 bat,
2171 5468 2232 5533 ut
2261 5461 2317 5515 in
2355 5468 2543 5516 aestate
2581 5460 2858 5533 longiores
2898 5470 3082 5519 essent
3108 5461 3259 5516 hora:
3278 5461 3496 5533 diurnae
3524 5478 3622 5516 no-

2026 5531 2266 5598 cturnis;
2311 5539 2369 5586 et
2402 5538 2593 5586 contra
2635 5530 2702 5586 in'
2727 5531 2906 5590 hieme
2941 5540 3224 5588 nocturnae
3263 5531 3490 5588 diurnis.
3529 5534 3624 5588 Se-

2028 5601 2296 5669 cundum,
2339 5599 2584 5660 officium
2629 5604 2794 5660 trium
2836 5603 3120 5667 horarum,
3159 5601 3366 5658 scilicet
3399 5602 3621 5668 Tertiae,

2026 5675 2229 5752 sextae,
2259 5676 2453 5752 Nonaz,
2482 5674 2585 5730 illis
2614 5673 2745 5752 ipsis
2771 5674 2920 5752 horis
2939 5673 3257 5752 regulariter
3281 5680 3338 5726 et
3363 5670 3623 5752 canonice

2029 5744 2416 5801 celebrandum
2443 5742 2599 5802 esse.
2636 5742 2921 5815 'Quoniam
2964 5742 3150 5799 autem
3197 5742 3350 5796 horae
3391 5742 3509 5815 illae
3543 5742 3624 5790 in-

2031 5816 2394 5889 aequalem
2423 5832 2534 5889 neu
2555 5813 2936 5889 εμιιιέωριίυε
2962 5815 3022 5889 in.
3038 5827 3161 5889 υειις
3185 5813 3624 5889 ρερριξεῖεξξξτὲ

2034 5877 2164 5957 μοι-ξι
2194 5877 2301 5940 ἰὶΙεῖ
2325 5885 2637 5957 accipienda
2668 5877 2816 5950 sunt',
2849 5897 2972 5951 qua:
3009 5880 3158 5933 horis
3185 5877 3304 5927 illis
3345 5877 3401 5923 in
3435 5877 3626 5949 nostra
