4052 6200
422 328 490 382 79
1754 319 1970 375 JOANN
1977 318 2034 375 IS
2071 317 2378 375 CASSIANI
3655 323 3724 377 80

421 454 688 524 Nonaque
709 449 764 508 id
784 449 960 508 visum
983 459 1084 518 est,
1114 456 1178 506 ut
1203 452 1229 483 ³
1264 445 1566 506 secundum
1592 445 1855 502 horarum
1891 459 2014 502 mo-
2045 453 2098 514 Α
2127 461 2262 502 num
2289 443 2516 501 modum
2545 442 2602 500 in
2639 441 2958 515 vespertini
2986 442 3342 501 conventibus
3382 459 3477 500 seu
3501 453 3725 502 noctur-

418 546 553 604 dum
597 547 654 602 in
699 545 898 618 quibus
930 543 1049 602 haec
1094 543 1335 600 Domino
1376 539 1680 598 redduntur
1725 538 2013 613 obsequia,

419 639 761 712 psalmorum
801 637 966 694 etiam
1007 645 1061 694 ct
1101 635 1405 691 orationum
1435 640 1692 704 putarent
1721 647 2015 689 numerum

406 731 823 804 ‘coazquandum
856 751 868 786 :
893 727 1170 786 nonnullis
1197 726 1400 800 placuit
1420 725 1692 782 senarium
1715 740 2012 782 numerum

417 825 640 898 singulis
672 823 778 880 diei
818 820 1178 879 conventibus
1220 819 1487 893 deputari.
1534 820 1876 892 Quapropter
1919 832 2014 873 ne-

416 919 710 976 cessarium
755 933 882 974 reor
931 915 1369 989 antiquissimam
1404 921 1621 988 patrum
1666 912 1915 987 proferre
1957 911 2012 967 in

417 1013 662 1068 medium
686 1010 1158 1078 constitutionem,
1184 1024 1308 1081 quae
1341 1023 1488 1064 nunc
1512 1021 1684 1079 usque
1720 1021 1816 1079 per
1839 1013 2012 1061 totam

425 1107 716 1180 lEgyptum
758 1119 792 1160 a
832 1103 935 1159 Dei
977 1101 1194 1158 famulis
1245 1099 1572 1170 custoditur,
1620 1092 1773 1172 quob
1818 1097 2014 1154 novelli

413 1197 728 1254 monasterii
753 1196 809 1254 in
837 1196 1059 1254 Christo
1088 1196 1239 1254 rudis
1265 1194 1489 1252 infantia
1512 1193 2014 1266 antiquissimorum

415 1292 597 1364 potius
639 1300 861 1365 patrum
911 1290 1292 1348 vetustissimis
1335 1286 1763 1346 institutionibus
1795 1285 2012 1342 imbua-

415 1393 524 1442 tur.

1026 1525 1265 1582 CAPUT
1302 1525 1403 1580 ΙΙΙ.
1416 1553 1429 1568 -

417 1657 494 1713 De
513 1653 801 1723 uniformis
826 1653 1024 1724 regula:
1045 1671 1146 1726 per
1175 1658 1344 1709 totam
1371 1655 1662 1723 Egyptum
1685 1651 1946 1714 custodia,
1965 1656 2017 1706 et

523 1727 590 1781 de
615 1729 861 1782 electione
879 1742 1060 1782 eorum
1082 1727 1181 1796 qui
1196 1726 1470 1793 fratribus
1491 1728 1904 1794 prwponuntur.

2121 539 2206 596 nis
2245 537 2441 610 vigiliis
2487 538 2719 594 vidimus
2762 537 3038 594 retentari.
3085 539 3212 594 Non
3245 538 3391 594 enim
3434 538 3722 612 quisquam

2122 631 2500 688 conventiculo
2535 631 2790 700 fratrum,
2831 630 2927 688 sed
2962 646 3033 691 ne
3060 629 3164 688 sibi
3197 630 3420 703 quidem
3447 631 3548 703 ipsi
3584 648 3725 704 pra:-

2118 741 2238 782 essc
2295 725 2612 782 conceditur
2672 725 2988 798 priusquam
3046 739 3156 782 non
3209 725 3393 782 solum
3448 725 3718 786 universis

2118 817 2466 876 facultatibus
2504 819 2621 874 suis
2660 817 2922 874 reddatur
2947 825 3224 886 externus,
3265 817 3360 874 sed
3388 833 3459 876 ne
3489 819 3578 876 sui
3603 819 3721 891 qui-

2119 910 2246 968 dem
2278 911 2448 984 ipsius
2484 927 2544 968 se
2572 925 2692 968 esse
2721 909 3032 990 dominum,
3058 911 3139 967 vel
3171 919 3498 984 potestatem
3523 910 3724 970 habere

2125 1015 2436 1076 cognoscat.
2481 1006 2564 1062 Ita
2605 1020 2842 1078 namque
2879 1005 3280 1062 renuntiantem
3329 1005 3460 1066 huic
3504 1005 3716 1064 mundo

2125 1099 2454 1171 quibuslibet
2478 1097 2821 1156 facultatibus
2859 1115 2925 1156 ac
2952 1098 3149 1156 divitiis
3172 1098 3461 1170 praeditum
3500 1115 3722 1156 necesse

2125 1203 2209 1250 est
2251 1192 2488 1250 cmuobii
2535 1193 3033 1250 commorationem
3069 1201 3342 1266 expetere,
3382 1202 3444 1250 ut
3486 1193 3539 1250 in
3567 1195 3720 1252 nullo

2123 1287 2224 1344 sibi
2274 1303 2342 1344 ex
2398 1287 2482 1344 bis
2527 1303 2649 1361 qua:
2699 1288 2934 1360 reliquit,
2980 1297 3076 1345 aut
3126 1289 3312 1346 intulit
3361 1289 3716 1355 monasterio,

2125 1381 2436 1439 blandiatur
2467 1402 2482 1440 :
2515 1383 2592 1439 sic
2619 1381 2841 1439 obedire
2880 1383 3110 1452 cunctis,
3149 1391 3209 1439 ut
3240 1381 3576 1440 redeundum
3617 1382 3720 1440 sibi

2123 1476 2424 1534 secundum
2447 1477 2775 1535 sententiam
2801 1476 3027 1535 Domini
3053 1480 3284 1546 (Matth.
3313 1477 3508 1549 xvm)
3544 1476 3616 1535 ad
3638 1477 3718 1534 in-

2124 1567 2348 1628 fantiam
2399 1571 2683 1642 pristinam
2732 1571 2982 1639 noverit,
3041 1570 3194 1639 nihil,
3238 1571 3340 1628 sibi
3405 1571 3716 1630 considera-

2124 1662 2270 1720 tione
2312 1665 2414 1721 αξνὶ
2454 1666 2537 1722 vel
2586 1681 2861 1723 annorum
2911 1666 3302 1724 numerositate
3348 1681 3712 1739 praesumens,

2123 1772 2292 1828 quam
2336 1758 2396 1814 in
2454 1759 2661 1816 saeculo
2696 1759 2928 1817 inaniter
2965 1768 3352 1833 consumptam
3403 1776 3462 1818 se
3502 1768 3720 1834 reputat

487 1857 678 1928 Itaque
704 1870 804 1927 per
837 1855 1148 1912 universam
1166 1857 1190 1888 ο
1227 1856 1522 1928 Egyptum
1544 1860 1602 1908 et
1638 1850 1971 1908 Thebaidem
1991 1893 2007 1918 ,
2038 1854 2086 1917 Β
2123 1849 2456 1922 perdidisse;
2496 1853 2591 1909 sed
2625 1868 2726 1926 pro
2748 1853 3189 1912 rudimentorum
3210 1855 3408 1912 merito
3436 1863 3492 1912 et
3516 1855 3714 1928 tyroci-

417 1947 509 2004 ubi
549 1946 878 2004 monasteria
915 1961 1027 2003 non
1053 1961 1154 2018 pro
1183 1945 1611 2018 uniuscujusque
1648 1943 2012 2001 renuntiantis

415 2037 778 2098 instituuntur
808 2039 1054 2109 arbitrio,
1080 2039 1178 2096 sed
1215 2055 1313 2112 per
1339 2037 1710 2096 successiones
1745 2053 1811 2094 ac
1835 2036 2012 2094 tradi-

414 2129 593 2190 tiones
623 2133 920 2206 majorum,
959 2147 1132 2204 usque
1155 2131 1210 2187 in
1247 2130 1576 2188 hodiernum
1607 2130 1753 2188 diem
1778 2130 1861 2186 vel
1885 2145 2008 2200 per-

421 2234 648 2284 manent
691 2226 773 2283 vel
809 2240 1066 2283 mansura
1105 2224 1426 2296 fundantur,
1469 2224 1767 2298 legitimum
1822 2226 2012 2282 oratio-

2119 1942 2194 1998 nii
2236 1944 2499 2016 novitate,
2545 1962 2713 2020 quam
2737 1963 2797 2005 se
2821 1963 3008 2022 gerere
3034 1949 3090 2005 in
3118 1947 3322 2006 Christi
3350 1949 3544 2005 militia
3571 1964 3717 2006 reco-

2117 2040 2348 2110 gnoscit,
2397 2041 2630 2099 subdere
2656 2057 2717 2099 se
2759 2042 2920 2100 etiam
2949 2043 3260 2117 junioribus
3293 2061 3408 2102 non
3444 2052 3710 2102 moretur.

2119 2132 2313 2205 Operis
2350 2149 2574 2207 quoque
2618 2145 2674 2193 et
2721 2135 2938 2194 udoris
2978 2138 3384 2196 assuetudinem
3413 2140 3490 2196 ita
3526 2137 3710 2195 subire

2119 2227 2486 2300 compellitur,
2524 2219 2633 2286 utd
2683 2230 2912 2304 propriis
2949 2231 3223 2301 manibus,
3263 2233 3422 2305 juxta
3467 2230 3713 2305 Apostoli

1509 2391 1762 2447 ALARDI
1801 2391 2024 2447 GAZASI
2061 2391 2614 2449 COMMENTARIUS.

415 2545 801 2619 supputatione
841 2543 1211 2619 respondent._
1235 2547 1393 2616 Quod
1429 2545 1581 2619 nullo
1629 2544 1850 2619 negotio
1894 2544 2009 2612 fiet,

415 2618 462 2674 si
485 2616 625 2690 quis
669 2616 1014 2690 advertat—in
1036 2631 1172 2690 quas
1199 2616 1379 2690 horas
1396 2616 1527 2672 solis
1559 2616 1736 2690 ortus]
1765 2624 1821 2672 et
1850 2632 2008 2690 occa-

414 2687 535 2757 sus,
560 2697 615 2745 et
640 2687 896 2760 meridies
913 2687 1172 2760 incidant.
1200 2691 1344 2744 Nam
1366 2687 1500 2744 hora
1523 2687 2007 2760 sextai‘natqualis,

413 2775 538 2830 quae
569 2767 654 2816 est
681 2759 815 2815 hora
838 2759 1100 2815 orationis
1133 2769 1314 2831 sexta,
1351 2774 1566 2831 semper
1593 2758 1776 2831 incidit
1798 2757 1854 2814 in
1881 2774 2010 2831 me:

413 2829 627 2887 ridiem.
659 2831 992 2903 Horagtertia
1028 2830 1307 2903 inequalis
1334 2829 1550 2903 semper
1573 2829 1760 2886 incidit
1789 2831 1844 2885 in
1877 2829 2011 2903 illud

415 2909 654 2974 tempus,
683 2900 830 2974 quod
855 2910 939 2958 est
969 2900 1372 2974 mediuminter
1405 2900 1741 2974 sdlisortum
1767 2909 1823 2956 et
1847 2900 2010 2974 meri:

415 2970 582 3056 diem.
626 2970 776 3056 ﬂora
818 2988 968 3056 nona
1000 2972 1278 3056 inaequalis
1317 2972 1378 3056 in
1419 2971 1551 3056 illud
1578 2981 1814 3042 tempus,
1857 2970 2007 3056 qpod

417 3051 502 3099 est
544 3043 784 3100 medium
831 3045 970 3100 inter
1009 3041 1289 3100 meridiem
1331 3051 1386 3098 et
1424 3043 1558 3098 solis
1597 3041 2006 3109 occasum,’hoc

418 3115 583 3186 estin
629 3113 822 3186 horam
847 3113 1094 3186 tertiam
1131 3112 1578 3186 pomeridianam.
1627 3112 1837 3170 Dicitur
1873 3129 2004 3186 ergo

415 3184 546 3240 hora
569 3185 778 3256 Tertia,
815 3185 925 3240 sive
950 3183 1196 3256 officium
1235 3185 1450 3252 Tertiae,
1487 3186 1614 3256 quia
1654 3186 1789 3256 hora
1817 3183 2002 3251 tertia,

417 3256 489 3312 ab
527 3264 650 3311 ortu
682 3255 844 3322 solis;
880 3264 937 3312 et
972 3253 1215 3312 ofﬁcium
1253 3257 1452 3323 Sextus,
1489 3253 1614 3323 (iuia
1658 3255 1794 3311 hora
1823 3263 2002 3323 sexta;

417 3273 489 3312 an
527 3273 650 3311 ortu
682 3273 844 3322 sons;
880 3273 937 3312 et
972 3273 1215 3312 eructum
1253 3273 1452 3323 sextae,
1528 3274 1538 3312 ι

417 3326 660 3399 officium
683 3329 879 3394 Nonae,
909 3327 1036 3399 quia
1061 3327 1194 3384 hora
1221 3343 1365 3383 nona
1389 3273 1538 3384 cele‘b

414 3399 553 3454 tium
576 3398 996 3472 documentum,
1015 3405 1236 3472 tempus
1263 3399 1579 3455 canonicum
1609 3407 1665 3455 ct
1699 3398 2002 3470 legitimum

416 3469 754 3541 persolvendi
780 3469 957 3525 ofﬁcia
983 3469 1179 3541 harum
1214 3470 1472 3526 horarum
1495 3486 1607 3525 non
1631 3469 1776 3541 esse,
1801 3477 2006 3541 postea-

415 3556 582 3611 quam
619 3540 750 3612 ipsaa
789 3541 939 3598 horae
962 3540 1132 3596 ﬁnitae
1168 3548 1296 3612 sunt
1323 3549 1376 3596 et
1398 3549 1630 3612 exactae;
1669 3540 1770 3612 sed,
1798 3540 2006 3610 postea-

415 3610 580 3683 quam
619 3610 726 3684 labi
767 3621 1073 3684 cmperunt,
1117 3617 1173 3666 et
1205 3611 1382 3684 adhuc
1428 3611 1718 3684 labuntur;
1760 3610 2000 3684 hocgest,

413 3681 525 3754 non
549 3697 668 3754 esse
701 3681 1043 3754 intermino,
1087 3696 1184 3738 seu
1207 3681 1354 3754 _ﬁue,
1381 3682 1566 3754 _sed_in
1603 3690 1724 3738 toto
1749 3681 1922 3754 spatio
1951 3691 2005 3736 et

414 3753 588 3824 lapsu,
614 3753 725 3808 sive
743 3753 976 3810 decursu
999 3751 1336 3824 earumdem.
1362 3752 1529 3824 Quod,
1545 3767 1608 3807 ex
1631 3768 1695 3808 eo
1719 3751 2002 3824 probatur,

413 3823 537 3894 quia
559 3832 774 3880 constat
796 3824 1036 3880 ofﬁcium
1059 3823 1308 3894 Laudum
1340 3823 1735 3894 Matutinarum
1755 3840 1866 3880 non
1887 3839 2006 3880 esse

413 3893 798 3966 celebrandum
842 3893 1198 3966 horainoeti‘s
1245 3893 1564 3966 duodecima
1625 3895 1916 3966 completa,
1962 3894 1998 3949 i.

413 3973 535 4020 orto
555 3965 671 4036 jam
693 3967 829 4031 sole,
855 3965 952 4022 sed
986 3965 1122 4021 hora
1145 3963 1464 4021 duodecima
1491 3973 1547 4036 et
1568 3963 1842 4036 postrema
1882 3963 2006 4022 eur-

410 4035 570 4093 rente
609 4056 620 4091 :
671 4053 736 4092 ac
764 4052 861 4108 per
888 4036 992 4092 hoc
1032 4037 1088 4108 in
1130 4051 1360 4102 aurora;
1399 4043 1460 4091 ut
1496 4035 1634 4108 infra
1663 4036 1999 4108 docebimus.

412 4108 538 4164 Pari
563 4124 712 4181 ergo
754 4107 964 4166 ratione
992 4107 1236 4164 ofﬁcium
1267 4108 1464 4181 Primae
1501 4107 1889 4181 celebrandum
1923 4116 2004 4181 est

409 4193 522 4234 non
563 4177 696 4236 hora
745 4181 918 4252 prima
957 4189 1165 4244 exacta,
1201 4178 1299 4236 sed
1335 4177 1589 4252 labentc,_
1609 4179 1664 4235 id
1709 4188 1810 4241 est,
1841 4180 2004 4252 paulo

412 4249 761 4322 postgrtum‘
777 4253 907 4306 solis
941 4270 952 4304 :
985 4260 1040 4307 et
1066 4267 1129 4306 ex
1158 4251 1510 4322 consequenti
1539 4249 1686 4322 idem
1713 4249 2006 4308 dicendum

407 4317 478 4373 de
504 4318 698 4374 ofﬁciis
719 4322 937 4387 Tertiaz,
968 4324 1166 4388 Sextae,
1192 4317 1390 4383 Nonus,
1418 4321 1662 4379 videlicet
1687 4321 2004 4378 celebranda

413 4403 532 4462 esse
558 4388 708 4462 horis
745 4390 850 4462 illis
892 4390 1215 4462 labentibus,
1259 4391 1506 4462 necdum,
1533 4393 1840 4462 completis.
1873 4395 2007 4448 Haec

411 4458 524 4534 fere
548 4460 1080 4534 BellarminpsLCur
1111 4469 1294 4534 autem
1316 4461 1468 4518 horae
1496 4461 1616 4534 itae
1639 4458 1818 4534 potius
1841 4479 2006 4533 quam

410 4531 776 4604 aliae,_divinis
803 4531 1000 4588 ofﬁciis
1036 4531 1145 4588 sint
1171 4530 1468 4604 deputatae,
1492 4530 1701 4590 dicetur
1732 4530 1875 4589 infra
1902 4549 2004 4591 suo

409 4601 528 4658 loco
551 4601 694 4675 (Lib.
717 4618 793 4659 nt
815 4619 858 4658 c.
894 4607 979 4675 2).

478 4677 502 4746 ξ
533 4673 595 4730 ld
624 4682 725 4742 est,
759 4683 822 4730 ut
851 4674 1007 4730 tertia
1049 4689 1261 4746 quaque
1290 4673 1422 4746 hora
1457 4674 1686 4746 abortu
1714 4674 1842 4732 solis
1884 4683 1998 4732 tres

2117 2545 2330 2622 videtur
2365 2554 2562 2622 auctor
2598 2546 2813 2622 {Egypti
2836 2546 3058 2604 nomine
3097 2545 3401 2622 designare,
3430 2562 3562 2603 cum
3589 2563 3711 2604 eam

2117 2632 2148 2672 a
2177 2616 2450 2691 Ihebaide
2490 2616 2804 2691 distinguat,
2836 2616 3246 2691 quaeesuperior
3276 2621 3570 2691 Egyptus,
3616 2635 3711 2691 ap-

2119 2689 2366 2759 pellatur.
2397 2690 2568 2772 1_>_orro
2584 2687 3032 2772 fle—monasteriis
3067 2687 3124 2772 et
3159 2687 3708 2772 monachisndigypti,

2117 2775 2357 2832 quorum
2380 2760 2516 2816 ritus
2539 2759 3062 2832 ,observationesque
3101 2760 3158 2816 in
3185 2760 3382 2817 divinis
3415 2759 3628 2827 ofﬁciis,
3658 2769 3714 2818 et

2117 2830 2392 2906 canonicis
2413 2831 2749 2888 orationibus
2773 2830 3046 2906 exponere
3065 2832 3377 2906 aggreditur
3399 2832 3707 2906 Cassianus,

2117 2901 2398 2975 sciendum
2427 2911 2522 2975 est
2559 2912 2808 2975 sanctum
2839 2901 3414 2975 Antonium'tempore
3439 2903 3709 2975 constan-

2114 2971 2212 3027 tini
2237 2972 2443 3046 ‘Magui
2454 2973 2828 3046 imperatoris,
2866 2982 2922 3028 et
2961 2973 3113 3046 initio
3147 2971 3322 3046 quat-ii
3350 2973 3554 3046 saeculi,
3581 2989 3708 3030 mo-

2113 3042 2376 3099 nasticam
2412 3042 2749 3116 disciplinam
2779 3046 2834 3116 in
2875 3044 3093 3116 Egypti
3121 3042 3638 3116 partibusipriimum
3677 3061 3709 3101 a

2113 3059 2376 3099 nasucam
2412 3059 2749 3116 (llSClpllnam
2779 3060 2834 3100 tn
2875 3059 3092 3170 mgyptt
3121 3059 3364 3116 partibus
3399 3060 3638 3116 primum
3677 3061 3701 3101 a

2111 3123 2300 3188 sancto
2354 3115 2910 3188 Marcoevangelista
2977 3115 3236 3188 nudatam
3281 3125 3336 3171 et
3374 3115 3701 3188 ipstitutam,

2108 3185 2204 3259 sed
2227 3193 2414 3259 postea
2442 3171 2778 3258 gravioribus
2798 3171 3236 3259 persecutionum
3264 3171 3510 3259 procellis
3537 3171 3708 3242 exos1

2107 3255 2180 3312 tis
2228 3255 2548 3313 labefactam
2595 3273 2657 3314 ac

1543 3326 2002 3420 Ea'Eiﬁﬁ‘l‘EEBE
2039 3356 2085 3420 ρ
2111 3337 2476 3420 stersisse.
2489 3326 3712 3420 35992.3;(13959399bitiss33339139339-

2713 3257 2850 3328 pene
2889 3257 3597 3324 exstinctam,'restituisse
3642 3273 3710 3314 ac

2111 3398 2618 3480 datnmodgjecisse
2645 3398 3038 3480 fundamenta;
3060 3398 3386 3472 tantamque
3403 3398 3708 3480 monachof

2113 3485 2243 3552 rum.
2272 3470 2690 3552 multitudinem.
2715 3471 2884 3552 brevi
2899 3479 3146 3552 tempore
3186 3470 3524 3552 aggregasse,
3557 3477 3618 3552 ut
3644 3479 3709 3552 .et

2111 3538 2403 3613 Thebaidis
2472 3549 2528 3595 et
2590 3539 2758 3596 totius
2778 3611 2806 3613 __
2821 3538 3035 3613 Egypti
3093 3538 3708 3613 desert—au'momsteriis

2111 3611 2530 3682 complerentur.
2577 3613 2662 3666 De
2699 3611 3058 3682 quibus'haec
3095 3611 3237 3668 inter
3273 3611 3374 3668 alia
3416 3611 3602 3668 scribit
3628 3615 3701 3667 D.

2111 3681 2437 3739 Athanasius
2461 3685 2666 3738 :Erant
2683 3681 2740 3736 in
2759 3687 2934 3738 monte
2953 3685 3300 3746 monasteria,
3319 3689 3598 3753 tamquam
3617 3689 3702 3737 ta-

2115 3754 2403 3807 bernacula
2417 3755 2582 3824 plena
2597 3755 2794 3808 divin-is
2810 3755 2982 3808 eho-ris
2997 3755 3365 3824 psallentium,
3394 3756 3701 3823 legentium,

2111 3827 2404 3886 orantium,
2419 3825 3030 3894 tantumquejejunandi
3045 3842 3108 3880 ac
3125 3827 3440 3894 vigilia-rum
3455 3827 3706 3880 ardorem

2111 3900 2420 3950 cunctorum
2451 3897 2714 3951 mentibus
2742 3911 2914 3950 sermo
2947 3896 3062 3966 ejus
3087 3896 3368 3966 (Antonii)
3390 3899 3702 3966 efﬂaverat,

2109 3972 2172 4020 ut
2195 3968 2403 4034 futurae
2425 3968 2540 4037 spei
2551 3968 2811 4022 divinitate
2828 3968 2902 4021 ad
2917 3973 3161 4022 mutuam
3179 3969 3516 4030 charitatem,
3541 3974 3596 4022 et
3608 3971 3706 4023 mi-

2109 4039 2457 4093 sericordiam
2473 4039 2838 4106 indigentibus
2858 4039 3350 4108 emhibendamjugi
3364 4040 3544 4094 studio
3565 4041 3704 4094 labo-

2111 4114 2318 4173 rarent,
2346 4126 2450 4180 quo
2487 4111 2757 4178 infinitam
2777 4113 3038 4179 regionem
3065 4127 3100 4164 a
3127 4109 3406 4165 mundana
3433 4126 3710 4165 conuersa-

2112 4183 2252 4235 tione
2267 4181 2583 4249 sejunctam,
2602 4183 2820 4251 plenam
2836 4182 3057 4251 pietatis
3076 4187 3126 4235 et
3129 4181 3362 4251 justitiw
3383 4182 3707 4236 videbantur

2109 4253 2354 4324 incolere.
2401 4259 2506 4306 etc.
2546 4250 2684 4324 Quae
2726 4250 2881 4322 plane
2922 4260 3226 4324 consonant
3253 4250 3320 4324 iis
3351 4267 3474 4324 quae
3505 4253 3558 4308 in
3599 4251 3706 4308 hoc

2109 4321 2282 4402 capite
2309 4321 2378 4376 de
2417 4321 2676 4402 operibus
2713 4321 2786 4402 et
2811 4321 3082 4402 exercitiis
3109 4321 3508 4402 monachorum
3538 4325 3703 4395 Egy-

2111 4391 2350 4462 ptiorum
2387 4407 2418 4446 a
2445 4391 2700 4464 Cassiano
2735 4393 3010 4449 dicuntur.
3041 4394 3224 4464 Quam
3263 4409 3390 4450 vero
3437 4391 3704 4450 illustrata

2113 4469 2256 4536 esset
2299 4463 2766 4536 Aigypticremus
2807 4464 2912 4520 illis
2952 4463 3264 4536 sanctorum
3308 4465 3706 4536 monachorum

2112 4532 2454 4607 coetibust
2479 4533 2905 4607 Chrysostomus
2941 4535 3109 4592 refert
3133 4536 3216 4593 his
3244 4535 3419 4592 verbis
3447 4557 3458 4592 :
3489 4538 3551 4594 Si
3580 4540 3704 4607 quis

2110 4620 2254 4660 nunc
2289 4605 2362 4658 ad
2390 4605 2626 4678 rzEgypti
2652 4609 2830 4662 veniat
2857 4608 3190 4671 solitudines,
3226 4608 3488 4678 paradiso
3517 4605 3706 4678 qubuis

2115 4691 2321 4731 omnem
2339 4677 2490 4732 illam
2514 4693 2747 4732 eremum
2769 4678 2972 4734 ridebit
2986 4677 3303 4748 digniorem,
3327 4684 3378 4734 et
3395 4677 3707 4735 innumera-

407 4728 596 4820 itidem
635 4728 1458 4820 agaso;agitationes
1493 4728 1995 4820 attingamus
2029 4728 2079 4790 D
2115 4728 2791 4818 ne;negassetis;
2809 4728 3704 4820 eteausa-tu'fngés‘a3;ias.

405 4815 685 4887 offerrent,
710 4817 895 4890 sicque
915 4815 1206 4874 numer'um
1230 4819 1567 4890 psalmorum
1593 4832 1822 4873 numero
1848 4818 1999 4874 hora-

405 4903 532 4946 rum
564 4888 948 4961 exaequafent;
990 4890 1096 4958 vel,
1127 4898 1190 4945 ut
1217 4888 1526 4961 Secundum,
1556 4904 1870 4961 numerum,
1900 4905 1994 4945 seu

403 4959 766 5032 augmentum
794 4961 1076 5026 horarum,
1109 4975 1401 5017 numerum
1440 4959 1625 5016 itidem
1666 4960 1999 5032 psalmorum

405 5039 686 5104 augerent,
729 5032 836 5088 hoc
878 5040 982 5099 est,
1025 5033 1158 5087 hora
1181 5032 1380 5104 ATertia
1413 5039 1522 5088 tres
1551 5033 2000 5104 psalmos,,Sexta

404 5114 518 5176 sex,
566 5103 724 5156 Noua
772 5118 970 5176 novem
1018 5102 1403 5174 persolverent,
1453 5102 1602 5174 quod
1646 5103 1865 5176 proprie
1917 5111 2002 5176 est

405 5168 668 5244 horarum
689 5179 745 5244 et
780 5168 1115 5242 psalmorum
1143 5189 1437 5244 numerum
1465 5168 1770 5244 exaequare:

473 5236 501 5274 ³³
547 5236 833 5298 Novellum
882 5243 1278 5298 monasterium
1329 5252 1491 5300 vocat
1539 5236 1676 5299 illud
1722 5252 1996 5299 monaste-

403 5311 570 5382 rium,
594 5313 744 5385 quod
779 5315 972 5370 Castor
1008 5313 1295 5439 episcopus
1315 5315 1429 5380 (cui
1453 5314 1554 5370 hos
1575 5314 1742 5370 libros
1770 5314 1997 5382 dicavit)

403 5397 616 5439 recens.
655 5400 719 5439 ac
758 5385 997 5439 primum
1053 5383 1347 5439 nudaverat
1371 5385 1429 5439 in
1466 5401 1560 5439 sua
1609 5384 1876 5439 provincia
1903 5401 1997 5439 an-

403 5383 626 5450 recens,
655 5400 719 5440 ac
758 5385 997 5457 primum
1026 5383 1347 5457 fundaverat
1371 5385 1429 5440 in
1466 5401 1560 5457 sua
1608 5384 1876 5457 provincia
1903 5401 1998 5441 an-

400 5461 495 5580 ;ea
529 5454 872 5512 monasteriis
899 5464 956 5512 et
995 5454 1258 5512 coenobiis
1302 5470 1486 5525 vacua,
1517 5455 1587 5512 de
1609 5454 1734 5528 ‘quo
1763 5455 1818 5511 in
1863 5473 2002 5528 prae-

426 5534 625 5580 attone.

426 5526 625 5582 'atione.

475 5599 794 5682 cﬂ/Egyptus
834 5596 1052 5682 Africae,
1079 5597 1182 5670 vel,
1213 5606 1274 5682 ut
1296 5597 1426 5682 aliis
1445 5597 1820 5682 placet,'A‘sia3
1849 5598 1998 5682 regio

401 5667 458 5740 in
490 5667 785 5740 scripturis
823 5669 1130 5738 notissima,
1164 5667 1238 5727 ad
1277 5667 1612 5740 occidentem
1633 5668 1846 5740 Judaem
1875 5667 1996 5734 sita,

402 5737 758 5814 dividiturkin
809 5740 944 5814 duas
985 5737 1229 5814 partes:
1272 5739 1732 5814 alterahinferior,
1778 5756 1903 5814 qua:
1944 5751 2001 5798 et

403 5811 844 5884 Deltaafigura
873 5810 1208 5884 triangulari,
1245 5825 1408 5884 quam
1433 5811 1586 5870 Nilus
1609 5810 1813 5868 dextra
1844 5813 2002 5870 laeva-

401 5898 510 5952 que
558 5881 759 5940 divisus
809 5898 912 5940 suo
957 5881 1163 5940 ambitu
1193 5881 1390 5952 efﬁcit,
1441 5893 1805 5958 nuncupatur.
1840 5887 2000 5941 Hanc

2111 4820 2226 4874 bus.
2247 4822 2364 4878 Non
2387 4822 2467 4874 ita
2481 4823 2650 4876 uariis
2672 4825 2946 4875 astrorum
2968 4823 3140 4876 choris
3161 4821 3347 4876 castum
3368 4823 3620 4890 refulget,
3643 4826 3706 4876 ut

2109 4893 2328 4961 Egypti
2355 4907 2558 4946 eramus
2599 4894 2894 4946 innumeris
2925 4893 3303 4946 monachorum
3330 4907 3392 4946 ac
3426 4894 3703 4961 virginum

2109 4963 2637 5035 distinguituratque
2655 4964 2968 5018 illustratur
2987 4963 3366 5018 tabernaculis.
3381 4965 3516 5035 Haec
3533 4963 3704 5035 Chry-

2107 5042 2386 5105 sostomus
2413 5033 2634 5105 (Homil.
2661 5040 2694 5089 8
2725 5036 2781 5088 in
2811 5035 2986 5090 Matth
3021 5039 3060 5101 ).
3091 5035 3364 5105 Caeterum
3388 5033 3702 5105 hujusmodi

2107 5103 2504 5178 monachorum
2546 5105 2600 5159 iu
2651 5107 2878 5178 A‘ngpto
2914 5104 3380 5178 degentiumguon
3418 5103 3562 5178 idem
3599 5105 3705 5178 fuit

2105 5176 2582 5248 genusomnium,
2608 5185 2689 5248 et
2707 5175 3012 5248 institutio;
3035 5192 3134 5248 nec
3164 5175 3352 5233 eadem
3381 5175 3506 5248 vita:
3537 5176 3701 5248 perfe-

2106 5244 2232 5300 ctio.
2276 5245 2414 5300 Nam
2445 5246 2693 5302 nonnulli
2724 5246 3054 5303 declinantes
3077 5247 3144 5303 ab
3183 5247 3404 5302 Antonii
3443 5244 3702 5304 institutis

2104 5315 2274 5390 aliam
2300 5316 2536 5373 inierunt
2557 5317 2688 5390 vitae
2709 5319 2997 5390 rationem.
3041 5317 3205 5390 Unde
3228 5321 3298 5374 D.
3331 5318 3703 5390 Hieronymus

2107 5387 2175 5444 de
2223 5387 2307 5444 his
2353 5388 2608 5460 agensiu
2652 5388 2811 5460 epist.
2867 5389 2936 5446 ad
2987 5389 3340 5446 Eustochium
3378 5387 3564 5446 scribit
3596 5405 3698 5446 suo

2105 5465 2354 5544 tempore
2381 5457 2484 5514 tria
2510 5457 2755 5544 fuisse—in
2774 5463 3230 5544 ngptogeuera
3258 5461 3654 5544 monachorum
3685 5481 3697 5516 :

2105 5529 2346 5602 primum
2382 5529 2820 5602 emnobitarum,
2847 5529 2935 5588 id“
2957 5529 3064 5599 est,
3102 5532 3158 5587 in
3199 5532 3479 5588 communi
3516 5533 3700 5588 viven-

2105 5600 2281 5675 tium;
2307 5601 2610 5675 secundum
2638 5601 3390 5675 anachoretarumgtertium,
3418 5603 3568 5675 quod
3595 5619 3698 5659 vo-

2105 5679 2192 5747 cat
2231 5671 2618 5747 deterrimum1
2651 5673 2806 5747 haud
2829 5673 3078 5730 absimile
3111 5673 3222 5747 illi,_
3245 5673 3394 5747 quod
3421 5671 3491 5747 D.
3517 5675 3697 5747 Bene-

2105 5743 2284 5817 dictus
2303 5743 2566 5817 nominat
2585 5744 3014 5801 Sarahaitarum.
3055 5744 3163 5802 Sed
3191 5743 3372 5802 de‘his
3399 5745 3554 5817 plura
3592 5745 3694 5800 alio

2107 5813 2227 5886 loco
2251 5819 2268 5886 (
2297 5815 2433 5886 Vide
2461 5816 2654 5886 Collat.
2681 5821 2744 5870 18
2775 5832 2892 5886 cap.
2919 5821 2950 5872 4
2976 5821 3025 5871 et
3046 5819 3212 5886 seq.).

2174 5871 2200 5916 ἀ
2229 5871 2352 5940 Fuit
2378 5884 2500 5942 hinc
2534 5885 2800 5943 institutio
2833 5871 2892 5944 et
2920 5871 3260 5944 consuetudo
3289 5887 3404 5944 fere
3443 5887 3699 5944 omnium
