4052 6200
340 207 397 261 Si
807 196 894 259 DE
932 203 1413 260 C(ENOBIORUM
1451 202 1694 259 INSTIT.
1736 202 1860 257 LIB.
1906 201 1968 257 ll.
2011 230 2081 241 —
2120 201 2207 255 DE
2244 199 2631 257 NOCTURNIS
2669 200 3152 258 ORATIONIBUS.
3568 208 3635 259 82

337 339 683 404 praeceptum,
733 330 1110 403 quotidianum
1156 330 1378 395 victum,
1412 330 1496 386 vel
1550 329 1662 387 suis
1710 328 1919 398 usibus,
1952 333 2005 395 Α
2036 344 2366 401 quemquam
2388 328 2583 385 seniori
2609 342 2786 400 posse,
2810 327 2911 384 nisi
2942 343 3068 384 eum
3099 328 3193 400 qui
3213 336 3635 385 consummatus

335 425 416 481 vel
447 424 852 482 advenientium
876 424 1285 482 necessitatibus
1308 440 1642 497 praeparans,
1673 432 1728 481 et
1750 423 1923 481 fastus

335 517 454 574 vita:
501 519 790 591 praeterita:
817 519 1014 592 possit,
1041 527 1096 575 et
1128 518 1346 575 delicias
1374 517 1634 585 oblivisci,
1663 525 1717 572 et
1744 516 1924 573 humi-

335 610 531 667 litatem
570 612 784 680 cordis,
814 612 1134 670 contritione
1176 613 1380 669 laboris
1424 612 1718 682 acquirere.
1770 609 1924 666 Ideo-

333 720 433 775 que
457 709 480 737 ³
515 706 698 762 nullus
744 706 1143 779 congregationi
1191 705 1428 762 fratrum
1470 704 1802 777 praefuturus
1833 705 1929 761 eli-

330 799 489 869 gitur,
545 798 861 873 priusquam
908 799 1055 857 idem
1097 799 1191 872 qui
1225 799 1607 872 praeficiendus
1645 808 1756 868 est,
1796 800 1925 872 quid

326 891 777 965 obtemperaturis
828 902 1082 966 oporteat
1117 893 1395 966 imperari,
1439 892 1744 951 obediendo
1785 892 1924 950 didi-

325 985 475 1054 cerit,
517 994 573 1042 et
622 987 755 1059 quid
784 987 1096 1061 junioribus
1143 987 1357 1044 tradere
1398 986 1614 1057 debeat,
1662 987 1923 1045 institutis

324 1079 599 1136 seniorum
636 1078 809 1138 fuerit
863 1090 1154 1138 assecutus.
1215 1084 1362 1137 Bene
1411 1081 1558 1137 enim
1612 1097 1800 1154 regere
1836 1083 1918 1138 vel

320 1174 455 1246 regi,
482 1176 742 1248 sapientis
786 1192 901 1233 esse
949 1175 1320 1249 pronuntiant,
1365 1192 1755 1250 summumque
1817 1159 1918 1233 do-

313 1283 456 1325 num
493 1278 550 1327 et
586 1271 811 1341 gratiam
833 1270 1003 1326 sancti
1031 1270 1261 1342 Spiritus
1300 1285 1418 1327 esse
1451 1269 1735 1327 deﬁniunt.
1772 1272 1915 1326 Nam

320 1377 499 1435 neque
533 1363 784 1421 salutaria
820 1373 1088 1437 praecepta
1146 1364 1458 1438 quempiam
1512 1379 1673 1435 posse
1705 1362 1919 1420 obtem-

212 1520 221 1529 ,
319 1457 632 1529 perantibus
664 1459 1019 1530 prmstituere,
1043 1458 1143 1516 nisi
1169 1475 1298 1516 eum
1340 1458 1432 1530 qui
1467 1458 1615 1531 prius
1653 1458 1920 1515 universis

318 1550 583 1608 virtutum
627 1551 921 1625 disciplinis
967 1551 1130 1609 fuerit
1166 1553 1461 1610 instructus
1483 1595 1505 1621 ,
1549 1568 1652 1610 nec
1692 1552 1914 1610 obedire

2031 421 2228 479 timore
2273 421 2366 478 Dei
2412 429 2467 478 et
2511 421 2828 478 humilitatis
2866 420 3026 478 fuerit
3085 422 3284 479 virtute
3332 420 3630 495 perfectus.

2032 515 2269 588 Ideoque
2297 515 2635 572 diversitates
2661 524 2916 589 typorum
2945 532 3008 572 ac
3053 517 3366 590 regularum
3399 532 3493 589 per
3527 532 3633 577 caa-

2031 616 2175 666 teras
2214 609 2514 681 provincias
2554 608 2829 667 cernimus
2854 619 3171 683 usurpatas,
3205 611 3353 683 quod
3387 611 3629 683 plerum-

2033 722 2140 778 que
2199 707 2478 764 seniorum
2538 706 2888 763 institutionis
2966 718 3213 779 expertes
3289 709 3630 765 monasteriis

2034 815 2267 872 praeesse
2292 800 2578 868 audemus,
2610 809 2665 855 et
2694 799 2918 855 abbates
2942 816 3044 856 nos
3070 810 3360 872 antequam
3386 801 3628 874 discipu-

2034 895 2114 951 los
2152 893 2399 968 professi,
2424 893 2575 965 quod
2608 893 2826 950 libitum
2852 893 3036 963 fuerit,
3081 895 3408 963 statuimus;
3438 912 3628 967 prom-

2032 989 2230 1061 ptiores
2264 997 2581 1045 nostrorum
2626 988 2974 1045 inventorum
3029 989 3243 1060 exigere
3279 990 3585 1045 custodiam
3611 1032 3626 1056 ,

2030 1098 2192 1155 quam
2216 1085 2575 1141 examinatum
2599 1083 2870 1156 majorum
2900 1100 3115 1139 servare
3141 1083 3469 1140 doctrinam.
3520 1085 3628 1141 Sed

2029 1177 2163 1235 dum
2196 1179 2506 1236 orationum
2530 1177 2758 1235 modum
2801 1179 2895 1250 qui
2921 1179 3268 1251 potissimum
3302 1177 3499 1234 debeat
3539 1194 3630 1234 cu-

2028 1273 2243 1343 stodiri,
2272 1274 2523 1349 volumus
2546 1273 2838 1345 explicare,
2871 1272 3131 1329 institutis
3156 1281 3382 1344 patrum
3408 1272 3625 1329 avidius

2027 1367 2338 1439 provocati,
2360 1366 2728 1423 narrationem
2751 1383 2921 1439 quam
2952 1368 3064 1424 suis
3093 1367 3507 1424 reservabamus
3545 1366 3624 1423 lo-

2027 1459 2125 1529 cis,
2151 1475 2381 1532 propero
2433 1476 2658 1517 excessu
2699 1460 3080 1532 praevenimus.
3137 1464 3294 1518 Nunc
3332 1461 3514 1533 itaque
3554 1459 3623 1517 ad

2024 1555 2366 1628 propositum
2400 1564 2759 1612 revertamur.

1416 1715 1671 1772 ALARDI
1710 1715 1934 1771 GAZEI
1972 1713 2529 1771 COMMENTARIUS.

314 1860 658 1937 antiquarum
680 1862 1020 1937 religionum,
1049 1873 1110 1921 ut
1142 1864 1311 1937 labori
1337 1882 1597 1937 manuum
1626 1875 1903 1937 vacarent,
1931 1873 1979 1934 Β
2016 1867 2119 1923 sub
2144 1882 2255 1922 uno
2279 1866 2493 1921 Abbatc
2512 1864 2772 1937 degerent
2796 1874 2974 1936 terna,
3007 1874 3069 1920 ut
3093 1865 3402 1937 minimum,
3425 1881 3616 1937 mona-

314 1941 369 1988 et
404 1932 636 2008 propriis
669 1932 921 2008 manibus
948 1936 1244 2008 laborando
1292 1936 1669 2008 quotidianum
1702 1932 1903 1994 victum

312 2012 426 2079 tam
466 2004 568 2079 sibi
600 2021 767 2077 quam
822 2006 1127 2078 hospitibus
1171 2016 1226 2063 ct
1275 2004 1569 2079 peregrinis
1598 2009 1669 2064 ad
1708 2025 1767 2064 se
1808 2024 1903 2065 ve-

311 2075 587 2150 nientibus
617 2075 1020 2150 compararent.
1056 2082 1125 2133 D.
1154 2075 1523 2150 Hieronymus
1557 2080 1613 2133 in
1649 2080 1804 2149 epist.
1837 2080 1906 2136 ad

311 2146 601 2202 Rusticum
631 2146 962 2205 monachum
982 2158 1213 2204 testatur
1236 2146 1614 2219 Egyptiorum
1641 2146 1907 2205 monaste-

312 2221 401 2291 ria
430 2219 568 2272 hunc
592 2234 792 2273 morem
816 2223 1064 2291 tenuisse,
1091 2225 1152 2274 ut
1177 2222 1385 2274 nullum
1408 2221 1607 2290 absque
1624 2224 1794 2291 operis
1819 2223 1900 2275 la-

312 2290 435 2363 bore
463 2292 809 2363 suseiperent.
838 2290 1096 2360 Idemque
1127 2294 1196 2345 D.
1233 2291 1460 2346 Basilius
1487 2291 1540 2346 in
1583 2290 1797 2363 Regulis
1824 2291 1900 2348 fu-

309 2360 442 2443 s_ius_
455 2360 753 2443 disputatis
796 2377 913 2443 cap.
966 2368 1032 2417 37
1062 2370 1127 2443 et
1150 2368 1238 2443 _38.
1266 2367 1341 2443 1).
1386 2360 1717 2443 Augustinus
1753 2363 1843 2443 lib.
1878 2379 1899 2420 Ι

307 2432 378 2505 de
419 2432 666 2505 Moribus
707 2434 915 2505 Eccles.
948 2450 1065 2505 cap.
1101 2439 1163 2505 3t
1189 2474 1204 2501 ,
1249 2441 1304 2488 et
1340 2432 1525 2489 noster
1552 2433 1735 2505 itidem
1771 2435 1901 2490 Cas-

305 2502 492 2575 sianus
530 2503 774 2575 pluribus
797 2504 851 2559 in
877 2502 1376 2560 locis—conﬁrmant.
1418 2507 1507 2575 D.
1537 2504 1700 2560 etiam
1726 2507 1897 2561 Bene-

308 2573 489 2646 dictus
532 2573 669 2631 suos
707 2575 1009 2646 coenobitas
1065 2575 1224 2631 certis
1263 2574 1599 2646 temporibus
1645 2578 1898 2646 occupari

307 2645 583 2717 voluitkin
639 2645 849 2714 labore,
899 2654 953 2702 et
999 2645 1163 2702 horas
1190 2645 1411 2703 diurnas
1450 2646 1520 2717 ab
1567 2662 1730 2717 opere
1776 2645 1898 2713 Dei,

304 2729 405 2770 seu
431 2714 612 2772 ofﬁcio
642 2717 821 2773 divino
844 2726 1100 2774 vacantes
1129 2718 1201 2773 ita
1245 2716 1540 2785 distribuit,
1571 2714 1634 2773 ut
1666 2717 1787 2773 alia:
1826 2718 1898 2773 le-

302 2787 468 2842 ctioni
499 2797 553 2843 et
576 2788 931 2855 meditationi,
960 2789 1078 2845 alia
1114 2788 1261 2860 operi
1299 2803 1562 2844 manuum
1588 2788 1901 2859 impendan-

301 2865 414 2913 tur.
446 2860 634 2915 Monet
656 2861 843 2928 etiam,
868 2868 926 2916 ut
951 2876 1058 2915 non
1093 2863 1474 2916 contristentur
1494 2862 1719 2928 fratres,
1758 2863 1810 2914 si
1832 2862 1896 2915 ob

300 2932 687 2994 necessitatem,
718 2947 810 2986 seu
825 2934 1061 3001 inopiam
1087 2933 1162 2986 ad
1186 2932 1510 3001 colligendas
1523 2934 1713 3000 fruges
1728 2947 1829 3000 per
1842 2947 1897 2986 se

300 3006 628 3074 occupentur
659 3021 674 3056 :
702 3005 834 3072 quia
870 3008 1012 3067 tunc,
1044 3001 1237 3074 inquit,
1264 3020 1383 3058 vere
1408 3004 1657 3057 monachi
1675 3006 1820 3064 sunt,
1848 3006 1900 3058 si

299 3071 491 3125 labore
507 3071 768 3127 manuum
786 3089 1010 3128 suarum
1026 3071 1213 3128 vivant
1233 3093 1249 3138 ;
1270 3076 1406 3129 sicut
1426 3077 1612 3129 Patres
1629 3076 1818 3136 nostri,
1846 3079 1897 3129 et

296 3143 577 3215 Apostoli.
605 3144 850 3215 _Causam
874 3160 999 3199 vero
1027 3144 1192 3215 hujus
1218 3143 1569 3215 institutionis
1590 3152 1644 3198 et
1667 3159 1894 3215 consue-

294 3210 741 3303 tiidinislref'errje
769 3213 989 3303 irrideturI
1009 3210 1297 3303 Cassiaruus
1319 3213 1375 3267 in
1410 3221 1742 3303 praeceptum
1766 3214 1893 3271 illud
1930 3241 1974 3303 ρ

288 3281 563 3352 Apostoli
605 3284 633 3333 Ι
661 3281 730 3335 ad
769 3282 1011 3336 Thessal.
1040 3298 1103 3338 1v
1135 3299 1147 3333 :
1181 3281 1490 3353 Operamini
1524 3281 1769 3338 manibus
1804 3301 1890 3339 ve-

288 3355 457 3414 stm's,
501 3354 642 3407 sicut
670 3355 1022 3423 praecepimus
1051 3352 1314 3408 vobis.’Et
1338 3355 1387 3409 II
1416 3352 1656 3408 Thessal.
1692 3370 1765 3411 III
1794 3372 1809 3409 :
1843 3358 1905 3413 Si

293 3426 428 3494 quis
452 3438 560 3477 non
583 3424 702 3477 vult
728 3426 961 3493 operari,
1000 3441 1094 3479 nec
1118 3425 1421 3480 manducet.
1460 3426 1661 3480 Verum
1689 3434 1902 3481 constat

294 3500 458 3561 haec,
508 3502 565 3550 et
605 3494 922 3567 hujusmodi
968 3503 1233 3567 praecepta
1282 3495 1537 3552 omnibus
1580 3496 1898 3554 Christianis

298 3581 425 3639 esse
477 3566 1295 3639 communia,_nec’religiosos
1334 3566 1512 3639 _magis
1548 3583 1708 3638 quam
1762 3568 1896 3625 alios

294 3636 572 3711 obligare;
600 3641 662 3711 et;
683 3636 1046 3711 (quodrmagis
1075 3636 1145 3695 ad
1177 3654 1292 3695 rem
1327 3636 1484 3703 facit)
1516 3636 1624 3694 non
1652 3655 1767 3696 esse
1796 3640 1895 3696 ab-

293 3707 508 3775 soluta,
537 3708 632 3764 sed
656 3707 1061 3778 'conditiona'ta,
1095 3718 1153 3766 ut
1180 3717 1371 3765 vocant
1400 3714 1417 3772 (
1446 3711 1578 3767 Vide
1605 3712 1662 3767 S.
1709 3712 1890 3767 Thom.

293 3784 500 3853 2_-2,_q.
524 3785 644 3846 187,
673 3796 729 3834 a.
753 3785 833 3853 3).
857 3782 1140 3853 Nusquam
1160 3782 1303 3836 enim
1326 3782 1579 3853 pmcepit
1603 3784 1895 3853 Apostolus

291 3849 555 3934 absolute
574 3852 813 3934 operari;
852 3851 948 3908 sed
977 3849 1078 3907 sub
1106 3849 1413 3934 hypothesi,
1444 3849 1689 3934 videlicet
1716 3853 1812 3934 vel_
1826 3854 1895 3910 ad

291 3921 656 3992 quaerendum
686 3922 892 3977 victum
930 3921 1313 3986 necessarium,
1347 3923 1392 3977 si
1436 3924 1537 3977 alia
1563 3923 1771 3977 ratione
1799 3923 1894 3978 ha-

292 3992 414 4048 beri
444 4008 555 4047 non
581 3993 772 4062 possit,
799 4010 908 4065 quo
931 4002 1139 4065 spectat
1164 3992 1298 4065 illud
1317 4009 1354 4065 _:
1399 3995 1502 4060 Qui
1528 4008 1631 4047 non
1659 3993 1889 4065 laborat,

290 4079 402 4118 non
430 4066 718 4119 manducet
748 4083 763 4118 :
795 4062 879 4119 vel
907 4062 979 4119 ad
1004 4063 1281 4119 vitandum
1306 4062 1538 4130 furtum,
1566 4070 1618 4117 et
1637 4062 1703 4117 ad
1748 4063 1891 4117 elee-

290 4149 560 4206 mosynas
581 4133 875 4202 faciendas,
900 4135 1055 4206 juxta
1082 4133 1211 4190 illud
1244 4133 1442 4205 Ephes.
1474 4148 1538 4189 1v
1570 4151 1584 4187 :
1612 4135 1716 4201 Qui
1740 4134 1898 4200 fura-

293 4205 480 4271 batur,
498 4206 619 4275 jam
638 4222 743 4261 non
760 4205 974 4273 furetur
995 4226 1011 4261 :
1030 4209 1206 4275 magis
1222 4210 1399 4260 autem
1414 4206 1617 4260 laboret
1630 4205 1897 4275 operando

290 4278 546 4332 manibus
559 4280 702 4341 suis;
728 4283 789 4332 ut
808 4278 1020 4341 habeat,
1042 4278 1184 4332 unde
1199 4278 1406 4331 tribuat
1419 4279 1782 4332 necessitatem
1798 4292 1897 4341 pa-

289 4350 457 4403 tienti
484 4368 500 4402 :
526 4348 607 4404 vel
633 4348 702 4404 ad
723 4348 998 4405 vitandum
1027 4348 1359 4416 scandalum,
1384 4357 1435 4403 et
1463 4347 1693 4415 aliorum
1721 4347 1897 4403 offen-

289 4418 564 4488 diculum,
591 4419 749 4490 juxta
795 4419 925 4475 illud
961 4422 983 4474 Ι
1035 4419 1276 4475 Thessal.
1331 4434 1419 4481 iv,
1457 4423 1517 4473 ut
1552 4420 1762 4474 honeste
1810 4418 1893 4486 (id

289 4498 401 4557 est,
428 4490 551 4546 sine
571 4489 846 4556 seandalo)
869 4492 1151 4545 ambuletis
1174 4492 1247 4545 ad
1275 4505 1358 4560 eos
1386 4493 1483 4560 qui
1504 4491 1643 4556 foris
1665 4494 1811 4554 sunt,
1840 4489 1893 4546 id

290 4569 401 4628 est,
424 4561 570 4632 apud
603 4560 843 4633 inﬁdeles
870 4579 882 4614 :
909 4562 991 4617 vel
1035 4561 1264 4633 denique
1292 4559 1366 4617 ad
1392 4559 1670 4633 vitandum
1694 4560 1884 4633 otium,

289 4639 354 4687 et
396 4631 579 4689 carnis
614 4632 938 4689 tentationes
986 4631 1353 4703 superandos,
1406 4632 1706 4688 secundum
1755 4631 1890 4689 illud

293 4703 661 4760 Ecclesiastici
688 4718 899 4761 xxxnl
923 4722 936 4757 :
959 4706 1113 4759 Mitte
1138 4718 1353 4758 servum
1375 4707 1526 4758 tuum
1544 4705 1604 4758 in
1628 4706 1891 4774 operatio-

290 4791 437 4838 nem,
469 4791 535 4830 ne
560 4779 709 4830 vacet
739 4794 755 4829 :
782 4777 1011 4831 Multam
1038 4777 1178 4830 enim
1205 4776 1478 4829 malitiam
1504 4775 1684 4829 docuit
1710 4776 1889 4829 otiosi-

290 4850 401 4917 tas.
450 4845 614 4903 Unde
642 4845 888 4917 sequitur
913 4861 1026 4914 eos,
1066 4846 1156 4917 qui
1196 4853 1423 4917 possunt
1447 4844 1661 4917 aliunde
1687 4845 1889 4917 victum

291 4915 522 4980 habere,
554 4925 608 4972 et
635 4915 866 4985 furtum,
903 4915 1253 4984 scandalum,
1284 4915 1456 4971 otium
1488 4924 1541 4970 et
1579 4915 1661 4970 his
1696 4915 1893 4972 similia

290 4987 502 5043 evitare
527 4987 733 5059 absque
763 5003 923 5059 opere
952 5003 1252 5059 manuum,
1289 4995 1345 5042 et
1378 4985 1564 5059 labore
1582 4987 1890 5059 corporali,

292 5059 618 5131 Apostolico
642 5056 928 5131 'praacepto
967 5060 1035 5114 ad
1074 5057 1141 5131 id,
1154 5058 1471 5131 nullatenus
1508 5056 1760 5131 obligari;
1791 5058 1892 5115 nisi

288 5128 363 5185 se
380 5138 536 5197 voto,
577 5128 929 5212 antpropriis
972 5129 1225 5212 Regulis,
1256 5138 1309 5212 et
1352 5128 1606 5184 institutis
1647 5128 1721 5212 ad.
1756 5145 1893 5212 opus

289 5216 567 5274 manuum
606 5199 921 5274 obligarint,
950 5201 1087 5274 sicut
1129 5200 1202 5255 illi
1222 5208 1437 5274 veteres
1473 5199 1743 5274 monachi.
1772 5203 1893 5274 _Cu-r

291 5281 483 5328 autem
524 5269 837 5344 hujusmodi
887 5271 1152 5343 Regulam
1189 5271 1289 5344 sibi
1321 5272 1725 5344 constituerint,
1757 5269 1891 5326 duas

291 5342 713 5426 causas-tangit
860 5342 1226 5426 Hieronymus
1256 5342 1379 5426 loco
1429 5342 1629 5426 citato,
1657 5357 1891 5412 quarum

297 5414 450 5487 prior
492 5413 599 5470 fuit
638 5413 839 5487 inopia,
865 5424 921 5471 et
959 5416 1133 5470 victus
1157 5414 1380 5487 parandi
1404 5413 1748 5487 necessitas:
1779 5428 1889 5468 non

296 5482 444 5558 enim
473 5482 916 5558 poterant'aliter
958 5482 1269 5558 sustentari,
1317 5500 1442 5540 cum
1481 5482 1594 5558 non
1632 5482 1892 5540 haberent

296 5556 524 5638 praedia,
559 5566 617 5638 et
646 5558 1008 5638 possessiones
1031 5556 1424 5638 sibi‘_relictas,-
1438 5556 1673 5638 nihilque
1701 5571 1885 5638 secum

293 5627 348 5682 in
377 5629 709 5684 monasteria
738 5627 998 5684 inferrent
1023 5629 1364 5695 (Bellaivnin.
1394 5629 1509 5683 Lib.
1534 5627 1594 5682 Ii
1613 5628 1677 5682 de
1700 5630 1886 5683 Mona-

293 5700 414 5754 chis
441 5715 484 5754 c.
527 5705 641 5765 42),
668 5708 801 5756 teste
818 5700 1068 5755 Cassiano
1096 5699 1183 5755 lib.
1211 5714 1300 5769 Iv,
1327 5715 1441 5769 cap.
1478 5705 1531 5753 4.
1554 5700 1739 5768 Neque
1760 5697 1887 5768 ipsis

291 5770 665 5843 eleemosynm
692 5770 940 5829 sufﬁcere
981 5770 1317 5844 potuissent,
1350 5786 1473 5825 cum
1515 5771 1566 5825 in
1614 5784 1720 5825 uno
1766 5770 1886 5823 loco

2016 1938 2244 1993 chorum
2270 1937 2457 2009 millia,
2484 1945 2543 1992 ut
2563 1936 2751 1992 seribit
2767 1939 2835 2009 D.
2874 1936 3207 2009 Augustinus
3227 1936 3327 2009 lib.
3359 1951 3387 2009 ιΔ
3410 1936 3477 1991 de
3500 1938 3618 2009 illo-

2012 2009 2163 2064 ribus
2208 2008 2416 2064 Eccles.
2446 2005 2585 2079 cap.
2636 2013 2723 2063 3t.
2772 2005 2986 2079 Altera'
3004 2007 3178 2076 ratio,
3222 2008 3288 2062 ad
3339 2005 3617 2062 vitandum

2014 2079 2207 2145 otium,
2234 2087 2307 2145 et,
2336 2088 2395 2141 ut
2422 2078 2657 2150 loquitur
2684 2080 2750 2133 D.
2783 2078 3173 2150 Hieronymus,
3201 2094 3266 2133 ne
3292 2094 3439 2133 mens
3459 2081 3616 2147 peri-

2013 2152 2202 2205 culosis
2223 2152 2633 2220 cogitationibus
2661 2156 2975 2219 vagaretur.
3001 2151 3176 2219 Quam
3201 2165 3422 2205 causam
3450 2150 3613 2204 etiam

2010 2221 2204 2293 allegat
2234 2221 2828 2293 D.7Benedictus(Ubi
2846 2227 3056 2291 supra).
3090 2222 3243 2293 Cum
3268 2220 3414 2276 enim
3454 2220 3611 2291 prisci

2010 2292 2085 2346 illi
2118 2291 2368 2347 monachi
2411 2308 2524 2347 non
2561 2301 2741 2348 essent
2766 2293 2968 2358 clerici,
3011 2292 3104 2347 sed
3131 2291 3248 2347 laici
3277 2306 3492 2353 omnes,
3521 2307 3613 2346 ex-

2008 2372 2167 2435 cepto
2207 2364 2423 2425 abbate,
2472 2372 2527 2419 et
2556 2363 2739 2434 paucis
2787 2363 2924 2433 aliis,
2959 2372 3021 2419 ut
3050 2363 3173 2418 alibi
3221 2362 3605 2427 ostendemus;

2008 2434 2248 2506 plerique
2270 2435 2437 2490 etiam
2461 2434 2639 2506 omnis
2670 2434 2986 2506 litteratura:
3010 2442 3286 2506 expertes;
3315 2448 3425 2488 non
3450 2443 3606 2489 erant

2006 2503 2138 2560 Satis
2162 2503 2410 2577 occupati
2438 2526 2451 2561 :
2484 2504 2714 2577 ideoque
2737 2505 2805 2560 ad
2831 2503 3147 2577 fugiendum
3190 2503 3386 2577 otium,
3413 2520 3600 2577 neces-

2008 2577 2213 2631 sarium
2239 2574 2318 2632 eis
2343 2585 2461 2631 erat
2483 2574 2748 2632 laborare.
2780 2574 2928 2631 Alias
2973 2576 3230 2640 rationes,
3273 2574 3369 2630 sed
3406 2575 3602 2631 eodem

2011 2644 2121 2718 fere
2168 2656 2474 2718 spectantes
2523 2646 2760 2718 insinuat
2786 2646 3103 2718 Cassianus,
3132 2661 3327 2718 nempe
3368 2660 3606 2701 macera-

2009 2715 2216 2789 tioneni
2257 2716 2521 2789 corporis,
2572 2726 2627 2773 et
2655 2716 2979 2772 humilitatis
3002 2715 3335 2789 exercitium
3365 2735 3395 2789 :7
3417 2720 3484 2771 Ut
3509 2719 3601 2784 fa-

2007 2793 2143 2850 stus,
2162 2788 2497 2856 inquit,’vita:
2518 2791 2811 2858 prceterita:
2828 2790 3014 2857 possit,
3039 2793 3089 2842 et
3107 2788 3324 2841 delicias
3345 2788 3601 2849 oblivisci,

2008 2863 2058 2913 et
2080 2860 2442 2915 humilitatem
2463 2859 2636 2914 cordis
2647 2862 2957 2913 contritione
2972 2859 3167 2912 laboris
3187 2860 3481 2926 acquirere.
3508 2858 3606 2912 His

2005 2929 2143 3000 adde
2187 2930 2573 2985 relaxationem
2601 2930 2766 2985 animi
2798 2945 2894 3000 per
2935 2928 3314 2985 exercitiorum
3345 2927 3603 3000 _spiritua-

2006 2999 2137 3072 lium
2169 3009 2223 3056 et
2273 3000 2639 3072 corporalium
2684 2998 3113 3072 vicissitudinem
3140 3007 3207 3072 et
3246 2998 3599 3072 varietatem;

2006 3070 2072 3127 de
2101 3087 2205 3142 qua
2236 3068 2674 3128 item'Cassianus
2701 3087 2818 3142 cap.
2859 3077 2913 3125 ll
2949 3071 3109 3142 hujus
3139 3068 3262 3125 libri
3297 3087 3309 3121 :
3354 3071 3592 3139 Semper,

2004 3143 2098 3209 ait,
2128 3146 2479 3212 cequanimius
2503 3144 2752 3213 qucelibet
2780 3145 3063 3211 castigatio
3092 3142 3401 3203 sustinetur,
3428 3147 3477 3195 et
3490 3144 3602 3195 sine

2003 3214 2230 3279 fastidio
2262 3214 2412 3268 labor
2454 3215 2805 3283 impenditur,
2835 3216 2884 3267 si
2918 3213 3191 3282 interjecta
3220 3214 3270 3266 ei
3292 3213 3600 3267 vicissitudo

2005 3285 2275 3352 quddam,
2298 3286 2378 3340 vel
2400 3287 2572 3354 operis
2591 3286 2896 3339 immutatio
2915 3286 3319 3354 qualiscumque
3330 3283 3595 3339 succedat.

2008 3354 2200 3426 Sensit
2215 3355 2339 3423 hoc,
2372 3363 2426 3410 et
2454 3355 2623 3426 probe
2653 3355 2914 3426 intellexit
2940 3354 3204 3426 divinitus
3230 3354 3464 3426 edoctus
3483 3370 3596 3409 ma-

2008 3440 2149 3508 gnus
2171 3423 2584 3508 ille_Antonius,
2614 3426 2831 3508 qui.(ut
2859 3425 2914 3481 in
2945 3425 3077 3481 Vitis
3110 3427 3332 3508 Patrum
3368 3423 3564 3508 legitur
3577 3430 3597 3493 )

2006 3495 2242 3567 quodam
2269 3505 2514 3568 tempore
2538 3495 2666 3568 cum
2705 3495 2760 3550 in
2785 3503 2989 3564 geremo
3022 3496 3313 3568 resideret,
3342 3495 3595 3552 solitudi-

2005 3565 2092 3623 nis
2109 3568 2269 3624 taadio
2296 3565 2535 3640 quodam
2559 3565 2786 3624 affectus
2808 3568 3140 3623 exclamasse
3168 3565 3381 3621 fertur:
3410 3570 3590 3622 Domi-

2004 3654 2090 3702 ne,
2110 3641 2321 3693 salvari
2330 3642 2483 3710 cupio
2500 3658 2516 3694 :
2535 3640 2627 3694 sed
2641 3641 2982 3708 cogitationes
2997 3655 3127 3693 mea:
3148 3653 3232 3692 me
3250 3640 3593 3710 perturbant.

2004 3712 2132 3765 Mea:
2157 3711 2297 3765 vidit
2321 3709 2573 3780 angelum
2616 3711 2805 3765 habitu
2838 3712 3125 3765 monastico
3153 3709 3307 3763 modo
3334 3709 3597 3763 sedentem

2005 3786 2056 3836 et
2081 3787 2388 3852 operantem
2420 3801 2436 3836 :
2460 3782 2616 3836 modo
2643 3782 2718 3835 ad
2740 3783 3031 3836 orationem
3057 3795 3231 3849 genua
3267 3781 3553 3847 ﬂectentem
3580 3799 3595 3832 :

2003 3851 2129 3908 inde
2145 3870 2333 3908 rursus
2349 3854 2424 3906 ad
2433 3868 2563 3922 opus
2581 3857 2967 3922 assurgentem,
2980 3857 3031 3908 et
3048 3851 3285 3905 calathos
3302 3853 3559 3903 texentem
3579 3870 3594 3902 :

2004 3939 2039 3975 a
2067 3940 2172 3992 quo
2211 3930 2263 3979 et
2303 3923 2611 3992 hujusmodi
2638 3924 3010 3978 documentum
3044 3923 3245 3991 accepit
3270 3938 3286 3974 :
3314 3922 3385 3992 ξε
3419 3924 3478 3974 tu
3504 3922 3597 3987 fac

2003 3989 2270 4057 siniiliter,
2293 3999 2343 4049 et
2371 3989 2553 4048 saluus
2570 3996 2694 4050 eris.
2718 3995 2840 4062 Quo
2866 3993 2955 4048 ille
2978 3989 3196 4047 oraculo
3218 3989 3594 4062 conﬁrmatus,

2004 4073 2059 4117 et
2085 4063 2262 4119 eidem
2285 4064 2594 4128 obsecutus,
2646 4059 2880 4119 salutem
2926 4078 3091 4132 quam
3139 4059 3418 4132 quaerebat
3446 4059 3595 4132 inve-

2006 4132 2106 4187 nit.
2149 4134 2254 4190 Sed
2305 4134 2425 4189 hzec
2455 4134 2619 4188 modo
2662 4129 2974 4189 sufficiant}
3004 4147 3131 4185 nam
3155 4129 3293 4185 'alibi
3318 4145 3507 4185 rursus
3526 4130 3595 4185 de

2005 4218 2169 4275 opere
2207 4219 2470 4259 manuum
2524 4202 2699 4260 fusius
2724 4202 2994 4276 agendum
3033 4201 3135 4258 erit
3169 4202 3315 4274 (Lib.
3348 4217 3390 4258 χ
3416 4204 3594 4259 Instit.

2004 4291 2119 4345 cap.
2150 4281 2181 4329 7
2211 4280 2263 4330 et
2289 4280 2480 4345 seqq).

2075 4350 2098 4378 ⁸
2132 4346 2265 4403 Vide
2285 4343 2458 4418 qualis
2487 4361 2603 4419 esse
2629 4345 2842 4416 debeat,
2869 4346 2959 4419 qui
2976 4346 3027 4400 in
3053 4343 3305 4401 abbatem
3334 4345 3553 4419 eligitur
3579 4365 3592 4402 :

2000 4417 2071 4473 de
2099 4433 2208 4488 quo
2242 4417 2317 4474 DZ
2346 4418 2667 4475 Benedictus
2695 4434 2816 4490 cap.
2851 4417 2962 4474 2‘et
2992 4423 3063 4490 64
3090 4419 3335 4490 Regulae,
3359 4417 3452 4490 ubi
3477 4417 3595 4490 vide

1998 4491 2496 4546 Turrecrematum.
2530 4493 2597 4546 Et
2617 4499 2743 4546 nota
2764 4489 2982 4546 textum
3011 4489 3137 4544 huic
3167 4489 3500 4544 consimilem
3536 4489 3591 4544 in

1997 4565 2027 4617 ,Ι
2036 4576 2129 4617 ure
2144 4561 2417 4617 Canonico
2437 4563 2521 4618 tit.
2541 4561 2607 4617 de
2620 4561 2892 4617 Electione
2908 4578 3023 4632 cap.
3042 4562 3167 4617 Cum
3179 4562 3235 4614 in
3248 4563 3591 4628 magistrum,

1913 4616 1964 4678 Ῑ)
1998 4632 2088 4688 ubi
2111 4616 2340 4688 dicitur:
2372 4616 3136 4703 Iri—magistrumassuminon
3155 4632 3328 4693 debet,
3341 4616 3457 4703 "qui
3476 4616 3593 4696 for;

1995 4720 2141 4759 mam
2165 4704 2417 4772 discipuli
2434 4722 2536 4759 non
2557 4700 2851 4773 assumpsit
2878 4724 2893 4759 :
2919 4719 3086 4772 neque
3104 4700 3591 4773 prceﬁciendusest,

1996 4778 2094 4846 qui
2104 4768 2313 4830 subesse
2326 4790 2429 4828 non
2441 4776 2650 4829 didicit.
2671 4768 2756 4829 Ita
2779 4768 3028 4830 Zosimu—s
3051 4768 3153 4846 PP:
3171 4768 3241 4846 ad
3264 4768 3594 4846 Hesychium

1998 4841 2115 4916 cap.
2158 4855 2179 4901 1
2235 4865 2246 4899 :
2276 4847 2337 4900 Si
2374 4848 2531 4906 enim,
2564 4846 2757 4915 inquit,
2784 4847 2974 4916 officia,
2991 4841 3275 4916 saecularia
3296 4841 3594 4916 princzpem

2001 4911 2192 4977 locum,
2224 4932 2327 4969 non
2355 4911 2675 4968 uestibulum
2698 4911 2923 4968 actionis
2953 4911 3226 4979 ingressis,
3248 4911 3339 4965 sed
3357 4926 3457 4980 per
3477 4911 3596 4980 plu-

1999 4990 2164 5041 rimos
2177 4986 2381 5055 gradus
2393 4987 2715 5039 examinatis
2731 4983 3054 5053 temporibus
3080 4982 3330 5048 deferunt
3344 5001 3360 5047 ;
3377 4984 3496 5052 quis
3506 4984 3595 5038 ille

2000 5064 2113 5113 tam
2142 5071 2428 5123 arrogans,
2458 5060 2570 5110 tam
2598 5056 2879 5124 impudens
2906 5055 3194 5117 invenitur,
3224 5059 3286 5109 ut
3314 5056 3370 5108 in
3405 5055 3599 5109 ccrlesti

1998 5131 2215 5189 militia,
2230 5144 2350 5197 qua:
2359 5129 2670 5198 propensius
2680 5126 3033 5196 ponderanda
3045 5129 3139 5198 est,
3155 5131 3203 5179 et
3219 5128 3356 5180 sicut
3371 5142 3590 5198 auium,

1998 5196 2243 5269 repetitis
2254 5196 2468 5268 ignibus
2482 5198 2839 5268 cap/oranda,
2861 5199 3045 5253 statim
3060 5197 3174 5251 dua:
3184 5213 3289 5269 esse
3304 5196 3591 5258 desiderat,

1998 5268 2117 5325 cum
2146 5277 2267 5340 tyro
2292 5276 2417 5324 ante
2442 5286 2547 5323 non
2569 5272 2757 5337 fuerit,
2793 5275 2843 5325 et
2866 5272 3023 5340 prius
3046 5269 3171 5323 velit
3199 5268 3413 5340 docere,
3429 5283 3593 5336 quam

1998 5338 2241 5398 discere?
2270 5343 2338 5397 Et
2363 5340 2688 5397 Cuclestinus
2713 5344 2819 5396 PP.
2850 5338 3151 5397 Galliarum
3181 5338 3445 5408 episcopis
3471 5353 3590 5407 cap.

1998 5420 2030 5471 3
2064 5434 2077 5468 :
2118 5414 2281 5489 Debet
2308 5415 2447 5468 enim
2471 5416 2630 5489 antea
2657 5428 2767 5489 esse
2789 5412 3098 5489 discipulus,
3124 5411 3385 5489 quisquis
3414 5409 3595 5489 doctor

1996 5501 2104 5540 esse
2128 5485 2418 5546 desiderat,
2442 5488 2503 5539 ut
2517 5485 2686 5553 possit
2710 5481 3080 5552 docere,quod
3099 5482 3307 5553 didicit.
3339 5481 3593 5553 Ruricius

1996 5555 2087 5611 lib.
2138 5571 2189 5611 Il
2214 5557 2370 5626 epist.
2402 5560 2470 5611 25
2501 5548 2705 5611 {Prius
2747 5557 2885 5610 enim
2914 5548 3136 5626 quilibet
3179 5548 3589 5626 debetdiscere.

1995 5644 2158 5698 quam
2169 5624 2369 5690 docere,
2392 5631 2521 5697 quia
2530 5641 2869 5697 prwpropere
2883 5625 3110 5698 doctoris
3125 5635 3327 5698 usurpa
3336 5624 3593 5685 tsuperci-

1994 5691 2145 5761 lium,
2177 5699 2284 5754 nisi
2301 5691 2557 5768 discipuli
2580 5691 2868 5767 susceperit
2893 5700 3017 5749 ante
3040 5691 3390 5758 famulatum.
