4052 6200
378 286 446 342 83
1718 281 1999 338 JOANNIS

2112 281 2341 338 (SSIANI
3613 275 3682 329 84

985 408 1221 465 CAPUT
1265 409 1361 463 IV.

2002 409 2056 473 Α
2090 402 2415 461 monasteria
2452 402 2807 461 intemeratus
2842 415 2990 457 nunc
3019 414 3189 472 usque
3217 397 3475 471 perdurat
3504 416 3517 452 :
3559 397 3683 468 quia

386 503 536 573 Quod
557 518 659 573 per
686 460 1316 573 unz'versamji—E—gpp—mm
1352 460 1412 557 iet
1442 460 1759 555 Thebaidem
1784 499 1980 555 duode-
2002 460 2056 473 θ’
2086 513 2199 555 non
2230 498 2471 554 humana
2495 460 2875 553 adinventione
2902 460 3136 549 statutus
3154 507 3183 546 a
3209 460 3516 547 senioribus
3539 460 3684 546 afﬁr-

596 599 789 652 na-rius
810 599 1147 669 psalmorum
1171 592 1765 651 numems'observetur.

454 690 625 764 Igitur
670 706 764 761 per
810 689 1135 755 universam,
1167 696 1226 743 ut
1277 686 1543 753 diximus,
1579 689 1872 761 Egyptum
1929 695 1985 744 et

388 784 720 842 Thebaidem
754 787 780 816 ⁸
806 771 1169 840 duodenarius
1213 782 1545 853 psalmorum
1585 797 1845 837 numerus
1869 790 1984 838 tam

389 877 447 932 in
470 876 808 948 vespertinis,
835 891 1001 947 quam
1024 875 1080 930 in
1101 874 1385 931 nocturnis
1420 873 1851 931 solemnitatibus
1891 891 1984 932 cu-

386 970 638 1039 stoditur,
672 970 742 1026 ita
770 970 1053 1026 dumtaxat
1082 979 1144 1026 ut
1184 978 1309 1042 post
1349 968 1495 1025 hunc
1534 968 1661 1026 duae
1697 969 1984 1035 lectiones,

389 1062 588 1120 veteris
638 1062 840 1118 scilicet
875 1079 938 1119 ac
963 1062 1089 1119 novi
1139 1062 1492 1132 Testamenti,
1527 1062 1760 1137 singula:
1798 1063 1987 1120 subse-

393 1165 649 1228 quantur.
682 1156 788 1226 Qui
817 1156 1015 1213 modus
1059 1157 1357 1229 antiquitus
1384 1157 1746 1224 constitutus,
1785 1156 1988 1214 idcirco

392 1264 487 1321 per
522 1257 608 1307 tot
652 1250 849 1308 saecula
896 1267 1062 1324 penes
1101 1259 1297 1308 cuncta
1339 1251 1557 1308 illarum
1586 1252 1988 1324 provinciarum

2089 601 2294 660 matur,
2318 590 2414 648 sed
2442 591 2671 649 coalitus
2684 589 2856 662 angeli
2894 586 3211 659 magisterio
3250 585 3492 659 patribus
3520 582 3686 641 fuisse

2088 686 2317 742 delatus.
2358 758 2377 765 ἢ
2716 688 2719 693 '

2720 779 2964 836 CAPUT
2995 779 3063 833 V.

2092 880 2167 933 De
2190 875 2521 931 duodenain
2561 876 2897 946 psalmorum
2921 886 3139 928 numero
3168 871 3371 939 Angeli
3398 869 3691 925 traditione

2741 973 2997 1038 suscepto.

2162 1065 2304 1120 Nam
2348 1063 2570 1125 cum,in
2611 1062 2928 1136 primorJiis
2957 1059 3084 1117 ﬁdei
3127 1059 3280 1133 pauci
3315 1057 3562 1131 quidem,
3594 1059 3692 1117 sed

2092 1159 2488 1231 probatissimi,
2516 1158 2916 1236 monachorum
2943 1155 3171 1212 nomine
3198 1162 3571 1220 censerentur,
3596 1154 3689 1225 qui

2094 1253 2233 1310 sicut
2257 1269 2288 1310 a
2308 1253 2482 1310 beata:
2518 1253 2799 1311 memoriae
2827 1250 3151 1325 evangelista
3180 1242 3207 1281 δ
3227 1249 3438 1317 Marco,
3465 1247 3558 1323 qui
3586 1246 3690 1323 pri~

1492 1396 1745 1452 ALARDI
1768 1397 2005 1453 -ϐΑΖΑΞΙ
2044 1396 2601 1455 COMMENTARIUS.

465 1511 712 1585 {Magna
738 1511 1172 1585 consideratione
1194 1511 1420 1585 dignum
1448 1511 1680 1585 videtur,
1710 1510 1858 1585 quod
1886 1510 1992 1568 hoc

395 1580 667 1662 eapite__ét
689 1584 1042 1662 sequentibus
1070 1584 1241 1641 refert
1255 1580 1578 1662 Cassianus,
1611 1580 1992 1662 nen'humaria

395 1653 729 1727 inventione,
755 1655 852 1727 sed
892 1655 1105 1727 cmlitus
1138 1655 1378 1727 angelico
1402 1654 1704 1727 ministerio
1744 1653 1995 1727 apud_il-_

398 1723 481 1778 los
504 1726 809 1796 monachos
839 1724 1144 1781 institutum
1184 1723 1344 1781 fuisse
1362 1767 1378 1792 ,
1398 1733 1460 1779 ut
1481 1723 1794 1781 duodecimw
1804 1723 1996 1796 psalmi

396 1803 510 1849 tam
539 1794 595 1869 in
619 1797 858 1869 vesperis
894 1812 1061 1869 quam
1107 1799 1162 1852 in
1206 1804 1477 1869 nocturno
1522 1796 1707 1869 ofﬁcio
1743 1794 1999 1869 caneren-

396 1874 505 1937 tur.
538 1866 744 1937 verum
774 1868 882 1937 quo
911 1866 1108 1922 clarius
1149 1875 1205 1923 et
1232 1866 1441 1921 facilius
1469 1866 1833 1937 percipiantur
1853 1867 1996 1937 ritus

2096 1512 2327 1585 randum
2360 1514 2415 1569 in
2440 1513 2733 1578 Rationali,
2762 1513 2854 1569 lib.
2889 1529 2953 1570 Iv
2977 1518 3211 1585 cap.715.
3248 1514 3427 1585 Atque
3450 1511 3555 1568 hoc
3581 1529 3693 1569 mo-

2096 1584 2168 1656 do
2193 1584 2392 1652 ofﬁcia,
2419 1600 2542 1656 qua:
2584 1585 2846 1640 vocabant
2890 1584 3193 1656 vespertina
3229 1584 3593 1656 et'_nocturna
3622 1585 3692 1656 ab

2098 1655 2203 1728 illis
2231 1654 2549 1728 agebantur.
2580 1658 2702 1712 Non
2727 1656 2872 1712 enim
2912 1654 3167 1728 videntur
3192 1655 3294 1728 alia
3320 1654 3576 1710 habuisse
3600 1654 3694 1710 of-

2099 1726 2219 1781 ﬁcia
2257 1726 2525 1782 nocturna
2570 1728 2827 1783 canonica
2879 1736 2933 1782 et
2976 1726 3265 1791 ordinaria,
3315 1733 3581 1796 quantum
3627 1742 3691 1781 ex

2100 1797 2335 1869 Cassiani
2376 1797 2681 1853 narratione
2715 1797 2966 1869 colligere
3013 1798 3137 1853 licet
3183 1814 3198 1852 :
3240 1812 3368 1851 cum
3412 1812 3515 1851 nec
3547 1801 3689 1869 Lau-

2104 1868 2261 1926 dum.
2289 1884 2392 1925 nec
2424 1868 2737 1937 Matutinaa,
2768 1867 2865 1924 seu
2882 1869 3102 1935 Primae,
3141 1883 3241 1923 nec
3268 1867 3615 1937 Completorii
3640 1868 3696 1923 in

396 1942 453 2022 et
480 1935 995 2022 institutualvéterpm
1020 1938 1257 2022 _il|orum
1285 1935 1694 2022 monachorum
1722 1937 1783 2022 in
1808 1936 1987 1991 ofﬁcio
2015 1941 2064 2003 B
2096 1938 2201 1995 hoc
2222 1939 2385 2022 libro,
2412 1956 2521 2022 quo
2541 1935 3005 2022 deEgyptiorum
3036 1939 3233 2022 ritibus
3259 1946 3313 1994 et
3339 1935 3534 1997 ofﬁciis
3557 1939 3692 2011 agit,

396 2005 577 2079 divino
616 2005 943 2079 celebrando
963 2048 979 2075 ,
1005 2006 1073 2063 de
1106 2024 1215 2079 quo
1244 2007 1332 2062 hic
1355 2009 1550 2079 agitur,
1573 2007 1703 2063 libet
1730 2007 1988 2079 hicrsum-

397 2076 598 2132 matim
624 2078 896 2149 colligere,
922 2087 978 2153 et
1006 2076 1196 2153 paucis
1232 2076 1620 2153 comprehensa
1649 2078 1834 2153 lectori
1862 2093 1990 2149 pro-

401 2163 775 2228 poneretquaa
804 2149 1035 2228 sparsim
1081 2159 1136 2205 et
1156 2149 1498 2228 prolixe’toto
1519 2151 1626 2228 hoc
1654 2150 1816 2228 libro,
1844 2159 1899 2204 et
1926 2164 1994 2204 ex

398 2226 549 2291 parte
578 2220 741 2274 etiam
787 2220 1030 2291 sequenti
1070 2237 1130 2277 ea
1157 2220 1225 2277 de
1252 2236 1310 2275 re
1340 2237 1368 2275 a
1400 2221 1653 2291 Cassiano
1682 2220 1989 2276 traduntur.

400 2288 647 2363 Primum
692 2288 1044 2363 igitur—moris
1081 2290 1224 2362 apud
1260 2292 1381 2347 illos
1409 2288 1509 2363 fuit
1537 2291 1763 2362 singulis
1805 2291 1999 2346 diebus

398 2360 522 2434 bina
552 2360 665 2416 vice
698 2360 751 2416 in
801 2362 1052 2434 chorum,
1099 2360 1193 2418 seu
1225 2362 1527 2418 oratorium
1557 2360 1759 2434 pariter
1798 2377 1998 2434 conve-

400 2432 762 2505 nire,_nempe
782 2432 853 2488 ad
870 2435 1186 2503 VeSperam,
1207 2449 1302 2489 seu
1320 2432 1594 2505 completo
1621 2432 1727 2497 die,
1750 2441 1812 2488 ut
1831 2432 1907 2487 ait
1924 2434 1996 2487 D.

403 2501 751 2575 Ba_silius_(In
780 2507 910 2573 Reg.
938 2501 1115 2573 fusius
1135 2505 1396 2575 disputat.
1420 2501 1540 2574 cap.
1575 2507 1689 2573 37),
1713 2519 1877 2575 quam
1907 2518 2000 2558 vo-

408 2571 606 2647 cabant
633 2573 825 2647 horam
850 2571 1355 2647 lucernalequuia
1382 2571 1512 2631 tunc
1536 2571 1780 2647 lucernas
1805 2589 2002 2647 accen-

408 2642 611 2699 debant
651 2642 855 2702 lumine
890 2645 994 2701 diei
1036 2642 1357 2714 deﬁciente,
1409 2655 1469 2702 ut
1516 2645 1740 2702 inferius
1790 2645 1999 2701 dicetur

415 2716 679 2789 (Libim,
710 2733 833 2789 cap.
857 2722 917 2784 3)
946 2725 1031 2773 :et
1066 2718 1205 2773 hanc
1231 2717 1496 2773 vocabant
1522 2718 1882 2789 vespertinam
1906 2732 1998 2771 so-

409 2785 904 2851 lemnitatemfsivc
935 2790 1181 2851 synaxim
1213 2806 1227 2843 :
1259 2788 1450 2845 deinde
1479 2785 1632 2845 circa
1646 2788 1884 2844 mediam
1906 2802 2001 2842 no-

409 2865 583 2923 ctem;
620 2867 676 2913 et
702 2868 831 2914 tunc
850 2859 1192 2917 celebrabant
1227 2859 1474 2917 ofﬁcium
1512 2868 1865 2925 nocturnum,
1890 2860 2000 2913 sive

410 2936 736 2985 nocturnam
779 2930 1182 3004 solemnitatem
1230 2940 1291 3004 et
1327 2931 1595 3004 synaxim.
1638 2930 1912 3004 Secundo,
1946 2929 2001 2984 in

354 3058 361 3063 ,
410 3007 645 3070 utroque
685 3010 951 3073 conventu
973 3044 988 3069 ,
1019 3011 1074 3057 et
1097 3002 1279 3057 ofﬁcio
1320 3002 1435 3073 tam
1463 3003 1770 3073 vespertino
1788 3042 1806 3070 ,
1834 3016 1998 3072 quam

411 3078 682 3143 nocturno
705 3072 893 3142 psalmi
918 3072 1206 3128 duodecim
1229 3072 1589 3140 canebantur;
1614 3087 1778 3143 quem
1801 3087 2000 3143 nume-

411 3155 534 3195 rum
573 3141 641 3216 ab
672 3140 862 3214 angelo
889 3158 1017 3198 cum
1047 3143 1539 3216 insignimiraculp
1567 3140 1872 3216 didicerant
1898 3140 1998 3196 ob-

411 3210 771 3286 servandum?
801 3216 990 3286 Itaque
1032 3210 1400 3286 vespertinum
1439 3212 1721 3286 ofﬁcium,
1747 3228 1845 3284 pro
1889 3226 1999 3286 quo

411 3297 561 3366 nunc
591 3284 860 3366 Yesperas
884 3284 1148 3366 dicimus,
1173 3284 1464 3366 duodecim
1500 3284 1721 3366 psalmis
1745 3284 1993 3366 comple-

412 3352 564 3413 bant:
595 3352 840 3411 similiter
877 3364 933 3411 et
968 3372 1104 3413 suos
1132 3352 1465 3422 nocturnos,
1500 3352 1624 3412 'sive
1661 3352 1995 3411 nocturnum

413 3423 678 3500 officium.
701 3427 907 3495 Tertio,
949 3426 1050 3484 hos
1092 3428 1330 3500 psalmos
1354 3443 1494 3500 unus
1516 3428 1799 3500 dumtaxat
1826 3425 1999 3481 lector

410 3498 568 3567 (Cap.
601 3505 633 3554 5
662 3504 714 3554 et
754 3504 869 3567 10),
912 3508 1007 3555 aut
1042 3498 1231 3555 cantor
1261 3499 1317 3554 in
1348 3498 1529 3555 medio
1555 3499 1790 3554 fratrum
1810 3511 1996 3552 assur-

414 3583 548 3639 gens
585 3570 826 3626 suaviter
855 3569 1199 3637 decantabat,
1232 3578 1287 3624 et
1320 3570 1463 3625 clara
1498 3578 1591 3625 aut
1632 3584 1831 3625 sonora
1868 3582 2001 3639 voce

414 3637 677 3711 recitabat
740 3641 959 3711 (quales
1022 3642 1274 3706 lectores,
1327 3641 1435 3695 sive
1486 3649 1733 3696 cantores
1764 3637 2005 3711 requirit

414 3708 579 3782 etiam
613 3713 682 3765 D.
717 3708 1040 3767 Benedictus
1081 3713 1246 3781 (Cap.
1288 3716 1352 3765 18
1379 3714 1639 3780 Regulae),
1666 3710 1774 3782 Aqui
1804 3709 2007 3782 scilicet

416 3778 690 3836 aediﬁcent
703 3782 1022 3846 audientes).
1043 3783 1138 3838 Cui
1152 3778 1354 3846 tamen,
1369 3797 1436 3836 ne
1453 3778 1719 3837 cantando
1731 3780 2006 3849 deﬁceret,

415 3850 502 3905 alii
537 3851 772 3908 vicissim
800 3852 1184 3923 succedebant,
1205 3861 1316 3907 tres
1332 3894 1348 3919 ,
1370 3860 1465 3908 aut
1487 3862 1718 3923 quatuor
1757 3852 1825 3907 ad
1849 3865 2006 3923 sum-

418 3935 605 3995 mum,_
642 3923 732 3995 qui
777 3922 1173 3980 duodenarium
1221 3921 1554 3993 psalmorum
1602 3936 1891 3995 numerum
1935 3921 2009 3977 ita

417 3993 810 4064 partiebantur,
839 4004 901 4050 ut
920 3995 966 4050 si
996 3995 1104 4051 duo
1122 4002 1335 4050 tantum
1362 4004 1560 4061 essent,
1586 3993 1778 4064 singuli
1808 4007 2008 4058 senos;

420 4063 463 4118 si
493 4071 625 4138 tres,
664 4065 861 4138 singuli
887 4075 1214 4137 quaternos;
1255 4067 1296 4120 si
1327 4074 1580 4136 quatuor,
1599 4064 1797 4137 singuli
1827 4072 2012 4138 ternos

415 4135 655 4206 psalmos
681 4135 1006 4202 occiperent,
1036 4153 1155 4206 cap.
1192 4142 1274 4193 11.
1293 4135 1521 4206 Quarto,
1546 4135 1828 4193 summum
1851 4135 2015 4206 inter—

404 4205 481 4262 fea
511 4207 816 4274 silentium;
845 4209 1059 4266 caeteris
1094 4205 1244 4264 humi
1296 4205 1641 4276 sedentibus,
1672 4215 1728 4263 et
1775 4206 1833 4261 in
1869 4205 2014 4277 psal-

418 4278 579 4332 lentis
605 4281 766 4335 verba
788 4287 904 4335 tota
933 4280 1102 4336 animi
1126 4278 1421 4336 attentione
1441 4279 1671 4346 deﬁxis;
1699 4293 1761 4334 ac
1788 4284 1972 4332 mente
1996 4317 2012 4343 ,

399 4362 697 4420 .non‘voce
738 4351 1120 4420 psallentibus;
1165 4351 1298 4406 adeo
1354 4358 1416 4406 ut
1457 4366 1556 4406 nec
1598 4349 1878 4420 oscitatio,
1912 4363 2015 4402 nec

419 4417 604 4491 tussis,
629 4417 1070 4491 nec'exrscreatio.
1099 4436 1199 4475 nec
1240 4421 1498 4491 strepitus
1528 4420 1671 4476 ullus
1713 4419 2014 4491 audiretur;

424 4488 597 4562 immo
613 4505 713 4546 nec
727 4490 1014 4562 quisquam
1026 4491 1165 4545 alius
1181 4488 1376 4560 prmter
1389 4498 1673 4562 canentem
1692 4489 1878 4544 adesse
1897 4504 2013 4543 cre-

424 4559 664 4632 deretur,
681 4559 797 4631 cap.
829 4559 894 4616 1ὸ
919 4569 973 4616 et
997 4568 1079 4617 12.
1100 4559 1324 4632 Quinto,
1340 4560 1579 4631 psalmos
1592 4574 2016 4632 quosque,_praa-

420 4631 610 4686 sertim
634 4629 930 4703 longiores,
951 4648 1062 4688 non
1087 4629 1417 4703 centinueet
1440 4646 1549 4703 uno
1568 4629 1834 4703 tractu’ad
1851 4629 2016 4703 finem

2098 2010 2444 2081 mentionem’
2464 2010 2663 2077 faciat;
2704 2010 3005 2081 q'uinimmo
3055 2010 3255 2066 idcirco
3306 2024 3699 2081 eos_excusare

2098 2080 2508 2153 quodammodo
2548 2078 2763 2137 videtur
2801 2098 2937 2153 cap.
2960 2087 3045 2149 12,
3077 2081 3226 2152 quod
3268 2089 3386 2153 tam
3411 2078 3695 2153 breveaut

2101 2150 2385 2224 mediocre
2413 2152 2656 2209 ofﬁcium
2697 2150 3012 2224 psalmodiae
3059 2150 3342 2208 nocturna:
3373 2150 3689 2224 habuerint;

2105 2222 2349 2279 videlicet
2377 2234 2600 2294 propter
2643 2222 2867 2279 nimiam
2896 2224 3234 2290 orationum,
3264 2238 3537 2294 operum,
3550 2222 3690 2294 jeju-

2105 2294 2346 2366 nierum,
2376 2292 2681 2366 vigiliarum
2711 2294 3088 2351 assiduitatem
3118 2292 3317 2366 (quam
3347 2301 3505 2348 vocat
3528 2292 3696 2346 inimi-

2106 2363 2330 2446 rabilem
2380 2363 2684 2446 disciplinae
2718 2365 3110 2446 rigorem‘libn
3133 2363 3204 2421 ῐῐι
3235 2368 3471 2446 caput).
3504 2366 3694 2446 None,

2108 2435 2273 2507 ﬁnitis
2298 2433 2534 2507 psalmis'
2554 2445 2608 2490 et
2635 2433 2826 2506 vigiliis
2860 2435 3141 2490 nocturnis
3163 2434 3401 2507 _,_singuli
3440 2433 3694 2507 monachi

2105 2506 2176 2561 ad
2202 2503 2327 2562 suas
2351 2507 2576 2561 cellulas
2599 2503 2930 2561 revertentes
2952 2547 2968 2570 ,
2990 2513 3047 2559 et
3072 2504 3286 2560 residuo
3301 2503 3487 2558 noctis
3520 2503 3695 2574 spatio

2106 2576 2431 2648 excubantes
2474 2576 2704 2648 orationi
2740 2577 2941 2648 pariter
2968 2583 3023 2629 et
3049 2576 3199 2647 operi
3233 2589 3500 2633 manuum
3523 2590 3687 2648 vaca-

2110 2647 2270 2710 bant;
2314 2647 2489 2703 donec
2520 2644 2834 2702 adveniente
2870 2662 3067 2703 aurora
3090 2644 3384 2702 'nocturno
3424 2644 3573 2715 Operi
3593 2685 3610 2708 ,
3640 2659 3704 2699 ac

2106 2718 2441 2775 meditationi
2472 2718 2716 2790 operatio
2744 2718 2934 2790 diurna
2966 2717 3274 2790 succederet
3304 2732 3424 2786 cap.
3459 2722 3525 2790 2,
3560 2722 3623 2790 13
3649 2723 3704 2770 et

2111 2796 2198 2845 14.
2226 2791 2474 2852 Decimo,
2511 2786 2716 2860 reliqua
2755 2788 2933 2844 ofﬁcia
2963 2786 3187 2856 diurna,
3218 2802 3418 2860 nempe
3465 2787 3700 2860 Tertia},

2107 2864 2320 2927 Sextaa,
2368 2869 2422 2917 et
2462 2856 2646 2932 Nonae
2685 2860 3171 2932 singuliprivatim
3223 2859 3279 2932 in
3335 2856 3449 2913 suis
3496 2856 3701 2912 cellulis

2106 2932 2504 3004 persolvebant,
2543 2939 2599 2986 et
2633 2930 2687 2985 in
2716 2930 2938 3004 singulis
2967 2939 3077 2987 tres
3128 2930 3366 3004 psalmos
3419 2944 3545 2984 cum
3578 2943 3702 2983 ora-

2106 2992 2253 3058 tione
2281 2992 2611 3068 recitabant;
2643 2992 2842 3073 quibus
2880 3009 3064 3058 tamen
3110 2992 3247 3073 alias
3272 3015 3462 3073 preces
3495 3008 3551 3054 et
3575 3014 3704 3063 ora-

2106 3074 2281 3131 tiones
2308 3074 2543 3145 privatas
2572 3074 2642 3128 ita
2662 3072 2889 3129 assidue
2929 3072 3388 3145 intermiseebant‘,
3421 3078 3490 3145 ut
3525 3078 3706 3125 totum

2107 3145 2210 3201 diei
2239 3140 2454 3216 tempus
2478 3143 2547 3199 ad
2582 3160 2861 3216 vesperam
2897 3158 3070 3214 usque
3096 3144 3150 3198 in
3178 3144 3260 3198 his
3289 3140 3482 3216 ofﬁciis
3507 3156 3706 3195 consu-

2106 3224 2318 3297 merent
2335 3213 2473 3297 {nec
2500 3213 2688 3297 tamen
2715 3215 2781 3271 ab
2819 3213 3272 3297 cpere’manuum
3299 3213 3503 3297 interea
3540 3226 3706 3297 vaea-

2107 3296 2248 3352 rent,
2291 3286 2522 3342 orationi
2556 3295 2612 3342 et
2659 3283 2962 3357 operationi
2989 3285 3190 3357 pariter
3224 3284 3552 3357 insistentes.
3581 3283 3706 3337 Non

2107 3358 2249 3434 enim
2279 3358 2566 3430 plusquam
2587 3353 2754 3434 semel
2798 3359 2853 3434 in
2873 3357 2969 3434 die
2991 3353 3159 3434 simul
3203 3353 3623 3434 conveniejganta.
3647 3360 3711 3434 ιξῑ

2104 3427 2313 3485 dictum
2350 3427 2466 3493 est;
2497 3429 2735 3499 exceptis
2783 3429 2978 3484 diebus
3014 3427 3320 3499 Sabbatinis
3344 3427 3707 3499 _et_Domini-

2106 3500 2202 3567 cis,
2235 3500 2289 3555 in
2312 3499 2511 3571 quibus
2535 3494 2859 3571 bor'artertia
2880 3497 3229 3571 Asolebantrad
3247 3495 3531 3571 ecclesiam
3554 3537 3570 3561 ,
3599 3494 3710 3571 sive

2107 3565 2409 3627 oratorium
2458 3570 2772 3636 convenire,
2820 3569 2999 3639 ibique
3049 3569 3229 3627 divina
3279 3567 3536 3639 mysteria
3576 3565 3714 3639 cele-

2109 3643 2267 3717 brare
2292 3643 2452 3717 (Cap.
2485 3646 2516 3696 2
2547 3646 2598 3695 et
2622 3647 2653 3696 3
2680 3628 2773 3697 lib:
2796 3656 2884 3717 Δ11]
2900 3628 2940 3706 )’.
2971 3645 3154 3708 Atque
3183 3640 3312 3717 haec
3330 3628 3397 3717 de
3426 3635 3714 3717 monachis

2112 3713 2365 3840 Egptit,
2392 3708 2714 3784 ‘eorumque
2766 3711 2960 3781 ritibus
3007 3720 3075 3767 .et
3137 3710 3406 3767 exercitiis
3467 3708 3713 3765 retulisse

2114 3802 2177 3840 su
2247 3800 2325 3839 cla
2357 3824 2370 3837 .

2114 3784 2370 3841 sufﬁciat.

2188 3849 2215 3888 ¹³
2246 3856 2480 3911 Sanctus
2502 3854 2723 3910 Marcus
2750 3852 3072 3925 evangelista
3110 3869 3141 3908 a
3168 3853 3233 3908 B.
3266 3854 3433 3908 Petro
3473 3849 3716 3925 in_AZgy-

2119 3934 2274 3998 ptum
2350 3925 2669 3998 destinatus
2728 3921 3077 3998 Evangelium
3145 3940 3177 3979 a
3222 3939 3280 3979 se
3344 3921 3713 3998 conscriptum

2118 3992 2466 4055 Alexandria:
2507 3995 2833 4066 praedicavit,
2866 3992 3270 4065 Ecclesiamque
3293 3992 3716 4066 Alexandrinam

2120 4069 2328 4141 primus
2354 4063 2620 4141 instituit,
2648 4067 3015 4141 ac_rexi_t,_et
3063 4063 3249 4122 multis
3299 4065 3356 4141 in
3397 4064 3460 4119 ea
3491 4063 3716 4141 regione

2119 4133 2240 4195 tum
2265 4138 2489 4202 Iudaeis,
2516 4146 2633 4195 tum
2663 4138 2777 4194 aliis
2810 4137 2881 4194 ad
2908 4133 3081 4194 fidem
3112 4135 3408 4200 conversis,
3438 4145 3493 4189 et
3522 4133 3718 4189 arden-

2119 4211 2245 4266 tiori
2296 4210 2644 4281 perfectionis
2681 4208 2866 4265 studio
2918 4209 3156 4281 accensis
3209 4206 3524 4281 monasticae
3589 4204 3717 4259 vitae

2119 4279 2373 4337 normam
2423 4279 2662 4344 tradidit,
2711 4296 2873 4350 quam
2920 4280 2991 4350 ab
3015 4279 3274 4349 apostolis
3316 4282 3616 4350 acceperat,
3666 4283 3723 4330 et

2123 4368 2286 4423 quam
2336 4368 2366 4407 a
2414 4350 2606 4422 primis
2646 4347 2893 4406 ﬁdelibus
2929 4347 3723 4423 Hierosolymitanisobserva-

2122 4416 2236 4478 tam
2283 4423 2340 4477 S.
2368 4416 2540 4476 Lucas
2560 4429 2966 4477 commemorat
3015 4416 3195 4485 (Ασί.⁷
3216 4425 3328 4488 ιν).
3357 4419 3418 4476 Id
3443 4418 3497 4473 in
3531 4416 3724 4489 primis

2122 4501 2355 4549 testatur
2383 4491 2650 4548 Eusebius
2676 4492 2767 4547 lib.
2798 4508 2845 4548 II
2872 4492 3015 4547 Hist.
3043 4492 3249 4548 Eccles.
3292 4507 3414 4562 cap.
3449 4496 3512 4545 15
3550 4492 3722 4562 et_16,

2127 4564 2217 4620 ubi
2250 4565 2435 4620 multis
2457 4563 2789 4635 argumentis
2809 4564 3047 4619 ostendit
3068 4558 3387 4635 eorumdem
3420 4558 3723 4635 monacho-

2131 4652 2273 4699 rum,
2305 4651 2414 4690 non
2440 4630 2670 4690 alidrum
2710 4638 2897 4701 vitam,
2929 4650 3131 4701 mores,
3161 4633 3406 4690 instituta
3436 4648 3466 4686 a
3496 4630 3726 4701 Philone

420 4693 1038 4775 usquepercurrebant;
1064 4703 1159 4759 sed
1179 4702 1506 4775 quibusdam
1523 4700 2018 4775 interscctionibus,
2050 4693 2101 4755 D
2132 4693 2325 4763 Iudaeo
2351 4705 2513 4762 fuisse
2538 4714 2669 4762 tunc
2693 4693 2955 4775 temporis
2991 4693 3239 4760 accurate
3286 4703 3548 4773 descripta
3563 4700 3726 4775 _in_li-

423 4771 547 4845 post
587 4771 756 4831 denos
793 4771 1032 4841 scilicet,
1058 4783 1152 4830 aut
1179 4771 1461 4845 duodenos
1492 4788 1715 4845 versus,
1746 4771 2017 4845 paulisper

459 4846 722 4915 ausando,
745 4845 894 4903 brevi
915 4845 1167 4911 orationi,
1191 4853 1284 4901 aut
1310 4844 1648 4902 meditationi
1674 4843 2010 4915 insistebant.

460 4926 609 4987 exto,
638 4913 878 4989 psalmus
891 4918 1117 4991 quisque
1144 4933 1255 4973 non
1280 4915 1539 4991 versiculo
1564 4915 1656 4971 illo
1670 4914 1877 4991 Latinis
1903 4913 1985 4969 usi
1996 4943 2014 4991 ς

422 4996 535 5046 tato
562 5011 574 5044 :
598 4983 787 5049 Gloria
812 4983 988 5059 Patri,
1017 4983 1146 5057 étc.,
1168 4988 1588 5059 terminabatur,
1621 4987 1717 5043 sed
1739 4986 1844 5041 alia
1865 4983 2013 5059 brevi

421 5061 668 5132 oratione
688 5080 699 5113 :
719 5072 840 5129 post
855 5055 1017 5116 ﬁnem
1039 5055 1165 5116 vero
1187 5060 1376 5132 psalmi
1398 5058 1710 5132 duodecimi
1725 5055 2017 5132 responde-

422 5131 604 5202 batur,
622 5127 859 5185 Allcluia
883 5133 1033 5202 (Cap.
1059 5139 1092 5188 5
1116 5136 1164 5187 et
1188 5127 1298 5200 il).
1317 5132 1579 5201 Septimo,
1606 5130 1771 5202 ﬁnitis
1796 5127 2017 5199 psalmis

424 5200 552 5257 duae
580 5201 839 5256 lectiones
867 5200 1254 5272 sequebantur,
1289 5200 1397 5257 una
1421 5202 1489 5257 de
1507 5201 1670 5272 veteri
1694 5203 2018 5272 Testamen-

423 5280 503 5342 to,
526 5272 697 5326 altera
722 5273 789 5326 de
807 5268 975 5336 novo,
1003 5273 1240 5342 exceptis
1263 5273 1454 5327 diebus
1480 5270 1788 5327 Dominicis
1806 5277 1860 5342 et
1886 5268 2020 5324 Sab-

425 5341 644 5406 batinis,
676 5341 1146 5413 quibusrutraque’
1166 5342 1234 5397 de
1268 5358 1413 5397 novo
1451 5342 1769 5398 sumebatur
1793 5341 1954 5413 (Cap:
1985 5345 2016 5392 7

425 5417 475 5485 et
502 5418 609 5479 11).
641 5410 847 5469 octavo
880 5411 967 5485 his
998 5410 1230 5485 peractis
1261 5428 1464 5485 omnes
1484 5412 1536 5467 in
1565 5427 1737 5485 genua
1764 5410 2018 5485 procide-

427 5484 575 5557 bant,
609 5487 725 5557 Deo
753 5484 957 5557 gratias
978 5480 1220 5557 agentes,
1249 5500 1313 5539 ac
1341 5482 1525 5557 statim
1548 5480 1805 5557 omnibus
1828 5480 2022 5557 erectis

426 5553 614 5620 abbas,
639 5555 748 5610 sive
760 5552 1051 5626 sacerdos,
1079 5554 1171 5626 qui
1198 5554 1606 5626 congregationi
1630 5559 1881 5624 ριέεθτεη,
1910 5552 2019 5626 νςῖιξ

428 5635 488 5679 ut
518 5626 766 5681 omnium
804 5625 1033 5697 fratrum
1079 5623 1202 5681 vota
1235 5623 1530 5697 precesque
1574 5623 1648 5679 ini
1679 5638 1844 5697 unum
1873 5623 2023 5678 colli-

427 5712 591 5767 gens,
622 5712 685 5752 ac
714 5701 833 5753 Deo
858 5696 1098 5755 offerens
1137 5694 1345 5767 publica
1374 5694 1615 5767 oratione
1639 5694 1883 5767 ofﬁcium
1912 5702 2022 5750 ter-

435 5765 694 5824 minabat.
739 5769 904 5826 Unde
939 5765 1302 5827 Collectarum
1345 5768 1402 5823 in
1441 5766 1622 5821 ofﬁcio
1662 5765 2023 5822 ecclesiastico

427 5840 715 5914 appellatio
737 5849 792 5898 et
820 5857 949 5897 usus
980 5854 1229 5897 manasse
1253 5838 1482 5896 videtur.
1519 5842 1598 5894 De
1623 5853 1733 5911 quo
1765 5837 1883 5895 vide
1911 5841 2027 5894 Du-

2122 4778 2288 4846 bello,
2327 4793 2489 4850 quem
2522 4776 2591 4833 de
2620 4775 2745 4850 vita
2786 4770 3098 4850 theoretica.
3144 4770 3727 4850 sive_conteinplati_va

2123 4841 2428 4920 supplicum
2470 4848 2763 4919 inscripsit,
2790 4847 2881 4903 ubi
2923 4863 3018 4920 eos
3049 4846 3245 4920 duplici
3276 4845 3377 4901 hac
3413 4841 3731 4920 nomencla-

2124 4916 2243 4975 tura
2273 4928 2524 4980 exornat,
2580 4916 2874 4990 οεραπευτάς
2904 4927 2959 4974 et
2998 4916 3160 4979 intra}
3206 4932 3436 4982 vocans;
3491 4916 3730 4990 θξραπευτ

2124 4994 2212 5052 τάς
2237 4992 2472 5062 quidem,
2499 4991 2592 5045 hoc
2618 4984 2714 5052 est.
2745 4992 2991 5053 cultores,
3026 4993 3123 5044 aut
3150 4993 3444 5062 amatores,
3468 4987 3550 5040 vel
3579 4984 3730 5056 quod

2124 5060 2287 5117 Deum
2312 5064 2719 5130 diligentissime
2738 5063 2983 5124 colerent,
3010 5062 3093 5115 t‘cl
3112 5060 3255 5129 quod
3275 5061 3486 5114 animas
3510 5071 3642 5130 suus
3658 5070 3731 5109 se-

2121 5133 2246 5187 dulo
2274 5126 2588 5194 emcolerent,
2615 5138 2664 5186 et
2686 5136 2938 5186 curarent
2963 5148 2998 5185 a.
3020 5126 3217 5185 mofbis
3246 5133 3498 5184 t'itiorum
3524 5144 3539 5178 :
3567 5126 3732 5187 ἶκέτας

2120 5220 2262 5264 vero,
2292 5205 2384 5257 hoc
2411 5208 2507 5266 est,
2530 5205 2791 5272 supplices
2810 5245 2824 5264 ,
2853 5220 2886 5256 α
2909 5205 3183 5272 ρνωοίιγιιο
3214 5216 3449 5263 munere,
3472 5198 3623 5272 quod
3653 5201 3732 5251 est

2123 5288 2297 5343 o~r;are,
2328 5278 2379 5328 et
2417 5270 2646 5328 laudare
2685 5278 2871 5328 Deum.
2902 5270 3023 5343 fCui
3070 5270 3355 5343 sententia:
3393 5270 3734 5343 suffragatur

2126 5338 2194 5397 l)'.
2237 5344 2604 5416 Hieronymus
2633 5345 2685 5399 in
2720 5344 2855 5416 libro
2884 5342 2952 5399 de
2981 5342 3346 5416 scriptoribus
3372 5338 3607 5406 Ecclesf,
3639 5338 3733 5405 ubi

2126 5416 2367 5485 primum
2396 5411 2464 5471 de
2488 5417 2543 5471 S.
2579 5418 2763 5470 Marco
2790 5415 2927 5469 inter
2953 5415 3053 5468 alia
3083 5411 3153 5469 ita
3184 5411 3351 5469 refert
3376 5433 3387 5467 :
3415 5416 3627 5470 Marcus
3653 5425 3733 5463 as-

2128 5484 2339 5555 sumpto
2357 5488 2670 5555 Evangelia,
2698 5486 2843 5556 quod
2867 5488 3187 5553 confecerat,
3216 5487 3460 5555 perrexit
3488 5486 3545 5537 in
3568 5484 3734 5548 Egy-

2123 5562 2299 5626 ptum,
2317 5561 2367 5612 et
2382 5561 2595 5626 primus
2611 5558 2968 5613 Alc.candm'w
2984 5559 3251 5613 Christum
3266 5557 3603 5610 annuntians
3620 5566 3734 5626 con-

2128 5625 2304 5682 stituit
2326 5625 2615 5685 Ecclesium
2632 5672 2647 5690 ,
2675 5633 2830 5682 tanta
2868 5629 3113 5682 doctrina
3138 5632 3187 5681 et
3217 5630 3343 5681 ritca
3369 5625 3696 5681 cmitinentia
3717 5664 3734 5684 ,

2130 5704 2190 5753 ut
2213 5714 2389 5754 omnes
2418 5705 2699 5754 sectatores
2738 5702 2938 5755 Christi
2958 5700 3032 5752 ad
3060 5700 3361 5767 exemplum
3383 5700 3471 5752 sui
3493 5698 3731 5764 cogeret.

2130 5774 2368 5840 Denique
2382 5772 2533 5826 Philo
2548 5772 2931 5825 disertissimus
2945 5771 3250 5824 Iudaeorum
3265 5770 3450 5829 eidem
3465 5769 3683 5824 Alcman
3695 5793 3723 5803 -

2135 5841 2273 5895 (tria:
2292 5844 2527 5913 primum
2554 5843 2841 5898 Ecclesium
2860 5842 3034 5896 adhuc
3057 5841 3457 5910 jtulaizantem,
3491 5840 3719 5912 ,uasiin
