4062 6196
349 233 421 288 85

840 231 930 285 DE
967 227 1446 286 C(ENOBIORUM
1480 229 1726 286 INSTIT.
1769 229 1892 290 LIB.
1935 229 2002 286 ll.
2043 259 2114 271 —
2276 227 2665 286 NOCTURNIS
2701 229 3184 289 ORATIONIBUS.
3597 240 3664 293 86

349 370 480 413 mus
515 353 900 412 Alexandrinae
933 354 1057 411 urbi
1099 351 1338 427 pontifex
1389 352 1637 425 praefuit,
1688 369 1948 410 normam
1981 357 2032 421 Α
2061 353 2274 426 aliaque
2301 351 2386 410 his
2411 353 2589 410 multo
2623 353 2940 412 sublimiora
2971 355 3309 428 perﬁcerent.
3351 362 3434 416 De
3469 361 3668 434 quibus

346 463 639 523 suscepere
680 448 893 505 vivendi
917 490 934 518 ,
963 464 1075 504 non
1104 447 1281 504 solum
1311 447 1400 503 illa
1438 447 1726 520 magniﬁca
1754 447 1952 504 retine-

345 544 505 611 bant,
532 557 660 616 quae
688 543 947 615 primitus
977 542 1275 598 Ecclesiam
1301 543 1382 598 vel
1404 541 1748 598 credentium
1769 541 1955 599 turbas

347 636 407 692 in
429 635 659 692 Actibus
687 635 1082 708 Apostolorum
1111 637 1261 706 (Cap.
1288 641 1378 703 IV)
1408 636 1634 708 legimus
1659 636 1956 692 celebrasse

347 719 762 794 (Multitudinis
806 729 1004 782 scilicet
1042 727 1370 782 credentium
1406 733 1524 783 erat
1550 744 1640 784 cor
1677 746 1875 793 unum,
1908 735 1958 784 et

345 825 536 878 anima
555 837 666 876 una
689 841 706 876 :
731 837 826 876 nec
848 822 1137 891 quisquam
1154 837 1338 875 eorum
1362 837 1484 890 qua:
1499 822 1827 892 possidebat,
1849 823 1956 876 ali-

345 917 486 987 quid
501 931 660 972 suum
683 930 793 970 esse
819 915 1049 978 dicebat,
1083 914 1179 969 sed
1207 919 1365 970 erant
1385 915 1496 970 illis
1524 917 1705 969 omnia
1725 931 1950 970 commu-

343 1013 444 1064 nia
463 1029 481 1076 ;
500 1013 760 1080 quotquot
779 1010 919 1062 enim
938 1023 1265 1078 possessores
1284 1023 1537 1076 agrorum
1558 1012 1656 1062 aut
1673 1009 1952 1065 domorum

345 1110 528 1168 erant,
557 1103 836 1159 uendentes
869 1103 1188 1171 afferebant
1202 1103 1382 1172 pret-ia
1407 1118 1588 1157 eorum
1611 1119 1732 1174 qua
1757 1105 1951 1159 rende-

347 1199 501 1262 bant,
530 1202 580 1253 et
591 1199 865 1269 ponebant
897 1200 1026 1250 ante
1039 1196 1203 1266 pedes
1243 1197 1644 1265 apostolorum:
1672 1197 1950 1252 divideba-

342 1296 442 1346 tur
453 1295 636 1346 autem
643 1291 870 1358 singulis
873 1294 1043 1360 prout
1055 1291 1244 1358 cuique
1256 1304 1385 1360 opus
1395 1289 1534 1361 erat)
1551 1307 1568 1353 ;
1588 1305 1773 1346 verum
1788 1289 1951 1347 etiam

343 1383 434 1440 bis
473 1383 647 1440 multo
694 1382 1011 1438 sublimiora
1048 1381 1479 1442 cumulaverant.
1529 1384 1748 1438 Etenim
1794 1399 1948 1440 sece-

344 1477 537 1534 dentes
572 1476 629 1531 in
663 1475 950 1532 secretiora
989 1473 1380 1531 suburbiorum
1419 1475 1566 1544 loca,
1597 1475 1832 1549 agebant
1874 1477 1950 1532 vi-

341 1577 460 1625 tam
473 1576 625 1625 tanto
643 1567 982 1624 abstinentiae
999 1568 1238 1654 rigorem
1256 1567 1580 1634 districtam,
1601 1576 1663 1624 ut
1679 1568 1846 1624 etiam
1865 1568 1950 1626 his

341 1663 438 1736 qui
477 1671 632 1720 erant
665 1663 940 1736 religionis
979 1672 1248 1732 externae,
1287 1663 1499 1736 stupori
1527 1671 1668 1720 esset
1703 1671 1816 1719 tam
1860 1679 1946 1720 ar-

2061 449 2228 506 etiam
2249 448 2296 505 is
2328 450 2418 522 qui
2453 449 2634 507 minus
2677 450 3052 530 indigenarum
3084 453 3344 511 relatione
3371 458 3661 528 cognovit,

2062 543 2419 600 ecclesiastica
2471 543 2697 600 historia
2738 549 2764 578 ³
2818 548 3020 618 poterit
3065 547 3300 606 edoceri.
3369 552 3448 609 Ea
3500 551 3664 622 igitur

2061 644 2384 708 tempestate
2429 655 2555 694 cum
2593 639 2849 698 Ecclesiae
2885 641 3026 698 illius
3064 642 3350 713 primitivaa
3405 644 3664 716 perfectio

2061 745 2226 817 penes
2252 746 2591 787 successores
2622 748 2752 788 suos
2776 733 2952 790 adhuc
2974 735 3177 791 recenti
3203 737 3466 792 memoria
3502 738 3666 794 invio-

2064 824 2169 880 lata
2193 823 2431 893 duraret,
2461 822 2784 898 fervensque
2825 843 3123 898 paucorum
3165 828 3300 886 ﬁdes
3344 830 3580 887 necdum
3609 832 3663 888 in

2063 917 2466 974 multitudinem
2505 917 2746 991 dispersa
2794 923 3081 992 tepuisset;
3127 923 3456 980 venerabiles
3484 935 3666 996 patres

2063 1010 2302 1083 pervigili
2346 1025 2474 1066 cura
2517 1012 2748 1083 posteris
2785 1014 3161 1083 consulentes,
3193 1016 3418 1087 quinam
3464 1017 3664 1074 modus

2057 1102 2374 1174 quotidiana
2417 1103 2586 1160 cultui
2615 1120 2712 1176 per
2750 1106 3062 1162 universum
3102 1106 3458 1166 fraternitatis
3484 1103 3512 1142 δ
3534 1126 3663 1167 cor-

2059 1211 2160 1268 pus
2196 1195 2408 1252 decerni
2429 1195 2672 1266 deberet,
2705 1199 2986 1254 tractaturi
3013 1201 3369 1270 conveniunt,
3401 1211 3463 1258 ut
3489 1203 3664 1260 haere-

2060 1287 2286 1346 ditatem
2330 1289 2544 1361 pietatis
2581 1306 2646 1346 ac
2692 1291 2836 1362 pacis
2873 1291 3041 1347 etiam
3085 1294 3493 1351 successoribus
3540 1297 3664 1354 suis

2058 1382 2368 1439 absolutam
2394 1383 2463 1438 ab
2491 1383 2640 1439 omni
2679 1383 3032 1441 dissensionis
3062 1385 3154 1442 lite
3179 1387 3617 1446 transmitterent
3646 1409 3658 1445 :

2061 1488 2307 1536 verentes
2345 1480 2552 1538 scilicet
2595 1497 2668 1538 ne
2708 1481 2896 1553 quain
2938 1482 3263 1555 quotidianis
3303 1485 3662 1542 solemnitati-

2058 1573 2162 1629 bus
2185 1573 2326 1630 inter
2359 1574 2501 1632 viros
2525 1574 2767 1648 ejusdem
2791 1575 3020 1634 cultum
3047 1585 3328 1635 consortes
3365 1579 3660 1650 {dissonan-

2058 1667 2160 1735 tia,
2193 1668 2270 1724 vel
2298 1667 2530 1725 varietas
2557 1679 2766 1735 exorta,
2805 1670 3130 1744 quandoque
3167 1672 3220 1727 in
3249 1683 3532 1745 posterum
3570 1691 3658 1731 er-

339 1759 452 1816 dua
475 1759 899 1816 conversationis
929 1774 1120 1816 eorum
1144 1757 1428 1830 professio.
1456 1760 1537 1814 Eo
1567 1758 1714 1814 enim
1735 1757 1946 1816 fervore
1975 1741 2025 1803 Β
2057 1761 2232 1830 roris,
2274 1762 2353 1817 vel
2377 1763 2737 1820 aemulationis
2755 1806 2772 1831 ,
2801 1741 2896 1820 seu
2935 1741 3262 1828 schismatisv
3283 1768 3510 1824 noxium
3543 1785 3662 1841 ger-

339 1854 748 1927 Scripturarum
775 1853 1080 1910 divinarum
1121 1853 1476 1921 lectionibus,
1519 1853 1860 1926 orationique
1895 1861 1954 1910 et

339 1946 505 2023 Operi.
525 1961 786 2002 manuum
805 1945 998 2002 diebus
1021 1961 1086 2001 ac
1111 1945 1363 2002 noctibus
1383 1945 1740 2015 incubabant,
1760 1955 1824 2002 ut
1845 1961 1948 2001 nec

339 2055 594 2096 escarum
645 2039 865 2112 quidem
906 2039 1176 2111 appetitus
1215 2039 1297 2094 vel
1351 2038 1648 2108 memoria,
1686 2037 1788 2095 nisi
1820 2033 1947 2094 'alio

339 2135 574 2190 tertiove
614 2133 702 2190 die
739 2133 984 2206 corporis
1019 2133 1388 2204 interpellaret
1417 2131 1683 2200 inediam,
1727 2132 1942 2189 cibum-

287 2287 301 2296 ,
339 2244 456 2300 que
485 2245 550 2284 ac
575 2238 769 2300 potum
797 2243 908 2284 non
947 2234 1058 2283 tam
1085 2226 1452 2284 desideratum
1495 2241 1660 2298 quam
1691 2241 1942 2283 necessa—

341 2321 498 2376 rium
524 2329 821 2386 sumerent,
847 2329 901 2375 et
935 2335 1003 2375 ne
1028 2319 1171 2376 hunc
1205 2317 1425 2390 quidem
1455 2328 1582 2374 ante
1619 2319 1750 2375 solis
1787 2335 1944 2375 occa-

334 2429 468 2470 sum
505 2423 567 2470 ut
597 2423 808 2486 tempus
830 2414 964 2470 lucis
981 2429 1118 2482 cum
1138 2413 1502 2485 spiritualium
1525 2413 1944 2469 meditationnm

335 2508 565 2578 studiis,
593 2525 784 2566 curam
829 2525 955 2565 vero
983 2509 1230 2584 corporis
1273 2525 1402 2566 cum
1455 2518 1613 2566 nocte
1643 2511 1943 2580 sociarent,

2058 1868 2186 1908 men
2205 1853 2495 1910 emitteret.
2527 1855 2775 1926 Cumque
2804 1872 2900 1927 pro
2923 1873 3024 1913 suo
3057 1859 3428 1931 unusquisque
3449 1861 3661 1918 fervore

2054 1945 2382 2003 inﬁrmitatis
2407 1947 2704 2003 immemor
2739 1948 2928 2006 alienae
2955 1949 3012 2006 id
3043 1952 3203 2007 statui
3231 1951 3432 2008 debere
3468 1969 3660 2010 cense-

2053 2050 2158 2108 ret,
2191 2040 2340 2114 quod
2367 2042 2830 2114 contemplatione
2873 2042 2996 2098 ﬁdei
3031 2059 3095 2100 ac
3120 2043 3338 2101 roboris
3360 2045 3445 2101 sui
3473 2045 3663 2103 facilli-

2053 2149 2208 2190 mum
2246 2133 2557 2207 judicabat,
2603 2150 2796 2207 parum
2839 2135 3132 2192 discutiens
3165 2137 3303 2208 quid
3339 2139 3661 2212 generaliter

2051 2227 2368 2298 plenitlxlini
2413 2225 2651 2283 fratrum
2679 2227 2936 2300 possibile
2970 2237 3138 2295 esset,
3189 2231 3242 2285 in
3279 2245 3386 2301 qua
3434 2246 3658 2288 necesse

2051 2329 2133 2377 est
2169 2321 2515 2377 inﬁrmorum
2557 2337 2777 2394 quoque
2825 2331 3030 2393 partem
3061 2322 3355 2379 maximam
3398 2323 3655 2396 reperiri,

2049 2415 2372 2488 diversoque
2417 2415 2585 2472 modo
2626 2430 2912 2471 enormem
2963 2401 3310 2486 psalmorum
3357 2431 3655 2472 numerum

2051 2508 2334 2569 instituere
2374 2525 2474 2582 pro
2512 2509 2682 2566 animi
2723 2509 2808 2565 sui
2836 2509 3032 2566 virtute
3067 2517 3340 2566 certarent
3380 2512 3426 2578 ο,
3475 2517 3532 2565 et
3558 2508 3653 2568 alii

1445 2679 1703 2736 ALARDI
1743 2675 1970 2734 GAZEI
2006 2677 2248 2735 COMME
2261 2678 2590 2734 NTARIUS.

338 2819 555 2874 laudem
578 2822 752 2888 gentis
779 2835 912 2882 sine,
942 2819 1138 2875 librum
1162 2835 1324 2891 super
1345 2835 1528 2874 eorum
1549 2821 1945 2874 conversatione

335 2893 573 2972 scripsit.
599 2892 746 2975 Hice
771 2891 866 2946 ibi.
911 2893 994 2946 Ac
1017 2907 1208 2975 rursus
1248 2892 1316 2946 de
1345 2891 1568 2946 Philone
1611 2899 1798 2974 postea
1827 2891 1945 2946 haec

345 2961 553 3017 addidit
595 2982 608 3018 :
643 2963 796 3018 Philo
821 2962 1038 3018 Iudaeus
1065 2966 1280 3016 natione
1310 2962 1721 3018 Alexandrinus
1757 2962 1823 3016 de
1859 2977 1947 3018 ae-

345 2978 553 3017 aaulult
595 2982 608 3018 :
643 2978 796 3018 rnuo
821 2978 1038 3018 Juaceus
1065 2978 1280 3016 natione
1310 2978 1721 3018 Alexandrinus
1757 2978 1823 3016 ae
1859 2978 1947 3030 ge-

337 3049 465 3087 nere
489 3033 824 3088 sacerdotum
855 3035 1053 3088 ideirco
1076 3049 1111 3086 a
1132 3034 1284 3088 nobis
1323 3036 1466 3088 inter
1488 3035 1772 3103 scriptores
1793 3033 1948 3087 eccle-

339 3106 588 3158 siasticos
607 3107 852 3174 ponitur,
875 3107 1007 3174 quia
1031 3105 1230 3159 librum
1248 3104 1314 3158 de
1326 3107 1512 3174 prima
1531 3106 1703 3160 Marci
1724 3119 1944 3173 euange-

339 3175 482 3229 lista:
511 3176 659 3245 apud
683 3176 1078 3231 Alexandriam
1103 3175 1336 3230 scribens
1372 3176 1628 3238 Ecclesia,
1661 3177 1720 3228 in
1744 3180 1975 3230 nostro-.

2052 2817 2177 2874 inde
2205 2817 2374 2888 accipi
2417 2815 2548 2872 satis
2582 2823 2780 2888 notum
2813 2823 2930 2883 est,
2973 2815 3262 2887 frequens,
3291 2833 3366 2888 ac
3393 2816 3671 2876 familiare.

2051 2887 2384 2961 Tertulliano
2409 2889 2465 2944 in
2489 2887 2843 2961 Apologetico
2886 2903 3003 2959 cap.
3038 2894 3137 2953 39,
3185 2895 3239 2942 et
3263 2887 3359 2961 lib.
3391 2889 3460 2944 de
3501 2890 3657 2944 Prm-

2053 2961 2216 3032 scrip.
2261 2957 2764 3032 adversus—haeret.
2815 2973 2866 3014 c.
2919 2957 2972 3014 31
3033 2961 3148 3014 Nec
3200 2957 3401 3012 mirum
3434 2973 3563 3014 cum
3603 2967 3660 3012 et

2055 3030 2353 3102 Apostolus
2393 3031 2538 3087 dicat
2571 3049 2584 3086 :
2625 3031 2790 3087 Multi
2812 3045 2982 3085 unum
3025 3043 3218 3102 corpus
3260 3045 3474 3092 sumus,
3523 3034 3575 3083 et
3599 3032 3658 3087 in

2055 3101 2225 3157 unum
2239 3118 2429 3174 corpus
2451 3104 2718 3174 baptizati
2733 3117 2917 3174 sumus
2931 3121 2959 3174 _:7
2983 3102 3012 3174 I_
3031 3101 3283 3174 Corin._x
3303 3108 3360 3155 et
3373 3115 3500 3174 μη.
3526 3103 3660 3156 Cor-

2061 3189 2166 3246 pus
2213 3171 2344 3246 ergo
2387 3171 2738 3230 fraternitatis
2786 3173 2876 3246 hic
2912 3171 3530 3246 dicitqr‘universitasL
3561 3186 3659 3226 seu

336 3255 470 3300 rum
495 3231 657 3300 laude
670 3251 913 3301 versatus
937 3251 1042 3311 est;
1063 3261 1172 3300 non
1193 3247 1364 3300 solum
1383 3261 1467 3300 eos
1490 3247 1586 3308 ibi,
1611 3231 1704 3299 sed
1724 3248 1782 3299 in
1806 3247 1943 3299 mul-
1973 3250 2018 3314 C
2057 3231 2339 3300 universas
2392 3255 2584 3314 coetus
2621 3243 3017 3300 monachorum
3036 3231 3073 3312 ,’
3109 3241 3420 3314 fraternitas
3475 3231 3653 3314 dicta,

339 3320 418 3370 tis
448 3332 656 3388 quoque
669 3319 952 3388 prouinciis
975 3333 1085 3372 esse
1112 3331 1433 3379 memorans,
1460 3321 1511 3370 et
1533 3317 1837 3370 habitacula
1859 3331 1944 3369 eo-

337 3403 471 3441 rum
491 3387 1022 3443 dicensmonasteria.
1054 3391 1144 3444 Ea:
1167 3404 1271 3457 quo
1289 3392 1515 3457 apparet
1529 3387 1689 3441 talem
1707 3389 1946 3457 primum

339 3460 560 3515 Christo
600 3461 926 3514 credentium
944 3461 1118 3528 fuisse
1149 3459 1460 3522 Ecclesium,
1487 3459 1672 3528 quales
1692 3474 1831 3512 nunc
1849 3473 1953 3512 mo-

339 3531 511 3584 nachi
536 3546 646 3585 esse
673 3533 944 3592 nituntur,
987 3535 1038 3585 et
1073 3532 1326 3600 cupiunt;
1359 3535 1421 3584 ut
1453 3531 1592 3584 nihil
1632 3529 1952 3600 cujusquam

335 3603 629 3671 proprium
677 3605 768 3664 sit,
798 3603 982 3656 nullus
1023 3603 1163 3655 inter
1188 3615 1271 3656 eos
1306 3601 1472 3663 dices,
1496 3602 1680 3655 nullus
1707 3617 1948 3672 pauper;

335 3675 675 3742 patrimonia
699 3674 974 3742 egentibus
997 3672 1356 3736 dividantur;
1387 3674 1624 3726 orationi
1642 3677 1878 3735 vocetur,
1901 3677 1953 3726 et

335 3744 600 3814 psalmis;
628 3745 886 3798 doctrina:
921 3759 1146 3812 quoque,
1197 3748 1247 3796 et
1287 3745 1646 3806 continentia,
1687 3745 1872 3813 quales
1900 3747 1952 3796 et

341 3817 516 3870 Lucas
543 3817 716 3882 refert
744 3818 985 3886 primum
1030 3815 1409 3883 Hierosolymw
1443 3816 1612 3882 fuisse
1657 3815 1945 3886 credentes.

344 3889 628 3940 Hactenus
651 3891 716 3942 1).
743 3883 1218 3956 Hieronymus.“
1245 3887 1493 3956 eamdem
1523 3885 1846 3940 sententiam
1873 3887 1947 3939 Ι).

349 3956 686 4028 Epiphanius
715 3957 922 4012 Haeresi
951 3955 1025 4011 ’29
1049 3955 1116 4010 de
1133 3955 1244 4028 hoc
1270 3957 1406 4010 libro
1429 3955 1665 4010 Philonis
1685 3956 1909 4028 loquens
1935 3975 1946 4008 :

342 4027 682 4083 Menasteria
706 4031 970 4099 ipsorum,
998 4027 1189 4098 inquit,
1217 4029 1278 4080 in
1302 4028 1504 4081 vicinia
1541 4028 1680 4080 circa
1710 4027 1951 4099 Maream

337 4099 600 4169 paludem
644 4097 912 4155 recensens
927 4141 944 4163 ,
985 4097 1092 4153 non
1129 4099 1195 4153 de
1221 4099 1344 4152 aliis
1380 4099 1650 4169 narravit,
1677 4113 1840 4169 quam
1885 4097 1952 4169 de

348 4165 690 4225 Christianis.
725 4169 834 4226 Sed
867 4177 922 4225 et
955 4170 1238 4226 Cassianus
1263 4169 1368 4223 hoc
1398 4169 1518 4222 loco
1536 4165 1782 4238 idipsum
1807 4166 1951 4222 haud

348 4241 582 4296 obscure
606 4241 922 4306 conﬁrmat,
947 4239 1079 4296 dum
1109 4239 1502 4296 monachorum
1531 4236 1774 4300 illorum,
1815 4252 1952 4308 quos

347 4327 380 4366 a
426 4312 486 4368 S.
521 4314 709 4368 Marco
737 4313 1012 4368 institutos
1043 4310 1266 4378 asserit,
1298 4308 1670 4366 austeritatem
1695 4309 1954 4364 sanctita-

349 4390 575 4464 temque
589 4391 1011 4464 _co_mmemo_rat
1025 4423 1040 4451 ,
1086 4382 1400 4464 etnextollit.
1419 4379 1606 4464 _I_Jn_de
1624 4379 1784 4462 enim
1832 4378 1952 4435 haec

347 4451 530 4524 potuit
573 4452 858 4517 didicisse,
883 4453 992 4508 nisi
1021 4469 1088 4508 ex
1122 4453 1215 4508 illo
1252 4452 1392 4524 libro
1419 4451 1697 4524 Philonis,
1746 4467 1812 4524 ex
1840 4465 1950 4522 quo

345 4521 623 4587 Eusebius
645 4566 660 4592 ,
709 4527 1108 4596 Hieronymus,
1154 4533 1209 4579 et
1237 4523 1322 4596 alii
1363 4522 1554 4578 eadem
1583 4521 1950 4596 descripsere?

345 4596 519 4666 Quod
546 4604 729 4651 autem
760 4592 1000 4666 Philo'in
1021 4595 1132 4650 illis
1160 4593 1350 4666 ascetis
1373 4599 1556 4666 (quos
1579 4592 1682 4666 sub
1721 4592 1952 4666 Esseno-

347 4663 478 4722 fum
517 4667 741 4724 nomine
770 4665 1068 4732 describit)
1109 4666 1272 4722 etiam
1299 4665 1404 4720 diei
1431 4663 1650 4718 sabbati
1699 4663 1954 4719 observa-

348 4740 560 4793 tionem
597 4736 974 4803 commendet,
1019 4753 1130 4792 non
1153 4735 1443 4792 mirabitur
1487 4736 1676 4798 lector,
1709 4735 1754 4790 si
1783 4743 1954 4790 atten-

347 4809 448 4864 dat
492 4809 646 4864 initio
688 4809 958 4864 nascentis
1003 4808 1261 4864 Ecclesia:
1295 4806 1497 4862 multas
1549 4805 1956 4861 observationes

347 4879 610 4936 Judaicas
633 4879 772 4936 inter
795 4877 1149 4944 Christianos,
1185 4879 1358 4933 immo
1381 4877 1521 4931 inter
1553 4876 1849 4946 apostolos,
1896 4885 1956 4931 ut

347 4965 550 5006 eorum
604 4957 732 5006 Acta
787 4957 1075 5014 testantur,
1139 4947 1469 5014 aliquamdiu
1517 4947 1844 5009 obtinuisse,
1895 4962 1958 5001 ac

303 5040 322 5048 -
352 5023 675 5094 perdurasse
700 5022 980 5094 (Iosephus
1011 5021 1102 5075 lib.
1143 5018 1286 5094 nde
1311 5019 1454 5094 Bello
1489 5018 1615 5072 Jud.
1661 5033 1784 5088 cap.
1809 5023 1890 5094 7._
1910 5022 1961 5094 ξε

350 5087 450 5150 lib.
487 5107 608 5164 vm
628 5087 904 5164 Antiquit.
931 5107 1046 5162 cap.
1079 5096 1164 5158 2).
1193 5092 1369 5164 Quam
1393 5090 1468 5164 ob
1492 5087 1961 5164 causam’provide

349 5163 571 5233 scripsit
598 5166 688 5236 D.‘
713 5161 1082 5236 Hieronymus
1123 5179 1135 5216 :
1178 5163 1374 5218 Videns
1404 5161 1555 5236 Philo
1591 5163 1832 5236 primum
1855 5161 1964 5236 _Ec-

350 5230 574 5292 clesiam
612 5231 790 5290 adhuc
805 5230 1214 5306 judaizantem,
1255 5241 1358 5287 etc.
1401 5234 1672 5306 Caeterum
1700 5247 1766 5286 an
1799 5230 1961 5285 iidem

352 5309 469 5364 sint
511 5302 891 5378 Esseniap'ud
932 5305 1226 5378 Philonem,
1250 5311 1308 5378 et
1345 5302 1680 5378 Josephum,
1724 5317 1838 5378 non
1883 5309 1967 5378 est

357 5379 524 5449 hujus
545 5377 647 5432 loci
676 5372 972 5450 disquirere
999 5377 1171 5443 (Vide
1197 5376 1395 5432 Bellar.
1433 5374 1524 5428 lib.
1551 5385 1596 5428 Π
1626 5373 1692 5427 de
1717 5372 1962 5428 Monach.

355 5453 694 5591 wglﬁseinpe
715 5517 935 5574 Eusebii
964 5515 1310 5574 Cassariensis
1335 5515 1430 5591 lib.
1465 5529 1652 5591 treat).
1690 5519 1756 5591 l5_
1784 5521 1851 5591 ϐε
1869 5519 1932 5570 16
1951 5555 1968 5581 ς

365 5586 653 5646 Sozomeni
681 5591 776 5646 lib.
802 5604 827 5645 ι
860 5605 978 5660 cap.
1021 5595 1079 5645 l2
1104 5597 1158 5644 et
1193 5594 1278 5656 13,
1308 5587 1526 5660 Palladii
1549 5587 1787 5642 Historia
1823 5586 1971 5660 Lau-

366 5661 527 5728 siaca,
555 5661 867 5718 Cassiodori
897 5657 1107 5716 Histor.
1141 5659 1373 5728 Tripart.
1421 5658 1514 5714 lib.
1543 5671 1621 5714 ιιι
1646 5673 1766 5730 cap.
1805 5665 1853 5724 ι,
1880 5657 1972 5711 Νί-

363 5731 582 5804 cephori
607 5732 700 5788 lib.
728 5747 749 5788 ι
777 5748 892 5804 cap.
920 5737 1102 5804 _16._et
1129 5731 1220 5786 lib.
1248 5745 1308 5786 Ix
1341 5745 1461 5801 cap.
1498 5736 1582 5804 14.

489 5805 699 5876 Corpus
729 5819 828 5877 pro
844 5797 1112 5874 collegio,
1139 5811 1308 5869 emtu,
1333 5797 1429 5857 seu
1459 5799 1810 5856 universitate
1839 5797 1972 5855 sub-

1985 4630 2034 4692 D

2055 3319 2295 3387 quod_se
2323 3323 2516 3371 mutuo
2562 3313 2756 3370 fratres
2785 3311 3074 3387 vocarent,
3104 3319 3161 3370 et
3199 3311 3434 3387 fraterna
3486 3312 3660 3387 chari-

2055 3384 2167 3512 ξηῗ
2194 3384 2488 3458 diligerent.
2529 3387 2686 3441 Hanc
2727 3385 2886 3457 paulo
2917 3392 3040 3456 post
3071 3392 3228 3440 vocat
3271 3385 3656 3456 plenitudinem

2087 3473 2141 3511 ra
2172 3472 2312 3511 rum.

2087 3465 2312 3511 'ratrum.

2131 3530 2154 3560 ο
2204 3525 2598 3592 Psalmodiam,
2629 3541 2726 3583 seu
2766 3527 3106 3599 psalmorum
3159 3533 3383 3599 cantum
3426 3524 3495 3582 ab
3543 3527 3658 3599 ipso

2059 3599 2328 3654 nascentis
2373 3599 2629 3654 Ecclesiae
2679 3597 2938 3665 exordio,
2983 3601 3040 3653 in
3091 3597 3445 3654 conventibus
3489 3597 3660 3654 eccle-

2058 3670 2290 3742 siasticis
2327 3669 2528 3740 primas
2575 3679 2753 3742 partes
2781 3669 3080 3724 obtinuisse
3107 3669 3374 3739 colligitur
3411 3668 3656 3740 primum

2059 3756 2125 3795 ex
2157 3740 2452 3812 Scriptura,
2499 3742 2521 3796 I
2558 3740 2744 3798 Corin.
2786 3757 2884 3796 x1v
2933 3759 2946 3794 :
2979 3743 3111 3797 Cum
3139 3743 3659 3812 convenitiskunus-

2060 3809 2291 3882 quisque
2310 3817 2549 3867 vestrum
2567 3815 2837 3884 psalmum
2881 3812 3058 3866 habet.
3088 3814 3155 3867 Et
3183 3812 3250 3866 ad
3281 3809 3546 3884 Ephesios
3571 3825 3655 3884 vr:

2058 3885 2362 3954 Implemini
2385 3882 2593 3954 Spm'tu
2631 3889 2816 3938 sancto
2836 3926 2853 3947 ,
2885 3884 3158 3952 loquentes
3194 3882 3580 3954 nobismetipsis
3601 3883 3660 3934 in

2052 3951 2302 4025 psalmis,
2329 3951 2563 4024 hymnis,
2595 3960 2646 4010 et
2671 3957 2910 4010 canticis.
2943 3951 3101 4024 Quod
3122 3952 3348 4025 totidem
3375 3951 3551 4025 verbis
3571 3966 3661 4025 re-

2059 4021 2192 4096 petit
2213 4021 2606 4096 Aposiolusad
2634 4027 2861 4096 (Coloss.
2895 4021 2991 4096 11f.
3025 4027 3090 4096 In
3129 4023 3324 4096 quibus
3351 4021 3530 4096 ve_r_bi_s
3555 4021 3660 4096 oh-

2058 4089 2210 4171 serva
2240 4089 2342 4150 tria
2367 4095 2644 4171 eontineri
2663 4137 2680 4162 ,
2702 4109 2848 4171 qua:
2879 4089 3224 4171 potissimum
3265 4093 3320 4171 in
3353 4089 3546 4171 efﬁcio
3583 4091 3664 4146 di-

2060 4165 2187 4220 vino
2233 4166 2607 4230 continentur;
2665 4162 2917 4220 videlicet
2967 4163 3240 4232 psalmos,
3268 4162 3558 4232 lectiones,
3597 4171 3664 4232 Aet

2059 4243 2270 4306 cantus,
2289 4244 2358 4306 ut
2383 4251 2450 4306 ex
2485 4229 2812 4306 quibusdam
2840 4229 3100 4306 dictisB.
3133 4229 3474 4306 Hieronymi
3495 4230 3664 4306 tradit

2059 4305 2366 4361 Amalarius
2395 4305 2464 4362 de
2496 4301 2704 4362 Ofﬁciis
2734 4304 2937 4361 Eccles.
2970 4301 3062 4360 lib.
3105 4317 3171 4358 ιν
3207 4320 3221 4357 :
3249 4305 3311 4359 In
3339 4301 3662 4358 lectionibus

2060 4379 2200 4432 enim
2220 4381 2331 4432 tam
2345 4377 2661 4446 majoribus,
2679 4392 2800 4447 quae
2811 4378 2869 4430 in
2880 4375 3081 4444 vigiliis
3099 4377 3372 4430 nocturnis
3388 4374 3661 4444 leguntur,

2059 4465 2223 4518 quam
2245 4449 2560 4512 minoribus,
2586 4463 2707 4518 qua:
2724 4448 2977 4502 dicuntur
2993 4447 3068 4502 ad
3089 4447 3226 4502 alias
3245 4447 3427 4513 horas,
3453 4451 3505 4500 et
3521 4447 3668 4518 capi-

2061 4521 2178 4594 tula
2195 4520 2561 4594 appellantur,
2581 4519 2796 4594 laudem
2806 4521 2907 4576 Dei
2915 4521 3146 4594 agimus,
3163 4522 3214 4594 e_t
3222 4519 3660 4594 pronuntiamus.

2062 4588 2245 4648 Omnis
2263 4588 2452 4645 autem
2486 4591 2604 4644 laus
2633 4593 2733 4648 Dei
2753 4591 2903 4660 largo
2939 4592 3150 4644 nomine
3177 4590 3408 4657 hymnus
3439 4588 3662 4644 dicitur.

2061 4663 2386 4732 Antiphonta
2401 4667 2600 4724 autem,
2620 4663 2976 4732 responsoria,
2997 4666 3047 4716 et
3064 4662 3274 4714 metrici
3287 4661 3476 4732 hymni
3491 4661 3667 4732 mani-

2061 4730 2424 4798 feste—cantica
2443 4737 2608 4788 sunt:
2635 4730 2766 4803 quia
2787 4733 2974 4786 altiori
2987 4747 3108 4786 voce
3125 4745 3227 4803 per
3252 4731 3464 4803 uetulas
3489 4730 3665 4803 diver-

2060 4806 2357 4874 siﬁcantur.
2385 4805 2448 4860 Si
2471 4799 2726 4872 igitur—in
2767 4803 2924 4857 dictis
2949 4799 3409 4874 verbisiApostoli
3439 4814 3554 4874 per
3569 4799 3668 4874 hy-

2061 4870 2230 4942 mnos,
2253 4870 2554 4930 lectiones‘et
2571 4873 2830 4943 capitula,
2844 4873 3304 4943 atquecrationes;
3317 4884 3419 4943 per
3434 4870 3638 4922 cantica
3648 4911 3663 4930 ,

2062 4941 2403 5015 antiphonas,
2424 4941 2757 5013 respons’oria
2773 4948 2868 5015 ,Aet
2891 4941 3078 5015 laudes
3101 4941 3200 5015 Dei
3215 4941 3469 5015 Ametricas
3478 4981 3493 5001 ,
3529 4955 3668 5008 quas

2063 5010 2366 5084 uulgariter
2405 5010 2627 5083 hymnos
2657 5013 3018 5084 appellamus,
3048 5010 3364 5084 intelligere,
3385 5011 3664 5084 volumus,

2067 5081 2247 5141 omnia
2273 5081 2584 5139 divinarum
2605 5081 2827 5140 laudum
2847 5083 3030 5152 ofﬁcia
3043 5081 3327 5152 habemus.
3356 5083 3436 5136 Ita
3463 5081 3667 5136 Radul-

2071 5155 2587 5228 phusTungrensis.
2621 5153 2870 5228 Secundo
2899 5151 3082 5208 multis
3107 5152 3366 5228 exemplis
3401 5162 3457 5208 et
3484 5161 3670 5228 aucto-

2070 5223 2322 5283 ritatibus
2355 5223 2591 5298 Patrum,
2604 5225 2818 5298 probari
2849 5232 3028 5298 potest
3063 5223 3400 5298 psalmorum
3438 5224 3671 5280 recitan-

2071 5300 2269 5377 dorum
2307 5307 2362 5354 et
2395 5294 2763 5377 cogendorum
2802 5294 2962 5377 usum
2991 5294 3310 5377 in‘Eccl‘eSia
3351 5303 3670 5377 perpetuum

2075 5369 2238 5426 fuisse
2270 5386 2284 5424 :
2314 5385 2359 5441 e
2386 5369 2594 5441 quibus
2620 5385 2786 5441 pauca
2815 5367 3080 5441 delibasse
3119 5365 3416 5422 suffecerit.
3449 5365 3672 5441 Tertul-

2078 5441 2254 5496 lianus
2277 5440 2368 5498 lib.
2407 5439 2476 5496 de
2510 5439 2760 5496 Velandis
2795 5439 3105 5510 Virginibus
3145 5449 3388 5510 extremo
3430 5455 3446 5491 :
3492 5439 3674 5506 Quan-

2079 5518 2211 5576 tam,
2236 5511 2434 5585 inquit,
2454 5515 2854 5581 castigationem
2876 5509 3220 5585 merebuntur
3235 5509 3363 5585 illae,
3393 5523 3514 5585 quae
3529 5510 3672 5562 inter

2076 5583 2386 5654 psalmos’et
2411 5585 2470 5639 in
2493 5598 2830 5654 quacumque
2856 5584 2956 5654 Dei
2977 5583 3239 5636 mentione
3265 5583 3476 5654 retecta;
3493 5593 3674 5654 perse-

2077 5650 2302 5710 uerant!
2341 5650 2607 5711 Eusebius
2637 5650 2813 5710 libfu
2860 5652 3064 5709 Histor.
3101 5667 3220 5722 cap.
3259 5657 3316 5705 I7
3351 5667 3422 5722 ex
3454 5650 3672 5704 Philone

2079 5727 2241 5782 docet
2300 5727 2510 5790 primos
2575 5725 2698 5781 illos
2757 5724 3054 5780 monachos
3079 5762 3096 5790 ,
3167 5720 3262 5776 seu
3328 5720 3672 5790 therapeutas

2082 5787 2478 5855 Alexandrinos
2503 5839 2520 5868 ,
2570 5811 2710 5870 quos
2752 5795 2831 5852 S.'
2870 5787 3092 5851 Marcus
3146 5787 3500 5864 evangelista'
3527 5787 3669 5858 apud
