4052 6200
406 256 472 309 87
1743 251 2022 307 JOANNIS
2061 220 2367 307 CAS'SIANI
3635 249 3701 301 ss
3770 328 3775 333 ἡ

402 379 844 453 quinquagenos,
870 377 956 434 alii
985 391 1282 449 sexagenos
1305 376 1572 449 psalmos,
1598 376 1847 433 nonnulli
1877 392 2001 432 vero
2032 381 2085 443 Α
2112 376 2265 433 sibus
2297 375 2449 447 parili
2478 372 2920 447 pronuntiatione
2967 380 3235 431 cantasset
3257 412 3274 443 ,
3313 371 3705 430 duodecimum

404 490 474 531 ne
488 474 604 530 .hoc
641 472 864 546 quidem
894 486 1125 528 numero
1167 470 1407 526 contenti
1441 468 1626 526 excedi
1653 484 1778 525 eum
1803 470 2000 527 debere

334 636 339 641 δ
404 576 718 635 censerent,
744 574 992 638 essetque
1032 566 1173 621 inter
1217 579 1311 620 eos
1346 579 1447 635 pro
1494 562 1774 637 religionis
1817 564 2000 636 regula

408 665 514 737 piae
559 663 923 720 contentionis
973 669 1158 717 sancta
1198 658 1517 727 diversitas,
1560 658 1632 715 ita
1677 667 1739 715 ut
1787 669 2003 732 tempus

406 758 764 815 solemnitatis
784 755 1100 828 vespertinae
1118 746 1499 809 sacratissimm
1524 754 1838 810 succederet
1855 771 2003 827 quaa-

406 852 567 910 stioni
592 895 605 920 ,
634 851 978 923 quotidianos
1007 847 1319 904 orationum
1345 847 1483 904 ritus
1525 847 1827 905 volentibus
1865 849 2005 905 cele-

407 946 598 1017 brare,
621 949 647 977 ι
673 959 813 999 unus
841 943 896 998 in
936 941 1181 998 medium
1206 943 1441 1014 psalmos
1484 942 1721 1009 Domino
1759 951 2005 999 cantatu-

411 1055 502 1094 rus
522 1037 784 1109 exsurgit.
814 1038 1063 1108 Cumque
1097 1035 1406 1092 sedentibus
1426 1037 1636 1093 cunctis
1665 1042 1756 1104 (ut
1780 1046 1862 1094 est
1890 1053 2007 1093 mo-

406 1132 482 1187 ris
522 1148 667 1187 nunc
708 1144 879 1203 usque
916 1130 970 1184 in
1000 1128 1211 1202 Egypti
1243 1129 1517 1202 partibus)
1548 1139 1603 1186 et
1639 1130 1693 1186 in
1730 1130 2009 1202 psallentis

409 1224 575 1279 verba
603 1222 752 1278 omni
784 1222 963 1278 cordis
989 1221 1290 1278 intentione
1317 1220 1508 1278 deﬁxis
1524 1264 1543 1293 ,
1568 1222 1824 1279 undecim
1871 1224 2010 1296 psal-

409 1333 532 1375 mos
552 1317 859 1374 orationum
882 1315 1255 1389 interjectione
1285 1315 1572 1374 distinctos
1598 1317 1872 1390 contiguis
1895 1334 2010 1375 ver-

2106 471 2207 527 sub
2237 472 2474 528 Alleluia
2505 468 2854 542 responsione
2882 482 3290 537 consummans,
3319 468 3387 524 ab
3425 468 3703 525 universo-

2108 579 2233 619 rum
2263 564 2435 619 oculis
2457 572 2681 635 repente
2712 561 3050 631 subtractus,
3080 560 3369 634 quaestioni
3396 561 3615 635 pariter,
3653 572 3708 622 et

2108 657 2453 715 caeremoniis
2493 655 2658 712 ﬁnem
2698 656 2978 728 imposuit.

2723 783 2964 839 CAPUT
3004 785 3090 838 VI.

2335 914 2409 965 De
2437 909 2807 965 consuetudine
2838 909 3114 964 duodecim
3148 910 3481 965 Orationum.

2183 1040 2264 1093 Ex
2288 1036 2415 1092 hinc
2453 1036 2773 1093 venerabilis
2797 1044 3017 1110 patrum
3042 1044 3260 1093 senatus
3283 1037 3585 1112 intelligens
3607 1054 3708 1095 an-

2113 1131 2214 1203 geli
2240 1130 2561 1203 magisterio
2590 1131 3105 1204 congregationibus
3149 1129 3377 1187 fratrum
3403 1133 3711 1206 generalem

2113 1240 2379 1281 canonem
2402 1224 2650 1295 nonzsine
2664 1223 3062 1296 dispensatione
3081 1223 3300 1280 Domini
3325 1224 3707 1295 constitutum,

2112 1312 2139 1351 δ
2168 1318 2406 1376 decrevit
2448 1318 2594 1375 hunc
2617 1332 2909 1374 numerum
2937 1324 3053 1373 tam
3095 1316 3150 1373 in
3191 1317 3509 1390 vespertinis
3545 1334 3710 1392 quam

1500 1443 1758 1499 ALARDI
1794 1444 2023 1500 GAZEI
2060 1434 2617 1500 COMMENTARIUS.

410 1558 800 1616 Alexandriam
833 1558 1161 1626 instituerat,
1183 1558 1240 1614 in
1263 1558 1519 1615 canendis
1541 1560 1662 1614 Deo
1701 1559 1926 1630 psalmis
1953 1569 2010 1616 et

410 1631 639 1704 hymnis,
670 1630 760 1704 die
803 1639 1081 1704 noctuque
1124 1645 1183 1685 se
1220 1630 1544 1704 exercuisse.
1588 1631 2009 1704 S._Athanasius

409 1699 466 1757 iii
501 1701 864 1773 Apologiade
904 1699 1031 1773 fuga
1076 1716 1175 1756 sua
1214 1701 1316 1757 sub
1354 1702 1519 1757 linem
1564 1701 1923 1773 psalmodiam
1954 1703 2007 1758 in

410 1772 651 1829 Ecclesia
690 1772 971 1828 ’celebrari
1032 1780 1350 1826 consuetam
1419 1772 1702 1830 manifeste
1779 1772 2000 1829 indicat.

411 1848 683 1899 Enarrans
712 1842 859 1899 enim
888 1841 1168 1913 quomodo
1201 1842 1501 1913 irruptione
1533 1842 1864 1901 Arianorum
1898 1845 2003 1898 mi-

411 1916 568 1970 litum
595 1914 651 1968 in
691 1911 990 1985 Ecclesiam
1028 1911 1204 1978 facta,
1247 1911 1649 1985 ut‘caperetur,
1680 1930 1874 1977 manus
1915 1915 2015 1970 ini-

409 1985 677 2040 micorum
723 1982 1005 2055 effugisset
1054 1982 1419 2047 :Manebam,
1445 1986 1551 2056 ait,
1596 1989 1655 2040 in
1695 1987 1951 2040 cathedra
1995 2007 2011 2042 :

410 2058 630 2111 diacono
648 2055 821 2125 jusso,
852 2059 912 2109 ut
930 2057 1203 2124 psalmum
1229 2058 1496 2120 recitaret,
1528 2055 1579 2113 et
1600 2061 1717 2128 post
1746 2060 2009 2112 recitatio-

408 2144 527 2181 nem
568 2130 795 2199 quisque
821 2127 1035 2199 domum
1069 2128 1275 2199 abiret,
1300 2134 1405 2199 etc.
1447 2132 1504 2183 S.
1547 2130 2006 2199 Chrysostomus,

412 2199 624 2254 Homil.
650 2204 685 2253 6
720 2198 790 2254 de
831 2197 1149 2268 paenitentia
1187 2197 1387 2267 quatrit
1409 2207 1466 2254 et
1501 2197 1804 2256 admiratur
1843 2214 2008 2268 quare

412 2286 523 2351 pra:
570 2268 780 2351 centeris
817 2268 1013 2323 veteris
1028 2270 1405 2351 “instrumenti
1429 2273 1679 2351 novique
1717 2270 2007 2351 Scripturis

413 2338 609 2395 librum
643 2342 987 2395 Psalmorum
1028 2338 1222 2405 David,
1263 2340 1555 2397 Christiani
1588 2338 1778 2396 omnes
1805 2338 1883 2395 sic
1909 2341 2004 2397 ad-

408 2420 681 2478 amarunt,
709 2419 869 2482 atque
905 2412 1053 2465 hunc
1078 2411 1257 2465 solum
1290 2426 1385 2466 ore
1430 2412 1628 2467 versari
1670 2411 1957 2466 voluerunt
1987 2431 2000 2465 :

410 2485 673 2544 Ecclesiis,
702 2483 893 2551 inquit,
911 2484 1345 2550 pernoctantibus
1371 2486 1422 2536 ct
1440 2487 1671 2552 primus,
1701 2488 1750 2537 et
1778 2483 2003 2545 medius,

409 2559 458 2607 et
486 2557 799 2608 nouissimus
834 2557 910 2607 est
934 2553 1127 2608 David.
1159 2555 1401 2608 Dilucqu
1430 2560 1750 2623 quwruntur
1780 2556 2005 2622 hymno-

408 2641 531 2678 rum
549 2626 970 2679 modulationes?
989 2628 1039 2677 ct
1054 2627 1286 2693 primus,
1308 2629 1359 2678 et
1375 2627 1598 2690 medius,
1625 2631 1675 2681 et
1690 2628 2005 2679 novissimus

409 2701 485 2750 est
512 2697 707 2751 David.
728 2698 790 2751 Si
804 2710 1011 2765 pompa:
1029 2698 1087 2747 in
1115 2696 1457 2761 funeralibus
1476 2698 1874 2765 defunctorum,
1896 2699 2008 2767 pri-

409 2784 528 2821 mus
555 2772 605 2822 et
627 2767 853 2830 medius,
882 2772 932 2820 et
955 2768 1269 2821 novissimus
1307 2772 1409 2821 est.
1432 2770 1495 2823 In
1528 2770 1864 2823 monasteriis
1892 2786 2006 2822 san-

406 2841 523 2899 ctis,
549 2840 721 2893 choris
740 2839 1101 2907 angelicorum
1120 2840 1376 2901 acierum,
1400 2843 1449 2892 et
1466 2842 1695 2908 primus,
1709 2843 1759 2892 et
1778 2840 2002 2901 medius,

407 2915 458 2964 et
484 2912 796 2964 novissimus
822 2909 1017 2965 Βατανέα.
1052 2912 1111 2964 In
1134 2910 1375 2963 coenobiis
1402 2912 1673 2976 virginum
1707 2925 1865 2976 grege
1889 2913 2004 2964 Ma-

407 2983 550 3035 riam
589 2983 919 3035 imitantium
948 2984 1000 3033 et
1025 2982 1252 3048 primus,
1284 2984 1336 3034 et
1360 2980 1587 3043 medius,
1618 2985 1670 3034 et
1695 2982 2007 3034 novissimus

406 3055 502 3112 est,
524 3059 628 3105 etc.
661 3053 715 3104 S.
749 3051 1120 3121 Hieronymus
1157 3049 1215 3102 in
1241 3049 1532 3120 Epitaphio
1563 3050 1744 3105 Paulae
1774 3068 1787 3104 :
1828 3053 2004 3113 Mane,

408 3123 540 3174 hora
566 3123 745 3181 tertia,
768 3124 943 3180 sexta,
976 3135 1136 3181 nona,
1159 3135 1390 3191 uespere,
1414 3124 1578 3175 noctis
1598 3121 1788 3183 medio,
1802 3137 1902 3191 per
1921 3139 2007 3176 or-

2186 1564 2212 1593 ι
2238 1560 2489 1616 Psalmos
2529 1558 2819 1615 Davidicos
2854 1559 2913 1624 in
2944 1556 3143 1614 ofﬁciis
3168 1555 3399 1624 divinis,
3429 1573 3524 1614 seu
3564 1558 3712 1615 horis

2115 1632 2392 1710 canonicis
2434 1647 2547 1688 non
2598 1629 2837 1710 sedendo
2862 1618 2889 1696 ἶ
2901 1699 2913 1710 _
2934 1637 2996 1685 ut
3061 1629 3303 1710 plerique
3346 1618 3550 1710 solent;
3605 1631 3712 1710 ped

2113 1702 2309 1759 stando
2353 1702 2626 1759 decantari
2668 1701 2802 1757 olim
2835 1699 3008 1756 solere
3048 1699 3309 1757 discimus
3346 1706 3466 1755 tum
3503 1716 3569 1756 ex
3605 1701 3712 1758 hoc

2119 1774 2239 1829 loco
2258 1816 2274 1841 ,
2296 1782 2414 1829 tum
2457 1790 2523 1829 ex
2551 1773 2670 1829 aliis
2709 1787 2873 1843 quam
2903 1771 3152 1843 plurimis
3177 1770 3522 1843 antiquitatis
3553 1773 3709 1829 testi-

2041 1832 2089 1894 B
2119 1832 2348 1911 moniis,
2393 1854 2450 1901 et
2475 1847 2571 1901 SS.
2614 1832 2841 1899 PatEum
2882 1832 2937 1899 εἰ
2960 1832 3374 1915 monachorum
3419 1844 3711 1915 exemplis,

2112 1931 2351 1995 quorum
2369 1915 2630 1995 nonnulla
2650 1912 3096 1995 .hicnimmedium
3120 1910 3326 1995 afferre,
3342 1910 3713 1995 opportunum

2114 1984 2345 2058 videtur.
2389 1988 2455 2042 In
2504 1985 2999 2058 primisPlnlorde
3052 1984 3395 2058 therapeutis
3416 1984 3557 2058 illis,
3616 2001 3713 2041 seu

2117 2057 2396 2113 monachis
2430 2056 2812 2113 Alexandrinis
2837 2072 2866 2111 a
2892 2057 2947 2111 S.
2981 2059 3167 2112 Marco
3196 2056 3454 2111 institutis
3486 2056 3712 2127 loquens

2118 2131 2271 2193 (Lib.
2300 2130 2366 2183 de
2388 2132 2514 2185 Vita
2534 2128 2820 2197 contemp.)
2846 2146 2858 2182 :
2882 2131 3138 2190 Ezcstant,
3158 2127 3349 2198 inquit,
3373 2128 3562 2195 hymni
3574 2130 3712 2181 inter

2114 2216 2273 2254 sacra
2292 2201 2518 2255 canendi
2541 2218 2576 2253 a
2601 2201 2884 2254 stantibus.
2912 2202 2981 2253 Et
3003 2200 3203 2254 iterum
3233 2217 3247 2252 :
3278 2201 3434 2255 Nocte
3455 2200 3711 2253 canebant

2116 2273 2337 2340 hymnos
2371 2273 2445 2326 ad
2490 2287 2748 2326 auroram
2784 2276 3009 2336 stantes;
3036 2268 3125 2340 ubi
3162 2269 3401 2340 psalmos
3436 2278 3590 2325 vocat
3614 2268 3713 2337 hy-

2116 2339 2308 2409 mnos,
2340 2351 2400 2397 ut
2428 2351 2480 2395 et
2514 2341 2798 2395 Cassianus
2824 2341 2983 2405 infra,
3019 2339 3347 2396 Athanasius
3371 2339 3461 2393 lib.
3502 2340 3570 2394 de
3598 2341 3715 2394 Vir-

2058 2412 2069 2427 ’
2112 2412 2335 2480 ginitate
2365 2431 2376 2466 :
2406 2413 2584 2469 Media
2608 2416 2752 2464 nocte
2779 2414 2985 2478 surgite
3010 2415 3061 2463 et
3079 2411 3313 2478 psalmos
3336 2410 3516 2480 dicito,
3539 2426 3715 2478 quan-

2113 2479 2225 2538 tum
2244 2488 2423 2552 potes,
2464 2488 2632 2535 stans.
2679 2484 2738 2535 D.
2770 2481 2998 2535 Basilius
3026 2480 3079 2534 in
3108 2480 3265 2550 epist.
3308 2479 3375 2534 ad
3419 2482 3712 2535 Neocaesa-

2113 2556 2313 2609 rienses
2339 2575 2350 2609 :
2384 2557 2570 2615 Facta,
2603 2552 2798 2623 inquit,
2828 2552 2902 2604 ad
2932 2557 3094 2607 Deum
3132 2553 3457 2617 confessione
3496 2552 3713 2605 tandem

2113 2643 2148 2678 a
2175 2627 2610 2695 contemplatione
2641 2628 2917 2695 surgentes
2941 2623 3014 2676 ad
3038 2623 3397 2695 psalmodiam
3420 2624 3713 2695 instituun-

2114 2701 2222 2752 tur.
2260 2692 2686 2767 Chrysostomus
2724 2693 2917 2749 homil.
2957 2700 3021 2767 t4
3062 2694 3116 2748 in
3147 2693 3379 2767 primam
3426 2692 3497 2748 ad
3523 2694 3710 2748 Timo-

2112 2767 2301 2822 theum
2336 2785 2349 2822 :
2376 2766 2511 2824 Cum
2534 2771 2659 2821 ante
2684 2768 2849 2819 lucem
2877 2766 3053 2833 gallus
3084 2766 3280 2819 emittit
3306 2779 3508 2826 vocem,
3537 2780 3715 2819 omnes

2114 2855 2233 2893 cum
2258 2840 2551 2892 reverentia
2582 2880 2598 2899 ,
2627 2838 2858 2891 discusso
2877 2852 3062 2906 sopore
3084 2839 3409 2904 consurgunt
3433 2852 3466 2888 a
3486 2837 3715 2904 praesule

2114 2912 2342 2963 emcitati
2365 2925 2492 2973 suo;
2524 2913 2811 2977 astlmtque
2846 2923 2999 2962 sacro
3041 2908 3228 2969 choro,
3252 2908 3599 2976 protinusque
3626 2924 3714 2960 εω-

2108 2982 2296 3050 pansis
2324 2981 2572 3033 manibus
2614 2984 2839 3050 sanctos
2862 2982 3140 3050 concinnat
3167 2978 3407 3045 hymnos.
3447 2977 3714 3050 Loquitur

2114 3047 2182 3106 de
2197 3051 2376 3122 Syria:
2408 3049 2726 3122 monachis,
2752 3049 2845 3120 qui
2874 3065 2985 3122 non
3016 3047 3411 3122 modostantes
3439 3055 3492 3101 et
3517 3049 3710 3122 erecti,

2117 3121 2211 3175 sed
2242 3117 2493 3176 inanibus
2533 3121 2698 3175 etiam
2726 3117 2977 3191 expansis
3015 3118 3312 3191 psallebant
3331 3159 3361 3191 ,Α
3384 3117 3531 3191 quod
3561 3127 3616 3173 et
3643 3118 3715 3175 de

406 3191 582 3275 dinem
618 3191 939 3275 psalterium
976 3186 1292 3275 cantabant.
1330 3192 1389 3275 S.
1427 3192 1766 3275 Augustinus
1948 3209 2006 3247 ιχ
2042 3211 2087 3275 C
2122 3192 2697 3275 (“ngptiismonachis
2717 3186 2946 3275 tes-tatu}:
2972 3186 3258 3275 Cassianus
3279 3186 3595 3275 infra(Cap.
3628 3193 3708 3275 ης

408 3259 658 3332 Confess.
715 3276 835 3332 cap.
890 3266 920 3314 7
975 3260 1165 3315 scribit
1218 3261 1287 3332 ab
1359 3259 1653 3319 Ambrosio
1704 3261 2006 3319 institutum

408 3331 691 3405 fuisse,_ut,
714 3331 867 3405 juxta
896 3331 1494 3405 moremAOrientalium
1523 3336 1782 3401 Patrum,
1815 3335 2008 3405 psalmi

409 3411 573 3473 atque
603 3402 786 3474 hymni
830 3404 884 3458 in
928 3402 1165 3474 Ecclesia
1194 3403 1598 3474 ,Mediolanensi
1639 3402 1960 3460 canerentur
1991 3426 2003 3461 :

410 3482 573 3545 atque
604 3473 747 3529 hunc
782 3490 942 3545 usum
979 3473 1105 3529 inde
1144 3473 1213 3529 ad
1239 3474 1367 3529 alias
1397 3476 1704 3532 Occidentis
1738 3476 2007 3533 Ecclesias

409 3544 737 3600 dimanasse.

416 3615 936 3689 Bellarm_inus(Lib.
973 3631 993 3669 ι
1039 3617 1103 3671 de
1126 3618 1275 3689 Bon.
1303 3618 1464 3689 Oper.
1503 3635 1621 3688 cap.
1678 3624 1804 3683 16),
1838 3619 2004 3689 quasi

411 3687 711 3758 psalmodia
753 3696 851 3741 aut
885 3693 1077 3758 eamus
1126 3686 1519 3743 ecclesiasticus
1556 3686 1680 3744 ante
1724 3686 2003 3745 Ambrosii

411 3756 657 3827 tempora
694 3757 908 3830 ignotus
936 3756 1121 3812 fuerit.
1162 3759 1509 3830 Contrarium
1553 3759 1697 3814 enim
1738 3768 2007 3815 testantur

410 3833 594 3914 Patres
618 3828 743 3883 ante
764 3828 911 3914 cita‘ti
939 3848 950 3883 :
983 3830 1087 3914 Sed
1094 3830 1360 3914 fortasse,
1388 3829 1585 3914 inquit,
1626 3832 1866 3914 loquitur
1890 3833 2003 3914 {tu-

409 3903 673 3967 gustinus.
700 3917 803 3954 non
841 3900 907 3954 de
935 3900 1385 3963 cantu'absolute,
1420 3902 1513 3955 sed
1548 3902 1613 3955 de
1640 3905 1803 3954 cantu
1843 3905 2003 3956 totius

400 3972 610 4041 populi.
644 3973 819 4026 Antea
848 3971 1112 4041 siquidem
1139 3972 1411 4026 Psalm-um
1434 3973 1688 4027 cmetabat
1721 3988 1859 4026 unus
1888 3977 2004 4027 tan-

356 4090 363 4100 .
408 4047 543 4107 twn,
570 4043 908 4097 audientibus
939 4043 1082 4103 aliis,
1104 4046 1164 4095 ut
1183 4046 1335 4110 patet
1366 4058 1433 4095 ea:
1454 4044 1722 4099 Cassiano.
1760 4044 1908 4098 Uade
1927 4050 2005 4099 est

406 4115 545 4168 illud
570 4115 882 4183 Hieronymi
896 4116 951 4167 in
977 4116 1127 4182 epist.
1150 4113 1224 4166 ad
1246 4116 1521 4168 Rusticum
1546 4115 1860 4168 monachum
1882 4134 1897 4168 :
1918 4118 2005 4169 Di-

406 4202 493 4238 cas
516 4187 783 4253 psalmum
806 4188 866 4239 in
888 4186 1073 4239 ordine
1097 4190 1204 4239 tuo.
1228 4186 1470 4239 Fortasse
1496 4189 1658 4240 etiam
1686 4188 1787 4240 soli
1807 4187 1999 4249 clerici,

405 4259 465 4307 ut
490 4272 624 4308 nunc
643 4259 762 4324 ﬁeri
776 4257 1035 4317 videmus,
1063 4260 1220 4309 canta
1229 4257 1377 4309 bant.
1398 4255 1713 4312 Ambrosius
1731 4261 1909 4311 autem
1929 4259 2003 4311 ad

399 4324 703 4378 leniendum
730 4342 1003 4379 mwrorem
1038 4328 1230 4394 populi
1255 4329 1312 4379 in
1345 4331 1705 4394 persecutione
1742 4331 1997 4391 Justinle,

403 4396 640 4449 instituit
686 4400 746 4448 ut
776 4399 914 4448 totus
952 4396 1182 4464 populus
1212 4401 1435 4449 caneret.
1467 4400 1619 4463 Quod
1669 4401 1829 4451 etiam
1873 4401 2003 4464 fecit

406 4466 807 4533 Chrysostomus
833 4468 891 4519 in
918 4468 1087 4518 simili
1107 4468 1372 4519 occasione
1401 4468 1551 4534 apud
1575 4469 2000 4537 Constrmtinopo-
2050 4502 2053 4503 ν

307 4550 319 4564 ⁸
406 4537 519 4597 lim,
543 4539 614 4609 Aut
641 4538 810 4609 refert
849 4538 1091 4609 Socrates
1114 4537 1220 4609 lib.
1254 4550 1317 4591 v1
1342 4538 1482 4609 Hist.
1511 4554 1627 4607 cap.
1660 4545 1711 4594 8.
1756 4540 1998 4609 Denique

402 4586 825 4661 castaneae
842 4586 1086 4680 iocaet'
1104 4586 1220 4662 ea;
1242 4586 1490 4680 lassae
1515 4586 1733 4664 mea
1751 4586 1997 4680 εἰεᾷἰίἓᾶιῖ
2026 4586 2077 4647 D

404 4693 502 4748 per
543 4679 713 4733 multa
738 4677 970 4749 capitula
1008 4677 1170 4749 docet
1194 4678 1446 4749 antiquos
1477 4680 1662 4735 Patres
1696 4679 1747 4735 in
1775 4677 2001 4738 oriente

403 4747 640 4820 psalmos
710 4747 1059 4821 potissimum
1106 4748 1161 4802 in
1218 4747 1416 4823 officiis
1485 4749 1683 4823 divinis
1747 4750 1998 4823 frequen-

401 4819 565 4895 tasse,
600 4830 657 4878 et
686 4819 1216 4895 certum‘numerum
1246 4819 1299 4874 in
1321 4820 1549 4895 singulis
1577 4822 1774 4895 officiis
1798 4819 2001 4895 persol-

404 4894 563 4961 visse,
594 4902 647 4949 et
673 4892 1053 4965 aliosquidcm
1081 4891 1289 4965 plures.
1320 4891 1456 4947 alios
1482 4891 2001 4965 paucioresfdonec

400 4965 613 5020 caelitus
638 4962 827 5038 angeli
850 4962 1183 5038 magisterio
1224 4962 1502 5038 numerus
1532 4963 1897 5038 duodenarius
1943 4965 1997 5038 in

399 5034 679 5106 nocturnis
719 5044 774 5106 et
812 5033 1127 5105 vespertinis
1176 5033 1369 5090 ofﬁciis
1435 5037 1876 5106 praescriberetur
1930 5036 1998 5090 ab

399 5105 657 5173 omnibus
680 5104 1068 5177 observandus.
1099 5106 1259 5172 Quod
1293 5104 1476 5177 autem
1500 5107 1664 5177 aliqui
1691 5108 1934 5163 scribunt
1964 5122 1995 5161 a

401 5173 1029 5248 Damasoiinstitutum,
1075 5180 1135 5229 ut
1172 5176 1364 5245 psalmi
1392 5176 1476 5231 die
1510 5173 1792 5248 noctuque
1833 5192 1993 5232 canc-

399 5249 607 5319 rcntur,
646 5244 910 5299 Barouius
956 5244 1154 5299 falsum
1178 5244 1323 5319 esse
1357 5246 1547 5319 asserit
1571 5244 1821 5319 (Paron.
1866 5253 1992 5302 tom.

400 5317 472 5397 ly
494 5315 642 5397 'pag.
672 5320 780 5370 429
799 5320 850 5381 ):.
878 5322 1239 5397 cum_constet
1277 5315 1346 5370 ab
1378 5316 1531 5397 initio
1557 5318 1788 5387 viguisse
1812 5318 1873 5397 in_
1896 5321 1993 5371 lic-

398 5385 554 5459 clesia
604 5395 943 5459 cum_cantu
993 5385 1246 5459 diurnam
1280 5385 1719 5459 nocturnamque
1764 5389 1998 5459 psalmo-

397 5457 546 5530 diam
575 5476 587 5511 :
619 5456 715 5512 sed
742 5453 973 5530 fortasse
1001 5456 1242 5530 aliquam
1274 5457 1505 5530 formam
1534 5475 1564 5514 a
1594 5453 1831 5514 Damaso
1860 5475 1997 5530 pra:-

399 5527 695 5599 scriptam;
741 5526 822 5582 vel
875 5525 1224 5583 emendatum
1268 5544 1298 5585 a
1340 5529 1390 5584 S.
1429 5525 1998 5600 HieronymoPs'alte-

399 5600 543 5655 rium
572 5601 825 5669 Septuag.
858 5600 1222 5669 interpretum
1252 5615 1282 5654 a
1310 5602 1545 5654 Damaso
1572 5599 1877 5657 canendum
1901 5604 1999 5657 lic-

398 5670 577 5744 clesiis
599 5668 1041 5744 Occidentalibus
1070 5669 1359 5744 traditum.
1383 5670 1828 5744 Deutilitatibus
1855 5674 1995 5744 psal.

398 5742 604 5799 modiae
628 5741 683 5797 in
727 5740 967 5815 Ecclesia
997 5740 1283 5815 institutae,
1312 5741 1431 5797 vide
1463 5741 1816 5815 Radulphum
1854 5740 2000 5801 Tun-

396 5829 555 5887 gren.
581 5820 637 5871 et
660 5810 1055 5871 Bellarminum
1084 5811 1218 5869 locis
1244 5827 1410 5885 supra
1432 5810 1653 5871 notatis;

782 3544 943 3613 Quod
978 3561 1085 3599 non
1127 3545 1207 3600 sic
1246 3545 1619 3614 accipiendum
1660 3547 1819 3602 docet
1854 3540 2025 3603 card.’

2118 3256 2365 3335 Denique
2394 3262 2540 3335 hunc
2570 3264 2747 3333 ipsum
2774 3261 2948 3335 standi
2973 3256 3505 3335 ritumiservavit,_et
3527 3256 3715 3335 docuit

2113 3330 2335 3406 angelus
2362 3335 2470 3399 ille,
2501 3334 2568 3391 de
2585 3330 2693 3405 quo
2733 3334 2819 3389 hic
2840 3334 3036 3458 agitur,
3067 3331 3157 3402 qui
3189 3330 3447 3412 psallendi
3485 3330 3711 3413 modum

2113 3421 2212 3458 suo
2262 3406 2510 3458 exemplo
2562 3404 2815 3458 Patribus
2870 3405 2974 3458 ihs
3026 3404 3285 3458 Aigvntus
3347 3412 3706 3458 nrzescrinsnt.

2112 3401 2215 3460 suo
2262 3406 2510 3476 exemplo
2562 3401 2815 3476 Patribus
2870 3401 2980 3476 illis
3026 3401 3285 3475 Egyptiis
3329 3401 3706 3476 _prz_escripsit,

2111 3475 2244 3532 dum
2278 3472 2539 3530 immedio
2579 3475 2838 3542 fratrum,
2871 3472 3543 3545 quibuscumresidebat,
3573 3475 3711 3545 psal-

2114 3562 2237 3601 mos
2266 3546 2653 3602 decantaturus
2699 3541 3022 3600 exsurrexit.
3063 3541 3227 3613 Quod
3254 3544 3450 3615 siquis
3480 3541 3711 3615 iobjiciat

2115 3635 2183 3674 ex
2219 3618 2325 3674 hoc
2373 3616 2564 3674 eodem
2602 3618 2720 3671 loco
2757 3625 2811 3671 et
2858 3631 2976 3674 can.
3013 3620 3069 3670 ll
3110 3614 3408 3669 monachos
3439 3614 3560 3669 illos
3599 3631 3711 3670 non

2115 3635 2183 3674 ex
2219 3632 2325 3674 noc
2373 3632 2564 3674 eodem
2602 3632 2720 3671 loco
2757 3632 2811 3671 et
2858 3632 2918 3670 ca
2965 3659 2976 3669 .
3013 3632 3069 3670 ιι
3110 3632 3408 3669 monacnos
3439 3632 3560 3669 mos
3599 3632 3707 3670 non

2115 3697 2343 3757 stantes,
2395 3688 2492 3744 sed
2536 3688 2784 3744 sedentes
2824 3632 3187 3758 psaFmodiam
3234 3685 3569 3758 celebrasse;
3622 3702 3707 3741 rc-

2109 3756 2337 3830 sponsio'
2357 3777 2421 3817 ex
2452 3758 2648 3814 eodem
2676 3759 2728 3813 in
2749 3756 3042 3830 promptu
3063 3765 3176 3830 est,
3220 3758 3407 3830 Patres
3438 3756 3574 3830 illos
3598 3773 3709 3812 non

2111 3827 2363 3886 recitasse
2392 3830 2633 3903 quidem
2651 3827 2909 3900 psalmos,
2938 3827 3070 3903 ‘sed‘
3093 3827 3445 3903 solummodo
3488 3828 3707 3903 unicum

2112 3898 2427 3971 psallenteni
2455 3898 2816 3963 auscultasse,
2846 3908 2932 3967 et,
2959 3908 3020 3954 ut
3057 3898 3143 3954 hic
3192 3898 3443 3964 habetur,
3475 3901 3532 3951 in
3554 3902 3707 3969 psal-

2110 3973 2262 4028 lentis
2307 3974 2470 4027 t‘crba
2514 3974 2661 4026 omni
2707 3973 2876 4027 cordis
2926 3974 3212 4026 intentione
3257 3971 3457 4040 deﬁa‘os
3485 3974 3710 4025 tacuisse

2110 4048 2279 4114 (Cap.
2316 4052 2370 4100 ll
2421 4050 2470 4099 et
2499 4049 2604 4109 l2).
2644 4046 2722 4098 Ita
2753 4060 2815 4097 ex
2845 4043 2948 4098 hoc
2981 4043 3100 4098 loco
3136 4047 3428 4114 utrumque
3453 4040 3706 4114 habetur,

2109 4123 2161 4168 et
2203 4112 2519 4186 psallentem
2561 4115 2794 4186 stetisse,
2823 4123 2877 4170 et
2919 4130 3030 4168 non
3059 4112 3344 4184 psallentes
3371 4113 3705 4186 consedisse.

2109 4182 2275 4241 Unde
2310 4195 2428 4241 orta
2475 4184 2835 4251 consuetudo,
2873 4200 2996 4255 qua:
3025 4182 3326 4239 etiamnum
3364 4182 3702 4251 observatur,

2111 4264 2165 4310 ut
2208 4257 2298 4324 qui
2343 4256 2469 4325 legit
2513 4271 2721 4310 sacram
2763 4256 3133 4327 Scripturam,
3177 4263 3493 4327 sanctorum
3520 4255 3703 4327 _vitas,

2110 4324 2577 4398 martyrologium,
2608 4327 2836 4398 capitula
2880 4324 2974 4382 aut
3012 4326 3268 4398 lectiones
3293 4335 3347 4380 et
3375 4324 3475 4398 alia
3520 4324 3708 4398 hujus-

2109 4398 2280 4463 modi,
2306 4396 2434 4467 ipse“
2454 4396 2685 4467 quidem
2710 4397 2884 4457 lector
2911 4397 3105 4453 stando
3146 4397 3286 4468 legat
3314 4416 3326 4449 :
3359 4396 3549 4466 reliqui
3586 4396 3707 4452 em-

2108 4484 2204 4524 nes
2246 4468 2499 4524 sedentes
2536 4469 2841 4524 auscultcut
2872 4488 2884 4523 :
2914 4468 3055 4524 unde
3086 4469 3352 4539 μεσοχοροί
3394 4468 3540 4539 dicti,
3568 4468 3609 4524 i.
3647 4469 3705 4522 in

2111 4540 2288 4595 medio
2332 4542 2500 4594 choro
2537 4548 2770 4611 stantes,
2802 4539 2959 4611 apud
3003 4538 3287 4611 Sidonium
3330 4538 3705 4611 Apollinarem

2110 4612 2297 4675 (Lib.t
2330 4613 2480 4680 epist.
2521 4615 2597 4677 2).
2628 4613 2709 4666 Ex
2755 4610 3227 4681 hisintelligimus
3252 4612 3508 4681 angelum
3551 4610 3705 4665 illum

2107 4681 2217 4753 duo
2246 4682 2574 4753 documenta
2614 4682 2720 4753 hoc
2746 4696 2845 4737 suo
2890 4680 3030 4753 facto
3054 4680 3645 4753 ’Patribus’reliquissc
3666 4702 3699 4753 γε

2109 4752 2344 4822 primum
2390 4761 2453 4807 ut
2494 4751 2783 4807 duodecim
2833 4752 3072 4819 psalmos
3126 4761 3241 4807 tam
3282 4752 3337 4806 in
3389 4751 3705 4822 vespertinis

2107 4839 2272 4892 quam
2297 4824 2349 4878 in
2378 4823 2660 4878 nocturnis
2688 4822 2885 4878 ofﬁciis
2912 4823 3284 4887 decantarent,
3319 4822 3385 4877 de
3409 4838 3518 4892 quo
3544 4823 3701 4878 infra.

2107 4894 2445 4960 Secundum,
2487 4903 2546 4950 ut
2572 4903 2803 4959 stantes,
2830 4903 2885 4948 et
2924 4895 3088 4949 erecti
3116 4893 3403 4964 psallerent
3421 4936 3436 4961 ,
3463 4900 3517 4948 et
3562 4896 3703 4965 psal-

2108 4965 2281 5020 lentes
2330 4974 2536 5021 starent
2585 4985 2597 5019 :
2653 4981 2814 5035 quem
2860 4980 3069 5019 morem
3122 4974 3177 5020 et
3224 4965 3390 5019 ritum
3444 4966 3701 5020 monachi

2104 5036 2357 5107 deinceps
2400 5036 2744 5092 retinendum
2793 5044 2846 5090 et
2883 5036 3279 5091 observandum
3326 5035 3698 5091 decreverunt.

2174 5100 2201 5137 δ
2231 5100 2633 5163 Duodcnarium
2667 5123 2956 5163 Inunerum
2982 5109 3318 5177 psalmorum
3347 5107 3401 5161 iu
3423 5107 3704 5162 nocturnis

2104 5176 2339 5258 yigjliis;
2389 5192 2563 5258 quem
2601 5178 2675 5233 illi
2724 5180 2820 5258 SS:
2856 5176 3037 5258 Patres
3080 5178 3148 5232 ab
3188 5179 3378 5258 angelo
3417 5178 3616 5245 edocti,
3648 5186 3703 5233 et

2102 5247 2301 5321 insigni
2347 5247 2634 5313 miraculo,
2674 5250 2822 5321 quod
2852 5249 3097 5319 superius
3134 5250 3368 5321 relatum
3408 5258 3519 5321 est,
3550 5264 3703 5304 com-

2105 5318 2302 5391 moniti
2330 5318 2797 5389 receperunt,‘D.
2846 5318 3010 5374 etiam
3052 5320 3381 5375 Benedictus
3407 5320 3475 5375 ad
3517 5321 3697 5391 quotio

2105 5389 2293 5462 dianas
2317 5391 2492 5445 noctis
2521 5391 2747 5462 vigilias,
2776 5391 2888 5446 sive
2918 5400 3245 5447 nocturnum
3268 5389 3703 5461 officium,’quod

2105 5460 2327 5533 abusive
2368 5460 2695 5533 matutinum
2744 5478 3024 5528 vocamus,
3070 5462 3263 5533 quovis
3290 5472 3537 5528 tempore
3567 5460 3701 5516 ἐκεῐὶ-

2106 5531 2345 5587 nendum
2370 5572 2385 5593 ,
2424 5541 2479 5588 et
2504 5548 2533 5587 a
2563 5532 2673 5588 suis
2703 5533 2995 5589 coenobitis
3039 5531 3443 5590 décantandum
3493 5533 3704 5588 censuit

2108 5602 2563 5675 (iquibusitamen
2587 5604 2797 5659 cantica
2830 5620 2927 5675 pro
2954 5604 3112 5675 tertio
3142 5614 3410 5660 nocturno
3443 5603 3703 5674 superad-

2104 5674 2245 5729 didit
2264 5674 2455 5730 diebus
2485 5676 2790 5730 Dominicis
2819 5674 2874 5731 et
2896 5674 3101 5746 festivis
3117 5679 3158 5743 ),
3190 5684 3251 5731 ut
3273 5675 3448 5731 videre
3474 5684 3555 5746 est
3578 5691 3697 5746 cap.

2113 5752 2175 5799 18
2206 5746 2454 5815 Regulzn,
2480 5746 2569 5801 ubi
2600 5745 2866 5817 disposito
2896 5745 3082 5801 ordino
3114 5747 3427 5815 psalmodiis
3456 5745 3697 5813 diurna),

2104 5817 2311 5885 statuit,
2344 5820 2410 5874 Ut
2436 5818 2633 5887 reliqui
2646 5833 2819 5874 omiies
2834 5820 3052 5888 psalmi,
3079 5820 3176 5887 qui
3194 5822 3499 5888 supersunt,
3523 5833 3703 5887 ecqua-
