4052 6200
287 263 355 318 89
773 265 861 320 DE
898 263 1379 322 CCENOBIORUM
1416 265 1656 321 INSTIT.
1703 265 1828 321 LIB.
1872 265 1934 322 ll.
1973 295 2044 307 —
2084 266 2172 321 DE
2209 264 2594 322 NOCTURNIS
2629 262 3107 320 ORATIONIBUS.
3520 264 3588 316 90

305 402 343 442 ιι
403 387 686 445 nocturnis
734 388 1126 446 conventiculis
1165 388 1454 458 custodiri,
1475 393 1499 422 "
1553 389 1752 463 quibus
1802 390 1880 448 le-
1913 395 1967 458 Α
1993 390 2206 448 sabbati
2233 391 2314 447 vel
2339 389 2627 446 Dominico
2655 397 2943 460 ustrasque
2972 386 3041 445 de
3066 401 3214 444 novo
3233 386 3462 442 recitant
3487 389 3592 444 Te-

283 480 490 538 ctiones
523 481 766 556 geminas
805 482 1181 556 adjungentes,
1227 481 1282 540 id
1319 493 1424 552 est,
1454 499 1622 540 unam
1661 484 1878 553 veteris,

281 581 340 631 et
357 573 520 630 aliam
543 575 669 631 novi
698 575 1054 646 Testamenti,
1081 585 1367 650 tamquam
1399 594 1432 635 a
1454 593 1514 635 se
1537 593 1632 635 eas
1651 577 1879 634 traditas

281 676 340 725 et
363 669 508 725 velut
550 669 1028 736 extraordinarias.
1057 671 1371 728 volentibus
1410 680 1653 740 tantum,
1702 687 1768 728 ac
1793 670 1875 728 di-

285 763 528 820 vinarum
558 764 966 837 Scripturarum
989 765 1317 822 memoriam
1361 763 1635 839 possidere
1669 766 1879 824 assidua

280 856 633 916 meditatione
673 857 1022 948 studeptibus
1069 859 1417 920 addiderunt.
1447 854 1474 893 ¹³
1515 863 1579 918 In
1624 859 1710 919 die
1751 877 1877 918 vero

1987 491 2293 551 stamento,
2342 483 2399 540 id
2437 491 2540 550 est,
2582 498 2748 540 unam
2792 481 2861 540 de
2899 480 3190 554 Apostolo,
3239 480 3321 536 vel
3359 480 3590 538 Actibus

1985 575 2385 654 apostolorum,
2427 584 2483 632 et
2523 575 2684 632 aliam
2738 576 2806 632 de
2849 575 3173 648 Evangeliis.
3216 573 3376 646 Quod
3423 574 3588 630 etiam

1985 669 2115 727 totis
2140 674 2164 703 ο
2196 669 2676 743 Quinquagesimte
2709 668 2902 725 diebus
2939 669 3141 724 faciunt
3179 668 3234 724 hi
3269 668 3464 740 quibus
3500 665 3578 725 le-

1985 766 2095 824 ctio
2122 779 2270 825 curae
2294 773 2397 834 est,
2427 779 2522 824 seu
2552 762 2817 823 memoria
2845 763 3264 838 Scripturarum.

1381 1018 1635 1074 ALARDI
1672 1019 1896 1075 GAZEI
1935 1017 2488 1075 COMMENTARIUS.

257 1157 403 1232 ‘liter
426 1157 752 1232 diuiduntur
779 1160 836 1232 in
855 1162 1049 1229 septem
1074 1160 1305 1232 noctium
1322 1161 1530 1230 vigilias
1547 1162 1776 1232 (nempe
1795 1169 1878 1218 to-

272 1229 386 1284 tius
437 1227 828 1302 bebdomadm)
863 1227 1149 1302 partiendo
1188 1227 1392 1294 omnes,
1405 1234 1519 1301 qui
1553 1227 1878 1302 proliariores

271 1303 409 1354 sunt
437 1298 554 1370 (uti
594 1298 737 1370 apud
765 1298 880 1356 nos
901 1299 1016 1355 ﬁeri
1058 1299 1261 1369 solet),
1297 1307 1350 1357 et
1376 1298 1655 1358 duodecim
1677 1305 1884 1373 psalmi

265 1385 378 1444 per
397 1385 836 1444 unamquamque
854 1373 1255 1444 constituantur
1270 1377 1505 1440 noctem;
1526 1378 1690 1444 atque
1711 1377 1882 1429 omni-

271 1441 375 1516 bus
405 1441 578 1516 modi's
602 1441 662 1516 id
684 1442 1023 1505 attendatur,
1052 1447 1116 1497 ut
1145 1446 1294 1498 omni
1317 1441 1654 1500 hebdomada
1667 1447 1878 1516 psalte-

270 1514 422 1566 rium
447 1527 515 1566 ea:
530 1513 739 1588 integro
759 1528 985 1588 numero
997 1518 1209 1588 centum
1229 1517 1630 1585 quinquaginta
1644 1513 1878 1588 psalmo-

269 1598 398 1638 rum
415 1583 724 1658 psalla‘tur;
753 1587 804 1638 et
827 1586 1098 1658 Dominico
1125 1585 1212 1658 die
1236 1583 1442 1656 semper
1465 1583 1501 1641 ἁ
1529 1583 1703 1658 capite
1729 1603 1880 1658 repe-

271 1658 432 1709 tatur
451 1653 528 1708 ad
543 1655 790 1726 vigilias;
815 1658 970 1726 quia,
1003 1655 1198 1726 inquit,
1222 1653 1382 1712 nimis
1407 1659 1549 1712 iners
1583 1653 1876 1714 ἆσυοιίὼηές

268 1741 383 1780 sua:
401 1725 683 1800 seruitium
703 1725 990 1800 ostendunt
1008 1725 1274 1800 monachi,
1297 1729 1398 1797 qui
1417 1731 1595 1784 minus
1619 1731 1877 1800 psalterio

268 1797 642 1869 cum_canticis
667 1797 1151 1852 consuetudinariis
1164 1814 1264 1868 per
1287 1802 1600 1869 septimana:
1619 1797 1877 1855 circulum

263 1867 544 1938 psallunt;
571 1882 689 1920 cum
716 1869 952 1936 legamus
976 1867 1185 1924 sanctos
1211 1867 1400 1925 Patres
1426 1876 1636 1926 nostros
1662 1888 1769 1926 uno
1791 1873 1880 1927 die

267 1943 490 2012 strenue
509 1938 825 2012 impleuisse,
853 1939 1000 2012 quod
1021 1954 1115 2012 nos
1143 1941 1318 2012 tepidi
1333 1943 1546 1996 utinam
1573 1945 1877 2012 septimana

1983 1159 2326 1218 testimoniis.
2375 1158 2624 1215 Justinus
2671 1161 2876 1230 Martyr
2923 1157 2982 1212 in
3031 1157 3296 1229 Apologia
3346 1156 3580 1214 secunda

1987 1232 2090 1288 sub
2122 1231 2284 1287 linem
2320 1231 2448 1288 dicit
2482 1250 2493 1284 :
2529 1233 2795 1300 Lectiones
2824 1246 2892 1283 ea:
2915 1230 3191 1300 apostolis,
3230 1233 3283 1283 et
3299 1231 3580 1298 prophetis

1985 1305 2043 1358 in
2067 1309 2324 1358 conventu
2352 1303 2591 1372 fidelium
2621 1297 2729 1370 legi
2761 1297 2969 1356 solitas:
2996 1297 3586 1372 concilium’modice-

1986 1390 2121 1430 num
2161 1383 2288 1430 ante
2315 1370 2490 1429 annos
2527 1372 2672 1428 mille
2705 1372 2966 1427 ducentos
3000 1370 3338 1426 celebratum
3375 1371 3580 1433 statuit.

1988 1451 2060 1527 ut.
2083 1447 2310 1527 psalmis
2341 1446 3105 1527 lectionesinterponerentur.
3245 1441 3584 1527 éugusiinus

1989 1512 2154 1594 initio
2191 1515 2545 1594 expositionis
2593 1515 2647 1570 in
2700 1512 2934 1594 primam
2975 1513 3201 1594 J_oa_nnis
3252 1512 3576 1594 Epistglam,

1989 1582 2582 1643 meminit'lectionum
2639 1582 2862 1657 quaem
2903 1585 3121 1657 ecclesia
3183 1582 3343 1640 certis
3391 1582 3580 1640 diebus

1989 1659 2200 1715 recitari
2240 1658 2484 1714 solebant
2533 1677 2545 1712 :
2585 1655 2732 1724 Quae,
2774 1655 2968 1728 inquit,
3002 1659 3082 1710 ita
3110 1659 3238 1710 sunt
3269 1661 3582 1728 annuceput

1986 1731 2110 1784 alia:
2149 1745 2258 1784 esse
2297 1745 2403 1782 non
2437 1731 2664 1798 possint.
2691 1725 2864 1782 Porro
2905 1727 2960 1798 in
2985 1735 3251 1798 nocturno
3280 1725 3462 1798 officio
3501 1727 3576 1781 le-

1986 1807 2192 1868 guntur
2237 1796 2492 1854 lectiones
2553 1799 2747 1868 velex
2791 1797 2960 1868 sacris
3013 1796 3160 1851 libris
3189 1796 3426 1868 veteris,
3484 1806 3580 1868 aut

1985 1865 2112 1926 novi
2157 1869 2509 1936 Testamenti,
2552 1877 2614 1921 ut
2657 1866 2748 1920 hic
2793 1866 3020 1922 habetur
3061 1885 3074 1921 :
3121 1865 3203 1920 vel
3235 1881 3303 1920 ex
3345 1866 3582 1923 homiliis

1991 1945 2244 2006 Patrum,
2289 1940 2368 1994 vel
2403 1955 2469 1994 ex
2513 1938 2650 1994 Vitis
2681 1944 2736 1992 et
2771 1937 2934 2007 gestis
2957 1943 3290 2007 sanctorum.
3327 1937 3491 2007 Unde
3525 1939 3583 1993 in

265 1987 486 2079 suae;
508 1987 1877 2081 ᾖὲῗέὀὶιὲᾆὶὶιῶἶδυίὖιῖέῗὲὶῖίξὲὲᾞὲἱοζῖἰῑόἕιέὲξ
1913 1987 1960 2050 Β
1991 1987 2244 2068 Ξόιὶἱςῖιῖἴ
2272 1987 3289 2081 (ἓᾶἓιῐιὲείὲιὲἑιέίίιιῖᾝ-ἰῖεὲἐᾶἷιὶῐιίιῖὖὲ
3329 1987 3584 2081 ﬁdicine;

267 2078 396 2152 tres
432 2078 834 2152 et'monachos
881 2078 1110 2152 inlinere
1133 2080 1383 2152 videtur,
1415 2081 1486 2138 de
1524 2081 1722 2152 quibus
1745 2085 1876 2139 Cas-

265 2151 458 2206 sianus
486 2149 671 2224 scribit
699 2166 818 2224 cap.
847 2158 879 2206 2
905 2151 1078 2222 hujus
1109 2150 1252 2217 libri,
1274 2149 1452 2207 eosde
1482 2149 1704 2207 numero
1723 2153 1879 2224 psal-

265 2237 482 2276 morum
511 2223 570 2275 in
592 2223 927 2291 quotidianis
957 2224 1172 2291 officiis,
1201 2225 1308 2276 sive
1341 2223 1788 2288 solemnitatibus,
1818 2229 1882 2280 ut

268 2298 447 2356 vocat,
485 2293 818 2347 instituendo
849 2295 947 2363 pia
975 2295 1308 2348 contentione
1343 2299 1591 2358 certasse,
1624 2296 1753 2349 dum
1781 2297 1883 2350 alii

269 2367 699 2433 quinquagenos,
729 2365 832 2418 alii
855 2379 1172 2436 saragenos,
1193 2366 1297 2418 alii
1313 2381 1436 2420 vero
1457 2381 1523 2420 ne
1547 2367 1642 2420 hoc
1662 2367 1877 2436 quidem

269 2451 495 2490 numero
521 2438 756 2490 contenti
781 2435 970 2490 excedi
991 2451 1110 2488 eum
1138 2435 1328 2490 debere
1350 2441 1638 2492 censerem.
1671 2435 1872 2494 Verum

268 2506 450 2577 aliami
475 2505 742 2577 rationem
780 2505 1177 2577 tropologicam
1219 2505 1375 2562 istius
1401 2507 1754 2563 institutionis
1797 2512 1866 2564 D.

269 2575 572 2643 Benedicti,
596 2575 664 2648 de
689 2575 921 2648 numero
944 2575 1150 2633 scilicet
1183 2578 1516 2648 psalmorum
1538 2577 1870 2635 duodenario

269 2649 344 2719 in,
370 2647 655 2719 nocturnis
685 2647 1060 2719 decantando,
1107 2647 1240 2704 scite
1279 2649 1542 2719 expressit
1580 2650 1874 2707 Durandus

269 2718 616 2774 Mimatensis
642 2717 732 2790 his
747 2718 924 2774 verbis
951 2737 965 2774 :
996 2723 1194 2776 Beatus
1227 2717 1543 2776 Benedictus
1565 2721 1728 2776 aliter
1753 2723 1876 2790 offi-

270 2793 416 2844 cium
442 2792 612 2862 noctis
641 2789 944 2862 ordinavit;
969 2806 1076 2846 non
1106 2795 1285 2845 tamen
1319 2791 1638 2846 dissentiens
1665 2808 1700 2846 a
1731 2789 1877 2862 prie-

271 2863 442 2916 missa
468 2861 713 2933 Ecclesia
733 2861 1091 2933 ordinatione,
1106 2862 1189 2916 vel
1213 2863 1298 2916 illi
1317 2864 1375 2916 in
1396 2863 1580 2933 aliquo
1605 2861 1878 2918 contradi-

269 2948 424 2998 cens;
452 2931 547 2986 sed
575 2933 759 2986 ordini
790 2948 886 2986 suo
921 2932 1186 3002 quiddam
1219 2931 1500 3002 peculiare
1528 2936 1874 2989 constituens.

271 3005 392 3073 Ipse
415 3018 660 3075 namque
670 3005 907 3058 instituit
926 3005 1086 3058 semel
1107 3004 1254 3058 dici:
1276 3009 1436 3067 Deus,
1460 3006 1517 3058 in
1539 3005 1877 3075 adiutorium

268 3090 450 3129 meum
473 3073 708 3128 intende.
722 3077 791 3130 Et
807 3079 888 3129 ter
911 3093 926 3128 :
954 3077 1194 3136 Domine,
1213 3075 1358 3129 labia
1374 3091 1490 3130 mea
1511 3073 1737 3146 aperies,
1748 3092 1877 3147 pro-

266 3149 400 3215 pter
423 3147 782 3200 reverentiam
812 3147 1049 3200 Unitatis
1073 3151 1124 3200 et
1153 3147 1460 3201 Trinitatis.
1489 3147 1692 3202 Deinde
1715 3149 1875 3204 Psal-

270 3231 430 3270 mum
458 3233 474 3269 :
501 3217 724 3270 Domine
746 3257 762 3277 ,
794 3215 928 3284 quid
953 3216 1319 3285 multiplicati,
1360 3232 1417 3270 eo
1451 3217 1594 3285 quod
1623 3234 1657 3271 a
1685 3233 1880 3274 sommo

265 3299 508 3356 surgens
529 3285 660 3338 dicit
672 3287 729 3336 in
750 3300 806 3337 eo
830 3303 844 3337 :
855 3287 976 3356 _Ego
999 3284 1249 3346 dormivi,
1267 3290 1316 3338 et
1337 3284 1597 3340 sommum
1616 3291 1746 3356 cepi,
1767 3297 1872 3344 etc.

1991 2099 2101 2138 non
2126 2091 2340 2138 tantum
2368 2097 2430 2136 ex
2458 2078 2770 2151 Scripturis,
2803 2078 2899 2135 sed
2929 2078 3176 2151 exrAictis
3207 2085 3262 2133 et
3307 2078 3580 2151 Passioni-

1989 2153 2094 2209 bus
2132 2161 2457 2217 martyrum,
2499 2149 2626 2206 cum
2663 2149 3011 2206 anniversarii
3045 2150 3160 2204 dies
3197 2163 3388 2203 eorum
3437 2149 3578 2206 cele-

1985 2223 2230 2280 brantur.
2273 2219 2354 2278 De
2401 2221 2720 2278 lectionibus
2770 2236 2898 2276 vero
2935 2237 3002 2277 ex
3042 2219 3282 2275 homiliis
3313 2221 3576 2288 Patrum,

1985 2303 2214 2351 testatur
2238 2297 2304 2350 D.
2336 2293 2704 2366 Hieronymus
2720 2292 2774 2346 in
2799 2291 2937 2366 libro
2962 2291 3030 2366 de
3053 2290 3314 2366 scriptor.
3340 2290 3574 2366 Eccles.,

1984 2366 2074 2422 ubi
2125 2366 2254 2422 dicit
2299 2362 2580 2422 sermones
2621 2366 2685 2420 B.
2727 2363 2966 2434 Ephrem
3008 2362 3111 2432 legi
3141 2362 3482 2434 consuevisse
3522 2362 3577 2417 in

1980 2437 2200 2493 ecclesia
2227 2436 2639 2508 post_lectiones
2677 2432 3050 2508 apostolorum
3081 2441 3142 2508 et?
3163 2432 3570 2508 prophetarum;

1981 2510 2051 2564 Et
2085 2511 2152 2562 D.
2188 2504 2516 2563 Benedictus
2555 2523 2674 2577 cap.
2715 2504 2756 2562 ’9
2786 2506 3010 2576 Regula:
3062 2524 3075 2559 :
3105 2505 3336 2566 Codices,
3375 2504 3571 2575 inquit,

1979 2581 2229 2648 legantur
2239 2581 2295 2632 in
2318 2580 2538 2647 vigiliis,
2559 2583 2670 2633 tam
2689 2581 2879 2632 veteris
2900 2578 3225 2632 Testamenti
3243 2591 3407 2645 quam
3426 2579 3570 2638 non“,

1979 2651 2179 2704 dirime
2196 2652 2536 2704 auctoritatis
2565 2667 2581 2702 :
2607 2649 2700 2702 sed
2727 2653 2778 2702 et
2803 2650 3153 2718 expositiones
3176 2663 3382 2709 earum,
3406 2662 3527 2716 quae
3543 2664 3578 2702 a

1980 2722 2424 2776 nominatissimis
2477 2719 2782 2774 doctoribus
2840 2719 3154 2774 orthodoxa;
3205 2722 3256 2772 et
3307 2719 3577 2772 catholicis

1984 2792 2242 2847 Patribus
2270 2793 2421 2858 facta
2446 2795 2594 2845 sunt.
2622 2792 2703 2844 De
2723 2788 2911 2844 ordine
2939 2803 3093 2858 vero,
3115 2803 3347 2842 numero
3364 2796 3420 2858 et
3447 2795 3580 2842 tem-

1985 2877 2117 2932 pore
2149 2857 2441 2933 lectionum
2491 2861 2644 2933 plura
2687 2858 2932 2933 Gelasius
2973 2857 3216 2930 pontifex
3264 2857 3408 2933 apud
3445 2858 3581 2933 Gra-

1985 2877 2117 2932 pore
2149 2873 2441 2918 lectionum
2491 2873 2644 2933 plura
2687 2873 2932 2916 uelasms
2973 2873 3216 2930 pontuex
3264 2873 3408 2984 aguu
3445 2873 3580 2914 ura-

1985 2933 2213 3009 tianum,
2239 2931 2367 3009 dist.
2405 2937 2650 3009 15,__can.
2680 2932 2877 3009 Sancta
2915 2933 3172 3009 Romana,
3201 2936 3280 3009 eti
3333 2928 3580 3009 regorius

1985 2999 2247 3074 septimus
2275 3002 2330 3058 in
2359 3001 2588 3058 concilio
2623 3001 2884 3072 generali.
2923 2999 3074 3074 Unde
3112 3005 3290 3074 exstat
3323 3013 3496 3074 canon
3525 2999 3580 3054 in

1992 3070 2109 3130 haec
2130 3074 2292 3130 verba
2319 3093 2331 3128 :
2355 3077 2416 3131 In
2442 3075 2529 3128 die
2557 3070 2974 3130 Resurrectionis
3003 3086 3171 3141 usque
3195 3070 3271 3124 ad
3296 3070 3580 3124 sabbatum

1989 3149 2046 3200 in
2073 3147 2248 3209 Albis,
2296 3150 2346 3200 et
2387 3148 2444 3200 in
2482 3145 2570 3200 die
2611 3147 2934 3199 Pentecostes
2979 3159 3147 3211 usque
3191 3143 3247 3195 in
3292 3141 3580 3196 sabbatum

1989 3217 2244 3287 ejusdem,
2276 3221 2382 3272 tres
2414 3217 2650 3286 psalmos
2679 3219 2889 3270 tantum
2933 3213 3008 3268 ad
3034 3217 3580 3287 noctumos,_tresque

1989 3283 2228 3344 lectiones
2250 3283 2472 3357 antiquo
2499 3303 2644 3341 more
2670 3290 2945 3340 cantamus
2972 3287 3022 3338 et
3050 3285 3290 3357 legimus.
3324 3283 3578 3340 Omnibus

266 3355 520 3422 (Psalm.
542 3357 672 3428 in).
697 3353 899 3410 Deinde
921 3357 978 3408 in
995 3356 1172 3428 primo
1195 3359 1451 3410 nocturno
1468 3371 1563 3411 sea:
1576 3353 1809 3427 psalmos
1828 3365 1876 3414 et
1913 3365 1956 3427 C
1983 3361 2170 3414 diebus
2193 3361 2318 3413 aliis
2342 3353 2442 3428 per
2466 3363 2632 3413 totum
2663 3373 2882 3418 annum,
2909 3358 2960 3411 si
2977 3356 3243 3428 festiuitas
3271 3359 3367 3417 est,
3394 3370 3577 3428 nouem

268 3429 520 3497 quatuor
544 3425 786 3497 lectiones
806 3441 924 3479 cum
951 3425 1172 3497 tot-idem
1195 3429 1540 3496 responso-riis
1561 3425 1778 3484 cantari
1797 3433 1879 3484 in-

270 3496 461 3552 stituit
491 3515 508 3552 :
534 3499 588 3550 et
611 3496 830 3551 totidem
859 3498 915 3550 in
938 3496 1168 3551 secundo
1181 3515 1198 3564 ;
1221 3513 1322 3566 per
1343 3499 1438 3552 hoc
1460 3501 1628 3554 citam
1647 3506 1878 3556 contem-

269 3570 546 3639 plativam
575 3569 822 3642 innuens,
847 3573 902 3642 et_
924 3570 1174 3642 activam.
1201 3569 1459 3624 Senarius
1478 3573 1618 3625 enim
1631 3575 1874 3642 psalmo-

272 3655 404 3714 rum
415 3653 670 3714 numerus
685 3641 853 3693 vitam
863 3639 1118 3714 designat
1137 3642 1388 3714 activam,
1406 3643 1464 3695 in
1475 3658 1584 3712 qua
1607 3639 1702 3698 sea:
1713 3660 1875 3714 opera

275 3710 925 3785 misericordiieconvenit
943 3712 1199 3785 exerceri,
1227 3713 1278 3766 si
1301 3715 1425 3782 quis
1449 3710 1524 3768 ad
1546 3710 1874 3785 contempla-

274 3784 322 3835 ti
325 3797 400 3835 eae
409 3783 534 3856 vita:
539 3783 919 3856 perfectionem
935 3782 1166 3836 voluerit
1175 3785 1474 3852 perveni-re,
1488 3801 1608 3854 qua:
1619 3802 1718 3855 per
1734 3782 1876 3856 qua-

276 3853 732 3924 tuorrEvangelia
763 3852 1104 3921 designatur,
1145 3857 1196 3908 et
1223 3871 1323 3924 per
1351 3852 1587 3924 quatuor
1619 3852 1876 3912 lectiones

273 3925 376 3976 sim
381 3923 598 3997 iliterﬁg
603 3928 819 3997 uratur.
827 3925 1135 3997 Quaterna‘r
1142 3923 1270 3994 ius’q
1275 3923 1454 3979 uidem
1465 3943 1716 3981 numerus
1726 3929 1876 3997 apud

274 3995 560 4048 nwnaclios
582 3993 919 4063 quadratam
944 3993 1317 4056 stabilitatem,
1345 4000 1396 4050 et
1424 3993 1802 4064 Evangelicain
1819 4000 1874 4052 in

274 4067 477 4119 sanctis
497 4066 785 4134 exprimit:
801 4079 894 4119 seu
909 4064 1316 4132 quadruplicem
1334 4080 1547 4118 sensum
1564 4067 1875 4134 Scriptura-

275 4153 420 4197 rum,
443 4140 670 4206 propter
688 4135 993 4204 quadrigas
1007 4135 1342 4196 Aminadab,
1356 4135 1416 4188 id
1435 4136 1873 4201 esthistorialem,

275 4208 646 4274 allegoricum,
692 4207 1096 4276 tropologicum,
1133 4210 1185 4260 et
1211 4208 1580 4275 anagogicum.
1621 4210 1683 4263 In
1721 4211 1878 4262 tertio

273 4293 398 4332 vero
419 4281 683 4332 nocturno
709 4279 819 4332 tria
831 4277 1052 4334 Cantica
1075 4279 1295 4331 cantari
1312 4279 1571 4341 instituit,
1588 4279 1642 4332 in
1663 4279 1878 4334 laudem

279 4350 588 4410 Trinitatis,
601 4365 636 4400 a
657 4363 766 4417 qua
783 4348 932 4402 nobis
945 4350 1067 4402 vitae
1081 4349 1460 4418 perfectionem
1480 4350 1550 4404 da
1559 4351 1736 4404 ricum
1747 4351 1878 4404 cha-

273 4421 328 4472 ri
349 4425 441 4473 ate
478 4419 746 4473 credimus
779 4423 830 4473 et
863 4434 1164 4488 spe-ramus,
1195 4427 1300 4474 etc.
1344 4421 1488 4486 (Lib.
1527 4436 1561 4476 ν
1595 4423 1872 4477 Rational.

270 4505 394 4561 cap.
433 4495 490 4554 3,
519 4495 571 4544 et
601 4506 675 4563 ear:
717 4505 774 4563 eo
807 4492 960 4544 Joan.
989 4490 1310 4563 Selethusin
1333 4493 1525 4563 eaplic.
1561 4493 1717 4561 Ofﬁc.
1751 4509 1871 4563 cap.

271 4560 396 4632 2,3).
428 4563 566 4617 Hice
599 4560 704 4616 ille.
735 4561 911 4629 Quem
943 4568 999 4615 et
1021 4560 1139 4632 ejus
1165 4560 1510 4632 abbreviator
1535 4560 1692 4618 Joan.
1724 4560 1872 4619 Sele-

268 4631 402 4688 thus
429 4639 655 4704 secutus
690 4639 793 4704 est:
837 4633 1005 4704 Porro
1043 4631 1140 4686 our
1166 4631 1218 4704 i_n
1253 4633 1520 4704 Vesperis,
1546 4649 1642 4688 seu
1671 4632 1872 4691 Ofﬁcio

269 4703 585 4775 vespertino
611 4717 722 4775 non
758 4701 1048 4775 duodecim
1083 4701 1298 4773 psalmi,
1322 4701 1567 4775 similiter
1599 4712 1658 4760 ut
1681 4704 1742 4775 in
1767 4721 1866 4760 no-

267 4772 500 4839 cturno,
549 4772 656 4844 sed,
696 4773 1056 4844 pauciores‘a
1089 4772 1166 4828 'D.
1204 4773 1514 4844 Benedicto,
1554 4783 1610 4830 et
1644 4774 1712 4830 ab
1752 4776 1869 4832 aliis

308 4844 575 4916 raescripti
609 4840 757 4916 sint,
783 4858 944 4899 causa
982 4840 1150 4899 fuisse
1192 4843 1420 4916 videtur,
1463 4844 1610 4916 quod
1649 4845 1868 4902 illorum

285 4932 393 4972 oco
423 4915 860 4987 Co’mpletorium
900 4923 1022 4986 post
1035 4917 1318 4987 _Ye_speras
1350 4915 1658 4987 institutum
1697 4925 1753 4971 et
1787 4917 1868 4972 in-

266 4983 594 5058 troductum
615 4984 795 5042 fuerit.
821 4983 964 5058 Nam
973 4983 1232 5058 cilicium
1255 4986 1602 5058 Completorii
1623 5002 1734 5058 non
1755 5003 1870 5044 esse

264 5073 430 5130 atque
477 5057 786 5130 antiquum,
819 5072 883 5130 ac
919 5055 1147 5130 aliarum
1188 5053 1686 5130 horarum__oﬂicia,
1725 5067 1870 5116 recte

264 5127 580 5186 observavit
613 5127 934 5199 Radulphus
969 5127 1302 5199 Tungrensis
1344 5127 1401 5182 in
1441 5127 1578 5199 libro
1604 5129 1671 5184 de
1697 5130 1869 5184 Cano-

265 5215 399 5256 num
429 5197 1158 5272 observationepropostlit.
1188 5197 1400 5272 Iudicat
1414 5198 1634 5272 quidem
1651 5208 1866 5272 tempus

264 5269 620 5344 Completorii
645 5268 1004 5344 isubobchre
1042 5270 1100 5325 S.
1144 5268 1496 5344 Ambrpsius
1526 5269 1620 5327 lib.
1673 5268 1868 5344 Iit'de

265 5339 594 5414 Virginibus.
632 5340 739 5414 Sed
780 5355 1032 5414 expressa
1065 5339 1284 5414 mentio
1293 5339 1867 5414 __inven_itur__prinium

267 5408 409 5484 apu'd
443 5414 674 5471 Grecos
709 5412 760 5466 iu
791 5408 1011 5484 Iiégulis
1060 5413 1126 5466 D.
1164 5410 1342 5467 Basilii
1387 5408 1554 5468 fusius
1584 5408 1866 5482 disputatis

267 5483 322 5552 q.
359 5492 452 5542 31.
507 5484 670 5555 Apud
715 5483 944 5555 Latinos
986 5491 1170 5555 autem
1212 5489 1268 5555 et
1309 5497 1513 5555 nomen
1557 5491 1612 5538 et
1645 5492 1866 5554 tempus

265 5552 640 5681 illioinpletoi-Iii3
651 5553 887 5627 primum
931 5552 1199 5610 invenitur
1240 5553 1295 5609 in
1333 5553 1542 5627 Regula
1577 5557 1652 5610 ι).
1695 5552 1866 5612 Bene-

319 5644 390 5681 ci
421 5641 542 5681 can.
645 5667 658 5680 .

319 5628 390 5683 eti
421 5641 542 5683 can.
575 5631 658 5682 16.

336 5644 352 5680 ξ
528 5669 542 5682 .
606 5643 658 5681 δ.

336 5643 870 5755 ll“Ucfupmiectionum
891 5694 1329 5766 antiquissimum
1349 5711 1467 5752 esse
1489 5696 1542 5752 in
1565 5695 1748 5753 ofﬁcio
1778 5712 1868 5752 ec-

264 5766 593 5838 clesiastico,
619 5767 919 5838 praesertim
956 5775 1248 5838 nocturno,
1275 5768 1620 5838 perspicuum
1649 5777 1736 5838 est
1759 5783 1871 5823 non

261 5853 330 5895 es
375 5839 482 5896 hoc
513 5837 726 5896 tantum
760 5837 906 5910 loco,
935 5837 1032 5896 sed
1069 5853 1136 5895 ex
1167 5837 1357 5895 multis
1385 5837 1503 5896 aliis
1538 5837 1870 5910 antiquitatis

1978 3432 2212 3500 psalmos
2240 3435 2292 3484 et
2313 3424 2496 3500 novem
2519 3430 2760 3483 lectiones
2777 3429 3029 3500 dicimus.
3069 3427 3210 3500 Aliis
3246 3441 3368 3479 vero
3391 3424 3576 3500 diebus

1983 3496 2261 3556 duodecim
2284 3496 2523 3571 psalmos
2553 3503 2603 3554 et
2633 3503 2738 3553 tres
2769 3499 3008 3553 lectiones
3046 3498 3350 3571 recitamus.
3367 3499 3447 3571 _In
3472 3501 3578 3571 Do-

1981 3575 2190 3627 minicis
2213 3567 2398 3626 diebus
2425 3571 2704 3626 octodecim
2723 3571 2959 3640 psalmos
2980 3572 3228 3638 (excepto
3248 3567 3576 3640 diePaschce

1983 3648 2033 3698 et
2061 3647 2412 3709 Pentecostes)
2443 3647 2492 3697 et
2519 3657 2701 3695 novem
2723 3639 2970 3694 lectiones
3007 3640 3252 3693 dicimus.
3281 3639 3374 3693 Illi
3393 3644 3573 3692 autem

1984 3717 2083 3784 qui
2111 3717 2168 3768 in
2190 3715 2522 3784 quotidianis
2547 3713 2731 3766 diebus
2759 3716 2865 3766 tres
2890 3715 3102 3765 tantum
3122 3711 3360 3784 psalmos
3387 3713 3438 3784 et
3465 3713 3574 3762 tres

1985 3782 2227 3840 lectiones
2273 3785 2540 3839 celebrare
2571 3785 2777 3845 col-unt,
2809 3798 2913 3836 non
2947 3799 3014 3835 ese
3041 3782 3231 3850 regula
3267 3783 3575 3834 sanctorum

1983 3857 2240 3919 Patrum;
2260 3857 2354 3910 sed
2377 3873 2444 3909 ex
2471 3855 2699 3923 fastidio
2728 3859 2778 3909 et
2799 3853 3125 3923 negligentia
3150 3852 3458 3921 probantur
3481 3851 3576 3904 hoc

1984 3931 2180 3980 facere.
2207 3928 2340 3980 Haec
2369 3926 2460 3980 ibi.

2013 3931 2180 3982 'aeere.
2207 3928 2340 3982 Hinc
2369 3926 2460 3981 ibi.

1982 3931 2180 3996 facere.
2207 3931 2340 3982 Hinc
2369 3931 2460 3981 ibi.

2053 3991 2082 4028 ³³
2119 3997 2387 4072 Suspicari
2426 3995 2548 4072 quis
2585 4003 2767 4066 posset
2805 3994 2950 4050 diem
2987 3991 3194 4072 sabbati
3223 4007 3323 4072 pro
3357 3989 3572 4072 e_odcm,

2053 4014 2082 4028 "
2119 4014 2220 4053 bus
2261 4014 2387 4053 icarl
2426 4014 2546 4068 qms
2585 4014 2767 4066 posset
2805 4014 2950 4050 alem
2987 4014 3194 4048 sanum!
3226 4014 3323 4057 pro
3357 4014 3572 4058 eoum",

1985 4083 2177 4139 nempe
2203 4014 2291 4122 die
2329 4066 2617 4122 Dominico
2645 4064 3102 4139 synonymoshic
3125 4057 3329 4139 accipi_,_
3345 4061 3416 4116 ob
3443 4076 3574 4115 con-

1977 4130 2340 4208 junctionem,
2363 4139 2514 4208 (vel);
2532 4153 2635 4206 qua
2671 4130 2906 4208 alterum
2951 4133 3020 4188 ab
3042 4134 3224 4208 altero
3241 4130 3458 4208 videtur
3479 4147 3574 4208 erg-

1985 4200 2133 4278 poni.
2167 4210 2228 4262 Et
2253 4200 2380 4278 quia
2407 4200 2691 4278 sabbatum
2733 4204 3053 4278 Judmorum
3090 4203 3145 4257 in
3171 4201 3316 4257 diem
3342 4200 3574 4278 domini-

1986 4272 2114 4334 cum
2149 4272 2292 4349 apud
2319 4277 2653 4349 Christianos
2681 4283 2954 4349 mutatum
2995 4274 3081 4349 sit.
3112 4279 3187 4349 At
3212 4288 3322 4349 non
3352 4272 3422 4328 ita
3459 4288 3575 4349 esse

1984 4350 2121 4405 satis
2145 4343 2328 4420 aperte
2351 4347 2705 4420 colligitur-fex
2735 4346 2850 4402 aliis
2885 4346 3124 4420 Cassiani
3150 4344 3432 4420 lociscum
3465 4343 3572 4420 hoc

1983 4416 2808 4492 collatis,quibus—sabbatum
2863 4418 3115 4492 cum_idie
3162 4416 3438 4492 dominico
3498 4416 3571 4473 ita

1981 4487 2351 4564 cunjungitur,
2418 4499 2478 4564 ut
2510 4499 2721 4564 iamen
2772 4488 2914 4546 duos
2963 4489 3204 4547 diversos
3257 4487 3408 4564 dies,
3462 4503 3573 4564 non

1965 4559 2384 4635 ,unu’mffuisse
2424 4561 2718 4635 sigilicetur
2759 4579 2774 4616 :
2823 4569 2897 4635 et_
2913 4569 3206 4632 utrumque
3241 4559 3390 4615 diem
3427 4559 3572 4635 apud

1979 4633 2258 4715 {Egyptios
2299 4629 2610 4715 mopaéhos
2640 4633 2693 4715 ip
2732 4631 2845 4704 pari
2884 4629 3189 4712 honorelac
3230 4629 3572 4715 veneratione

1979 4701 2222 4761 habitum
2277 4713 2332 4760 et
2390 4703 2504 4760 fere
2563 4701 2768 4760 eisdem
2825 4701 3164 4758 caeremoniis
3221 4702 3571 4756 observatum

1900 4741 1951 4804 Β
1979 4741 2144 4832 fuisse
2172 4796 2184 4832 :
2213 4774 2642 4846 utroqueienim
2663 4773 2918 4846 lectiones
2951 4789 3022 4846 es,
3054 4773 3572 4846 n0vo_’_l‘estamen_t_o

1976 4846 2295 4920 recitabant,
2339 4837 2588 4920 v'ideiicet
2629 4844 2686 4898 in
2729 4844 2946 4915 signum
2985 4841 3346 4920 Eva-ngelicm
3371 4837 3568 4920 praedi-

1975 4907 2224 4983 cationis,
2253 4907 2314 4972 ut
2345 4915 2430 4970 hic
2464 4913 2692 4969 habetur
2731 4932 2743 4968 :
2777 4907 3016 4983 iitroque
3031 4907 3235 4983 jejunio
3266 4907 3568 4983 solvebant,

1977 4988 2101 5043 Lib.
2146 4979 2461 5056 ill—capis.
2509 4985 2760 5056 Utroque
2798 4979 3049 5056 similiter
3081 4979 3149 5036 ad
3194 4979 3568 5056 refectimiem,

1975 5057 2091 5112 sine
2124 5051 2426 5128 psalmodia
2469 5051 2817 5128 accedebant.
2842 5052 2972 5128 _I.ib.
3004 5067 3078 5108 ιιι
3109 5067 3235 5128 cap._
3260 5051 3358 5128 ult.
3403 5052 3572 5128 Utro:

1976 5143 2082 5199 que
2124 5123 2476 5199 :solemniter
2529 5123 2618 5199 ad-
2666 5123 2947 5178 ecclesiam
3012 5123 3432 5199 conveniebant,
3501 5123 3570 5180 ad

1975 5193 2266 5268 drandum,
2305 5193 2740 5264 sacriﬁcandum,
2767 5196 3302 5253 communicandum.
3337 5193 3459 5250 Lib.
3494 5209 3569 5251 ιιι

1972 5286 2088 5326 can.
2121 5277 2176 5326 2.

2038 5287 2610 5414 ἓόιιίηιιυδερείιιιᾳιη
2647 5337 2736 5414 hic
2771 5346 3165 5414 vocatauctor,
3197 5353 3363 5414 quam
3391 5337 3552 5394 ϐιαιο

1977 5409 2378 5480 Ρθηῑῦυοδῐθιιξ
2407 5411 2649 5482 spatium
2688 5409 2818 5466 illud
2865 5409 3247 5482 quinquaginta
3287 5409 3496 5482 dierum
3536 5425 3567 5463 a

1973 5479 2370 5540 resurrectione
2402 5479 2645 5548 Domini,
2687 5497 2856 5552 usque
2881 5479 2962 5536 'ad
3005 5479 3298 5552 adventum
3336 5479 3570 5552 Spiritus

1973 5556 2142 5626 sancti
2165 5575 2180 5619 ;
2201 5555 2510 5626 Hutiturque
2540 5553 2642 5609 hac
2682 5550 3058 5626 voceirursus,
3103 5559 3157 5607 et
3189 5550 3570 5626 eode1n_signi-

1979 5625 2142 5682 ﬁcatu
2177 5625 2269 5681 lib.
2303 5641 2352 5683 ιι
2377 5620 2495 5710 cap.
2541 5629 2629 5689 18,
2665 5632 2723 5707 et
2744 5624 2937 5680 Collat.
2967 5630 3024 5677 2|
3057 5637 3180 5744 cap.
3228 5626 3281 5674 8.
3315 5620 3572 5701 Rabamis

1981 5696 2120 5744 hanc
2165 5705 2324 5744 vocat
2361 5699 2877 5744 Oinnmmgesnmam
2917 5692 3113 5744 Pascha
3137 5706 3249 5744 em.
3281 5689 3348 5744 ad
3385 5691 3572 5744 dlstlu-

1981 5696 2120 5752 hanc
2165 5705 2324 5752 vocat
2361 5689 2878 5767 Quinquagesimam
2915 5689 3249 5767 Paschalem,
3281 5689 3572 5767 addistin-

1979 5769 2216 5840 ctionem
2248 5761 2469 5824 alterius
2497 5761 2990 5840 Quinquagesimm,
3015 5766 3252 5840 (ψει-εει
3281 5761 3572 5840 anteQua-

1979 5838 2340 5911 dratiesimam
2377 5857 2389 5892 :
2422 5846 2478 5894 et
2505 5824 2585 5896 de
2612 5824 2840 5907 ut'raq'ue
2867 5824 2988 5890 hac
3011 5824 3114 5885 alio
3145 5829 3262 5880 loco
3301 5824 3566 5878 subnota-
