4052 6200
440 265 500 318 91
1784 262 2059 324 JOANNIS
2095 266 2397 324 CASSIANI
3665 272 3735 327 92

1035 389 1275 446 CAPUT
1308 389 1428 444 VII.

923 523 999 578 De
1025 519 1309 591 disciplina
1341 521 1552 577 orandi.

513 673 630 727 Has
673 670 836 744 igitur
883 669 1172 743 praedictas
1221 669 1492 749 orationes
1536 667 1642 724 hoc
1685 668 1850 726 modo
1903 669 2033 727 inci-

447 764 602 837 piunt
623 808 638 838 ,
680 774 840 837 atque
872 773 1294 832 consummant,
1342 772 1404 820 ut
1448 762 1600 820 ﬁnito
1640 763 1850 836 psalmo
1871 803 1887 831 ,
1921 780 2032 822 non

438 859 624 916 statim
654 860 724 916 ad
749 859 1174 915 incurvationem
1199 873 1440 930 genuum
1465 865 1742 928 corruant,
1769 859 2034 932 quemad-

358 956 361 957 ⁷
440 938 669 1012 modum
693 953 923 1010 facimus
948 953 1002 1008 in
1019 951 1122 1009 hac
1142 953 1360 1026 regione
1385 953 1650 1018 nonnulli,
1680 953 1773 1026 qui
1797 953 2032 1010 necdum

437 1047 576 1102 bene
603 1045 756 1102 ﬁnito
783 1047 1018 1118 psalmo,
1060 1046 1119 1102 in
1145 1046 1446 1103 orationem
1478 1047 1838 1118 procumbere
1881 1047 2034 1104 festi-

434 1153 632 1195 namus
678 1139 749 1196 ad
775 1143 798 1168 '
839 1138 1172 1197 celeritatem
1226 1140 1412 1196 missaa
1474 1141 1793 1213 quantocius
1841 1157 2034 1214 prope-

441 1241 640 1291 rantes.
683 1231 851 1308 Cujus
891 1232 1024 1292 dum
1070 1233 1322 1292 volumus
1360 1233 1620 1292 excedere
1663 1233 1895 1292 modum
1939 1233 2034 1309 qui

2059 395 2112 458 Α
2140 391 2438 464 antiquitus
2466 407 2499 448 a
2527 391 2827 464 majoribus
2871 398 3107 448 statutus
3135 399 3237 461 est,
3271 400 3630 466 supputantes
3654 410 3738 454 re-

2142 485 2428 542 siduorum
2466 487 2807 559 psalmorum
2829 500 3164 556 numerum,
3193 485 3262 542 ad
3307 485 3472 544 ﬁnem
3516 487 3737 546 tendere

2096 640 2117 652 _
2142 595 2518 654 perurgemus,
2551 579 2619 636 de
2662 579 2956 636 refectione
2989 579 3170 649 potius
3197 578 3323 634 lassi
3365 579 3614 650 corporis
3639 595 3733 637 co-

2141 675 2394 747 gitantes,
2433 689 2599 746 quam
2639 674 2897 730 orationis
2923 673 3210 729 utilitatem
3236 680 3292 728 et
3327 670 3622 729 commoda
3647 689 3735 730 re-

2140 771 2429 842 quirentes.
2472 767 2633 840 Apud
2677 767 2799 824 illos
2843 782 2974 840 ergo
3021 781 3134 822 non
3179 765 3254 822 ita
3303 773 3405 831 est,
3453 765 3550 826 ed
3587 775 3738 823 ante-

2139 879 2305 936 quam
2349 862 2569 919 ﬂectant
2604 878 2796 935 genua,
2829 861 3099 934 paulisper
3128 868 3308 925 orant,
3360 869 3416 917 et
3443 868 3648 918 stantes
3679 861 3732 918 in

2140 954 2534 1028 supplicatione
2563 954 2826 1027 majorem
2866 953 3127 1026 temporis
3156 961 3364 1026 partem
3395 951 3729 1024 expendunt.

2139 1051 2330 1120 Itaque
2379 1055 2503 1120 post
2550 1047 2668 1106 haec
2733 1056 2934 1120 puncto
2996 1047 3322 1103 brevissimo
3391 1047 3734 1118 procidentes

2139 1141 2316 1210 humi,
2349 1141 2498 1198 velut
2521 1140 2810 1198 adorantes
2837 1147 3054 1196 tantum
3093 1138 3330 1196 divinam
3361 1139 3732 1208 clementiam,

2139 1249 2360 1292 summa
2403 1234 2690 1292 velocitate
2745 1241 3123 1306 consurgunt,
3169 1225 3278 1290 acb
3323 1247 3514 1290 rursus
3564 1232 3736 1290 erecti

1533 1407 1787 1464 ALARDI
1823 1407 2051 1463 GAZIEI
2087 1405 2644 1463 COMMENTARIUS.

435 1578 510 1635 vit
522 1579 848 1637 :Notandum
857 1579 1003 1649 quod
1013 1597 1047 1633 a
1059 1577 1784 1648 Quinquagesimajejunium
1798 1581 2030 1649 incipere

437 1653 587 1721 apud
628 1655 888 1708 Romanos
933 1651 1276 1721 Telesphorus
1310 1666 1460 1720 papa
1493 1652 1786 1712 constituit,
1829 1655 1889 1704 ut
1930 1665 2030 1718 per

431 1727 631 1792 septem
655 1721 1015 1776 hebdomadas
1043 1725 1168 1775 ante
1194 1721 1399 1776 Pascha
1424 1736 1614 1790 corpus
1628 1721 1854 1790 jejuniis
1873 1723 2032 1774 casti-

440 1809 653 1862 gemus;
679 1798 730 1847 et
757 1793 898 1846 alias
919 1795 1117 1861 septem
1142 1796 1263 1860 post
1286 1792 1493 1846 Pascha
1513 1806 1680 1860 usque
1706 1794 1764 1845 in
1787 1793 2032 1846 Penteco—

441 1869 558 1918 sten
601 1866 661 1917 in
691 1863 884 1917 latitia
922 1879 957 1915 α
970 1862 1197 1930 jejuni-is
1225 1862 1476 1915 relaxari
1499 1863 1687 1924 voluit,
1713 1865 1776 1915 ut
1790 1863 2030 1930 priorem

435 1935 943 2003 Quinquagesimam
961 1935 1018 1986 in
1029 1931 1361 2002 pcenitudine
1373 1937 1712 2002 peccatorum
1727 1935 2028 1986 nostrorum

437 1989 740 2073 Emigdmus,
771 2003 844 2058 ad
867 1989 1278 2074 prome-rendam
1305 1989 1758 2069 misericordiam;
1788 2004 1926 2074 etin
1951 2018 2028 2056 se~
2056 1989 2103 2051 Β

433 2075 608 2130 cunda
620 2073 873 2128 laudibus
886 2079 938 2130 et
946 2075 1280 2128 orationibus
1291 2089 1510 2143 operam
1519 2074 1708 2128 dantes
1722 2073 2032 2128 studeamus

428 2148 709 2270 fifruenire
733 2145 807 2198 ad
819 2147 1144 2214 promissam
1167 2146 1403 2215 Spiritus
1424 2147 1600 2200 sancti
1615 2146 1870 2214 gratiam.
1900 2145 2032 2200 Haec

432 2233 447 2270 ι
491 2233 546 2270 e.

432 2218 546 2271 ille.

505 2290 530 2318 ⁸
556 2287 678 2341 Hoc
702 2293 803 2350 est,
833 2283 901 2341 ad
929 2282 1120 2351 ﬁnem,
1147 2300 1244 2341 seu
1270 2283 1712 2342 accelerationem
1747 2283 1912 2341 ofﬁcii
1938 2285 2027 2342 di-

435 2356 544 2412 vini
583 2356 920 2418 festinantes,
949 2364 1046 2411 aut
1086 2355 1390 2419 tendentes,
1419 2365 1480 2412 ut
1507 2355 1642 2412 infra
1673 2357 1774 2424 ait;
1799 2372 1932 2422 non,
1959 2356 2027 2413 ad

433 2427 800 2500 celebritatem
828 2428 1032 2500 missae,
1067 2437 1128 2482 ut
1151 2426 1312 2500 habet
1341 2427 1650 2500 Dionysius.
1692 2429 1833 2483 Nam
1865 2429 2026 2500 missa

434 2497 538 2554 hoc
580 2499 700 2555 loco
733 2508 802 2570 et
830 2499 1032 2570 passim
1060 2498 1212 2570 apud
1256 2497 1591 2570 Cassianum
1615 2515 1725 2553 non
1767 2497 2028 2570 accipitur

433 2586 533 2642 pro
576 2568 848 2642 sacriﬁcio
892 2569 1160 2642 liturgico,
1195 2569 1341 2641 quod
1367 2568 1692 2642 sacriﬁcium
1718 2568 1900 2626 Missae
1935 2586 2028 2642 ap-

433 2640 694 2766 Eellatur;
723 2641 819 2697 sed
847 2640 1244 2726 promissione,
1283 2656 1380 2696 seu
1419 2640 1754 2723 dimissione,
1783 2657 1908 2723 qua;
1931 2640 2027 2697 ﬁe-

475 2721 530 2766 at
562 2721 780 2766 neracto
821 2711 1004 2766 ofﬁcm
1045 2711 1248 2766 divino.
1285 2711 1608 2766 nsalmodua.
1648 2715 1728 2766 vel
1759 2721 2025 2766 oratione.

475 2721 530 2784 at
562 2721 780 2784 peracto
821 2711 1008 2784 officio
1045 2711 1248 2780 divino,
1285 2711 1608 2784 psalmodia,
1631 2715 1728 2784 vel
1759 2711 2025 2784 oratione,

434 2783 504 2838 ad
555 2781 721 2854 quam
760 2781 1012 2839 monachi
1048 2781 1581 2854 convene’rant,_sive
1627 2782 1882 2847 interdiu,
1915 2783 2027 2841 sive

432 2853 598 2926 noctu
630 2873 661 2926 7:
704 2853 1171 2926 quemadmodum
1212 2853 1496 2926 collectam
1533 2853 1670 2926 dixit
1709 2855 1897 2910 Cicero
1928 2871 2026 2925 pro

432 2924 748 3006 collectione
779 2924 968 3006 stipis;
997 2925 1281 3006 remissam
1388 2925 1805 3006 Cyprianus-pro
1829 2924 2022 3006 remis:

433 2995 584 3067 sione
613 2995 985 3067 peccatorum;
1021 2997 1251 3067 probam
1277 2995 1366 3050 alii
1395 2995 1494 3067 pro
1520 2995 1858 3067 probatione,
1891 3004 1945 3050 et
1961 2995 2025 3067 id

435 3063 770 3138 genus'alia.
788 3066 977 3138 Sedet
1005 3063 1242 3134 mittere,
1273 3075 1330 3120 et
1367 3063 1596 3121 missum
1619 3063 1794 3121 facere
1821 3078 1918 3136 pro
1941 3066 2024 3122 di-

437 3135 652 3191 mittere
676 3137 806 3191 satis
829 3135 1106 3206 vulgatum
1131 3144 1232 3206 est.
1257 3138 1444 3206 Itaque
1464 3138 1629 3192 missa
1651 3135 1933 3200 nocturna,
1960 3138 2028 3194 de

436 3221 542 3278 qua
569 3207 623 3278 in
647 3205 968 3278 argumento
993 3205 1188 3276 capitis
1222 3212 1310 3273 13,
1339 3205 1452 3262 non
1481 3207 1626 3278 aliud
1646 3215 1728 3262 est
1758 3223 1923 3278 quam
1948 3207 2026 3263 di-

436 3275 621 3350 missio
650 3275 760 3350 illa,
791 3291 916 3350 qua:
944 3275 1113 3332 noctu
1157 3287 1370 3350 peracta
1408 3277 1657 3350 oratione
1677 3275 1896 3350 publica
1927 3279 2026 3335 ﬁe-

437 3347 547 3422 ba_t,
571 3346 789 3419 quando
811 3346 1459 3422 quisque-monachorum
1485 3349 1616 3422 dato
1644 3346 1798 3422 signo
1825 3348 1896 3406 ad
1922 3351 2028 3422 cel-

437 3417 603 3493 lulam
627 3434 781 3474 suam
811 3417 869 3474 se
898 3417 1201 3493 recipiebat.
1231 3422 1300 3493 Et
1317 3419 1371 3476 in
1397 3421 1575 3487 titulo,
1601 3417 1725 3493 cap'.
1751 3427 1838 3491 15,
1863 3421 2028 3492 missa

438 3489 751 3546 orationum
791 3499 876 3546 est
909 3489 1024 3561 ipsa
1050 3489 1306 3561 gdimissio
1347 3493 1414 3548 ab
1465 3489 1728 3547 oratione.
1775 3489 2024 3561 Rursus,

437 3561 531 3634 lib.
567 3575 640 3634 tn
665 3577 784 3634 cap.
816 3567 871 3626 7,
896 3560 1059 3634 is_qui
1095 3562 1420 3618 tardiuscula
1447 3563 1516 3618 ad
1545 3563 1846 3618 oratorium
1879 3560 2026 3618 accc?

437 3631 540 3699 dit,
561 3631 785 3704 jubetur
812 3647 909 3702 pro
937 3631 1146 3688 foribus
1171 3636 1332 3688 totius
1360 3636 1780 3704 congregationis
1809 3636 2028 3690 missam

433 3705 761 3774 praestolari.
789 3705 858 3758 Et
875 3718 992 3772 cap.
1029 3707 1061 3758 8
1093 3723 1106 3759 :
1138 3705 1382 3762 Cmttenti
1404 3721 1582 3760 somno
1610 3707 1710 3776 qui
1733 3706 1882 3760 nobis
1903 3709 2029 3776 post

435 3777 750 3844 vigiliarum
761 3777 980 3830 missam
991 3791 1158 3844 usque
1167 3776 1241 3830 ad
1252 3777 1382 3830 lucis
1393 3777 1683 3831 adventum
1693 3777 2022 3845 indulgetur.

435 3846 644 3918 Quibus
668 3845 803 3918 locis
827 3845 1334 3918 missaﬁvigiliarum
1360 3856 1455 3902 aut
1487 3847 1920 3918 congregationis
1947 3855 2030 3902 est

440 3863 644 3916 υυιυιιε
668 3863 803 3902 IOCIS
827 3863 989 3902 missa
1033 3863 1334 3918 Vlglllal‘llm
1360 3863 1455 3902 aut
1487 3863 1688 3918 congre
1724 3863 1920 3902 anouis
1947 3863 2028 3902 es:

440 3917 821 4000 ipsadimissio
848 3933 880 3972 a
903 3917 1096 4000 vigiliis
1123 3925 1179 3972 et
1203 3863 1804 4000 congregationedigum
1833 3918 2028 4000 ἥξει)-

437 3987 633 4060 solutis
668 3988 1110 4060 cuiqueadisua
1146 3987 1338 4044 reverti
1373 3987 1584 4044 licebat.
1634 3991 1848 4044 Rursus
1887 3987 2028 4044 libro

437 4059 748 4124 undecimo,
775 4058 953 4131 capite
972 4058 1182 4131 decimo
1207 4060 1420 4131 quinto,
1443 4061 1608 4117 Missa
1635 4061 2033 4114 catechumeno-

437 4147 563 4203 rum
600 4143 684 4188 est
715 4129 1130 4203 ipsa’dimissio,
1160 4129 1264 4203 qua
1287 4130 1549 4186 diaconus
1577 4131 1715 4203 lecto
1743 4131 2033 4203 Evangelio

440 4201 518 4275 in_
547 4201 752 4260 Missae
783 4201 1048 4275 sacriﬁcio
1095 4201 1519 4275 cathecumenos
1562 4202 1720 4275 exire
1767 4201 2030 4275 jubebat,

439 4271 756 4346 priusquam
775 4273 1028 4328 sacerdos
1051 4273 1332 4346 tremenda
1355 4273 1606 4346 mysteria
1627 4271 2028 4346 aggrederetur.

437 4345 668 4416 Sanctus
695 4357 912 4416 quoque
932 4345 1262 4416 Benedictus
1287 4345 1341 4399 in
1367 4345 1574 4416 Regula
1603 4345 1750 4416 sua]
1767 4347 1900 4414 Cap.
1935 4348 2032 4416 l1)

437 4411 779 4485 missamjic
820 4411 1100 4485 intellexit,
1145 4429 1274 4468 cum
1319 4411 2027 4485 postfpraescriptuniofﬁ-

437 4482 583 4554 cium
602 4483 884 4554 subjungit
907 4501 919 4536 :
943 4487 1014 4540 Et
1035 4486 1210 4554 missa:
1227 4482 1382 4554 ﬁant,
1404 4482 1506 4550 vel,
1521 4487 1696 4538 missce
1707 4482 1836 4546 sint,
1852 4483 1904 4538 id
1926 4493 2030 4547 est,

439 4551 638 4610 Ofﬁcio
667 4551 918 4610 absoluto
946 4551 1294 4610 dimittantur
1331 4553 1545 4610 fratres.
1578 4556 1713 4610 Hinc
1740 4557 1903 4610 etiam
1933 4555 2035 4621 (ait

441 4624 752 4696 Cuychius)
791 4642 824 4679 a
854 4627 1066 4696 gemina
1096 4627 1362 4689 missione,
1401 4641 1523 4696 quae
1563 4627 1621 4680 in
1648 4627 1908 4694 sacriﬁcio
1936 4643 2033 4680 eu-

439 4695 720 4752 charistico
748 4695 876 4752 olim
897 4698 1078 4768 ﬁebat,
1109 4699 1166 4751 in
1195 4695 1428 4766 quarum
1445 4699 1629 4768 priore
1653 4698 2031 4762 catechumeni,

437 4772 490 4842 et
513 4771 611 4842 qui
630 4769 712 4824 vel
732 4784 848 4832 suo,
871 4769 954 4842 uel
975 4769 1219 4824 Ecclesia:
1225 4768 1454 4842 judicio,
1478 4771 1837 4823 communione
1861 4784 2032 4842 corpo-
2065 4771 2114 4834 D
2146 4780 2300 4842 ptura
2326 4768 2348 4824 ἶ
2385 4773 2681 4840 Utrumque
2709 4771 2940 4842 genuin
2970 4773 3172 4842 terram

437 4841 514 4894 ris
549 4840 750 4897 Christi
775 4841 1124 4896 censebantur
1152 4840 1394 4909 indigni;
1421 4843 1712 4910 posteriore
1739 4844 1918 4894 autem
1943 4840 2032 4893 di-

438 4916 582 4968 cente
601 4915 848 4968 ministro
875 4911 1026 4984 apud
1045 4912 1272 4984 ercos,
1303 4911 1446 4973 λαοῖς
1463 4911 1658 4984 ἄφεσις-,ρ
1671 4915 1734 4984 Aet
1749 4911 1907 4984 apud
1935 4913 2038 4966 La-

436 4985 596 5046 tinos,
617 4999 736 5048 11's,
751 5000 794 5038 Μ
805 4999 820 5038 ι
831 4980 930 5041 ssi
955 4999 1086 5051 ss'r,
1101 4983 1379 5038 universus
1392 4980 1620 5053 populus
1630 4980 2035 5053 dimittebatur;

440 5053 515 5126 ab
555 5054 678 5118 hac,
721 5053 964 5126 inquam,
997 5055 1210 5126 gemina
1247 5052 1538 5126 missione,
1579 5069 1674 5110 seu
1717 5052 2038 5126 dimissione

442 5123 666 5204 Missam
691 5123 1024 5204 appellatam
1035 5125 1203 5204 fuisse
1229 5124 1377 5180 docti
1409 5124 1652 5204 plerique
1675 5123 1918 5204 sentiunt
1931 5137 2036 5204 ;_ea

441 5193 651 5266 scilicet
670 5193 901 5266 ratione,
932 5211 1037 5266 qua
1065 5203 1244 5266 totum
1274 5211 1302 5266 a
1327 5193 1902 5266 parteide'nominatur.
1926 5197 2038 5266 Cu-

387 5279 400 5298 σ
433 5264 526 5334 jus
548 5265 625 5335 rei
646 5263 904 5335 indicium
926 5263 1032 5330 est,
1056 5263 1206 5335 quod
1235 5263 1364 5335 olim
1390 5265 1444 5319 in
1473 5264 1664 5320 diebus
1685 5263 2036 5335 pmnitentim,

440 5333 660 5405 quando
705 5334 1165 5405 ﬁnitoisacriﬁcio
1201 5333 1382 5391 adhuc
1413 5333 1830 5392 continuabatur
1861 5337 2039 5390 oratio

441 5404 678 5475 publica,
727 5404 928 5476 pepulo
972 5406 1278 5476 assistente,
1323 5421 1434 5460 non
1476 5407 1680 5462 diceret
1721 5404 1982 5460 diaconus
2023 5425 2036 5462 :

439 5478 537 5539 Ite,
567 5475 740 5547 missa
773 5475 1000 5547 e’st;rsed
1040 5475 1156 5547 ejus
1190 5476 1310 5547 loco
1340 5495 1352 5531 :
1384 5479 1763 5534 Benedicamus
1795 5478 2038 5547 Domino,

441 5545 590 5618 quod
609 5549 772 5618 etiam
794 5546 952 5602 hodie
965 5545 1281 5618 servaturin
1299 5547 1452 5618 Quad
1463 5548 1748 5618 ragesima,
1762 5546 2039 5616 Adventu,

443 5617 498 5672 et
523 5617 716 5690 diebus
740 5617 964 5690 feriatis.
997 5621 1116 5686 Qua
1160 5617 1229 5690 de
1259 5633 1317 5674 re
1337 5617 1645 5690 juverithic
1675 5617 2039 5690 Micrologum

443 5688 629 5745 audire
655 5689 772 5746 haec
799 5688 1126 5745 referentem
1166 5687 1303 5744 libro
1327 5687 1396 5745 de
1428 5688 1734 5744 Ecclesiast.
1770 5687 2038 5746 Observa-

443 5760 606 5827 tion.,
639 5761 812 5824 capite
836 5761 1250 5832 quadragesimo
1269 5768 1422 5815 sexto
1451 5780 1463 5816 :
1491 5762 1750 5829 Cong-rue,
1777 5760 1968 5829 inquit,
1991 5769 2042 5818 et

444 5833 500 5887 in
519 5834 728 5901 festivos
753 5833 960 5894 diebus,
990 5847 1111 5900 rm,
1141 5847 1318 5888 mssa
1345 5847 1468 5900 EST,
1493 5833 1697 5888 dicitur
1721 5852 1737 5888 :
1764 5833 1894 5904 quia
1921 5837 2042 5889 tunc

2139 1579 2404 1648 generalis
2431 1581 2715 1632 conventus
2734 1577 2996 1632 celebrari
3008 1577 3158 1648 solet,
3188 1577 3288 1644 qui
3299 1590 3401 1646 per
3425 1573 3738 1648 hujusmodi

2139 1647 2597 1704 denuntiationem
2621 1649 2889 1703 licentiam
2912 1647 3205 1702 discedenti
3218 1649 3454 1716 accipere
3471 1647 3618 1701 solet.
3645 1647 3737 1702 Ad

2139 1720 2462 1790 quotidiana
2489 1723 2669 1774 autem
2689 1721 2984 1776 Missurum
3011 1719 3265 1774 solemnia
3289 1733 3394 1771 non
3415 1717 3738 1790 generaliter

2139 1789 2209 1845 ab
2233 1792 2495 1854 omnibus,
2521 1791 2613 1845 sed
2629 1807 2663 1844 a
2679 1791 2942 1859 religiosis
2969 1791 3298 1851 convenitur,
3325 1790 3424 1858 qui
3434 1789 3562 1858 plus
3573 1790 3737 1857 spiri-

2140 1863 2378 1916 tualibus
2390 1864 2612 1930 negotiis
2622 1877 2790 1931 quam
2800 1861 3151 1915 saecularibus
3162 1859 3466 1928 invigilant,
3487 1861 3587 1928 qui
3593 1863 3644 1914 et
3653 1873 3739 1913 re-

2141 1933 2312 2002 liqua,
2329 1933 2459 1986 dum
2471 1935 2610 1994 licet,
2623 1935 2807 2002 ofﬁcia
2823 1931 3060 2002 quotidie
3069 1933 3442 2000 frequentant.
3455 1933 3737 2002 iErgo‘con-

2139 2000 2410 2058 rénienter
2428 2005 2537 2058 illis
2568 2000 2692 2074 post
2717 2000 2956 2066 Missam,
2988 2007 3050 2074 ut
3077 2018 3182 2056 non
3219 2003 3404 2055 statim
3431 2000 3732 2063 discedant,

2137 2074 2231 2128 sed
2257 2079 2319 2128 ut
2341 2073 2628 2130 Dominum
2650 2075 2978 2136 benedicant,
3005 2073 3378 2128 denuntiatur.
3407 2074 3543 2127 Huic
3564 2085 3736 2126 asser-

2139 2146 2276 2200 tioni
2296 2150 2347 2200 et
2359 2147 2708 2200 ecclesiastica
2719 2144 3039 2200 consuetudo
3053 2143 3582 2213 cideturastipulari,
3601 2143 3732 2212 quia

2137 2231 2258 2269 cum
2286 2217 2408 2280 lTa,
2431 2219 2484 2272 Μ
2495 2231 2622 2271 ιδεΑ
2645 2231 2777 2280 EST,
2797 2216 3044 2278 dicimus,
3075 2215 3150 2268 ad
3167 2215 3430 2284 populum
3447 2216 3724 2274 vertimur,

2138 2303 2296 2356 quem
2324 2287 2594 2342 discedere
2611 2287 2864 2356 jubemus
2895 2305 2912 2340 :
2943 2303 3062 2340 cum
3085 2291 3266 2340 autem
3295 2287 3730 2356 Bensntcauus

2135 2354 2407 2421 DOMINO,
2438 2354 2684 2420 dicimus,
2715 2374 2821 2412 non
2848 2358 2922 2411 ad
2936 2357 3217 2427 populum,
3243 2355 3338 2410 sed
3359 2355 3434 2409 ad
3451 2357 3648 2427 altare,
3675 2354 3734 2407 id

2133 2432 2229 2491 est,
2262 2429 2338 2483 ad
2363 2431 2649 2485 Dominum
2667 2425 2956 2489 vertimur,
2970 2425 3169 2496 nosque
3192 2429 3334 2495 ipsos
3353 2441 3459 2496 non
3479 2425 3555 2478 ad
3573 2426 3735 2478 disce-

2133 2500 2390 2562 dendum,
2423 2499 2516 2553 sed
2543 2498 2617 2552 ad
2647 2497 3060 2552 benedicendum
3075 2495 3317 2552 ’Domino
3345 2495 3727 2550 adhortamur.

2137 2573 2268 2627 Haec
2294 2570 2645 2639 Micrologus,
2671 2568 2740 2624 ad
2769 2569 2936 2639 huius
2969 2567 3450 2639 lociqaliorumque
3484 2565 3727 2621 elucida-

2130 2643 2366 2707 tionem,
2396 2637 2557 2720 e_t__ad
2591 2637 3050 2720 vecabuli'lt‘l‘issaa
3079 2637 3508 2720 intelligentiam
3523 2652 3723 2720 perop-

2135 2721 2385 2783 portuna.
2415 2711 2574 2779 Vide,
2610 2710 2658 2766 si
2688 2709 2857 2779 lubet,
2883 2708 3208 2766 Durandum
3243 2707 3338 2764 lib.
3365 2723 3434 2764 Iv
3469 2707 3725 2764 Ratione.

2132 2799 2250 2840 can.
2282 2790 2373 2840 57.
3154 2824 3163 2831 .

2197 2799 2492 2910 erigens
2528 2851 2769 2909 diver‘sos
2811 2859 2994 2923 gestus
3027 2858 3084 2906 et
3097 2824 3360 2923 corporis
3397 2849 3727 2923 situsvete-

2133 2941 2256 2980 rum
2293 2923 2691 2980 monachorum
2735 2924 2790 2980 in
2813 2919 3024 2979 Hivinis
3053 2919 3248 2978 ofﬁciis
3285 2920 3642 2990 celebrandis,
3672 2931 3728 2978 et

2134 2996 2383 3067 precibus
2410 2995 2741 3059 fundendis,
2783 3007 3026 3066 quorum
3058 2991 3326 3067 praecipui
3360 3002 3603 3067 quatuor
3639 2992 3726 3049 hic

2133 3064 2408 3123 notantur.
2441 3068 2582 3122 Nam
2619 3064 2841 3121 orantes
2871 3073 2925 3120 et
2961 3064 3246 3136 psallentes
3286 3064 3718 3136 modostetisse,

2135 3139 2299 3194 erecti
2339 3139 2601 3193 nimirum
2639 3137 2694 3208 in
2738 3137 2922 3208 pedes,
2962 3134 3218 3208 inanibus
3251 3135 3415 3208 etiam
3463 3134 3517 3190 in
3555 3134 3728 3208 altum

2135 3209 2364 3264 sublatis
2389 3217 2445 3264 et
2470 3205 2753 3288 expansis;
2785 3205 2952 3288 modo
2982 3222 3154 3288 genua
3175 3205 3426 3288 ﬂexisse;
3464 3205 3632 3288 modo
3673 3207 3730 3262 in

2136 3223 2364 3264 sunlans
2389 3223 2445 3264 et
2470 3223 2753 3332 exigamus;
2785 3223 2952 3263 moao
2982 3223 3154 3288 genua
3175 3223 3420 3272 nexusse;
3464 3223 3632 3262 mooo
3673 3223 3730 3262 in

2136 3290 2337 3336 terram
2369 3295 2535 3350 procu
2579 3278 2741 3350 uisse,
2762 3287 2818 3334 et
2842 3293 2996 3350 proni
3017 3277 3270 3350 iacuisse;
3300 3279 3465 3350 modo
3496 3275 3730 3348 denique

2141 3351 2195 3406 in
2245 3347 2566 3408 humillimis
2621 3347 2859 3406 sedibus'
2887 3347 3200 3406 consedisse
3249 3347 3732 3418 perhibenturfEt

2063 3393 2108 3456 Ο
2141 3393 2735 3495 ﬁliifilii
2751 3393 3319 3495 illdniietvsecundu'm
3343 3418 3730 3495 orandi_ritum

2135 3489 2282 3564 quod
2327 3489 2539 3564 attinet,
2585 3490 3026 3564 utrumquejam
3071 3490 3193 3564 inde
3238 3489 3308 3545 ab
3349 3490 3729 3564 apostolorum

2135 3559 2474 3627 temporibus
2497 3562 2552 3618 in
2565 3559 2806 3618 Ecclesia
2828 3559 3084 3617 usitatum
3111 3559 3296 3627 fuisse,
3322 3559 3732 3618 et'Christianos

2134 3631 2303 3691 modo
2326 3643 2550 3700 stantes,
2589 3633 2755 3688 modo
2794 3633 2944 3690 ﬂexis
2985 3632 3212 3703 genibus
3248 3631 3478 3687 adorare
3505 3647 3732 3687 consue-

2135 3706 2279 3762 visse
2315 3723 2382 3761 ex
2419 3713 2662 3760 Veterum
2686 3703 2972 3760 traditione
3011 3711 3224 3758 constat
3253 3721 3266 3758 :
3307 3711 3517 3758 servata
3542 3711 3729 3758 tamen

2137 3777 2484 3833 distinctione
2507 3771 2816 3846 temporum
2847 3789 2944 3846 pro
2967 3773 3180 3829 ratione
3203 3773 3733 3846 divinorumimyste-

2136 3848 2342 3905 riorum
2369 3862 2492 3918 quae
2518 3844 2723 3918 eisdem
2753 3844 3278 3918 commemorantur.
3309 3847 3450 3900 Nam
3481 3844 3624 3900 sicut
3647 3844 3735 3901 die

2136 3915 2433 3979 dominico,
2462 3917 2554 3989 qui
2579 3917 2981 3989 Resurrectioni
3013 3915 3232 3970 Domini
3245 3927 3340 3989 est
3361 3925 3730 3989 consecratus,

2138 3990 2210 4045 ita
2235 4000 2290 4046 et
2317 3986 2792 4063 Quinquagesimze
2821 3997 3086 4063 tempore,
3115 3986 3262 4058 quod
3294 4002 3331 4042 a
3351 3986 3612 4063 Paschate
3642 4001 3734 4042 us-

2178 4077 2243 4116 ue
2289 4057 2363 4116 ad
2393 4057 2746 4116 Penteéosten
2795 4057 3156 4130 protenditur,
3207 4073 3319 4112 non
3374 4057 3475 4130 nisi
3525 4066 3736 4113 stantes

2178 4077 2243 4116 ue
2289 4077 2356 4116 aa
2393 4077 2746 4116 νευῐθοοειθιι
2795 4077 3156 4130 ριὀῐθῐιαιῑυτ,
3207 4077 3319 4112 ΠΟΠ
3374 4077 3475 4112 nlSl
3525 4077 3736 4113 SlaDIES

2138 4077 2326 4188 ﬁdeles
2351 4131 2402 4188 in
2434 4130 2652 4202 publico
2691 4145 2868 4202 orare,
2904 4129 3020 4185 aliis
3048 4144 3174 4202 vero
3202 4127 3542 4202 temporibus
3563 4144 3736 4202 genua

2139 4203 2358 4260 ﬂectere
2379 4199 2570 4259 docuit
2609 4201 2920 4266 antiquitas,
2952 4209 3015 4256 ut
3052 4199 3190 4256 infra
3222 4199 3430 4255 dicetur
3467 4199 3732 4266 pluribus.

2137 4275 2276 4329 Sunt
2315 4274 2410 4345 qui
2441 4281 2630 4343 putent
2654 4271 3000 4345 Judaeorumq
3019 4271 3182 4345 etiam
3219 4286 3429 4345 rnorem
3457 4271 3648 4345 fuisse,
3676 4280 3738 4326 ut

2137 4331 2348 4400 stantes
2375 4331 2616 4409 orarent,
2660 4344 2806 4414 quod
2845 4331 3090 4414 pluribus
3131 4341 3187 4398 in
3228 4342 3360 4397 locis
3402 4343 3494 4412 qui
3539 4331 3735 4414 orant,

2139 4414 2387 4470 dicantur
2401 4421 2564 4469 stare.
2587 4413 2760 4469 Marci
2779 4413 2880 4470 xi:
2898 4417 2970 4470 Et
2988 4429 3106 4468 cum
3123 4414 3338 4468 stabitis
3353 4414 3428 4468 ad
3446 4413 3736 4475 orandum,

2140 4487 2417 4540 dimittitte
2437 4487 2488 4539 si
2511 4485 2645 4555 quid
2665 4486 2870 4540 habetis
2898 4485 3156 4539 adversus
3193 4485 3446 4554 aliquem.
3481 4486 3552 4539 Et
3571 4485 3741 4540 Luca‘.

2142 4572 2298 4613 xvm
2319 4576 2330 4611 :
2356 4557 2664 4612 Pharisccus
2682 4562 2832 4612 stans
2847 4557 2956 4610 lucc
2969 4556 3121 4625 apud
3139 4571 3194 4610 se
3210 4557 3420 4611 orabat.
3448 4556 3652 4625 Verum
3673 4571 3738 4610 ex

2141 4627 2261 4683 aliis
2298 4627 2436 4685 locis
2460 4627 2808 4698 perspicuum
2845 4636 2928 4682 est
2962 4623 3022 4680 in
3044 4642 3198 4698 more
3229 4627 3411 4698 potius
3447 4623 3648 4698 fuisse,
3680 4633 3745 4698 ut

2143 4699 2297 4754 ﬂexis
2320 4696 2550 4771 genibus
2579 4696 2817 4754 urerent.
2853 4699 3000 4754 Nam
3027 4697 3094 4753 de
3119 4696 3409 4754 Salomone
3431 4697 3570 4754 dicit
3592 4696 3740 4753 Scri-

3205 4771 3424 4838 ﬁccerat,
3469 4773 3520 4824 et
3546 4784 3743 4823 manus

2145 4839 2484 4912 expenderet
2521 4839 2817 4912 iaculum.
2853 4839 2933 4912 Ill
2965 4841 3104 4912 Reg.
3149 4854 3264 4894 vm
3297 4839 3547 4896 Christus
3567 4840 3741 4912 etiam

2145 4911 2302 4968 flexis
2329 4912 2559 4982 genibus
2601 4925 2785 4966 orasse
2811 4911 3026 4982 legitur.
3063 4911 3238 4966 Luca:
3266 4924 3403 4966 χχι.
3435 4911 3741 4982 Stephanus

2138 4977 2580 5054 positisugenibus
2611 4977 3008 5054 clamauit'coce
3023 4997 3241 5049 magna.
3261 4986 3387 5037 Act.
3415 4977 3744 5038 vufPetru‘s

2138 5053 2341 5125 ponens
2372 5071 2552 5124 genua
2581 5057 2758 5108 orarit
2777 5053 2976 5115 dicens,
3013 5054 3243 5108 Tabitha
3271 5069 3451 5121 surge.
3483 5061 3606 5108 Act.
3651 5068 3741 5108 1x.

2147 5127 2275 5181 Cum
2299 5127 2408 5180 hazc
2437 5127 2664 5180 diluisset
2691 5125 2914 5186 Paulus,
2937 5125 3132 5194 positis
3160 5126 3382 5192 genibus
3411 5126 3588 5178 orarit
3624 5139 3743 5178 cum

2145 5197 2390 5250 omnibus
2414 5197 2545 5250 illis.
2575 5203 2700 5251 Act.
2728 5210 2814 5251 xx
2836 5207 2890 5249 et
2907 5211 3030 5250 χχι.
3051 5195 3223 5250 Porro
3240 5194 3417 5251 standi
3445 5199 3670 5250 verbum
3689 5195 3743 5249 in

2147 5265 2324 5340 sacris
2350 5266 2571 5340 Litteris
2611 5282 2720 5322 non
2753 5281 2968 5340 semper
2990 5273 3195 5340 statum
3225 5264 3490 5340 corporis,
3522 5265 3740 5340 sed_a|i-

2149 5336 2365 5406 quando
2382 5337 2564 5392 solam
2589 5336 2940 5408 praesentiam
2957 5336 3246 5408 signiﬁcat.
3280 5339 3440 5408 Mett.
3471 5353 3591 5392 xvr.
3608 5338 3746 5408 Sunt

2149 5409 2372 5478 quidam
2388 5409 2454 5463 de
2475 5410 2558 5462 hic
2584 5407 2874 5470 sumtibus,
2903 5407 2958 5463 id
2977 5407 3082 5475 eSt,
3103 5407 3480 5478 praesentibus.
3509 5407 3746 5464 Proinde

2147 5490 2290 5534 stare
2317 5479 2386 5534 ad
2414 5479 2681 5534 orandum
2725 5494 2834 5534 non
2863 5487 2944 5534 est
2979 5487 3215 5534 stantem
3245 5495 3433 5546 orare;
3477 5479 3574 5534 sed
3603 5493 3744 5546 pree-

2149 5559 2356 5605 sentem
2395 5549 2583 5606 adesse
2613 5549 2680 5605 ad
2711 5549 3004 5617 orandum,
3037 5550 3116 5604 vel
3147 5548 3380 5605 orationi
3408 5548 3744 5606 incumbere.

2148 5623 2224 5678 Ita
2254 5621 2308 5677 S.
2334 5621 2636 5692 Cyprianus
2681 5621 2768 5675 lib.
2796 5621 2863 5676 de
2887 5623 3040 5677 Orat.
3083 5640 3096 5674 :
3131 5623 3260 5678 Cum
3291 5626 3520 5683 stamus,
3551 5619 3746 5690 inquit,

2149 5693 2223 5748 ad
2250 5695 2565 5755 orationem,
2596 5693 2902 5760 invigilare,
2931 5698 2982 5747 et
3008 5693 3310 5746 incumbere
3334 5692 3408 5745 ad
3429 5707 3612 5761 preces
3637 5695 3749 5746 toto

2150 5765 2306 5818 corde
2349 5763 2614 5818 debemus.
2652 5764 2724 5818 Et
2752 5765 2820 5818 D.
2860 5762 3184 5818 Benedictus
3227 5761 3422 5818 eodem
3459 5761 3658 5832 spiritu
3691 5769 3752 5815 et

2149 5851 2309 5890 sensu
2338 5853 2350 5888 :
2371 5835 2456 5890 Sic
2482 5839 2680 5890 stemus
2699 5834 2774 5888 ad
2791 5834 3153 5906 psallendum,
3179 5837 3241 5888 ut
3267 5849 3411 5888 mens
3423 5838 3612 5888 nostra
3629 5847 3752 5888 con-
