4052 6200
253 269 312 324 93
721 271 810 326 DE
845 269 1328 330 C(ENOBIORUM
1365 269 1609 331 lNSTlT.
1649 274 1776 329 LIB.
1817 274 1884 330 Il.
1922 301 1996 315 —
2031 273 2119 330 DE
2154 271 2539 351 NOC'LURNIS
2577 272 3055 330 ORATIONIBUS.
3245 333 3256 338 _
3400 355 3410 361 ἣ
3471 277 3542 330 94

253 392 492 465 expansis
541 393 792 452 manibus
831 395 1026 454 eodem
1074 397 1241 455 modo
1281 415 1390 470 quo
1437 400 1590 472 prius
1630 407 1838 456 stantes
1864 404 1918 468 Α
1949 407 2090 456 terra
2133 399 2448 463 surrexerit,
2492 398 2754 456 remorari
2803 405 3120 471 praesumat,
3164 413 3233 454 ne
3269 413 3385 454 non
3424 405 3540 454 tam

253 495 550 555 oraverant,
569 489 682 544 suis
705 488 958 560 precibus
979 491 1238 548 intentius
1254 491 1642 550 immorantur.
1667 493 1838 550 Humi

251 595 478 652 namque
510 579 714 638 diutius
751 585 1221 655 procumbentem,
1271 601 1384 642 non
1421 587 1602 643 solum
1634 586 1838 659 cogita-

251 675 476 732 tionibus
512 677 686 746 aiunt,
732 693 924 734 verum
949 680 1112 736 etiam
1153 695 1354 737 somno
1395 681 1614 753 gravius
1657 681 1839 753 impu-

250 767 410 841 gnari.
449 769 614 840 Quod
641 769 806 828 etiam
832 787 934 830 nos
975 789 1164 830 verum
1203 775 1568 838 esseutinam
1605 791 1717 830 non
1743 790 1840 830 ex-

251 863 572 935 perimentis,
604 871 660 921 et
695 866 1014 937 quotidiana
1043 868 1441 926 consuetudine
1472 883 1838 938 nosceremus,

249 957 333 1030 qui
358 973 734 1031 aapenumero
764 960 906 1018 hanc
933 962 1187 1019 eamdem
1215 961 1641 1020 incurvationem
1672 979 1842 1020 mem-

251 1049 494 1122 brorum,
520 1068 633 1109 non
657 1062 774 1110 tam
803 1055 1069 1112 orationis
1094 1071 1258 1128 quam
1280 1055 1585 1114 rel'ectionis
1613 1057 1840 1114 obtentu

247 1143 299 1200 in
323 1153 526 1201 terram
550 1147 810 1218 prostrati
834 1155 1087 1219 optamus
1110 1147 1314 1204 diutius
1341 1149 1668 1221 prolongari.
1698 1150 1842 1206 Cum

246 1245 426 1294 autem
453 1238 502 1295 is
537 1239 632 1311 qui
661 1239 960 1296 orationem
987 1239 1312 1296 collecturus
1344 1249 1448 1310 est,
1485 1256 1515 1297 e
1547 1249 1694 1297 terra
1717 1257 1839 1297 sur-

245 1331 408 1398 rexit,
451 1347 647 1390 omnes
691 1333 886 1404 pariter
924 1333 1231 1406 eriguntur;
1274 1337 1350 1391 ita
1391 1344 1456 1392 ut
1493 1335 1708 1406 nullus,
1743 1351 1845 1392 nec

1945 499 2168 548 secutus
2203 479 2371 547 fuisSe
2405 489 2544 547 illius
2579 491 2984 548 conclusionem
3019 493 3110 565 qui
3143 507 3362 565 precem
3392 490 3542 548 colli-

1944 585 2042 658 git,
2067 599 2236 657 quam
2263 599 2420 641 suam
2449 585 2750 642 celebrasse
2772 585 3042 645 credatur.

2535 716 2774 773 CAPUT
2809 716 2948 773 Vlll.

2150 843 2226 896 De
2251 839 2597 909 subsequente
2619 841 2858 895 oratione
2879 843 3002 911 post
3023 841 3312 911 psalmum.

2018 959 2162 1016 Illud
2206 961 2371 1016 etiam
2397 963 2422 994 ³
2470 960 2616 1032 quod
2646 961 2704 1016 in
2733 960 2834 1018 hac
2871 961 3144 1034 provincia
3188 962 3440 1028 vidimus,
3481 973 3548 1021 ut

1949 1069 2060 1109 uno
2113 1059 2363 1110 cantante
2413 1053 2467 1109 in
2511 1053 2770 1126 clausula_
2801 1054 3027 1126 psalmi,
3071 1071 3269 1112 omnes
3311 1064 3548 1114 atantes

1947 1148 2242 1204 concinant
2265 1162 2394 1204 cum
2440 1147 2711 1218 clamore,
2761 1149 2945 1206 Gloria
2983 1150 3172 1212 Patri,
3207 1153 3259 1205 et
3295 1151 3452 1213 Filio,
3499 1155 3549 1206 et

1947 1242 2178 1313 Spiritui
2207 1247 2408 1306 sancto,
2440 1257 2713 1314 nusquam
2752 1257 2847 1314 per
2885 1257 3106 1298 omnem
3138 1241 3420 1299 Orientem
3447 1259 3546 1300 au-

1948 1333 2201 1404 divimus,
2229 1335 2326 1392 sed
2358 1351 2486 1392 cum
2521 1337 2768 1392 omnium
2795 1334 3006 1392 silentio
3031 1335 3100 1391 ab
3129 1350 3198 1393 eo
3227 1337 3318 1408 qui
3344 1343 3546 1405 cantat,

241 1432 538 1500 antequam
583 1425 863 1484 inclinetur
898 1427 1004 1496 ille,
1047 1443 1190 1502 genu
1233 1427 1474 1498 ﬂectere,
1513 1445 1616 1486 nec
1651 1428 1778 1486 cu'm
1815 1445 1845 1486 e
1950 1428 2102 1488 ﬁnito
2131 1431 2342 1504 psalmo
2375 1431 2682 1488 orationem
2724 1429 3034 1488 succedere.
3064 1423 3092 1462 δ
3118 1431 3237 1486 Hac
3262 1445 3391 1487 vero
3413 1427 3550 1504 'glo-

1343 1583 1596 1640 ALARDI
1633 1585 1860 1642 GAZAEI
1897 1585 2453 1642 COMMENTARIUS.

241 1723 566 1796 cordetpoci
588 1723 802 1788 nos‘traa,
844 1723 934 1780 ubi
965 1724 1125 1796 paulo
1162 1732 1287 1781 ante
1316 1723 1566 1782 dixerat:
1609 1727 1740 1783 Cum
1775 1727 1851 1782 ad
1955 1735 2012 1782 et
2049 1725 2422 1783 additamenta
2469 1726 2560 1782 illo

241 1809 371 1864 opus
412 1794 657 1869 diuinum
695 1794 1014 1869 assistimus.
1057 1797 1277 1852 Stamus
1303 1813 1432 1869 ergo
1467 1797 1536 1852 ad
1579 1797 1848 1869 orandum

242 1873 351 1938 aut
395 1865 773 1938 psallendum,
829 1866 1048 1938 quando
1103 1883 1297 1922 sumus
1340 1865 1397 1922 in
1457 1867 1702 1924 oratione
1752 1877 1850 1924 aut

238 1932 564 2008 psalmodia,
595 1936 706 1994 sive
742 1932 926 2004 erecti,
956 1937 1066 1994 sive
1091 1953 1230 2008 genu
1261 1938 1405 2003 llexi,
1437 1939 1548 1995 sive
1575 1940 1846 2006 sedentes,

239 2006 356 2063 sive
389 2006 656 2078 jacentes,
695 2008 773 2064 ait
811 2008 1010 2065 doctor
1047 2006 1324 2065 Navarrus
1353 2009 1447 2065 lib.
1477 2009 1545 2066 de
1585 2010 1849 2066 Oratione
1956 2006 2174 2065 ventum
2203 2024 2312 2064 esse
2335 2025 2370 2062 a
2403 2006 2876 2071 Nicwnaconcilio,
2910 2008 3006 2062 sed
3029 2008 3100 2062 ab
3133 2006 3266 2078 ipsis
3303 2009 3558 2078 apostolo-

240 2092 364 2150 cap.
392 2084 448 2132 4.
473 2081 562 2134 De
586 2079 745 2135 tertio
773 2079 1016 2150 corporis
1043 2079 1256 2146 habitu,
1284 2095 1380 2150 seu
1407 2080 1764 2150 prostratione
1789 2081 1844 2135 in
1877 2141 1920 2150 _
1958 2097 2080 2136 mm
2101 2080 2423 2150 temporibus
2441 2079 2640 2150 ﬁdeles,
2663 2095 2782 2134 cum
2803 2081 2861 2133 in
2878 2078 3090 2150 nomine
3112 2081 3314 2141 Patris,
3335 2083 3386 2132 et
3405 2079 3553 2142 Filii,

241 2141 798 2230 terram,__excmplum
820 2141 1102 2230 praebuere
1120 2141 1307 2230 viginti
1328 2141 1561 2230 quatuor
1577 2151 1846 2230 seniores,
1877 2141 1926 2202 B
1960 2157 2010 2206 et
2030 2141 2268 2230 Spiritus
2295 2141 2914 2230 salictibaptizarentur,
2936 2149 3152 2230 easdem
3179 2155 3284 2204 tres
3299 2141 3558 2230 personas

239 2235 382 2291 quos
393 2220 524 2276 vidit
543 2220 784 2277 Joannes
793 2220 1130 2292 procidentes
1145 2220 1271 2276 ante
1280 2220 1547 2276 sedentem
1565 2223 1624 2276 in
1638 2223 1845 2284 throno,
1952 2220 2302 2280 sanctissima:
2333 2223 2616 2277 Trinitatis
2643 2220 2908 2292 ejusmodi
2929 2222 3136 2292 hymno,
3159 2221 3556 2292 congloriﬁca—re

240 2296 295 2346 et
321 2292 602 2363 adorantes
625 2291 888 2363 viventem
910 2295 969 2346 in
987 2293 1184 2363 scecula
1201 2293 1732 2363 saeculorum.Apoc.
1759 2307 1842 2347 IV.
1955 2295 2184 2363 cazpisse.
2210 2292 2361 2360 Quod
2380 2293 2595 2362 quidem
2623 2307 2690 2346 em
2711 2291 2984 2361 majorum
3009 2291 3322 2363 traditione,
3354 2291 3554 2360 absque

241 2361 336 2418 Ad
368 2361 475 2418 hoc
507 2363 670 2419 etiam
702 2362 966 2419 invitabat
987 2362 1270 2417 Psalmista
1299 2361 1478 2432 regius
1497 2361 1714 2418 dicens:
1745 2365 1846 2434 γε·
1955 2361 2139 2434 aliquo
2157 2361 2809 2434 sempto,’sibi'Ecclesiam
2824 2363 3118 2426 vindicare,
3135 2361 3384 2434 pluribus
3403 2365 3558 2432 afﬁr-

241 2435 377 2496 nite,
399 2434 686 2490 adoremus
709 2440 760 2490 et
775 2434 1128 2504 procidamus
1149 2439 1274 2489 ante
1297 2437 1496 2504 Deum,
1515 2441 1621 2490 etc.
1646 2433 1844 2489 Psalm.
1955 2433 2071 2491 mat
2115 2435 2170 2491 S.
2216 2433 2449 2492 Basilin
2486 2435 2563 2488 ad
2606 2435 3039 2504 Amphilochium
3074 2433 3304 2491 scribens
3339 2433 3406 2504 de
3441 2434 3555 2504 Spir

245 2519 420 2572 xcw;
471 2505 633 2576 idque
679 2503 885 2561 imitata
923 2503 1362 2576 Christianorum
1408 2503 1643 2560 militum
1690 2504 1847 2573 legio,
1957 2509 2071 2562 ritu
2092 2507 2306 2576 S.,ietc.
2332 2507 2427 2576 Ita
2445 2503 3078 2576 Baronius,signilicans
3103 2505 3157 2558 in
3185 2503 3422 2576 Ecclesia
3453 2503 3552 2559 Dei

244 2575 504 2648 quaesub
523 2573 717 2648 Marco
752 2574 971 2648 Aurelio
997 2577 1272 2632 Antonino
1297 2575 1380 2648 sic
1402 2578 1585 2648 Deum
1609 2585 1849 2648 precata,
1958 2575 2226 2648 ejusmodi
2259 2575 2709 2648 gloriﬁcationem
2735 2590 2796 2630 ex
2820 2573 2888 2630 eo
2915 2584 3161 2648 tempore
3197 2589 3304 2646 quo
3331 2573 3400 2630 ab
3425 2590 3557 2648 apo-

245 2645 499 2728 liostibus
518 2647 964 2728 internecionem,
989 2655 1044 2702 et
1072 2645 1355 2728 {temonis
1367 2645 1648 2728 militibus;
1649 2647 1850 2728 ultimo
1959 2645 2117 2728 stolis
2147 2645 2566 2728 promulgatum
2575 2654 2664 2727 est
2702 2645 3087 2728 Eaangeljum,‘
3099 2654 3157 2700 et
3196 2645 3323 2728 cum
3352 2649 3436 2727 (ut
3458 2645 3558 2727 di-

243 2717 995 2790 discrimineilaborantibus
1027 2717 1260 2774 salutem
1303 2717 1559 2790 obtinuit.
1587 2719 1854 2790 _Tes_ta_tur
1961 2715 2166 2790 ximus)
2195 2715 2412 2790 sacrum
2439 2715 2710 2790 bapgisma
2735 2716 2802 2772 ab
2831 2715 3042 2790 eisdem
3067 2716 3223 2788 jussu
3247 2715 3473 2790 Domini
3503 2717 3558 2772 in

245 2789 700 2862 etiam__Justinus
740 2785 947 2862 Martyr
982 2788 1124 2862 hanc
1163 2790 1363 2862 veteris
1381 2787 1650 2862 Ecclesiae
1690 2785 1855 2844 fuisse
1956 2787 2430 2862 nomineuPatris,
2460 2785 2684 2862 et’Eilji,
2728 2795 2784 2842 et
2827 2785 3261 2862 Spiritus'sancti
3299 2787 3561 2862 collatum

247 2859 442 2932 orandi
466 2856 949 2932 consuetudinem,
979 2859 1205 2932 genibus
1233 2859 1446 2932 positis,
1473 2858 1723 2932 manibus
1751 2874 1857 2932 cae-
1957 2869 2080 2932 est,_
2098 2875 2129 2914 a
2168 2857 2419 2932 ﬁdelibus
2446 2856 2916 2932 occini__cmp_tam,
2944 2856 3231 2932 _et_ab‘sque
3263 2857 3470 2928 scripto
3501 2859 3564 2912 li-

244 2930 508 2988 dentibus
535 2940 743 3004 pectus,
784 2940 842 2988 et
881 2925 1018 2988 facie
1049 2925 1533 3004 humivolutante,
1559 2929 1670 2986 sive
1700 2930 1856 3004 vo_lu-
1958 2929 2170 3004 delibus
2194 2929 2475 2994 traditam,
2493 2925 2921 3004 pluribus—idem
2945 2925 3174 2984 inferius
3195 2925 3393 3004 docey'
3414 2943 3562 3004 eam-

245 3009 381 3058 tata.
425 3000 600 3058 Porro
629 3002 697 3058 de
723 3005 984 3066 sessione,
1019 3017 1184 3072 quam
1213 3001 1356 3057 inter
1395 3009 1601 3072 gestus,
1636 3017 1731 3057 seu
1761 3000 1857 3056 ha-

245 3072 395 3129 bitus
423 3074 696 3130 orantium
710 3081 780 3146 et
811 3074 1154 3146 psallentium
1179 3082 1370 3146 quarto
1397 3072 1519 3128 loco
1549 3072 1854 3146 posuimus,

243 3145 501 3216 quamvis
538 3143 906 3201 Tertulliauus
949 3143 1208 3216 sedendo
1237 3145 1466 3200 adorare
1501 3143 1657 3216 citra
1701 3143 1856 3200 disci-

246 3214 460 3286 plinam
489 3230 608 3270 esse
634 3223 882 3280 testetur,
911 3215 1248 3286 contrarium
1271 3222 1458 3286 tamen
1485 3214 1646 3286 docet
1677 3230 1858 3270 exem-

243 3283 412 3357 plum
454 3293 704 3357 veterum
742 3285 1162 3357 monachorum,
1190 3285 1259 3338 de
1283 3283 1482 3357 quibus
1521 3283 1612 3340 hic
1647 3287 1855 3357 agitur;
1967 3289 2096 3341 tat-is
2126 3287 2384 3357 hymnum
2423 3285 2492 3340 ab
2521 3300 2584 3338 ea
2603 3288 2846 3355 primum
2870 3287 3168 3346 inventum,
3195 3285 3277 3337 ita
3304 3298 3397 3338 nec
3420 3287 3483 3338 ut
3506 3285 3564 3336 in

239 3353 402 3428 quos
435 3369 499 3409 ea
546 3354 802 3428 varietate
831 3355 901 3428 ad
930 3353 1238 3428 tollendum
1279 3353 1570 3428 fastidium,
1604 3363 1658 3409 et
1685 3353 1862 3411 Suble-
1965 3361 2070 3426 ﬁne
2084 3353 2339 3426 cujusque
2352 3357 2558 3426 psalmi
2573 3353 3269 3428 caneremr,_essestatutu.m
3281 3357 3562 3428 putamus.

240 3423 498 3482 validam
523 3425 770 3496 corporis
787 3425 1159 3498 infirmitatem
1180 3439 1312 3498 usos
1333 3423 1497 3480 fuisse
1517 3440 1861 3498 commemo-
1964 3423 2232 3498 Equidem
2242 3423 2308 3481 ἐἰ
2338 3423 2540 3496 magna
2567 3427 2804 3495 synodus
2831 3425 2892 3480 id
2915 3428 3211 3498 statuisset,
3239 3423 3565 3498 uniformem

244 3506 348 3576 rat_
370 3498 606 3560 Auctor,
625 3495 702 3551 ’ut
735 3496 900 3576 modo
925 3503 1148 3576 stantes,
1173 3495 1352 3576 modo
1383 3496 1660 3576 prostrati,
1693 3497 1860 3553 modo
1899 3512 1944 3576 ρ
1970 3495 2218 3576 regulam
2251 3501 2415 3576 (sicut
2439 3495 2500 3552 in
2537 3499 2778 3576 ueteris)
2806 3497 3052 3554 Ecclesiis
3087 3497 3328 3576 omnibus
3349 3497 3566 3576 pariter

245 3568 511 3641 sedeates
527 3578 750 3641 Orarcnt
766 3575 819 3622 et
837 3565 1149 3641 psallerent.
1164 3570 1340 3641 Quam
1357 3565 1519 3623 etiam
1537 3568 1860 3641 varietatem
1905 3565 1944 3576 ν
1965 3565 2402 3641 praescripsisset,
2435 3586 2470 3622 a
2489 3584 2596 3638 qua
2613 3569 2792 3623 nullus
2816 3583 3076 3641 umquam
3103 3567 3339 3641 deviare,
3350 3565 3454 3621 fuel
3479 3567 3566 3621 la-

248 3640 312 3711 in
339 3637 539 3694 ofﬁciis
567 3638 937 3711 ecclesiasticis
975 3637 1293 3711 peragendis
1318 3639 1635 3711 communis
1674 3639 1863 3696 Eccle-
1965 3637 2086 3696 tum
2100 3637 2334 3710 unguem
2348 3637 2632 3711 praeterire
2651 3639 2952 3711 aliquando
2960 3640 3389 3711 prwsumpsisset
3409 3657 3426 3693 :
3448 3653 3566 3693 cum

246 3710 348 3766 siin
385 3717 610 3782 ususnet
644 3709 952 3782 observatio
980 3709 1604 3782 hactenusapprobavit.
1637 3713 1712 3782 Ex
1739 3711 1860 3780 qui-
1972 3717 2150 3768 tamen
2178 3709 2454 3766 uideamus
2479 3711 2718 3765 diversas
2745 3709 2820 3766 ea
2847 3710 2914 3764 de
2944 3725 3003 3763 re
3037 3711 3208 3782 fuisse
3231 3709 3568 3782 diversarum

254 3782 362 3836 bus
391 3780 771 3852 intelligendus
801 3791 864 3852 ret
887 3779 1360 3852 iinterpretandus'
1375 3781 1520 3836 venit
1547 3781 1695 3852 card.
1731 3779 1866 3838 Tur-
1972 3785 2332 3840 Ecclesiarum
2374 3782 2798 3844 consuetudines,
2839 3783 3086 3852 ritusque
3129 3781 3436 3852 dissimiles.
3475 3781 3568 3852 Sic

255 3851 620 3914 recrematus,
665 3851 754 3923 qui
795 3851 848 3924 in
886 3851 1090 3924 locum;
1117 3851 1317 3922 regulae
1363 3867 1526 3923 supra
1575 3851 1868 3924 allegatum
1972 3866 2205 3923 namque
2249 3855 2534 3910 Cassianus
2563 3854 2644 3906 ait
2673 3871 2690 3907 :
2734 3873 2763 3904 (ι
2801 3851 2944 3908 Illud
2975 3853 3140 3924 etiam
3169 3851 3335 3924 (quod
3373 3852 3434 3904 in
3459 3851 3569 3924 hac

254 3923 563 3996 annotavit,
597 3921 868 3996 Psallendi
897 3921 1261 3992 disciplinam,
1289 3939 1356 3978 ex
1378 3921 1642 3996 sententia
1670 3921 1740 3979 D.
1768 3925 1868 3978 Be-
1969 3921 2250 3996 provincia
2264 3925 2518 3990 vidimus)
2531 3928 2591 3978 ut
2605 3939 2709 3977 uno
2729 3927 2998 3996 cantante,
3020 3925 3077 3976 in
3095 3922 3337 3996 clausula
3345 3921 3567 3996 psalmi,

253 3995 486 4060 nedicti,
516 3997 574 4049 in
598 3995 771 4050 tribus
800 3997 1082 4048 consistere
1109 4011 1125 4047 :
1153 4009 1276 4062 qua:
1299 3998 1444 4056 sunt,
1471 3993 1665 4062 inquit,
1695 3999 1869 4049 status
1969 3993 2152 4050 omnes
2166 4000 2404 4050 astantes
2416 3995 2825 4050 concinantcum
2837 3993 3344 4048 clamore:GLonu
3361 3993 3568 4054 PATBI.

253 4067 892 4128 rererentia,attentionis
903 4065 1407 4133 sigilantiaxantus
1417 4065 1723 4132 disciplina.
1733 4067 1872 4119 Nam
1979 4081 2054 4122 ΕΤ
2069 4067 2252 4130 Ριιιο,
2267 4081 2340 4121 s'r
2353 4068 2455 4122 δίη
2464 4080 2612 4121 nl'ru
2622 4079 2642 4118 ι
2659 4079 3186 4132 ssuc'romusquam
3189 4078 3292 4132 per
3305 4063 3588 4128 Orientem

255 4144 441 4192 status
465 4137 765 4192 reverentia
785 4151 898 4190 non
909 4128 1085 4189 'niodo
1105 4143 1352 4188 erectum
1376 4128 1620 4203 corporis
1637 4141 1866 4201 statum,
1976 4128 2283 4191 audivimus
2312 4155 2329 4192 :
2356 4137 2450 4190 sed
2472 4151 2592 4190 cum
2615 4137 2852 4189 omnium
2874 4128 3105 4203 silentio,
3131 4128 3211 4185 ab‘
3223 4147 3300 4193 eo,
3331 4134 3430 4200 qui
3449 4148 3571 4186 can-

257 4205 362 4264 sed
399 4215 454 4262 et
496 4206 958 4279 genuﬂexionem,
1001 4211 1057 4260 et
1098 4202 1544 4276 prostrationem,
1582 4205 1870 4279 et__s_essio-
1981 4211 2084 4269 tat,
2115 4209 2266 4275 ﬁnito
2293 4207 2506 4279 psalmo
2534 4206 2830 4279 orationem
2857 4202 3162 4279 succedere;
3189 4203 3290 4257 hac
3311 4217 3436 4279 uero
3459 4203 3570 4271 glo-

256 4293 421 4344 nem,
473 4271 529 4347 et
569 4293 792 4334 omnem
829 4271 1439 4347 debitamfcongruam
1474 4283 1528 4330 et
1562 4273 1871 4346 religiosam
1979 4271 2276 4347 riﬁcatione
2293 4271 2599 4330 Trinitatis
2637 4271 3006 4347 tantummodo
3031 4272 3196 4347 solere
3222 4273 3576 4347 antiphonam

1957 1797 2144 1852 audire
2185 1797 2541 1853 disserentem
2570 1814 2584 1850 :
2615 1799 2776 1860 Illud,
2805 1797 2999 1867 inquit,
3025 1797 3315 1867 inprimis
3336 1814 3553 1853 monen-

1957 1869 2088 1923 dum
2109 1871 2386 1937 putamus,
2416 1867 2680 1936 ejusmodi
2703 1869 2958 1936 hymnum
2989 1869 3394 1937 gloriﬁcationis
3416 1870 3492 1923 sic
3515 1886 3551 1922 a

1957 1938 2257 2008 majoribus
2285 1939 2506 2002 dictum,
2544 1953 2891 2007 nequaquam
2932 1943 3026 2003 (ut
3066 1939 3168 1991 alii
3199 1942 3430 2007 putant)
3467 1941 3553 1992 in-

1958 3001 2197 3072 demque
2247 2998 2708 3072 pronuntiandam
2731 3001 3108 3072 {essezmonan
3157 3006 3231 3072 ut
3259 3013 3290 3053 a
3323 2998 3563 3072 Domino

1958 3069 2166 3142 accepit
2192 3069 2452 3128 Ecclesia.
2502 3073 2572 3126 Et
2599 3069 2738 3126 infra
2767 3069 2991 3141 subjicit
3032 3069 3304 3142 Baronius
3337 3085 3352 3123 :
3395 3071 3564 3142 Porro

1965 3144 2111 3214 quod
2139 3145 2335 3198 attinet
2378 3143 2452 3198 ad
2481 3142 2694 3197 decreta
2737 3144 2968 3200 Nicena:
2993 3141 3207 3211 synodi,
3249 3142 3391 3214 sicut
3405 3141 3563 3214 nullo

1965 3213 2122 3270 modo
2149 3214 2435 3270 dicendum
2474 3217 2553 3268 est
2579 3214 2984 3283 glorificationis
3007 3213 3358 3268 sanctissima
3390 3213 3567 3266 Trini-

2610 1745 2622 1781 :
2675 1729 2824 1798 Sicut
2865 1733 2984 1782 erat
3017 1729 3074 1782 in
3100 1729 3390 1798 principio,
3417 1735 3550 1792 etc.,
3639 1724 3646 1730 ’

258 4345 723 4430 compositionem
753 4363 866 4430 pra
897 4348 1105 4404 ratione
1131 4355 1187 4402 et
1213 4345 1780 4420 exigentiattemporis
1821 4352 1876 4402 et

257 4415 432 4492 cilicii
462 4415 894 4492 comprehendit.

333 4486 362 4524 ⁵
415 4486 698 4547 Provincia
746 4504 943 4561 nempe
986 4487 1362 4561 Narbonensi,
1405 4488 1535 4545 alias
1577 4489 1874 4561 Phocensi,

260 4563 358 4618 ubi
387 4562 662 4643 Massilia,
681 4561 825 4643 apud
840 4559 1039 4643 quam,
1075 4568 1211 4616 teste
1248 4559 1548 4643 Ganaadio,
1584 4559 1872 4643 Cassianus

259 4649 435 4705 agens
471 4641 597 4705 tam
641 4631 1048 4705 Institutionum
1090 4646 1254 4705 quam
1297 4631 1873 4705 Collationumlibros

261 4700 638 4788 ιε-ὂιιξεπῇρείίῐ.Δ
659 4703 803 4788 Hinc
831 4710 980 4788 patet
1008 4700 1256 4788 Qas’siani
1273 4703 1474 4788 saeculo
1498 4703 1551 4788 in
1580 4701 1874 4788 Gallicanis

265 4773 552 4844 Ecclesiis,
583 4783 647 4832 ut
675 4784 730 4830 et
769 4773 1091 4844 in'Ecclesia
1121 4775 1413 4844 Romana,
1435 4775 1610 4830 solere
1644 4773 1698 4828 in
1730 4774 1874 4829 clau-

263 4847 383 4902 sula
413 4843 540 4918 sive
559 4854 684 4918 post
727 4845 891 4900 linem
921 4843 1182 4918 cujusque
1222 4843 1416 4918 psalmi
1459 4844 1730 4918 decantari
1761 4859 1872 4918 v_er-

264 4918 508 4973 siculum
525 4912 680 4972 illum
700 4938 712 4972 :
738 4918 923 4974 Gloria
941 4912 1110 4987 Patri,
1127 4920 1180 4970 et
1196 4912 1352 4977 Filio,
1362 4923 1474 4987 etc.
1488 4917 1570 4970 De
1587 4931 1696 4987 quo
1712 4912 1872 4971 infra.

265 4991 375 5044 Per
403 4989 690 5070 Oricntem
718 5003 850 5070 vero
874 4995 930 5042 et
962 4986 1106 5057 apud
1133 4985 1439 5043 Orientales
1467 4985 1764 5043 monachos
1789 5001 1876 5042 se-

265 5076 390 5127 cus,
421 5067 486 5115 ut
513 5059 605 5114 hic
627 5057 844 5114 dicitur.
1072 5128 1083 5139 .
1267 5127 1278 5139 .
1575 5126 1588 5138 ι

343 5125 372 5163 ¹³
402 5133 486 5186 Ita
526 5129 841 5202 legendum,
882 5135 944 5202 ut
984 5127 1112 5202 legit
1149 5137 1204 5184 et
1234 5135 1362 5202 citat
1391 5127 1762 5202 Baromusad
1787 5143 1879 5183 an-

267 5218 409 5259 num
453 5197 670 5258 Domini
707 5205 835 5256 325.
873 5201 958 5256 Sic
1000 5197 1144 5255 enim
1185 5197 1734 5270 postulatisententia,
1772 5214 1878 5270 qua

270 5277 452 5329 voluit
493 5274 706 5328 Auctor
733 5270 970 5326 indicare
1004 5269 1291 5325 discrimen
1321 5285 1386 5324 ac
1415 5269 1686 5326 diversum
1712 5269 1879 5325 ritum

269 5345 638 5401 Orientalium
670 5358 702 5398 a
740 5342 948 5398 Latinis
991 5349 1068 5397 et“
1089 5339 1536 5412 Occidentalibus
1566 5359 1580 5395 :
1612 5354 1735 5412 qua:
1761 5340 1878 5412 qui-

271 5417 400 5472 dem
429 5414 721 5471 diversitas
744 5413 800 5469 in
832 5429 899 5470 eo
927 5413 1196 5484 consistit,
1221 5413 1368 5484 quod
1397 5411 1543 5484 apud
1572 5411 1878 5484 Orientales

273 5496 328 5542 et
369 5486 675 5560 Egyptios,
693 5482 1366 5560 uterantaillimonachi,
1387 5482 1580 5560 versus
1603 5482 1689 5538 ille
1721 5503 1733 5539 :
1765 5484 1881 5560 Glo-

275 5561 366 5612 ria
390 5553 566 5619 Patri,
591 5562 643 5612 et
669 5558 825 5619 Filio,
851 5559 902 5610 et
916 5555 1162 5626 Spiritui
1177 5559 1356 5626 sancto
1374 5557 1562 5626 (quam
1590 5562 1746 5626 vocat
1767 5553 1879 5626 glo-

274 5629 638 5686 riﬁcationem
675 5623 984 5693 Trinitatis)
1027 5642 1136 5680 non
1177 5623 1448 5682 diceretur
1489 5626 1542 5681 in
1585 5623 1696 5697 ﬁne
1739 5623 1880 5697 psal-

275 5715 524 5766 morum,
551 5707 613 5755 ut
651 5699 794 5755 solet
833 5698 889 5753 in
933 5697 1166 5753 Ecclesia
1197 5697 1410 5764 Latina,
1449 5699 1545 5753 sed
1580 5695 1636 5752 in
1659 5695 1768 5752 ﬁne
1796 5711 1882 5750 an-

273 5771 653 5841 tiphonarum.
695 5773 898 5841 Verum
937 5783 1116 5841 opera:
1159 5768 1395 5841 pretium
1439 5766 1601 5841 fuerit
1629 5767 1885 5841 eumdem

273 5838 582 5899 Baronium
610 5840 680 5898 de
700 5840 805 5896 hoc
829 5838 1007 5906 versu,
1034 5838 1257 5912 ejusime
1279 5839 1501 5910 antiqua
1525 5838 1884 5906 institutione,

1904 4887 1955 4950 D

1984 4345 2288 4402 terminari.
2307 4365 2334 4397 ι)
2359 4349 2484 4402 Haec
2500 4347 2613 4414 ipse
2638 4363 2654 4399 :
2677 4361 2745 4400 em
2763 4345 2958 4416 quibus
2978 4346 3159 4407 etiam,
3183 4346 3322 4398 sicut
3343 4361 3410 4398 ea:
3431 4346 3572 4402 mul-

1984 4421 2055 4474 tis
2074 4419 2220 4480 aliis,
2249 4418 2606 4472 commentitia
2618 4417 2784 4487 plane
2807 4417 3078 4486 detegitur
3095 4416 3317 4486 epistola
3336 4417 3435 4470 illa
3452 4418 3572 4472 Hie-

1983 4491 2208 4558 nonymi
2225 4491 2436 4544 nomine
2459 4489 2533 4542 ad
2557 4491 2852 4546 Damasum
2879 4489 3208 4556 consignata,
3235 4503 3358 4558 qua:
3383 4490 3574 4543 merito

1979 4563 2050 4617 ab
2073 4560 2321 4623 eruditis,
2349 4562 2666 4630 Hieronymi
2692 4575 2775 4615 res
2796 4561 3103 4614 accuratius
3130 4559 3573 4630 empendentibus,

1978 4639 2042 4688 ut
2067 4633 2400 4696 adulterina,
2423 4631 2554 4702 jure
2576 4632 2906 4702 erploditur,
2931 4631 2990 4684 in
3011 4645 3122 4699 qua
3140 4631 3250 4684 haec
3277 4630 3572 4702 leguntur:

1984 4727 2008 4752 «ι
2037 4707 2294 4760 Precatur
2317 4701 2442 4772 ergo
2458 4703 2619 4758 cliens
2643 4701 2789 4764 tuus,
2816 4707 2879 4757 ut
2906 4716 3010 4755 υοω
3030 4702 3140 4754 ista
3151 4702 3503 4772 psallentium
3521 4701 3578 4753 in

1981 4775 2114 4832 Sede
2149 4779 2245 4830 tua
2289 4767 2552 4836 Bouiana,
2595 4773 2684 4828 die
2721 4778 2982 4842 noctuque
3009 4767 3261 4832 canatur,
3297 4767 3363 4824 et'
3374 4772 3452 4842 in_
3473 4771 3579 4842 fine

1978 4847 2183 4916 psalmi
2197 4845 2498 4914 cujuslibet,
2519 4846 2628 4916 sive
2645 4839 2946 4916 matutinis,
2973 4844 3082 4916 sive
3098 4841 3412 4916 aespartinis

1985 4909 2242 4986 conjungi
2254 4909 2540 4986 pracipiat
2557 4915 2905 4983 Apostolatus
2929 4913 3013 4966 tui
3029 4910 3159 4964 ordo
3182 4928 3197 4963 :
3221 4909 3458 4964 GLonu
3479 4909 3581 4964 PA-

1985 5003 2116 5052 τω,
2140 5001 2214 5041 nr
2235 4987 2430 5050 FILIO,
2447 5000 2523 5040 e'r
2539 4986 2814 5039 SPIBITUI
2831 4993 3094 5044 smcro;
3119 4993 3302 5036 srcur
3326 4994 3486 5036 seu
3513 4995 3576 5036 IN

1989 5070 2322 5119 PRINCIPIO,
2353 5063 2456 5109 etc.
2489 5077 2512 5100 ι·
2544 5056 2606 5110 Si
2626 5055 2767 5108 enim
2784 5055 2841 5107 in
2869 5053 3082 5108 Oriente
3104 5067 3370 5122 nusquam
3398 5067 3454 5106 se
3475 5068 3578 5107 au-

1988 5129 2130 5183 disse
2151 5127 2330 5195 inquit
2367 5126 2678 5186 Cassianus,
2707 5128 2771 5179 ut
2807 5125 2865 5177 in
2901 5125 3006 5192 ﬁne
3025 5124 3232 5192 psalmi
3252 5123 3522 5178 diceretur
3561 5144 3577 5180 :

1988 5201 2221 5256 GLonu
2256 5199 2468 5263 PATBI,
2498 5205 2630 5259 etc.,
2667 5195 2925 5264 quomodo
2961 5211 3029 5252 ea:
3071 5195 3304 5252 Orientis
3331 5211 3477 5250 more
3515 5195 3583 5252 de

1988 5269 2253 5340 ejusmodi
2279 5267 2556 5339 psallendi
2581 5282 2770 5335 genere
2797 5269 3151 5340 Hieronymus
3173 5269 3354 5340 potuit
3373 5270 3580 5340 Dama-

1987 5339 2108 5399 sum
2145 5343 2412 5395 monuisse
2437 5357 2454 5393 :
2485 5355 2604 5392 cum
2636 5343 2798 5394 antea
2825 5343 2938 5394 tam
2964 5340 3023 5392 in
3051 5339 3381 5395 Occidentali
3409 5339 3584 5394 Eccle-

1983 5416 2086 5475 sia,
2121 5428 2287 5482 quam
2307 5413 2364 5466 in
2393 5410 2676 5472 Orientali,
2703 5410 3024 5478 ejuscemodi
3035 5409 3316 5482 psallendi
3329 5423 3499 5482 usum
3510 5413 3587 5465 vi-

1987 5479 2164 5553 quisse
2189 5483 2331 5537 idem
2353 5482 2635 5550 afﬁrmet?
2659 5483 2766 5548 Qui
2779 5485 2957 5535 tamen
2977 5481 3148 5536 eidem
3169 5479 3409 5553 epistolis
3423 5480 3584 5548 ﬁdem

1987 5550 2371 5616 adhibuerunt,
2403 5569 2471 5606 em
2510 5554 2566 5609 S.
2606 5553 2919 5620 Hieronymi
2942 5553 3150 5606 monitu
3174 5550 3235 5604 id
3255 5550 3525 5620 sancitum
3552 5567 3588 5605 a

1988 5631 2222 5683 Damaso
2241 5627 2644 5680 existimarunt.
2676 5619 2826 5691 Quod
2842 5625 3018 5692 igitur
3039 5627 3168 5676 ante
3189 5619 3470 5692 concilium
3485 5621 3583 5676 Ni-

1991 5712 2214 5759 ccenum,
2245 5712 2312 5751 ea:
2337 5696 2628 5750 traditione
2652 5699 2733 5760 (ut
2757 5691 3010 5768 vidimus)
3033 5691 3588 5768 apustolorum,'_oig‘e_-

1993 5772 2076 5823 ret
2101 5783 2230 5822 usus
2263 5769 2322 5822 in
2349 5768 2604 5828 Ecclesia,
2635 5759 2755 5820 uta
2781 5759 3028 5836 ﬁdelibus
3065 5759 3477 5836 lJKQniﬂcatianis
3507 5759 3592 5836 qi—

1993 5843 2104 5894 ctus
2129 5839 2358 5907 hymnus
2378 5825 2703 5892 occineretur
2719 5825 2934 5904 ubique,
2956 5825 3304 5886 licet'diverso
3323 5825 3458 5883 ritu,
3479 5825 3593 5877 alia
