4062 6196
449 278 516 330 95
1645 312 1680 342 ο

1788 271 2066 330 JOANNIS
2101 271 2402 330 CASSIANI
3679 275 3747 327 96

447 397 747 455 riticatione
789 397 1065 455 Trinitatis
1091 396 1480 488 tantummodo
1509 397 1685 455 solere
1723 401 1746 432 ⁸
1789 396 2042 470 antipho-
2073 402 2126 465 Α
2154 398 2328 454 rimus
2371 419 2384 456 :
2428 398 2800 455 necessarium
2825 405 3011 454 tamen
3043 411 3168 453 reor
3196 410 3294 468 pro
3336 395 3747 468 opportunitate

446 505 575 548 nam
599 490 896 548 terminari.

1005 609 1016 618 -
1049 584 1293 640 CAPUT
1327 585 1432 640 IX.

885 684 962 737 De
983 680 1244 750 qualitate
1267 680 1592 734 orationum.

517 776 588 829 Et
615 773 739 846 quia
766 789 870 830 nos
909 767 935 806 ³³
963 773 1031 830 ad
1059 773 1372 828 orationum
1404 772 1786 830 canonicarum
1809 772 2039 830 modum

443 876 840 940 consequenter
867 867 1256 922 institutorum
1297 865 1432 923 ordo
1479 867 1754 938 provexit,
1807 882 2040 938 quarum

445 961 744 1033 pleniorem
788 967 1081 1017 tractatum
1125 960 1252 1016 licet
1301 959 1355 1014 in
1401 959 1718 1016 collationes
1762 960 2040 1017 seniorum

445 1069 806 1123 reservemus,
843 1054 1042 1111 ibidem
1065 1055 1274 1127 plenius
1299 1054 1578 1126 digesturi,
1600 1070 1730 1111 cum
1758 1054 1827 1111 de
1849 1069 2038 1111 earum

447 1146 705 1220 qualitate
737 1163 835 1205 seu
861 1147 1092 1222 jugitate
1131 1146 1308 1206 verbis
1339 1162 1528 1206 eorum
1568 1146 1830 1206 disserere
1857 1162 2036 1220 cmpe-

2151 491 2254 548 loci
2289 507 2354 548 ac
2389 489 2720 548 narrationis
2759 491 2948 564 ipsius,
2978 489 3238 563 quoniam
3277 489 3348 545 ita
3379 487 3580 546 obtulit
3622 504 3747 547 sese

2141 586 2384 654 occasio,
2425 586 2590 642 etiam
2629 585 2684 642 in
2723 585 2974 658 praesenti
3021 600 3190 658 pauca
3244 584 3602 659 perstringere
3621 623 3638 652 ,
3684 591 3748 640 ut

2149 679 2448 736 formantes
2474 679 2688 736 interim
2725 678 3006 736 exterioris
3033 676 3268 734 hominis
3301 687 3512 746 motus,
3539 685 3596 732 et
3633 677 3746 733 vel-

2147 783 2208 830 ut
2251 771 2506 846 quaedam
2559 789 2707 831 nunc
2753 771 3014 829 orationis
3063 771 3414 828 fundamenta
3457 769 3743 842 jacientes,

2149 867 2358 923 minore
2403 874 2536 939 post.
2567 864 2687 923 haec
2727 865 2912 922 labore
2952 880 3079 921 cum
3121 863 3452 936 coeperimus
3486 861 3559 946 de
3597 869 3744 918 statu

2147 961 2420 1019 interioris
2447 959 2684 1018 hominis
2706 960 3002 1032 disputare,
3033 958 3343 1015 orationum
3383 965 3602 1029 quoque
3627 955 3746 1028 ejus

2144 1053 2356 1129 fastigia
2392 1057 2796 1112 construamh.
2838 1053 2977 1110 lllud
3001 1061 3128 1110 ante
3163 1051 3346 1110 omnia
3374 1049 3741 1124 providentes,

2144 1157 2206 1205 ut
2233 1147 2278 1206 si
2305 1163 2408 1205 nos
2432 1147 2502 1205 ab
2524 1147 2613 1204 illa
2636 1147 2948 1206 narratione
2971 1161 3138 1222 quam
3161 1145 3409 1220 cupimus
3431 1151 3746 1220 opportune

1536 1303 1789 1360 ALARDI
1825 1305 2050 1360 GAZJEI
2085 1303 2644 1370 COMMENTARIUS.

443 1450 710 1520 occasione
763 1464 942 1504 recens
984 1452 1184 1520 accepit
1229 1449 1680 1506 additamentum.
1729 1453 1868 1507 Nam
1920 1467 2039 1506 cum

443 1520 648 1574 Ariani
679 1519 1356 1590 blasphemantes’dicerent
1375 1523 1573 1578 Filium
1591 1539 1626 1576 a
1647 1525 1806 1578 Patre
1832 1525 1889 1576 in
1911 1527 2036 1576 tem-

435 1605 570 1659 pore
583 1592 884 1672 factumaet
900 1593 1072 1672 fuisse
1092 1595 1297 1672 tempus
1316 1593 1532 1672 quando
1549 1609 1656 1672 non
1675 1597 1816 1672 erat,
1829 1594 2040 1672 placuit

441 1665 642 1714 sanctae
659 1663 862 1730 synodo
881 1663 1140 1718 adversus
1159 1663 1421 1732 ejusmodi
1436 1665 1680 1718 hwresim
1700 1663 1842 1718 addi
1853 1664 1928 1718 ad
1948 1681 2039 1718 an-

443 1733 656 1800 tiquum
675 1733 1078 1802 gloriﬁcattbm‘s
1101 1736 1358 1802 hymnum
1383 1735 1538 1790 :GLO
1547 1750 1649 1790 nu
1673 1737 1877 1800 PATBI,
1899 1743 2032 1802 etc.,

439 1802 594 1856 illam
613 1805 979 1873 appendicem,
999 1821 1110 1874 qua
1133 1806 1332 1859 dicitur
1353 1824 1370 1859 :
1395 1807 1578 1862 SICUT
1601 1821 1754 1861 anu
1778 1821 1842 1861 1N
1864 1821 2030 1861 PBIN-
2070 1845 2117 1907 B

441 1886 614 1907 ,ηπιη
661 1889 736 1907 υ...
756 1889 922 1907 ...τινα
942 1889 1017 1907 υ...
1039 1890 1277 1907 sm...“
1329 1891 1480 1907 πη,
1505 1891 1532 1907 ρ
1553 1890 1695 1907 πρ...
1720 1890 1736 1907 ι
1766 1891 1792 1907 ι,
1815 1891 1955 1907 .,,....
1973 1891 2007 1907 η

440 1886 634 1942 CIPIO,
661 1889 736 1929 ΒΤ
756 1889 922 1930 NUNC
941 1889 1017 1930 ΒΤ
1038 1890 1304 1941 SEMPEB,
1329 1891 1480 1932 ETlN
1505 1890 1747 1932 SECULA
1765 1891 2036 1934 SECULO-

443 1950 835 2016 ΒωίχΑΜΕΝ.
872 1948 1168 2016 Hucusque
1201 1946 1468 2002 Batonius
1505 1947 1628 2002 huic
1651 1948 1887 2004 Cassiani
1914 1948 2032 2004 loco

439 2014 1233 2090 elucidandoperopportune,
1275 2027 1338 2072 ut
1372 2017 1505 2072 mihi
1542 2017 1849 2090 videbatur,
1877 2019 2030 2090 adhi-

442 2085 669 2158 bendus.
698 2085 832 2158 Vide
861 2085 1013 2158 plura
1035 2087 1180 2158 apud
1201 2089 1361 2144 Joan.
1397 2089 1714 2146 Durandum
1741 2091 1810 2147 de
1830 2085 2032 2147 ritibus

445 2157 696 2228 Ecclesia;
724 2157 818 2211 lib.
847 2157 924 2228 tu
952 2157 1085 2228 cap.’
1104 2163 1190 2212 15.

511 2219 540 2258 δ
581 2229 666 2282 De
695 2227 990 2298 antiphona
1017 2219 1142 2284 'duo
1171 2237 1465 2284 occurrunt
1493 2227 1580 2284 hic
1617 2229 1880 2284 notanda.
1917 2231 2030 2287 Pri-

443 2311 610 2372 mum
642 2298 1028 2372 antiquitaset
1070 2298 1386 2372 institutio;_
1421 2308 1543 2372 tum
1589 2299 1917 2372 etymologia
1975 2311 2031 2358 et

439 2367 788 2442 signiﬁcatioI
826 2369 1274 2442 Antiphonarum~
1307 2367 1940 2442 primiﬁtivam'originem
1977 2381 2032 2428 et

442 2437 842 2512 institutionem
873 2437 1116 2496 referunt
1144 2437 1386 2512 plerique
1415 2441 1483 2496 ad
1521 2441 1584 2495 B.
1614 2437 1881 2512 Ignatium
1911 2445 2028 2512 An-

441 2508 779 2584 tiochenum,
809 2512 1124 2584 episcopum
1144 2508 1220 2566 ‘et
1247 2508 1568 2584 martyrem,
1612 2508 1728 2582 qui,
1773 2519 1835 2566 ut
1863 2511 2032 2569 refert

439 2583 712 2648 Socrates,
736 2583 874 2637 vidit
902 2583 1214 2652 angelorum
1237 2583 1418 2639 choros
1445 2585 1500 2640 S.
1538 2585 1854 2638 Trinitatem
1875 2584 2029 2652 hym-
2065 2642 2076 2652 ,

437 2653 524 2706 nis
551 2657 604 2723 et
633 2655 938 2723 antiphonis
971 2655 1354 2710 collaudantes.
1395 2655 1546 2712 Unde
1583 2656 1774 2716 Graeci,
1803 2653 1885 2710 ait
1909 2656 2030 2711 Du-

437 2721 664 2796 randus,
703 2721 1026 2794 antiphonas
1052 2728 1231 2796 primo
1257 2731 1682 2795 composuerunt,
1707 2729 1757 2780 et
1785 2741 1874 2780 eas
1909 2741 2030 2782 cum

434 2795 664 2864 psalmis
689 2797 748 2850 in
773 2798 930 2860 choro
956 2795 1236 2852 decantari
1258 2797 1662 2852 ordinaverunt.
1691 2797 1859 2867 Apud
1881 2799 2032 2852 Lati-

437 2881 534 2920 nos
550 2869 762 2936 primus
792 2868 1126 2923 beatissimus
1150 2869 1486 2931 Ambrosius,
1514 2876 1650 2924 teste
1675 2867 1909 2934 Isidoro,
1929 2885 2028 2924 an-

441 2938 689 3006 tiphonas
715 2941 972 3003 instituit,
999 2941 1304 2997 ercorum
1328 2941 1625 3009 exemplum
1644 2940 1908 2993 imitatus.
1939 2943 2040 2996 Ερυ-

439 3009 562 3062 hinc
575 3011 634 3062 in
651 3012 852 3064 cunctis
872 3009 1177 3079 regionibus
1193 3009 1486 3066 Occidentis
1505 3025 1692 3064 earum
1711 3024 1838 3063 usus
1856 3011 2026 3064 incre-

443 3080 576 3134 buit.
610 3081 760 3134 Unde
774 3081 974 3148 legitur
997 3083 1055 3134 in
1078 3082 1346 3137 Chron-ictis
1361 3081 1504 3150 quod
1529 3083 1586 3138 S.
1608 3081 1924 3136 Ambrosius
1945 3083 2023 3134 ri-

439 3153 554 3202 tum
579 3151 999 3218 antiphonarum
1011 3153 1221 3220 primus
1242 3167 1276 3204 a
1301 3152 1498 3208 Graecis
1521 3152 1801 3206 transtulit
1820 3152 1895 3204 ad
1912 3155 2022 3208 La-

2147 1455 2274 1522 ante
2288 1451 2560 1522 psalmum
2585 1464 2799 1511 sonans.
2823 1449 2957 1522 Haec
2980 1445 3288 1522 Durandus,
3317 1445 3423 1522 qui
3464 1461 3565 1517 pro
3575 1450 3738 1522 _ante,

2148 1516 2524 1588 autfcontra,
2550 1535 2645 1576 seu
2672 1535 2734 1576 ex
2781 1519 3030 1587 adverso,
3054 1517 3251 1588 melius
3301 1516 3540 1574 dixisset.
3569 1517 3737 1588 Eam-

2145 1592 2271 1648 dem
2299 1607 2462 1662 porro
2493 1586 2764 1662 rationem
2793 1586 3060 1662 spectaSSe
3087 1595 3159 1662 oet.
3195 1587 3493 1644 insinuasse
3530 1586 3744 1644 videtur

2145 1661 2454 1720 Amalarius
2476 1661 2576 1718 lib.
2609 1677 2668 1718 iV
2693 1662 2760 1718 de
2786 1661 2944 1719 Ofﬁc.
2974 1661 3123 1718 Eccl.
3153 1673 3276 1732 cap.
3305 1666 3742 1732 7,eamqueotro-

2143 1734 2385 1805 pologice
2413 1733 2577 1790 etiam
2603 1733 2826 1805 exponit
2853 1733 2908 1788 in
2946 1732 3092 1788 hunc
3117 1731 3347 1805 modum
3372 1747 3391 1805 _:
3424 1731 3743 1805 Antiphone

2141 1801 2348 1860 dicitur
2370 1822 2476 1861 vos:
2517 1801 2828 1876 reciproca:
2855 1805 3156 1874 antiphona
3191 1803 3332 1876 enim
3357 1803 3642 1876 inclinatur
3669 1801 3739 1855 ab

2142 1893 2248 1932 uno
2263 1878 2427 1932 unius
2449 1873 2700 1939 chorifet
2725 1875 2801 1930 ad
2822 1878 2937 1946 ejus
2959 1873 3334 1945 symphoniam
3352 1873 3596 1946 psalmus
3615 1888 3744 1946 can-

2140 1953 2294 2003 tatur
2315 1965 2416 2020 per
2441 1949 2574 2002 duos
2593 1948 2805 2020 iChO'lfOS
2821 1943 3159 2020 {ipsamiim
3185 1943 3486 2020 antiphona
3521 1943 3742 2012 conjun-

2137 2015 2346 2088 guntur
2367 2020 2530 2074 simul
2571 2019 2677 2073 duo
2695 2019 2862 2073 chori.
2883 2015 2966 2075 Et
2989 2016 3156 2089 paulo
3189 2023 3330 2089 post:
3376 2015 3608 2089 Videtur
3646 2031 3740 2068 no-

2143 2087 2224 2144 bis
2247 2093 2424 2146 ri-rtus
2439 2091 2740 2160 dilectionis
2750 2104 2878 2152 esse,
2899 2087 3022 2160 qua:
3040 2087 3489 2156 conjungitopera
3505 2087 3736 2160 duorum

2140 2163 2385 2228 fratrum
2407 2162 2569 2216 simul
2583 2180 2598 2215 :
2612 2159 2817 2231 psalmi
2836 2157 3089 2231 ad’opera
3114 2161 3462 2225 referuntur;
3483 2157 3734 2227 antipho-

2139 2249 2215 2286 na
2254 2233 2330 2287 ad
2351 2235 2505 2288 illam
2533 2233 2866 2286 dilectionem
2894 2249 3006 2303 qua
3041 2231 3413 2299 unusquisque
3453 2231 3599 2296 frati
3641 2243 3736 2303 suo

2134 2306 2380 2373 porrigit
2403 2319 2560 2359 suum
2589 2319 2740 2374 opus.
2769 2299 3059 2374 Haeciille,
3080 2309 3141 2356 et
3181 2307 3654 2374 quieusequuntur
3683 2299 3736 2353 in

2140 2368 2392 2429 eamdem
2437 2368 2776 2428 sententiam.
2809 2377 2889 2443 Ex
2928 2368 3128 2443 quibus
3174 2368 3444 2443 omnibus
3459 2368 3618 2425 facile
3654 2376 3738 2426 est

2139 2443 2390 2514 colligere
2413 2443 2683 2514 duplicem
2725 2440 3038 2514 antiphona:
3072 2440 3454 2514 etymologiam
3470 2479 3486 2505 ,
3509 2455 3606 2514 seu
3633 2455 3735 2494 no-

2138 2507 2300 2568 minis
2338 2507 2646 2584 anologiam
2682 2519 2738 2584 et
2773 2507 3090 2568 relationem
3127 2507 3146 2564 Ξ
3187 2507 3411 2584 alteram
3461 2507 3530 2565 ad
3585 2509 3734 2584 ipsos

2138 2592 2387 2640 cantores
2409 2579 2548 2638 inte'r
2576 2597 2635 2638 se
2669 2581 2995 2638 alternantes
3033 2589 3087 2637 et
3113 2580 3512 2651 reciprocantes
3557 2579 3730 2636 melo-

2137 2653 2316 2722 diam,
2365 2663 2426 2710 ut
2481 2653 2724 2710 Isidorus
2761 2661 2815 2708 et
2851 2653 2938 2708 alii
2986 2656 3347 2722 annotarunt;
3394 2651 3621 2707 alteram
3662 2651 3734 2708 ad

2139 2725 2522 2796 psalmodiam,
2563 2741 2658 2780 seu
2695 2723 3032 2796 psalmorum
3071 2721 3462 2796 Davidicorum
3492 2736 3733 2796 _concen-
3785 2754 3792 2762 -

2135 2793 2288 2870 tum,
2332 2797 2418 2870 cui
2455 2797 2608 2870 quasi
2643 2793 2715 2852 ex'
2733 2794 2980 2870 _adverso
3028 2794 3364 2870 respondent
3395 2793 3756 2870 antiphonm,-

2135 2863 2287 2938 quasi
2319 2863 2538 2940 alterius
2567 2866 2775 2940 generis
2817 2881 2975 2940 voces
3012 2874 3072 2940 et
3112 2863 3426 2940 cantilena};
3457 2863 3611 2940 sicut
3640 2880 3728 2920 re-

2132 2935 2410 3009 sponsoria
2461 2935 2790 3010 respondent
2835 2936 3102 3008 historiis,
3136 2935 3190 2994 id
3221 2943 3333 3005 est,
3378 2935 3727 3003 lectionibus,

2133 3008 2438 3079 utexponit
2465 3008 2779 3065 Durandus.

2201 3073 2240 3154 "_
2257 3073 2394 3154 Nota
2421 3079 2811 3154 hientrip‘licem
2844 3077 3313 3154 nomenclatorem
3357 3077 3730 3154 precationum

2133 3160 2188 3208 et
2229 3151 2453 3208 laudum
2497 3148 2830 3222 divinarum,
2857 3163 2982 3222 quae
3030 3148 3240 3222 publice
3259 3148 3331 3222 in
3374 3149 3642 3222 Ecclesia,
3674 3157 3730 3206 et

440 3221 594 3273 tinos.
738 3220 846 3304 ille:
877 3213 1036 3290 Quod
1055 3221 1137 3304 ad
1171 3222 1559 3304 etymologiam
1587 3231 1643 3304 ct
1675 3221 2022 3304 sign_iﬁ_ca_tio-
2051 3213 2096 3276 C
2133 3222 2450 3304 solemniter
2489 3213 2828 3304 a.ministris'
2861 3213 3115 3304 Ecclesiae
3141 3219 3505 3304 celebcantur.
3537 3213 3727 3304 Primo

439 3304 566 3344 nem
586 3289 796 3358 attinet,
820 3289 1068 3362 ἀντὶφωνή
1087 3289 1297 3361 Graece,
1323 3289 1457 3348 nihil
1479 3292 1622 3348 aliud
1651 3289 1810 3348 sonat
1833 3293 2027 3353 Latine

438 3373 606 3434 quam
630 3376 816 3416 vocem
846 3363 1205 3434 reciprocam,
1237 3379 1332 3419 seu
1361 3373 1582 3420 cantum
1603 3362 1942 3432 reciprocum
1973 3373 2026 3420 et

438 3432 727 3506 alternum.
753 3432 1128 3490 Dicitur—enim
1151 3434 1448 3506 antiphona
1471 3452 1500 3490 a
1522 3435 1686 3491 verbo
1707 3433 2020 3506 ἀντιφωνεῖν,

437 3500 588 3572 quod
627 3510 710 3558 est
745 3515 934 3560 contra
961 3507 1214 3572 clamare,
1243 3500 1340 3561 seu
1368 3506 1596 3563 vicissim
1622 3514 1676 3562 et
1697 3506 1764 3562 ex
1792 3500 2020 3562 adverso

440 3573 786 3644 respondere.
815 3575 978 3632 Unde
1011 3577 1162 3633 Echo
1211 3575 1502 3647 ἀντιφωνος,
1545 3577 1602 3632 id
1649 3585 1753 3644 est,
1787 3577 2022 3632 vicissim

437 3657 721 3712 resonans,
751 3655 846 3702 aut
867 3647 1170 3704 reclamans
1197 3648 1412 3704 dicitur.
1450 3647 1590 3704 Hinc
1617 3647 1860 3703 Isidorus
1885 3647 2024 3703 anti-

438 3713 650 3784 phonas
677 3731 738 3771 ex
769 3732 835 3772 eo
870 3717 1040 3774 dictas
1066 3719 1278 3784 asserit,
1307 3723 1438 3788 quia
1469 3720 1574 3774 duo
1602 3719 1752 3773 chori
1775 3719 2018 3773 alterna-

438 3789 535 3840 tim
574 3790 877 3851 concinunt,
911 3795 964 3845 et
994 3792 1226 3844 vicissim
1263 3791 1637 3860 reciprocando
1670 3790 2022 3844 melodiarum

435 3862 628 3912 cantus
650 3860 944 3923 alternant,
964 3863 1128 3930 quasi
1146 3863 1252 3916 duo
1279 3863 1569 3931 seraphim,
1595 3860 1787 3932 inquit,
1813 3861 2022 3932 duoque

437 3933 755 4002 testamenta
773 3933 994 3986 invicem
1020 3933 1128 3986 sibi
1142 3933 1550 3995 conclamant-ia,
1563 3931 1785 4002 ideoque
1799 3931 1891 3998 (ait
1906 3935 2021 3988 Du-

436 3999 660 4075 randus)
683 4003 862 4057 clerici
885 4005 1208 4075 antiphonas
1233 4008 1510 4059 cantantes
1533 4019 1641 4058 non
1667 3999 1882 4058 uertunt
1903 4005 2022 4058 vul-

438 4075 523 4126 tus
541 4073 616 4148 ad
628 4075 826 4148 altare,
847 4075 942 4148 sed
958 4073 1013 4131 se
1028 4077 1252 4148 invicem
1269 4079 1432 4130 versis
1451 4077 1688 4148 vultibus
1708 4075 2019 4148 respiciunt.

438 4143 604 4219 Atqui
632 4144 733 4202 hac.
761 4145 976 4219 ratione
997 4147 1292 4219 antiphona
1332 4147 1640 4219 generalem
1668 4143 1894 4219 sortitur
1931 4162 2022 4203 ac-

437 4215 765 4283 ceptionem,
794 4225 853 4292 u_t
885 4227 942 4274 et
967 4215 1202 4292 hymnos
1231 4227 1286 4275 et
1311 4215 1442 4292 alias
1478 4217 1643 4292 oflicii
1680 4217 2024 4292 ecclesiastici

437 4292 616 4363 partes
653 4288 1069 4363 complectatur.
1100 4293 1254 4363 _N_am
1285 4291 1448 4347 etiam
1478 4291 1783 4363 invitatoria
1827 4293 1899 4363 D,
1931 4293 2030 4363 Be-

436 4351 682 4408 nedictus
727 4351 960 4478 apgellat
998 4360 1346 4429 antiphonas.
1403 4362 1505 4416 Sed
1550 4369 1604 4416 et
1651 4361 1842 4432 psalmi
1886 4361 2022 4430 ipsi,

436 4421 567 4476 dum
593 4437 622 4475 a
652 4423 787 4478 nluri
832 4439 895 4478 us
931 4427 1233 4478 alternatim
1280 4430 1572 4478 recitantur
1612 4440 1708 4478 aut
1735 4439 2022 4478 canuntur-

433 4421 567 4495 dum
587 4437 622 4495 _a
652 4421 895 4492 pluribus
931 4421 1234 4482 alternatim
1280 4430 1572 4484 recitantur
1612 4421 1708 4484 aut
1735 4421 2022 4495 canuntur,

435 4490 1010 4568 antiphonargenerali
1028 4498 1303 4568 vocabulo
1333 4498 1434 4568 dici
1471 4506 1717 4568 possunt,
1743 4506 1804 4568 u_t
1831 4514 1898 4552 ex
1927 4490 2024 4554 Isi;

434 4561 1079 4652 99'2:39!!i§ifu-Hpée
1121 4583 1236 4652 ιξριι
1268 4567 1397 4648 satis
1437 4561 1921 4652 αδιξξωτοᾼνίείεωτ
1944 4583 2024 4649 ,εκ
2053 4591 2102 4652 n

435 4631 770 4708 illaohistori—a
813 4635 982 4708 sancti
1012 4636 1223 4708 Ignatii,
1255 4636 1558 4708 cujusmodi
1608 4636 1917 4708 antiphona:
1941 4637 2023 4692 in-

375 4735 381 4742 -
435 4702 736 4774 telligendae
781 4705 918 4775 sint,
959 4702 1086 4761 cum
1133 4707 1250 4762 illas
1293 4702 1478 4763 Iaudes
1523 4707 1580 4762 S.
1632 4702 1908 4764 Trinitatis
1954 4709 2022 4766 ab

434 4775 640 4852 angelis
672 4775 981 4852 decantatas
1027 4777 1192 4852 modo
1229 4777 1486 4852 hymnos,
1509 4777 1677 4852 modo
1705 4777 2025 4852 antiphonas

435 4848 749 4921 interpretes
776 4857 895 4904 tum
924 4848 1192 4921 Socratis,
1222 4848 1340 4906 tum
1379 4849 1668 4921 Nicephori
1701 4848 1892 4906 Latine
1926 4867 2024 4907 no-

435 4917 898 4995 mine'nt1‘Verum
925 4919 1161 4995 strictius
1181 4917 1288 4977 usu
1319 4917 1704 4986 ecclesiastico,
1735 4929 1790 4976 et
1817 4923 2023 4995 vulgari

434 4989 684 5060 loquendi
716 4992 904 5064 modo,
945 4991 1253 5064 antiphona:
1299 5002 1567 5064 vocantur
1610 5007 1778 5050 sacrae
1823 4989 2028 5050 cantio-

433 5075 550 5134 nes,
583 5075 677 5115 seu
699 5063 1002 5134 cantilena,
1033 5063 1157 5134 qua}
1199 5063 1418 5134 psalmis
1463 5065 1807 5122 concinendis
1842 5065 1896 5121 in
1925 5065 2023 5123 ho-

435 5130 507 5210 ri_s
552 5131 822 5210 canonicis
868 5130 1277 5210 praemittuntur
1323 5150 1516 5210 :_nam
1564 5137 1912 5210 antiphonas.
1964 5147 2025 5210 ut

431 5199 756 5290 plurimum,
817 5199 942 5258 cum
996 5205 1214 5274 psalmis
1263 5199 2022 5290 conjungunturihaliquaudo

430 5279 614 5328 tamen
640 5277 800 5348 ctiam
826 5289 1073 5348 seorsum
1095 5277 1398 5348 canuntur.
1433 5277 1572 5334 Hinc
1615 5287 1671 5334 et
1698 5277 1986 5336 Cassianus
2005 5322 2020 5348 ,

429 5357 612 5412 supra,
641 5343 912 5420 duplicem
947 5345 1366 5420 antipltonarum
1395 5364 1555 5404 usum
1596 5349 1844 5420 antiquitt
1865 5367 1891 5406 s
1917 5343 2020 5407 ob;

430 5423 703 5492 sccvatum
731 5415 985 5492 insinuat,
1031 5417 1269 5488 primum
1299 5428 1360 5476 ut
1388 5420 1608 5492 psalmis
1653 5415 1921 5478 Davidicis
1968 5422 2022 5478 in

429 5481 608 5572 cilicio
637 5488 920 5572 _canonico
972 5481 1470 5572 interponerentdr,
1509 5500 1736 5572 et-cum
1783 5492 2028 5572 modula-

430 5557 576 5636 tione
602 5557 780 5630 aliqua
826 5568 881 5615 et
917 5557 1154 5636 melodia
1177 5557 1524 5636 canerentur.
1561 5565 1737 5636 Atque
1783 5563 1906 5620 inde
1933 5580 2025 5636 pe-

433 5579 576 5612 uuue
602 5579 780 5630 aliqua
826 5579 881 5615 ει
923 5579 1154 5616 ωειοαιει
1177 5579 1524 5619 canerentur.
1561 5579 1632 5618 Λῑ

429 5626 590 5716 φησι
611 5630 1094 5716 earum‘ratiopem
1126 5639 1182 5716 et
1218 5579 1665 5716 etymologiam:

428 5700 532 5757 dus
577 5700 662 5776 his
707 5701 883 5776 verbis
897 5721 912 5776 ;
949 5705 1252 5766 Dicuntur,
1271 5700 1806 5776 inquit,'antiphonw
1852 5721 2026 5776 respe-

427 5777 517 5828 ctu
545 5773 620 5827 ad
635 5774 1017 5848 psalmodiam,
1045 5777 1134 5829 cui
1157 5773 1499 5848 respondent,
1525 5773 1666 5831 sicut
1687 5773 2026 5848 responso-ria

427 5850 668 5916 respectu
685 5845 759 5902 ad
781 5845 1101 5912 historiam;
1122 5845 1266 5902 unde
1289 5847 1586 5918 antiphona
1617 5845 1840 5913 dicitur,
1865 5851 2028 5920 quasi

1667 5642 1788 5690 ocet
1811 5637 2024 5691 Duran-

2133 3292 2385 3354 dicuntur
2412 3293 2683 3350 orationes
2719 3291 3024 3354 canonicaa.
3054 3298 3116 3346 ut
3161 3294 3266 3346 hoc
3313 3291 3463 3354 loco,
3503 3298 3559 3346 et
3598 3291 3729 3347 alias

2133 3365 2351 3436 saepius,
2377 3364 2469 3436 vel
2497 3379 2681 3436 preces
2709 3361 2961 3436 horariap,
2992 3361 3144 3417 horae
3168 3359 3445 3436 canonica:
3460 3402 3475 3430 ,
3498 3368 3560 3416 ut
3585 3361 3726 3436 apud

2125 3431 2346 3492 Bedam'
2370 3435 2425 3492 in
2447 3431 2816 3514 Commentar.
2841 3432 2949 3514 _ad_
2974 3447 3094 3514 cap.
3121 3447 3244 3488 vm
3271 3433 3463 3514 Luca},
3501 3431 3725 3514 (ἓξ-ειριξά

2131 3521 2326 3562 omnes
2378 3515 2636 3577 auctores
2683 3505 2775 3577 qui
2825 3503 2894 3560 de
2937 3501 3086 3577 horis
3132 3501 3409 3577 canonicis
3457 3501 3720 3577 scribunt.

2131 3578 2398 3633 Dicuntur
2415 3584 2597 3648 autem
2625 3573 2717 3634 haa'
2741 3589 2926 3648 preces
2954 3582 3011 3648 et
3035 3573 3224 3648 laudes
3248 3573 3398 3630 hora:
3428 3573 3722 3641 canonicaa,

2131 3648 2254 3719 quia
2297 3647 2458 3703 certis
2501 3647 2652 3703 horis
2697 3644 2909 3719 recitari
2963 3644 3164 3719 debent
3198 3644 3354 3717 juxta
3392 3659 3626 3719 canones
3669 3654 3725 3702 et

2130 3715 2344 3789 regulas
2373 3720 2470 3797 SS.
2489 3721 2750 3797 Patrum;
2775 3717 2905 3797 _sivo
2950 3716 3182 3797 quianex
3200 3715 3524 3797 praescripto
3553 3731 3724 3772 cano-

2129 3785 2264 3844 nu'm
2297 3789 2460 3845 certis
2489 3788 2636 3846 horis
2679 3785 2744 3844 in
2775 3785 3030 3855 Ecclesia,
3057 3785 3152 3859 die
3189 3785 3496 3859 noctuque,
3529 3803 3726 3859 canun-

2129 3869 2263 3915 tur:
2297 3861 2403 3932 vel,
2433 3869 2496 3932 ut
2538 3861 2612 3916 ait
2655 3858 3104 3932 Turrecrematus
3141 3857 3198 3914 in
3239 3857 3726 3932 capflGARegulm

2129 3933 2198 3987 D.
2227 3931 2520 3997 Benedicti,
2546 3937 2808 3988 vocantur
2826 3932 2946 3985 ista:
2968 3931 3118 3984 horae
3137 3931 3422 3992 canonicar,
3441 3929 3502 3985 id
3517 3929 3614 3992 est,
3640 3946 3726 3984 re-

2129 4005 2372 4084 gulares,
2398 4005 2536 4084 quia
2560 4021 2596 4058 ιι
2617 4005 2712 4084 SS_.
2735 4002 2996 4084 Pet-cibus
3038 4002 3372 4084 regulariter
3408 4001 3724 4084 observatis.

2129 4071 2294 4130 Unde
2337 4071 2638 4130 secundum
2675 4073 2819 4130 hunc
2856 4073 3052 4128 librum
3101 4071 3369 4143 inscripsit
3403 4071 3724 4137 Cassianus,

2131 4151 2206 4202 De
2232 4149 2497 4203 Canonico
2526 4153 2911 4202 nocturnarum
2955 4145 3262 4202 orationum
3299 4147 3350 4197 et
3391 4144 3746 4213 psalmorum'

2130 4219 2318 4283 modo;
2344 4217 2563 4273 tertium
2594 4231 2744 4283 vero,
2775 4219 2852 4271 De
2874 4216 3136 4271 Canonico
3160 4215 3492 4269 diurna-rum
3521 4216 3729 4269 oratio-

2130 4305 2266 4342 num
2296 4288 2470 4340 modo.
2503 4285 2750 4342 Secundo
2791 4284 3128 4355 appellantur
3172 4287 3412 4355 ofﬁcium
3454 4286 3722 4349 divinum,

2134 4374 2253 4426 seu,
2277 4355 2424 4428 quod
2445 4355 2586 4411 idem
2613 4355 2769 4410 estin
2797 4353 3006 4428 Regula
3035 4353 3426 4428 1).,Benedicti,
3451 4372 3583 4428 (pus
3602 4359 3722 4414 Dei.

2135 4431 2220 4482 De
2234 4425 2358 4498 :quo
2377 4425 2452 4479 ait
2466 4441 2584 4496 cap.
2607 4432 2675 4480 43
2705 4443 2717 4480 :
2751 4427 2842 4482 Ad
2871 4426 3060 4480 horam
3080 4427 3259 4482 divini
3281 4425 3498 4498 ofﬁcii;
3512 4444 3638 4483 mea:
3663 4434 3726 4483 ut

2135 4497 2387 4570 auditum
2413 4497 2594 4570 fuerit
2640 4497 2880 4566 signum,
2916 4498 3120 4552 relictis
3161 4497 3426 4562 omnibus,
3474 4500 3728 4570 quaelibet

2131 4567 2413 4636 fuerintin
2423 4569 2696 4634 manibus,
2711 4583 2918 4622 summa
2931 4584 3050 4622 cum
3072 4570 3424 4636 festinatione
3445 4567 3724 4632 curratur,

2132 4643 2228 4710 etc.
2261 4640 2406 4710 Ergo
2428 4639 2571 4710 nihil
2590 4640 2738 4710 operi
2760 4640 2860 4695 Dei
2878 4646 3253 4710 praponatur.
3277 4640 3385 4698 Ubi
3411 4641 3560 4697 vides
3578 4641 3728 4710 prius

2132 4707 2378 4784 ofﬁcium
2423 4707 2668 4766 divinum
2713 4707 3254 4784 postmodumopus
3309 4711 3407 4784 Dei
3443 4707 3723 4784 appellari.

2133 4780 2309 4855 Ijujus
2332 4788 2516 4855 autem
2539 4780 2966 4855 nomenclatura:
2997 4781 3132 4855 ratio
3155 4780 3259 4850 est,
3291 4782 3415 4855 quia
3439 4780 3540 4838 hac
3563 4799 3726 4839 oran-

2131 4850 2453 4927 di_formula
2479 4852 2784 4927 continetur
2815 4851 2868 4908 id
2904 4852 3051 4923 quod
3089 4869 3234 4927 e_rga_
3258 4850 3438 4910 Deum
3469 4863 3725 4927 praestare

2130 4921 2412 4996 debemus.
2476 4921 2953 4996 Siquidemorare
3002 4931 3058 4979 et
3111 4921 3330 4996 laudare
3372 4921 3554 4982 Deum
3605 4941 3725 4996 pro-

2130 4995 2310 5066 prium
2335 5001 2418 5050 est
2455 4993 2698 5066 ofﬁcium
2727 4993 3156 5051 Christianorum
3185 5015 3197 5052 :
3228 4995 3324 5053 sed
3353 4997 3590 5066 maxime
3606 4993 3723 5052 'cle-

2129 5064 2386 5138 ﬁcorum
2407 5074 2462 5138 et
2489 5064 2904 5138 monachorum.
2951 5069 3144 5138 Exstat
3180 5082 3346 5138 porro
3373 5065 3479 5123 hoc
3518 5083 3723 5123 nomen

2129 5135 2295 5193 ofﬁcii
2335 5135 2503 5211 divini
2546 5136 2710 5211 etiam
2757 5136 2820 5211 _in
2869 5137 3096 5211 concilio
3136 5135 3557 5211 Aquisgranensi
3599 5154 3720 5211 cap.

2137 5214 2256 5275 t3l,
2297 5215 2351 5264 et
2395 5208 2450 5262 in
2477 5207 3132 5282 AconciliouLateranensi,
3164 5207 3236 5282 es
3277 5207 3392 5282 quo
3443 5207 3723 5280 sumptum

2128 5289 2210 5336 est
2237 5295 2360 5350 cap.
2390 5277 2788 5352 Dolentestlibc
2821 5279 3225 5352 nroDccretan
3247 5277 3330 5337 tit.
3378 5286 3453 5338 De
3489 5277 3722 5338 celebra-

2130 5353 2272 5407 tione
2295 5348 2606 5408 Missurum.
2643 5349 2826 5406 Tertio
2865 5348 3118 5407 dicuntur
3153 5348 3316 5408 etiam
3355 5352 3601 5408 ofﬁcium
3637 5368 3727 5408 ec-

2128 5422 2516 5495 clesiasticum,
2539 5430 2659 5478 tum
2687 5421 2811 5493 quia
2851 5421 3171 5495 auctoritate
3199 5423 3494 5495 praesulum
3533 5423 3721 5480 Eccle-

2129 5493 2224 5564 sia:
2249 5493 2580 5564 institutum;
2611 5492 2743 5564 tum
2793 5492 2918 5564 quia
2961 5492 3361 5561 ecclesiasticis,
3402 5510 3498 5552 seu
3545 5495 3726 5551 Eccle-

2129 5563 2224 5622 size
2248 5563 2511 5620 ministris
2536 5563 2888 5638 indictum’ac
2915 5565 3290 5638 praescriptum
3306 5609 3322 5632 ,
3352 5575 3416 5624 ut
3435 5566 3722 5638 proprium

2130 5651 2322 5692 eorum
2353 5650 2554 5692 munus
2576 5642 2632 5691 et
2657 5633 2935 5692 ofﬁcium;
2953 5633 3204 5693 Ofﬁcium
3228 5639 3369 5696 enim
3398 5633 3466 5694 ab
3487 5633 3726 5694 efﬁcien-

2131 5706 2214 5780 do;
2241 5705 2480 5780 dictum,
2518 5705 2594 5780 ait
2634 5709 2706 5780 I_).
2734 5706 3064 5780 Ambrosius
3104 5709 3237 5774 (Lib
3279 5725 3303 5766 ι
3335 5709 3544 5780 Ofﬁc.),
3572 5708 3723 5780 quasi

2131 5775 2400 5853 cilicium,
2439 5777 2588 5849 quod
2622 5777 2694 5833 sit
2717 5777 2863 5853 jllud
2915 5777 3061 5853 quod
3093 5775 3720 5853 quemque‘proco'ndi-

2133 5848 2278 5906 tione
2307 5862 2420 5906 suae
2444 5847 2688 5922 personae
2709 5847 2888 5907 facere
2910 5847 3112 5907 deceat.
