  <div class='ocr_page' id='page_1' title='image "/cluster/home/n/w/nwhite01/storage/ocr_20150623/49/hvd.32044096580709/058.png"; bbox 0 0 4062 6196; ppageno 0'>
   <div class='ocr_carea' id='block_1_1' title="bbox 305 326 406 380">
    <p class='ocr_par' dir='ltr' id='par_1_1' title="bbox 305 326 406 380">
     <span class='ocr_line' id='line_1_1' title="bbox 305 326 406 380; baseline 0 -1"><span class='ocrx_word' id='word_1_1' title='bbox 305 326 406 380; x_wconf 77' lang='grc'><strong>101</strong></span> 
     </span>
    </p>
   </div>
   <div class='ocr_carea' id='block_1_2' title="bbox 793 301 3128 381">
    <p class='ocr_par' dir='ltr' id='par_1_2' title="bbox 793 301 3128 381">
     <span class='ocr_line' id='line_1_2' title="bbox 793 301 3128 381; baseline 0.001 -4"><span class='ocrx_word' id='word_1_2' title='bbox 793 323 881 377; x_wconf 86' lang='lat' dir='ltr'><strong>DE</strong></span> <span class='ocrx_word' id='word_1_3' title='bbox 917 301 1398 380; x_wconf 65' lang='lat' dir='ltr'><strong>C(ENOBIORUM</strong></span> <span class='ocrx_word' id='word_1_4' title='bbox 1435 323 1679 379; x_wconf 80' lang='lat' dir='ltr'><strong>INSTIT.</strong></span> <span class='ocrx_word' id='word_1_5' title='bbox 1719 323 1846 380; x_wconf 90' lang='lat' dir='ltr'><strong>LIB.</strong></span> <span class='ocrx_word' id='word_1_6' title='bbox 1887 324 1950 380; x_wconf 85' lang='lat' dir='ltr'><strong>ll.</strong></span> <span class='ocrx_word' id='word_1_7' title='bbox 1996 354 2059 362; x_wconf 97' lang='lat'><strong>—</strong></span> <span class='ocrx_word' id='word_1_8' title='bbox 2102 324 2190 380; x_wconf 84' lang='lat' dir='ltr'><strong>DE</strong></span> <span class='ocrx_word' id='word_1_9' title='bbox 2227 323 2614 381; x_wconf 82' lang='lat' dir='ltr'><strong>NOCTURNIS</strong></span> <span class='ocrx_word' id='word_1_10' title='bbox 2651 323 3128 380; x_wconf 81' lang='lat' dir='ltr'><strong>ORATIONIBUS.</strong></span> 
     </span>
    </p>
   </div>
   <div class='ocr_carea' id='block_1_3' title="bbox 3511 329 3614 383">
    <p class='ocr_par' dir='ltr' id='par_1_3' title="bbox 3511 329 3614 383">
     <span class='ocr_line' id='line_1_3' title="bbox 3511 329 3614 383; baseline 0.01 -1"><span class='ocrx_word' id='word_1_11' title='bbox 3511 329 3614 383; x_wconf 77' lang='grc'><strong>102</strong></span> 
     </span>
    </p>
   </div>
   <div class='ocr_carea' id='block_1_4' title="bbox 298 443 3614 520">
    <p class='ocr_par' dir='ltr' id='par_1_4' title="bbox 298 443 3614 520">
     <span class='ocr_line' id='line_1_4' title="bbox 298 443 3614 520; baseline 0.001 -17"><span class='ocrx_word' id='word_1_12' title='bbox 298 455 418 514; x_wconf 87' lang='lat' dir='ltr'><strong>est,</strong></span> <span class='ocrx_word' id='word_1_13' title='bbox 467 443 698 518; x_wconf 87' lang='lat' dir='ltr'><strong>coeperit</strong></span> <span class='ocrx_word' id='word_1_14' title='bbox 736 444 966 502; x_wconf 90' lang='lat' dir='ltr'><strong>modum</strong></span> <span class='ocrx_word' id='word_1_15' title='bbox 1009 445 1396 503; x_wconf 88' lang='lat' dir='ltr'><strong>decantationis</strong></span> <span class='ocrx_word' id='word_1_16' title='bbox 1437 446 1722 510; x_wconf 84' lang='lat' dir='ltr'><strong>excedere,</strong></span> <span class='ocrx_word' id='word_1_17' title='bbox 1754 447 1905 520; x_wconf 85' lang='lat' dir='ltr'><strong>psal-</strong></span> <span class='ocrx_word' id='word_1_18' title='bbox 1932 453 1986 516; x_wconf 79' lang='grc' dir='ltr'><strong>Α</strong></span> <span class='ocrx_word' id='word_1_19' title='bbox 2011 453 2136 518; x_wconf 86' lang='lat' dir='ltr'><strong>post</strong></span> <span class='ocrx_word' id='word_1_20' title='bbox 2185 449 2278 503; x_wconf 85' lang='lat' dir='ltr'><strong>hoc</strong></span> <span class='ocrx_word' id='word_1_21' title='bbox 2313 448 2490 504; x_wconf 89' lang='lat' dir='ltr'><strong>studio</strong></span> <span class='ocrx_word' id='word_1_22' title='bbox 2537 465 2637 519; x_wconf 83' lang='lat' dir='ltr'><strong>per</strong></span> <span class='ocrx_word' id='word_1_23' title='bbox 2679 449 2896 504; x_wconf 81' lang='lat' dir='ltr'><strong>cellulas</strong></span> <span class='ocrx_word' id='word_1_24' title='bbox 2946 464 3074 503; x_wconf 87' lang='lat' dir='ltr'><strong>suas</strong></span> <span class='ocrx_word' id='word_1_25' title='bbox 3127 465 3294 520; x_wconf 85' lang='lat' dir='ltr'><strong>usque</strong></span> <span class='ocrx_word' id='word_1_26' title='bbox 3330 450 3406 504; x_wconf 90' lang='lat' dir='ltr'><strong>ad</strong></span> <span class='ocrx_word' id='word_1_27' title='bbox 3447 451 3614 505; x_wconf 82' lang='lat' dir='ltr'><strong>lucem</strong></span> 
     </span>
    </p>
   </div>
   <div class='ocr_carea' id='block_1_5' title="bbox 303 539 1908 612">
    <p class='ocr_par' dir='ltr' id='par_1_5' title="bbox 303 539 1908 612">
     <span class='ocr_line' id='line_1_5' title="bbox 303 539 1908 612; baseline -0.001 -15"><span class='ocrx_word' id='word_1_28' title='bbox 303 541 474 597; x_wconf 84' lang='lat' dir='ltr'><strong>lentis</strong></span> <span class='ocrx_word' id='word_1_29' title='bbox 519 539 828 612; x_wconf 82' lang='lat' dir='ltr'><strong>progressio</strong></span> <span class='ocrx_word' id='word_1_30' title='bbox 877 541 1112 598; x_wconf 90' lang='lat' dir='ltr'><strong>senioris</strong></span> <span class='ocrx_word' id='word_1_31' title='bbox 1149 539 1481 596; x_wconf 75' lang='lat' dir='ltr'><strong>interdicitur</strong></span> <span class='ocrx_word' id='word_1_32' title='bbox 1527 543 1702 608; x_wconf 85' lang='lat' dir='ltr'><strong>[Forte</strong></span> <span class='ocrx_word' id='word_1_33' title='bbox 1749 540 1908 596; x_wconf 83' lang='lat' dir='ltr'><strong>inter-</strong></span> 
     </span>
    </p>
   </div>
   <div class='ocr_carea' id='block_1_6' title="bbox 297 629 1909 706">
    <p class='ocr_par' dir='ltr' id='par_1_6' title="bbox 297 629 1909 706">
     <span class='ocr_line' id='line_1_6' title="bbox 297 629 1909 706; baseline 0.001 -16"><span class='ocrx_word' id='word_1_34' title='bbox 297 633 530 702; x_wconf 90' lang='lat' dir='ltr'><strong>ciditur]</strong></span> <span class='ocrx_word' id='word_1_35' title='bbox 559 632 773 706; x_wconf 88' lang='lat' dir='ltr'><strong>plausu,</strong></span> <span class='ocrx_word' id='word_1_36' title='bbox 803 649 968 706; x_wconf 89' lang='lat' dir='ltr'><strong>quem</strong></span> <span class='ocrx_word' id='word_1_37' title='bbox 995 629 1129 690; x_wconf 88' lang='lat' dir='ltr'><strong>dans</strong></span> <span class='ocrx_word' id='word_1_38' title='bbox 1167 647 1336 690; x_wconf 89' lang='lat' dir='ltr'><strong>manu</strong></span> <span class='ocrx_word' id='word_1_39' title='bbox 1368 648 1469 690; x_wconf 88' lang='lat' dir='ltr'><strong>sua</strong></span> <span class='ocrx_word' id='word_1_40' title='bbox 1515 633 1574 689; x_wconf 91' lang='lat' dir='ltr'><strong>in</strong></span> <span class='ocrx_word' id='word_1_41' title='bbox 1614 632 1770 690; x_wconf 83' lang='lat' dir='ltr'><strong>sedili</strong></span> <span class='ocrx_word' id='word_1_42' title='bbox 1800 648 1909 705; x_wconf 92' lang='lat' dir='ltr'><strong>quo</strong></span> 
     </span>
    </p>
   </div>
   <div class='ocr_carea' id='block_1_7' title="bbox 297 726 1908 801">
    <p class='ocr_par' dir='ltr' id='par_1_7' title="bbox 297 726 1908 801">
     <span class='ocr_line' id='line_1_7' title="bbox 297 726 1908 801; baseline 0.001 -18"><span class='ocrx_word' id='word_1_43' title='bbox 297 727 478 792; x_wconf 88' lang='lat' dir='ltr'><strong>sedet,</strong></span> <span class='ocrx_word' id='word_1_44' title='bbox 510 735 739 784; x_wconf 87' lang='lat' dir='ltr'><strong>cunctos</strong></span> <span class='ocrx_word' id='word_1_45' title='bbox 769 726 903 783; x_wconf 91' lang='lat' dir='ltr'><strong>facit</strong></span> <span class='ocrx_word' id='word_1_46' title='bbox 925 726 994 784; x_wconf 93' lang='lat' dir='ltr'><strong>ad</strong></span> <span class='ocrx_word' id='word_1_47' title='bbox 1021 726 1324 784; x_wconf 90' lang='lat' dir='ltr'><strong>orationem</strong></span> <span class='ocrx_word' id='word_1_48' title='bbox 1367 743 1698 801; x_wconf 82' lang='lat' dir='ltr'><strong>consurgere</strong></span> <span class='ocrx_word' id='word_1_49' title='bbox 1720 769 1736 795; x_wconf 92' lang='lat'><strong>,</strong></span> <span class='ocrx_word' id='word_1_50' title='bbox 1775 727 1908 784; x_wconf 89' lang='lat' dir='ltr'><strong>illud</strong></span> 
     </span>
    </p>
   </div>
   <div class='ocr_carea' id='block_1_8' title="bbox 300 821 1912 894">
    <p class='ocr_par' dir='ltr' id='par_1_8' title="bbox 300 821 1912 894">
     <span class='ocr_line' id='line_1_8' title="bbox 300 821 1912 894; baseline 0.001 -18"><span class='ocrx_word' id='word_1_51' title='bbox 300 821 570 878; x_wconf 89' lang='lat' dir='ltr'><strong>omnibus</strong></span> <span class='ocrx_word' id='word_1_52' title='bbox 605 821 790 877; x_wconf 90' lang='lat' dir='ltr'><strong>modis</strong></span> <span class='ocrx_word' id='word_1_53' title='bbox 823 821 1110 893; x_wconf 88' lang='lat' dir='ltr'><strong>providens</strong></span> <span class='ocrx_word' id='word_1_54' title='bbox 1131 863 1148 891; x_wconf 93' lang='lat'><strong>,</strong></span> <span class='ocrx_word' id='word_1_55' title='bbox 1176 838 1245 878; x_wconf 93' lang='lat' dir='ltr'><strong>ne</strong></span> <span class='ocrx_word' id='word_1_56' title='bbox 1271 821 1420 894; x_wconf 90' lang='lat' dir='ltr'><strong>quod</strong></span> <span class='ocrx_word' id='word_1_57' title='bbox 1459 821 1770 878; x_wconf 79' lang='lat' dir='ltr'><strong>sedentibus</strong></span> <span class='ocrx_word' id='word_1_58' title='bbox 1815 829 1912 877; x_wconf 72' lang='lat' dir='ltr'><strong>ta:-</strong></span> 
     </span>
    </p>
   </div>
   <div class='ocr_carea' id='block_1_9' title="bbox 299 915 1912 988">
    <p class='ocr_par' dir='ltr' id='par_1_9' title="bbox 299 915 1912 988">
     <span class='ocr_line' id='line_1_9' title="bbox 299 915 1912 988; baseline -0.001 -17"><span class='ocrx_word' id='word_1_59' title='bbox 299 915 460 971; x_wconf 90' lang='lat' dir='ltr'><strong>dium</strong></span> <span class='ocrx_word' id='word_1_60' title='bbox 509 923 796 986; x_wconf 80' lang='lat' dir='ltr'><strong>generetur</strong></span> <span class='ocrx_word' id='word_1_61' title='bbox 837 915 1144 986; x_wconf 82' lang='lat' dir='ltr'><strong>prolixitate</strong></span> <span class='ocrx_word' id='word_1_62' title='bbox 1174 916 1548 988; x_wconf 85' lang='lat' dir='ltr'><strong>psalmorum,</strong></span> <span class='ocrx_word' id='word_1_63' title='bbox 1595 932 1698 986; x_wconf 90' lang='lat' dir='ltr'><strong>qua</strong></span> <span class='ocrx_word' id='word_1_64' title='bbox 1725 918 1912 984; x_wconf 86' lang='lat' dir='ltr'><strong>[Forte</strong></span> 
     </span>
    </p>
   </div>
   <div class='ocr_carea' id='block_1_10' title="bbox 301 1006 1911 1082">
    <p class='ocr_par' dir='ltr' id='par_1_10' title="bbox 301 1006 1911 1082">
     <span class='ocr_line' id='line_1_10' title="bbox 301 1006 1911 1082; baseline 0.001 -18"><span class='ocrx_word' id='word_1_65' title='bbox 301 1023 420 1080; x_wconf 88' lang='lat' dir='ltr'><strong>quo</strong></span> <span class='ocrx_word' id='word_1_66' title='bbox 447 1010 532 1063; x_wconf 71' lang='lat' dir='ltr'><strong>rel</strong></span> <span class='ocrx_word' id='word_1_67' title='bbox 557 1006 656 1080; x_wconf 79' lang='lat' dir='ltr'><strong>ne]</strong></span> <span class='ocrx_word' id='word_1_68' title='bbox 686 1008 732 1064; x_wconf 91' lang='lat' dir='ltr'><strong>is</strong></span> <span class='ocrx_word' id='word_1_69' title='bbox 755 1009 847 1080; x_wconf 89' lang='lat' dir='ltr'><strong>qui</strong></span> <span class='ocrx_word' id='word_1_70' title='bbox 876 1008 1149 1074; x_wconf 89' lang='lat' dir='ltr'><strong>decantat,</strong></span> <span class='ocrx_word' id='word_1_71' title='bbox 1198 1026 1308 1066; x_wconf 92' lang='lat' dir='ltr'><strong>non</strong></span> <span class='ocrx_word' id='word_1_72' title='bbox 1345 1009 1511 1066; x_wconf 92' lang='lat' dir='ltr'><strong>modo</strong></span> <span class='ocrx_word' id='word_1_73' title='bbox 1536 1026 1632 1081; x_wconf 88' lang='lat' dir='ltr'><strong>per</strong></span> <span class='ocrx_word' id='word_1_74' title='bbox 1669 1009 1911 1082; x_wconf 89' lang='lat' dir='ltr'><strong>seipsum</strong></span> 
     </span>
    </p>
   </div>
   <div class='ocr_carea' id='block_1_11' title="bbox 301 1101 1912 1176">
    <p class='ocr_par' dir='ltr' id='par_1_11' title="bbox 301 1101 1912 1176">
     <span class='ocr_line' id='line_1_11' title="bbox 301 1101 1912 1176; baseline 0.001 -18"><span class='ocrx_word' id='word_1_75' title='bbox 301 1102 682 1176; x_wconf 65' lang='lat' dir='ltr'><strong>intelligentiae</strong></span> <span class='ocrx_word' id='word_1_76' title='bbox 728 1101 973 1159; x_wconf 89' lang='lat' dir='ltr'><strong>fructum</strong></span> <span class='ocrx_word' id='word_1_77' title='bbox 1015 1104 1260 1171; x_wconf 89' lang='lat' dir='ltr'><strong>amittat,</strong></span> <span class='ocrx_word' id='word_1_78' title='bbox 1305 1102 1402 1160; x_wconf 88' lang='lat' dir='ltr'><strong>sed</strong></span> <span class='ocrx_word' id='word_1_79' title='bbox 1446 1103 1610 1160; x_wconf 88' lang='lat' dir='ltr'><strong>etiam</strong></span> <span class='ocrx_word' id='word_1_80' title='bbox 1653 1119 1748 1175; x_wconf 89' lang='lat' dir='ltr'><strong>per</strong></span> <span class='ocrx_word' id='word_1_81' title='bbox 1791 1103 1912 1160; x_wconf 92' lang='lat' dir='ltr'><strong>illos</strong></span> 
     </span>
    </p>
   </div>
   <div class='ocr_carea' id='block_1_12' title="bbox 305 1193 1914 1268">
    <p class='ocr_par' dir='ltr' id='par_1_12' title="bbox 305 1193 1914 1268">
     <span class='ocr_line' id='line_1_12' title="bbox 305 1193 1914 1268; baseline -0.001 -17"><span class='ocrx_word' id='word_1_82' title='bbox 305 1195 518 1253; x_wconf 83' lang='lat' dir='ltr'><strong>incidat</strong></span> <span class='ocrx_word' id='word_1_83' title='bbox 551 1194 942 1252; x_wconf 86' lang='lat' dir='ltr'><strong>detrimentum</strong></span> <span class='ocrx_word' id='word_1_84' title='bbox 967 1235 983 1263; x_wconf 93' lang='lat'><strong>,</strong></span> <span class='ocrx_word' id='word_1_85' title='bbox 1026 1211 1164 1268; x_wconf 90' lang='lat' dir='ltr'><strong>quos</strong></span> <span class='ocrx_word' id='word_1_86' title='bbox 1203 1193 1480 1250; x_wconf 89' lang='lat' dir='ltr'><strong>fastidium</strong></span> <span class='ocrx_word' id='word_1_87' title='bbox 1529 1210 1793 1268; x_wconf 84' lang='lat' dir='ltr'><strong>synaxeos</strong></span> <span class='ocrx_word' id='word_1_88' title='bbox 1831 1194 1914 1250; x_wconf 86' lang='lat' dir='ltr'><strong>ni-</strong></span> 
     </span>
    </p>
   </div>
   <div class='ocr_carea' id='block_1_13' title="bbox 304 1287 1913 1360">
    <p class='ocr_par' dir='ltr' id='par_1_13' title="bbox 304 1287 1913 1360">
     <span class='ocr_line' id='line_1_13' title="bbox 304 1287 1913 1360; baseline -0.001 -14"><span class='ocrx_word' id='word_1_89' title='bbox 304 1289 539 1346; x_wconf 85' lang='lat' dir='ltr'><strong>mietatc</strong></span> <span class='ocrx_word' id='word_1_90' title='bbox 570 1305 668 1345; x_wconf 89' lang='lat' dir='ltr'><strong>sua</strong></span> <span class='ocrx_word' id='word_1_91' title='bbox 696 1287 826 1345; x_wconf 90' lang='lat' dir='ltr'><strong>fecit</strong></span> <span class='ocrx_word' id='word_1_92' title='bbox 864 1288 1158 1346; x_wconf 86' lang='lat' dir='ltr'><strong>incurrere.</strong></span> <span class='ocrx_word' id='word_1_93' title='bbox 1198 1287 1336 1345; x_wconf 92' lang='lat' dir='ltr'><strong>lllud</strong></span> <span class='ocrx_word' id='word_1_94' title='bbox 1373 1299 1591 1360; x_wconf 83' lang='lat' dir='ltr'><strong>quoque</strong></span> <span class='ocrx_word' id='word_1_95' title='bbox 1631 1287 1778 1360; x_wconf 88' lang='lat' dir='ltr'><strong>apud</strong></span> <span class='ocrx_word' id='word_1_96' title='bbox 1819 1304 1913 1345; x_wconf 90' lang='lat' dir='ltr'><strong>eos</strong></span> 
     </span>
    </p>
   </div>
   <div class='ocr_carea' id='block_1_14' title="bbox 309 1380 1914 1454">
    <p class='ocr_par' dir='ltr' id='par_1_14' title="bbox 309 1380 1914 1454">
     <span class='ocr_line' id='line_1_14' title="bbox 309 1380 1914 1454; baseline 0 -16"><span class='ocrx_word' id='word_1_97' title='bbox 309 1381 465 1438; x_wconf 90' lang='lat' dir='ltr'><strong>omni</strong></span> <span class='ocrx_word' id='word_1_98' title='bbox 505 1381 848 1438; x_wconf 86' lang='lat' dir='ltr'><strong>observantia</strong></span> <span class='ocrx_word' id='word_1_99' title='bbox 885 1380 1210 1451; x_wconf 86' lang='lat' dir='ltr'><strong>custoditur,</strong></span> <span class='ocrx_word' id='word_1_100' title='bbox 1239 1389 1301 1437; x_wconf 93' lang='lat' dir='ltr'><strong>ut</strong></span> <span class='ocrx_word' id='word_1_101' title='bbox 1343 1382 1399 1437; x_wconf 91' lang='lat' dir='ltr'><strong>in</strong></span> <span class='ocrx_word' id='word_1_102' title='bbox 1427 1383 1779 1454; x_wconf 89' lang='lat' dir='ltr'><strong>responsione</strong></span> <span class='ocrx_word' id='word_1_103' title='bbox 1819 1384 1914 1438; x_wconf 84' lang='lat' dir='ltr'><strong>Al-</strong></span> 
     </span>
    </p>
   </div>
   <div class='ocr_carea' id='block_1_15' title="bbox 309 1475 1911 1554">
    <p class='ocr_par' dir='ltr' id='par_1_15' title="bbox 309 1475 1911 1554">
     <span class='ocr_line' id='line_1_15' title="bbox 309 1475 1911 1554; baseline 0.002 -24"><span class='ocrx_word' id='word_1_104' title='bbox 309 1476 476 1530; x_wconf 86' lang='lat' dir='ltr'><strong>leluia</strong></span> <span class='ocrx_word' id='word_1_105' title='bbox 499 1476 685 1532; x_wconf 88' lang='lat' dir='ltr'><strong>nullus</strong></span> <span class='ocrx_word' id='word_1_106' title='bbox 711 1475 920 1532; x_wconf 85' lang='lat' dir='ltr'><strong>dicatur</strong></span> <span class='ocrx_word' id='word_1_107' title='bbox 945 1475 1186 1554; x_wconf 79' lang='lat' dir='ltr'><strong>psalmus</strong></span> <span class='ocrx_word' id='word_1_108' title='bbox 1210 1479 1236 1508; x_wconf 79' lang='grc'>⁸</span> <span class='ocrx_word' id='word_1_109' title='bbox 1273 1476 1380 1532; x_wconf 89' lang='lat' dir='ltr'><strong>nisi</strong></span> <span class='ocrx_word' id='word_1_110' title='bbox 1418 1475 1465 1532; x_wconf 88' lang='lat' dir='ltr'><strong>is</strong></span> <span class='ocrx_word' id='word_1_111' title='bbox 1486 1517 1502 1543; x_wconf 91' lang='lat'><strong>,</strong></span> <span class='ocrx_word' id='word_1_112' title='bbox 1522 1476 1629 1548; x_wconf 78' lang='lat' dir='ltr'><strong>fqui</strong></span> <span class='ocrx_word' id='word_1_113' title='bbox 1658 1476 1711 1531; x_wconf 93' lang='lat' dir='ltr'><strong>in</strong></span> <span class='ocrx_word' id='word_1_114' title='bbox 1750 1477 1911 1533; x_wconf 89' lang='lat' dir='ltr'><strong>titulo</strong></span> 
     </span>
    </p>
   </div>
   <div class='ocr_carea' id='block_1_16' title="bbox 307 1568 1910 1640">
    <p class='ocr_par' dir='ltr' id='par_1_16' title="bbox 307 1568 1910 1640">
     <span class='ocr_line' id='line_1_16' title="bbox 307 1568 1910 1640; baseline 0.001 -16"><span class='ocrx_word' id='word_1_115' title='bbox 307 1583 413 1624; x_wconf 87' lang='lat' dir='ltr'><strong>suo</strong></span> <span class='ocrx_word' id='word_1_116' title='bbox 437 1569 674 1625; x_wconf 76' lang='lat' dir='ltr'><strong>Alleluia</strong></span> <span class='ocrx_word' id='word_1_117' title='bbox 693 1568 1041 1640; x_wconf 87' lang='lat' dir='ltr'><strong>inscriptione</strong></span> <span class='ocrx_word' id='word_1_118' title='bbox 1063 1577 1409 1640; x_wconf 70' lang='lat' dir='ltr'><strong>praenotatur.</strong></span> <span class='ocrx_word' id='word_1_119' title='bbox 1433 1568 1764 1627; x_wconf 71' lang='lat' dir='ltr'><strong>Pmdictum</strong></span> <span class='ocrx_word' id='word_1_120' title='bbox 1784 1585 1910 1625; x_wconf 89' lang='lat' dir='ltr'><strong>vero</strong></span> 
     </span>
    </p>
   </div>
   <div class='ocr_carea' id='block_1_17' title="bbox 308 1660 1913 1737">
    <p class='ocr_par' dir='ltr' id='par_1_17' title="bbox 308 1660 1913 1737">
     <span class='ocr_line' id='line_1_17' title="bbox 308 1660 1913 1737; baseline 0.001 -19"><span class='ocrx_word' id='word_1_121' title='bbox 308 1660 711 1718; x_wconf 88' lang='lat' dir='ltr'><strong>duodenarium</strong></span> <span class='ocrx_word' id='word_1_122' title='bbox 744 1661 1084 1734; x_wconf 86' lang='lat' dir='ltr'><strong>psalmorum</strong></span> <span class='ocrx_word' id='word_1_123' title='bbox 1125 1677 1415 1719; x_wconf 86' lang='lat' dir='ltr'><strong>numerum</strong></span> <span class='ocrx_word' id='word_1_124' title='bbox 1439 1663 1511 1720; x_wconf 89' lang='lat' dir='ltr'><strong>ita</strong></span> <span class='ocrx_word' id='word_1_125' title='bbox 1550 1663 1821 1737; x_wconf 89' lang='lat' dir='ltr'><strong>dividunt,</strong></span> <span class='ocrx_word' id='word_1_126' title='bbox 1851 1674 1913 1720; x_wconf 88' lang='lat' dir='ltr'><strong>ut</strong></span> 
     </span>
    </p>
   </div>
   <div class='ocr_carea' id='block_1_18' title="bbox 305 1754 1909 1830">
    <p class='ocr_par' dir='ltr' id='par_1_18' title="bbox 305 1754 1909 1830">
     <span class='ocr_line' id='line_1_18' title="bbox 305 1754 1909 1830; baseline 0 -18"><span class='ocrx_word' id='word_1_127' title='bbox 305 1755 356 1812; x_wconf 89' lang='lat' dir='ltr'><strong>si</strong></span> <span class='ocrx_word' id='word_1_128' title='bbox 394 1754 509 1814; x_wconf 92' lang='lat' dir='ltr'><strong>duo</strong></span> <span class='ocrx_word' id='word_1_129' title='bbox 546 1756 748 1814; x_wconf 86' lang='lat' dir='ltr'><strong>fuerint</strong></span> <span class='ocrx_word' id='word_1_130' title='bbox 769 1755 986 1826; x_wconf 80' lang='lat' dir='ltr'><strong>fratres,</strong></span> <span class='ocrx_word' id='word_1_131' title='bbox 1024 1771 1186 1813; x_wconf 87' lang='lat' dir='ltr'><strong>senos</strong></span> <span class='ocrx_word' id='word_1_132' title='bbox 1217 1757 1477 1830; x_wconf 86' lang='lat' dir='ltr'><strong>psallant;</strong></span> <span class='ocrx_word' id='word_1_133' title='bbox 1519 1757 1564 1814; x_wconf 92' lang='lat' dir='ltr'><strong>si</strong></span> <span class='ocrx_word' id='word_1_134' title='bbox 1597 1765 1731 1825; x_wconf 90' lang='lat' dir='ltr'><strong>tres,</strong></span> <span class='ocrx_word' id='word_1_135' title='bbox 1775 1772 1909 1830; x_wconf 89' lang='lat' dir='ltr'><strong>qua-</strong></span> 
     </span>
    </p>
   </div>
   <div class='ocr_carea' id='block_1_19' title="bbox 2015 528 2571 596">
    <p class='ocr_par' dir='ltr' id='par_1_19' title="bbox 2015 528 2571 596">
     <span class='ocr_line' id='line_1_19' title="bbox 2015 528 2571 596; baseline 0.002 -15"><span class='ocrx_word' id='word_1_136' title='bbox 2015 528 2234 596; x_wconf 75' lang='lat' dir='ltr'><strong>vigilias</strong></span> <span class='ocrx_word' id='word_1_137' title='bbox 2261 528 2571 584; x_wconf 68' lang='lat' dir='ltr'><strong>extendant.</strong></span> 
     </span>
    </p>
   </div>
   <div class='ocr_carea' id='block_1_20' title="bbox 2086 633 3614 708">
    <p class='ocr_par' dir='ltr' id='par_1_20' title="bbox 2086 633 3614 708">
     <span class='ocr_line' id='line_1_20' title="bbox 2086 633 3614 708; baseline 0.005 -20"><span class='ocrx_word' id='word_1_138' title='bbox 2086 634 2251 689; x_wconf 87' lang='lat' dir='ltr'><strong>Hunc</strong></span> <span class='ocrx_word' id='word_1_139' title='bbox 2287 649 2422 691; x_wconf 88' lang='lat' dir='ltr'><strong>sane</strong></span> <span class='ocrx_word' id='word_1_140' title='bbox 2447 633 2795 702; x_wconf 89' lang='lat' dir='ltr'><strong>canonicum,</strong></span> <span class='ocrx_word' id='word_1_141' title='bbox 2821 650 2984 708; x_wconf 89' lang='lat' dir='ltr'><strong>quem</strong></span> <span class='ocrx_word' id='word_1_142' title='bbox 3006 635 3378 708; x_wconf 75' lang='lat' dir='ltr'><strong>praediximus,</strong></span> <span class='ocrx_word' id='word_1_143' title='bbox 3403 635 3614 695; x_wconf 91' lang='lat' dir='ltr'><strong>duode-</strong></span> 
     </span>
    </p>
   </div>
   <div class='ocr_carea' id='block_1_21' title="bbox 2013 727 3616 802">
    <p class='ocr_par' dir='ltr' id='par_1_21' title="bbox 2013 727 3616 802">
     <span class='ocr_line' id='line_1_21' title="bbox 2013 727 3616 802; baseline 0.002 -20"><span class='ocrx_word' id='word_1_144' title='bbox 2013 728 2230 784; x_wconf 87' lang='lat' dir='ltr'><strong>narium</strong></span> <span class='ocrx_word' id='word_1_145' title='bbox 2273 727 2614 799; x_wconf 89' lang='lat' dir='ltr'><strong>psalmorum</strong></span> <span class='ocrx_word' id='word_1_146' title='bbox 2659 743 2949 784; x_wconf 86' lang='lat' dir='ltr'><strong>numerum</strong></span> <span class='ocrx_word' id='word_1_147' title='bbox 3009 729 3102 784; x_wconf 87' lang='lat' dir='ltr'><strong>tali</strong></span> <span class='ocrx_word' id='word_1_148' title='bbox 3146 729 3390 801; x_wconf 88' lang='lat' dir='ltr'><strong>corporis</strong></span> <span class='ocrx_word' id='word_1_149' title='bbox 3434 730 3616 802; x_wconf 89' lang='lat' dir='ltr'><strong>quiete</strong></span> 
     </span>
    </p>
   </div>
   <div class='ocr_carea' id='block_1_22' title="bbox 2014 821 3614 895">
    <p class='ocr_par' dir='ltr' id='par_1_22' title="bbox 2014 821 3614 895">
     <span class='ocr_line' id='line_1_22' title="bbox 2014 821 3614 895; baseline 0.002 -19"><span class='ocrx_word' id='word_1_150' title='bbox 2014 821 2282 890; x_wconf 87' lang='lat' dir='ltr'><strong>relevant,</strong></span> <span class='ocrx_word' id='word_1_151' title='bbox 2322 829 2385 878; x_wconf 90' lang='lat' dir='ltr'><strong>ut</strong></span> <span class='ocrx_word' id='word_1_152' title='bbox 2427 821 2523 878; x_wconf 90' lang='lat' dir='ltr'><strong>bas</strong></span> <span class='ocrx_word' id='word_1_153' title='bbox 2558 821 2777 878; x_wconf 87' lang='lat' dir='ltr'><strong>easdem</strong></span> <span class='ocrx_word' id='word_1_154' title='bbox 2821 823 3304 895; x_wconf 88' lang='lat' dir='ltr'><strong>congregationum</strong></span> <span class='ocrx_word' id='word_1_155' title='bbox 3353 822 3614 879; x_wconf 90' lang='lat' dir='ltr'><strong>solemni-</strong></span> 
     </span>
    </p>
   </div>
   <div class='ocr_carea' id='block_1_23' title="bbox 2015 915 3617 991">
    <p class='ocr_par' dir='ltr' id='par_1_23' title="bbox 2015 915 3617 991">
     <span class='ocr_line' id='line_1_23' title="bbox 2015 915 3617 991; baseline 0.002 -21"><span class='ocrx_word' id='word_1_156' title='bbox 2015 922 2154 971; x_wconf 90' lang='lat' dir='ltr'><strong>tates</strong></span> <span class='ocrx_word' id='word_1_157' title='bbox 2181 931 2244 970; x_wconf 88' lang='lat' dir='ltr'><strong>ex</strong></span> <span class='ocrx_word' id='word_1_158' title='bbox 2278 930 2433 970; x_wconf 88' lang='lat' dir='ltr'><strong>more</strong></span> <span class='ocrx_word' id='word_1_159' title='bbox 2460 915 2818 984; x_wconf 87' lang='lat' dir='ltr'><strong>celebrantes,</strong></span> <span class='ocrx_word' id='word_1_160' title='bbox 2856 916 3058 988; x_wconf 88' lang='lat' dir='ltr'><strong>absque</strong></span> <span class='ocrx_word' id='word_1_161' title='bbox 3091 931 3157 972; x_wconf 92' lang='lat' dir='ltr'><strong>eo</strong></span> <span class='ocrx_word' id='word_1_162' title='bbox 3179 956 3194 981; x_wconf 93' lang='lat'><strong>,</strong></span> <span class='ocrx_word' id='word_1_163' title='bbox 3243 917 3332 991; x_wconf 92' lang='lat' dir='ltr'><strong>qui</strong></span> <span class='ocrx_word' id='word_1_164' title='bbox 3373 915 3617 974; x_wconf 85' lang='lat' dir='ltr'><strong>dicturus</strong></span> 
     </span>
    </p>
   </div>
   <div class='ocr_carea' id='block_1_24' title="bbox 2017 1003 3620 1080">
    <p class='ocr_par' dir='ltr' id='par_1_24' title="bbox 2017 1003 3620 1080">
     <span class='ocr_line' id='line_1_24' title="bbox 2017 1003 3620 1080; baseline 0 -15"><span class='ocrx_word' id='word_1_165' title='bbox 2017 1009 2073 1065; x_wconf 94' lang='lat' dir='ltr'><strong>in</strong></span> <span class='ocrx_word' id='word_1_166' title='bbox 2101 1009 2340 1066; x_wconf 90' lang='lat' dir='ltr'><strong>medium</strong></span> <span class='ocrx_word' id='word_1_167' title='bbox 2367 1009 2608 1080; x_wconf 89' lang='lat' dir='ltr'><strong>psalmos</strong></span> <span class='ocrx_word' id='word_1_168' title='bbox 2631 1009 2946 1078; x_wconf 82' lang='lat' dir='ltr'><strong>surrexerit,</strong></span> <span class='ocrx_word' id='word_1_169' title='bbox 2973 1010 3154 1066; x_wconf 88' lang='lat' dir='ltr'><strong>cuncti</strong></span> <span class='ocrx_word' id='word_1_170' title='bbox 3173 1003 3200 1041; x_wconf 73' lang='grc'><strong>⁸³</strong></span> <span class='ocrx_word' id='word_1_171' title='bbox 3229 1008 3489 1066; x_wconf 87' lang='lat' dir='ltr'><strong>sedilibus</strong></span> <span class='ocrx_word' id='word_1_172' title='bbox 3519 1010 3620 1066; x_wconf 86' lang='lat' dir='ltr'><strong>hu-</strong></span> 
     </span>
    </p>
   </div>
   <div class='ocr_carea' id='block_1_25' title="bbox 2019 1102 3618 1175">
    <p class='ocr_par' dir='ltr' id='par_1_25' title="bbox 2019 1102 3618 1175">
     <span class='ocr_line' id='line_1_25' title="bbox 2019 1102 3618 1175; baseline 0.001 -16"><span class='ocrx_word' id='word_1_173' title='bbox 2019 1103 2257 1161; x_wconf 90' lang='lat' dir='ltr'><strong>millimis</strong></span> <span class='ocrx_word' id='word_1_174' title='bbox 2279 1102 2592 1171; x_wconf 91' lang='lat' dir='ltr'><strong>insidentes,</strong></span> <span class='ocrx_word' id='word_1_175' title='bbox 2624 1103 2695 1160; x_wconf 91' lang='lat' dir='ltr'><strong>ad</strong></span> <span class='ocrx_word' id='word_1_176' title='bbox 2736 1119 2930 1160; x_wconf 92' lang='lat' dir='ltr'><strong>vocem</strong></span> <span class='ocrx_word' id='word_1_177' title='bbox 2958 1103 3234 1175; x_wconf 89' lang='lat' dir='ltr'><strong>psallentis</strong></span> <span class='ocrx_word' id='word_1_178' title='bbox 3261 1104 3412 1160; x_wconf 90' lang='lat' dir='ltr'><strong>omni</strong></span> <span class='ocrx_word' id='word_1_179' title='bbox 3439 1103 3618 1161; x_wconf 88' lang='lat' dir='ltr'><strong>cordis</strong></span> 
     </span>
    </p>
   </div>
   <div class='ocr_carea' id='block_1_26' title="bbox 2018 1195 3616 1270">
    <p class='ocr_par' dir='ltr' id='par_1_26' title="bbox 2018 1195 3616 1270">
     <span class='ocr_line' id='line_1_26' title="bbox 2018 1195 3616 1270; baseline 0.001 -17"><span class='ocrx_word' id='word_1_180' title='bbox 2018 1196 2314 1254; x_wconf 89' lang='lat' dir='ltr'><strong>intentione</strong></span> <span class='ocrx_word' id='word_1_181' title='bbox 2352 1197 2713 1270; x_wconf 89' lang='lat' dir='ltr'><strong>dependeant.</strong></span> <span class='ocrx_word' id='word_1_182' title='bbox 2753 1198 2833 1254; x_wconf 88' lang='lat' dir='ltr'><strong>Ita</strong></span> <span class='ocrx_word' id='word_1_183' title='bbox 2860 1212 3098 1268; x_wconf 89' lang='lat' dir='ltr'><strong>namque</strong></span> <span class='ocrx_word' id='word_1_184' title='bbox 3131 1195 3351 1269; x_wconf 87' lang='lat' dir='ltr'><strong>jejuniis</strong></span> <span class='ocrx_word' id='word_1_185' title='bbox 3389 1205 3446 1253; x_wconf 87' lang='lat' dir='ltr'><strong>et</strong></span> <span class='ocrx_word' id='word_1_186' title='bbox 3486 1213 3616 1269; x_wconf 89' lang='lat' dir='ltr'><strong>ope-</strong></span> 
     </span>
    </p>
   </div>
   <div class='ocr_carea' id='block_1_27' title="bbox 2018 1289 3617 1362">
    <p class='ocr_par' dir='ltr' id='par_1_27' title="bbox 2018 1289 3617 1362">
     <span class='ocr_line' id='line_1_27' title="bbox 2018 1289 3617 1362; baseline 0 -16"><span class='ocrx_word' id='word_1_187' title='bbox 2018 1289 2225 1347; x_wconf 88' lang='lat' dir='ltr'><strong>ratione</strong></span> <span class='ocrx_word' id='word_1_188' title='bbox 2259 1290 2429 1347; x_wconf 87' lang='lat' dir='ltr'><strong>totius</strong></span> <span class='ocrx_word' id='word_1_189' title='bbox 2485 1289 2630 1358; x_wconf 89' lang='lat' dir='ltr'><strong>diei,</strong></span> <span class='ocrx_word' id='word_1_190' title='bbox 2674 1289 2960 1362; x_wconf 87' lang='lat' dir='ltr'><strong>noctisque</strong></span> <span class='ocrx_word' id='word_1_191' title='bbox 3010 1289 3354 1358; x_wconf 82' lang='lat' dir='ltr'><strong>lassescunt,</strong></span> <span class='ocrx_word' id='word_1_192' title='bbox 3409 1297 3471 1346; x_wconf 92' lang='lat' dir='ltr'><strong>ut</strong></span> <span class='ocrx_word' id='word_1_193' title='bbox 3516 1291 3617 1346; x_wconf 88' lang='lat' dir='ltr'><strong>nisi</strong></span> 
     </span>
    </p>
   </div>
   <div class='ocr_carea' id='block_1_28' title="bbox 2019 1383 3616 1458">
    <p class='ocr_par' dir='ltr' id='par_1_28' title="bbox 2019 1383 3616 1458">
     <span class='ocr_line' id='line_1_28' title="bbox 2019 1383 3616 1458; baseline 0.001 -20"><span class='ocrx_word' id='word_1_194' title='bbox 2019 1384 2389 1457; x_wconf 87' lang='lat' dir='ltr'><strong>hujuscemodi</strong></span> <span class='ocrx_word' id='word_1_195' title='bbox 2417 1383 2712 1442; x_wconf 82' lang='lat' dir='ltr'><strong>refectione</strong></span> <span class='ocrx_word' id='word_1_196' title='bbox 2744 1385 3088 1458; x_wconf 88' lang='lat' dir='ltr'><strong>adjuventur,</strong></span> <span class='ocrx_word' id='word_1_197' title='bbox 3118 1401 3188 1440; x_wconf 89' lang='lat' dir='ltr'><strong>ne</strong></span> <span class='ocrx_word' id='word_1_198' title='bbox 3217 1385 3363 1441; x_wconf 89' lang='lat' dir='ltr'><strong>hunc</strong></span> <span class='ocrx_word' id='word_1_199' title='bbox 3395 1384 3616 1457; x_wconf 89' lang='lat' dir='ltr'><strong>quidem</strong></span> 
     </span>
    </p>
   </div>
   <div class='ocr_carea' id='block_1_29' title="bbox 2017 1478 3622 1552">
    <p class='ocr_par' dir='ltr' id='par_1_29' title="bbox 2017 1478 3622 1552">
     <span class='ocr_line' id='line_1_29' title="bbox 2017 1478 3622 1552; baseline 0.001 -20"><span class='ocrx_word' id='word_1_200' title='bbox 2017 1493 2308 1534; x_wconf 87' lang='lat' dir='ltr'><strong>numerum</strong></span> <span class='ocrx_word' id='word_1_201' title='bbox 2351 1487 2561 1535; x_wconf 86' lang='lat' dir='ltr'><strong>stantes</strong></span> <span class='ocrx_word' id='word_1_202' title='bbox 2600 1479 2826 1551; x_wconf 90' lang='lat' dir='ltr'><strong>implere</strong></span> <span class='ocrx_word' id='word_1_203' title='bbox 2854 1478 3199 1552; x_wconf 65' lang='lat' dir='ltr'><strong>praevaleant.</strong></span> <span class='ocrx_word' id='word_1_204' title='bbox 3233 1479 3504 1535; x_wconf 72' lang='lat' dir='ltr'><strong>Nullumc</strong></span> <span class='ocrx_word' id='word_1_205' title='bbox 3541 1489 3622 1534; x_wconf 88' lang='lat' dir='ltr'><strong>et-</strong></span> 
     </span>
    </p>
   </div>
   <div class='ocr_carea' id='block_1_30' title="bbox 2019 1571 3620 1646">
    <p class='ocr_par' dir='ltr' id='par_1_30' title="bbox 2019 1571 3620 1646">
     <span class='ocr_line' id='line_1_30' title="bbox 2019 1571 3620 1646; baseline 0.001 -18"><span class='ocrx_word' id='word_1_206' title='bbox 2019 1573 2164 1628; x_wconf 89' lang='lat' dir='ltr'><strong>enim</strong></span> <span class='ocrx_word' id='word_1_207' title='bbox 2183 1581 2400 1646; x_wconf 84' lang='lat' dir='ltr'><strong>tempus</strong></span> <span class='ocrx_word' id='word_1_208' title='bbox 2427 1575 2494 1630; x_wconf 92' lang='lat' dir='ltr'><strong>ab</strong></span> <span class='ocrx_word' id='word_1_209' title='bbox 2515 1574 2695 1646; x_wconf 90' lang='lat' dir='ltr'><strong>operis</strong></span> <span class='ocrx_word' id='word_1_210' title='bbox 2717 1573 3103 1630; x_wconf 82' lang='lat' dir='ltr'><strong>exercitatione</strong></span> <span class='ocrx_word' id='word_1_211' title='bbox 3126 1587 3360 1629; x_wconf 89' lang='lat' dir='ltr'><strong>vacuum</strong></span> <span class='ocrx_word' id='word_1_212' title='bbox 3388 1571 3620 1629; x_wconf 84' lang='lat' dir='ltr'><strong>transire</strong></span> 
     </span>
    </p>
   </div>
   <div class='ocr_carea' id='block_1_31' title="bbox 2019 1663 3623 1740">
    <p class='ocr_par' dir='ltr' id='par_1_31' title="bbox 2019 1663 3623 1740">
     <span class='ocr_line' id='line_1_31' title="bbox 2019 1663 3623 1740; baseline -0.001 -19"><span class='ocrx_word' id='word_1_213' title='bbox 2019 1665 2351 1735; x_wconf 87' lang='lat' dir='ltr'><strong>concedunt;</strong></span> <span class='ocrx_word' id='word_1_214' title='bbox 2383 1668 2509 1740; x_wconf 89' lang='lat' dir='ltr'><strong>quia</strong></span> <span class='ocrx_word' id='word_1_215' title='bbox 2540 1682 2651 1723; x_wconf 92' lang='lat' dir='ltr'><strong>non</strong></span> <span class='ocrx_word' id='word_1_216' title='bbox 2674 1666 2855 1723; x_wconf 89' lang='lat' dir='ltr'><strong>solum</strong></span> <span class='ocrx_word' id='word_1_217' title='bbox 2880 1682 2944 1723; x_wconf 92' lang='lat' dir='ltr'><strong>ea</strong></span> <span class='ocrx_word' id='word_1_218' title='bbox 2967 1680 3092 1738; x_wconf 75' lang='lat' dir='ltr'><strong>quae</strong></span> <span class='ocrx_word' id='word_1_219' title='bbox 3114 1665 3217 1723; x_wconf 90' lang='lat' dir='ltr'><strong>diei</strong></span> <span class='ocrx_word' id='word_1_220' title='bbox 3242 1663 3499 1738; x_wconf 90' lang='lat' dir='ltr'><strong>splendor</strong></span> <span class='ocrx_word' id='word_1_221' title='bbox 3523 1663 3623 1721; x_wconf 82' lang='lat' dir='ltr'><strong>ad-</strong></span> 
     </span>
    </p>
   </div>
   <div class='ocr_carea' id='block_1_32' title="bbox 2019 1759 3616 1830">
    <p class='ocr_par' dir='ltr' id='par_1_32' title="bbox 2019 1759 3616 1830">
     <span class='ocr_line' id='line_1_32' title="bbox 2019 1759 3616 1830; baseline -0.001 -14"><span class='ocrx_word' id='word_1_222' title='bbox 2019 1761 2208 1830; x_wconf 86' lang='lat' dir='ltr'><strong>mittit,</strong></span> <span class='ocrx_word' id='word_1_223' title='bbox 2238 1761 2386 1817; x_wconf 90' lang='lat' dir='ltr'><strong>omni</strong></span> <span class='ocrx_word' id='word_1_224' title='bbox 2410 1762 2665 1818; x_wconf 87' lang='lat' dir='ltr'><strong>instantia</strong></span> <span class='ocrx_word' id='word_1_225' title='bbox 2689 1762 2942 1818; x_wconf 87' lang='lat' dir='ltr'><strong>manibus</strong></span> <span class='ocrx_word' id='word_1_226' title='bbox 2963 1776 3214 1818; x_wconf 83' lang='lat' dir='ltr'><strong>exercere</strong></span> <span class='ocrx_word' id='word_1_227' title='bbox 3242 1759 3616 1817; x_wconf 88' lang='lat' dir='ltr'><strong>contendunt:</strong></span> 
     </span>
    </p>
   </div>
   <div class='ocr_carea' id='block_1_33' title="bbox 305 1842 3619 1930">
    <p class='ocr_par' dir='ltr' id='par_1_33' title="bbox 305 1842 3619 1930">
     <span class='ocr_line' id='line_1_33' title="bbox 305 1842 3619 1930; baseline -0.002 -10"><span class='ocrx_word' id='word_1_228' title='bbox 305 1857 532 1920; x_wconf 72' lang='grc' dir='ltr'><strong>ιεωοδς</strong></span> <span class='ocrx_word' id='word_1_229' title='bbox 561 1850 606 1908; x_wconf 73' lang='grc' dir='ltr'><strong>εί</strong></span> <span class='ocrx_word' id='word_1_230' title='bbox 639 1859 896 1924; x_wconf 72' lang='lat' dir='ltr'><strong>quatuor.</strong></span> <span class='ocrx_word' id='word_1_231' title='bbox 925 1858 1137 1908; x_wconf 70' lang='grc' dir='ltr'><strong>ῑθΐηοεο</strong></span> <span class='ocrx_word' id='word_1_232' title='bbox 1175 1851 1298 1920; x_wconf 76' lang='lat' dir='ltr'><strong>Quo</strong></span> <span class='ocrx_word' id='word_1_233' title='bbox 1336 1867 1569 1908; x_wconf 78' lang='lat' dir='ltr'><strong>numero</strong></span> <span class='ocrx_word' id='word_1_234' title='bbox 1605 1867 1909 1924; x_wconf 80' lang='lat' dir='ltr'><strong>numquam</strong></span> <span class='ocrx_word' id='word_1_235' title='bbox 1942 1842 1990 1905; x_wconf 87' lang='grc' dir='ltr'><strong>Β</strong></span> <span class='ocrx_word' id='word_1_236' title='bbox 2022 1857 2118 1914; x_wconf 90' lang='lat' dir='ltr'><strong>sed</strong></span> <span class='ocrx_word' id='word_1_237' title='bbox 2151 1857 2318 1914; x_wconf 91' lang='lat' dir='ltr'><strong>etiam</strong></span> <span class='ocrx_word' id='word_1_238' title='bbox 2359 1858 2448 1913; x_wconf 86' lang='lat' dir='ltr'><strong>illa</strong></span> <span class='ocrx_word' id='word_1_239' title='bbox 2495 1858 2875 1930; x_wconf 82' lang='lat' dir='ltr'><strong>operationum</strong></span> <span class='ocrx_word' id='word_1_240' title='bbox 2919 1873 3116 1930; x_wconf 86' lang='lat' dir='ltr'><strong>genera</strong></span> <span class='ocrx_word' id='word_1_241' title='bbox 3161 1857 3390 1913; x_wconf 86' lang='lat' dir='ltr'><strong>sollicita</strong></span> <span class='ocrx_word' id='word_1_242' title='bbox 3432 1865 3619 1912; x_wconf 87' lang='lat' dir='ltr'><strong>mente</strong></span> 
     </span>
    </p>
   </div>
   <div class='ocr_carea' id='block_1_34' title="bbox 305 1943 1909 2018">
    <p class='ocr_par' dir='ltr' id='par_1_34' title="bbox 305 1943 1909 2018">
     <span class='ocr_line' id='line_1_34' title="bbox 305 1943 1909 2018; baseline 0 -18"><span class='ocrx_word' id='word_1_243' title='bbox 305 1943 497 2001; x_wconf 88' lang='lat' dir='ltr'><strong>minus</strong></span> <span class='ocrx_word' id='word_1_244' title='bbox 517 1953 575 2001; x_wconf 89' lang='lat' dir='ltr'><strong>et</strong></span> <span class='ocrx_word' id='word_1_245' title='bbox 599 1945 1022 2017; x_wconf 81' lang='lat' dir='ltr'><strong>congregatiOne</strong></span> <span class='ocrx_word' id='word_1_246' title='bbox 1049 1945 1366 2013; x_wconf 84' lang='lat' dir='ltr'><strong>decantant;</strong></span> <span class='ocrx_word' id='word_1_247' title='bbox 1391 1960 1453 2002; x_wconf 89' lang='lat' dir='ltr'><strong>ac</strong></span> <span class='ocrx_word' id='word_1_248' title='bbox 1478 1944 1708 2018; x_wconf 89' lang='lat' dir='ltr'><strong>proinde</strong></span> <span class='ocrx_word' id='word_1_249' title='bbox 1731 1960 1909 2016; x_wconf 79' lang='lat' dir='ltr'><strong>quan-</strong></span> 
     </span>
    </p>
   </div>
   <div class='ocr_carea' id='block_1_35' title="bbox 303 2037 1910 2112">
    <p class='ocr_par' dir='ltr' id='par_1_35' title="bbox 303 2037 1910 2112">
     <span class='ocr_line' id='line_1_35' title="bbox 303 2037 1910 2112; baseline 0 -18"><span class='ocrx_word' id='word_1_250' title='bbox 303 2037 505 2096; x_wconf 85' lang='lat' dir='ltr'><strong>talibet</strong></span> <span class='ocrx_word' id='word_1_251' title='bbox 548 2037 844 2096; x_wconf 88' lang='lat' dir='ltr'><strong>multitudo</strong></span> <span class='ocrx_word' id='word_1_252' title='bbox 905 2037 1253 2106; x_wconf 89' lang='lat' dir='ltr'><strong>convenerit,</strong></span> <span class='ocrx_word' id='word_1_253' title='bbox 1309 2053 1612 2112; x_wconf 90' lang='lat' dir='ltr'><strong>numquam</strong></span> <span class='ocrx_word' id='word_1_254' title='bbox 1675 2038 1910 2111; x_wconf 89' lang='lat' dir='ltr'><strong>amplius</strong></span> 
     </span>
    </p>
   </div>
   <div class='ocr_carea' id='block_1_36' title="bbox 305 2131 1589 2206">
    <p class='ocr_par' dir='ltr' id='par_1_36' title="bbox 305 2131 1589 2206">
     <span class='ocr_line' id='line_1_36' title="bbox 305 2131 1589 2206; baseline 0 -18"><span class='ocrx_word' id='word_1_255' title='bbox 305 2131 551 2204; x_wconf 86' lang='lat' dir='ltr'><strong>psallunt</strong></span> <span class='ocrx_word' id='word_1_256' title='bbox 573 2132 629 2189; x_wconf 90' lang='lat' dir='ltr'><strong>in</strong></span> <span class='ocrx_word' id='word_1_257' title='bbox 657 2131 864 2206; x_wconf 81' lang='lat' dir='ltr'><strong>synaxi,</strong></span> <span class='ocrx_word' id='word_1_258' title='bbox 893 2147 1059 2206; x_wconf 87' lang='lat' dir='ltr'><strong>quam</strong></span> <span class='ocrx_word' id='word_1_259' title='bbox 1087 2141 1322 2205; x_wconf 88' lang='lat' dir='ltr'><strong>quatuor</strong></span> <span class='ocrx_word' id='word_1_260' title='bbox 1367 2131 1589 2190; x_wconf 84' lang='lat' dir='ltr'><strong>fratres.</strong></span> 
     </span>
    </p>
   </div>
   <div class='ocr_carea' id='block_1_37' title="bbox 903 2279 1321 2336">
    <p class='ocr_par' dir='ltr' id='par_1_37' title="bbox 903 2279 1321 2336">
     <span class='ocr_line' id='line_1_37' title="bbox 903 2279 1321 2336; baseline -0.002 0"><span class='ocrx_word' id='word_1_261' title='bbox 903 2279 1148 2336; x_wconf 78' lang='lat' dir='ltr'><strong>CAPUT</strong></span> <span class='ocrx_word' id='word_1_262' title='bbox 1186 2279 1321 2336; x_wconf 81' lang='grc' dir='ltr'><strong>ΧΠ.</strong></span> 
     </span>
    </p>
   </div>
   <div class='ocr_carea' id='block_1_38' title="bbox 307 2417 1913 2490">
    <p class='ocr_par' dir='ltr' id='par_1_38' title="bbox 307 2417 1913 2490">
     <span class='ocr_line' id='line_1_38' title="bbox 307 2417 1913 2490; baseline -0.002 -14"><span class='ocrx_word' id='word_1_263' title='bbox 307 2417 430 2476; x_wconf 84' lang='lat' dir='ltr'><strong>Cur</strong></span> <span class='ocrx_word' id='word_1_264' title='bbox 457 2435 566 2474; x_wconf 88' lang='lat' dir='ltr'><strong>uno</strong></span> <span class='ocrx_word' id='word_1_265' title='bbox 581 2419 862 2490; x_wconf 79' lang='lat' dir='ltr'><strong>psallente,</strong></span> <span class='ocrx_word' id='word_1_266' title='bbox 888 2421 1068 2476; x_wconf 70' lang='lat' dir='ltr'><strong>elateri</strong></span> <span class='ocrx_word' id='word_1_267' title='bbox 1087 2421 1146 2474; x_wconf 90' lang='lat' dir='ltr'><strong>in</strong></span> <span class='ocrx_word' id='word_1_268' title='bbox 1170 2419 1377 2490; x_wconf 65' lang='lat' dir='ltr'><strong>synaxi</strong></span> <span class='ocrx_word' id='word_1_269' title='bbox 1390 2418 1630 2486; x_wconf 82' lang='lat' dir='ltr'><strong>sedeant,</strong></span> <span class='ocrx_word' id='word_1_270' title='bbox 1653 2418 1737 2473; x_wconf 82' lang='lat' dir='ltr'><strong>vel</strong></span> <span class='ocrx_word' id='word_1_271' title='bbox 1756 2419 1913 2489; x_wconf 83' lang='lat' dir='ltr'><strong>quali</strong></span> 
     </span>
    </p>
   </div>
   <div class='ocr_carea' id='block_1_39' title="bbox 2015 1947 3621 2024">
    <p class='ocr_par' dir='ltr' id='par_1_39' title="bbox 2015 1947 3621 2024">
     <span class='ocr_line' id='line_1_39' title="bbox 2015 1947 3621 2024; baseline -0.001 -18"><span class='ocrx_word' id='word_1_272' title='bbox 2015 1950 2356 2023; x_wconf 87' lang='lat' dir='ltr'><strong>perquirunt,</strong></span> <span class='ocrx_word' id='word_1_273' title='bbox 2387 1966 2512 2024; x_wconf 72' lang='lat' dir='ltr'><strong>qua:</strong></span> <span class='ocrx_word' id='word_1_274' title='bbox 2535 1966 2605 2006; x_wconf 94' lang='lat' dir='ltr'><strong>ne</strong></span> <span class='ocrx_word' id='word_1_275' title='bbox 2630 1949 2797 2023; x_wconf 91' lang='lat' dir='ltr'><strong>ipsius</strong></span> <span class='ocrx_word' id='word_1_276' title='bbox 2820 1950 3042 2022; x_wconf 90' lang='lat' dir='ltr'><strong>quidem</strong></span> <span class='ocrx_word' id='word_1_277' title='bbox 3087 1951 3264 2006; x_wconf 87' lang='lat' dir='ltr'><strong>noctis</strong></span> <span class='ocrx_word' id='word_1_278' title='bbox 3285 1947 3621 2006; x_wconf 71' lang='lat' dir='ltr'><strong>densissima:</strong></span> 
     </span>
    </p>
   </div>
   <div class='ocr_carea' id='block_1_40' title="bbox 2017 2041 3622 2118">
    <p class='ocr_par' dir='ltr' id='par_1_40' title="bbox 2017 2041 3622 2118">
     <span class='ocr_line' id='line_1_40' title="bbox 2017 2041 3622 2118; baseline -0.002 -17"><span class='ocrx_word' id='word_1_279' title='bbox 2017 2044 2256 2102; x_wconf 72' lang='lat' dir='ltr'><strong>tenebra:</strong></span> <span class='ocrx_word' id='word_1_280' title='bbox 2283 2045 2498 2102; x_wconf 88' lang='lat' dir='ltr'><strong>valeant</strong></span> <span class='ocrx_word' id='word_1_281' title='bbox 2523 2043 2814 2118; x_wconf 89' lang='lat' dir='ltr'><strong>impedire,</strong></span> <span class='ocrx_word' id='word_1_282' title='bbox 2839 2043 3122 2100; x_wconf 87' lang='lat' dir='ltr'><strong>credentes</strong></span> <span class='ocrx_word' id='word_1_283' title='bbox 3160 2058 3220 2099; x_wconf 89' lang='lat' dir='ltr'><strong>se</strong></span> <span class='ocrx_word' id='word_1_284' title='bbox 3255 2050 3412 2099; x_wconf 91' lang='lat' dir='ltr'><strong>tanto</strong></span> <span class='ocrx_word' id='word_1_285' title='bbox 3447 2041 3622 2099; x_wconf 90' lang='lat' dir='ltr'><strong>subli-</strong></span> 
     </span>
    </p>
   </div>
   <div class='ocr_carea' id='block_1_41' title="bbox 2019 2137 3618 2210">
    <p class='ocr_par' dir='ltr' id='par_1_41' title="bbox 2019 2137 3618 2210">
     <span class='ocr_line' id='line_1_41' title="bbox 2019 2137 3618 2210; baseline 0 -18"><span class='ocrx_word' id='word_1_286' title='bbox 2019 2138 2253 2194; x_wconf 89' lang='lat' dir='ltr'><strong>miorem</strong></span> <span class='ocrx_word' id='word_1_287' title='bbox 2307 2137 2671 2210; x_wconf 89' lang='lat' dir='ltr'><strong>spiritualium</strong></span> <span class='ocrx_word' id='word_1_288' title='bbox 2733 2137 3260 2209; x_wconf 87' lang='lat' dir='ltr'><strong>contemplationum</strong></span> <span class='ocrx_word' id='word_1_289' title='bbox 3321 2137 3618 2208; x_wconf 89' lang='lat' dir='ltr'><strong>puritatem</strong></span> 
     </span>
    </p>
   </div>
   <div class='ocr_carea' id='block_1_42' title="bbox 2019 2227 3620 2302">
    <p class='ocr_par' dir='ltr' id='par_1_42' title="bbox 2019 2227 3620 2302">
     <span class='ocr_line' id='line_1_42' title="bbox 2019 2227 3620 2302; baseline -0.001 -17"><span class='ocrx_word' id='word_1_290' title='bbox 2019 2229 2218 2286; x_wconf 91' lang='lat' dir='ltr'><strong>mentis</strong></span> <span class='ocrx_word' id='word_1_291' title='bbox 2266 2229 2460 2286; x_wconf 90' lang='lat' dir='ltr'><strong>intuitu</strong></span> <span class='ocrx_word' id='word_1_292' title='bbox 2503 2229 2860 2302; x_wconf 67' lang='lat' dir='ltr'><strong>quaesituros,</strong></span> <span class='ocrx_word' id='word_1_293' title='bbox 2906 2236 3113 2302; x_wconf 90' lang='lat' dir='ltr'><strong>quanto</strong></span> <span class='ocrx_word' id='word_1_294' title='bbox 3153 2227 3357 2286; x_wconf 88' lang='lat' dir='ltr'><strong>diutius</strong></span> <span class='ocrx_word' id='word_1_295' title='bbox 3411 2227 3620 2284; x_wconf 89' lang='lat' dir='ltr'><strong>fuerint</strong></span> 
     </span>
    </p>
   </div>
   <div class='ocr_carea' id='block_1_43' title="bbox 2017 2320 3620 2397">
    <p class='ocr_par' dir='ltr' id='par_1_43' title="bbox 2017 2320 3620 2397">
     <span class='ocr_line' id='line_1_43' title="bbox 2017 2320 3620 2397; baseline -0.001 -18"><span class='ocrx_word' id='word_1_296' title='bbox 2017 2337 2142 2397; x_wconf 84' lang='lat' dir='ltr'><strong>erga</strong></span> <span class='ocrx_word' id='word_1_297' title='bbox 2191 2325 2372 2396; x_wconf 92' lang='lat' dir='ltr'><strong>operis</strong></span> <span class='ocrx_word' id='word_1_298' title='bbox 2413 2323 2658 2382; x_wconf 85' lang='lat' dir='ltr'><strong>studium</strong></span> <span class='ocrx_word' id='word_1_299' title='bbox 2687 2339 2751 2380; x_wconf 85' lang='lat' dir='ltr'><strong>ac</strong></span> <span class='ocrx_word' id='word_1_300' title='bbox 2787 2323 2991 2380; x_wconf 87' lang='lat' dir='ltr'><strong>laboris</strong></span> <span class='ocrx_word' id='word_1_301' title='bbox 3027 2323 3245 2380; x_wconf 91' lang='lat' dir='ltr'><strong>intenti.</strong></span> <span class='ocrx_word' id='word_1_302' title='bbox 3299 2325 3372 2379; x_wconf 87' lang='lat' dir='ltr'><strong>Et</strong></span> <span class='ocrx_word' id='word_1_303' title='bbox 3418 2320 3620 2379; x_wconf 89' lang='lat' dir='ltr'><strong>idcirco</strong></span> 
     </span>
    </p>
   </div>
   <div class='ocr_carea' id='block_1_44' title="bbox 1971 2404 3622 2490">
    <p class='ocr_par' dir='ltr' id='par_1_44' title="bbox 1971 2404 3622 2490">
     <span class='ocr_line' id='line_1_44' title="bbox 1971 2404 3622 2490; baseline 0.002 -20"><span class='ocrx_word' id='word_1_304' title='bbox 1971 2465 1976 2470; x_wconf 92' lang='lat'><strong>.</strong></span> <span class='ocrx_word' id='word_1_305' title='bbox 2002 2417 2351 2476; x_wconf 84' lang='lat' dir='ltr'><strong>mediocrem</strong></span> <span class='ocrx_word' id='word_1_306' title='bbox 2373 2417 2761 2479; x_wconf 83' lang='lat' dir='ltr'><strong>eanonicarum</strong></span> <span class='ocrx_word' id='word_1_307' title='bbox 2787 2417 3096 2475; x_wconf 88' lang='lat' dir='ltr'><strong>orationum</strong></span> <span class='ocrx_word' id='word_1_308' title='bbox 3113 2404 3142 2450; x_wconf 68' lang='grc' dir='ltr'><strong><em>ἀ</em></strong></span> <span class='ocrx_word' id='word_1_309' title='bbox 3167 2431 3460 2474; x_wconf 90' lang='lat' dir='ltr'><strong>numerum</strong></span> <span class='ocrx_word' id='word_1_310' title='bbox 3477 2414 3622 2490; x_wconf 88' lang='lat' dir='ltr'><strong>judi-</strong></span> 
     </span>
    </p>
   </div>
   <div class='ocr_carea' id='block_1_45' title="bbox 1415 2562 2526 2620">
    <p class='ocr_par' dir='ltr' id='par_1_45' title="bbox 1415 2562 2526 2620">
     <span class='ocr_line' id='line_1_45' title="bbox 1415 2562 2526 2620; baseline -0.001 -1"><span class='ocrx_word' id='word_1_311' title='bbox 1415 2563 1667 2620; x_wconf 79' lang='lat' dir='ltr'><strong>ALARDI</strong></span> <span class='ocrx_word' id='word_1_312' title='bbox 1707 2563 1932 2619; x_wconf 76' lang='grc' dir='ltr'><strong>ΟΑΖΛΞΙ</strong></span> <span class='ocrx_word' id='word_1_313' title='bbox 1968 2562 2526 2620; x_wconf 78' lang='lat' dir='ltr'><strong>COMMENTARIUS.</strong></span> 
     </span>
    </p>
   </div>
   <div class='ocr_carea' id='block_1_46' title="bbox 387 2685 1910 2760">
    <p class='ocr_par' dir='ltr' id='par_1_46' title="bbox 387 2685 1910 2760">
     <span class='ocr_line' id='line_1_46' title="bbox 387 2685 1910 2760; baseline 0 -18"><span class='ocrx_word' id='word_1_314' title='bbox 387 2689 417 2760; x_wconf 51' lang='grc' dir='ltr'>ἦ</span> <span class='ocrx_word' id='word_1_315' title='bbox 431 2686 652 2760; x_wconf 85' lang='lat' dir='ltr'><strong>Psalmi,</strong></span> <span class='ocrx_word' id='word_1_316' title='bbox 671 2686 764 2760; x_wconf 89' lang='lat' dir='ltr'><strong>qui</strong></span> <span class='ocrx_word' id='word_1_317' title='bbox 783 2703 880 2759; x_wconf 92' lang='lat' dir='ltr'><strong>pro</strong></span> <span class='ocrx_word' id='word_1_318' title='bbox 895 2686 1029 2744; x_wconf 90' lang='lat' dir='ltr'><strong>itulo</strong></span> <span class='ocrx_word' id='word_1_319' title='bbox 1045 2685 1246 2743; x_wconf 87' lang='lat' dir='ltr'><strong>habent</strong></span> <span class='ocrx_word' id='word_1_320' title='bbox 1267 2688 1667 2750; x_wconf 84' lang='lat' dir='ltr'><strong>Alleluia,sunt</strong></span> <span class='ocrx_word' id='word_1_321' title='bbox 1678 2702 1910 2744; x_wconf 89' lang='lat' dir='ltr'><strong>numero</strong></span> 
     </span>
    </p>
   </div>
   <div class='ocr_carea' id='block_1_47' title="bbox 222 2757 1908 2831">
    <p class='ocr_par' dir='ltr' id='par_1_47' title="bbox 222 2757 1908 2831">
     <span class='ocr_line' id='line_1_47' title="bbox 222 2757 1908 2831; baseline 0.003 -22"><span class='ocrx_word' id='word_1_322' title='bbox 222 2829 226 2831; x_wconf 13' lang='grc' dir='ltr'><em>Α</em></span> <span class='ocrx_word' id='word_1_323' title='bbox 315 2757 1908 2831; x_wconf 50' lang='grc' dir='ltr'><strong>νὶκὶυῑὶειιεωρθόιγ,ογ,ονι,υχωχῐβχιιβκιιιωχιν.</strong></span> 
     </span>
    </p>
   </div>
   <div class='ocr_carea' id='block_1_48' title="bbox 307 2843 1908 2898">
    <p class='ocr_par' dir='ltr' id='par_1_48' title="bbox 307 2843 1908 2898">
     <span class='ocr_line' id='line_1_48' title="bbox 307 2843 1908 2898; baseline -0.001 -14"><span class='ocrx_word' id='word_1_324' title='bbox 307 2843 454 2893; x_wconf 80' lang='lat' dir='ltr'><strong>cxv,</strong></span> <span class='ocrx_word' id='word_1_325' title='bbox 485 2845 652 2898; x_wconf 80' lang='lat' dir='ltr'><strong>cxvr,</strong></span> <span class='ocrx_word' id='word_1_326' title='bbox 690 2845 899 2898; x_wconf 85' lang='lat' dir='ltr'><strong>cxvn,</strong></span> <span class='ocrx_word' id='word_1_327' title='bbox 931 2845 1155 2896; x_wconf 84' lang='lat' dir='ltr'><strong>cxvm,</strong></span> <span class='ocrx_word' id='word_1_328' title='bbox 1184 2843 1440 2896; x_wconf 78' lang='lat' dir='ltr'><strong>cxxxrv,</strong></span> <span class='ocrx_word' id='word_1_329' title='bbox 1467 2844 1696 2895; x_wconf 73' lang='lat' dir='ltr'><strong>cxxxv,</strong></span> <span class='ocrx_word' id='word_1_330' title='bbox 1736 2844 1908 2897; x_wconf 73' lang='lat' dir='ltr'><strong>cxnv,</strong></span> 
     </span>
    </p>
   </div>
   <div class='ocr_carea' id='block_1_49' title="bbox 313 2900 1910 2971">
    <p class='ocr_par' dir='ltr' id='par_1_49' title="bbox 313 2900 1910 2971">
     <span class='ocr_line' id='line_1_49' title="bbox 313 2900 1910 2971; baseline 0 -15"><span class='ocrx_word' id='word_1_331' title='bbox 313 2915 510 2967; x_wconf 73' lang='lat' dir='ltr'><strong>cxnvr,</strong></span> <span class='ocrx_word' id='word_1_332' title='bbox 535 2917 755 2969; x_wconf 71' lang='lat' dir='ltr'><strong>cxnvn,</strong></span> <span class='ocrx_word' id='word_1_333' title='bbox 783 2916 1048 2968; x_wconf 68' lang='lat' dir='ltr'><strong>cxnvm,</strong></span> <span class='ocrx_word' id='word_1_334' title='bbox 1073 2917 1282 2968; x_wconf 84' lang='lat' dir='ltr'><strong>cxux,</strong></span> <span class='ocrx_word' id='word_1_335' title='bbox 1305 2917 1400 2967; x_wconf 74' lang='lat' dir='ltr'><strong>cn,</strong></span> <span class='ocrx_word' id='word_1_336' title='bbox 1426 2916 1566 2971; x_wconf 90' lang='lat' dir='ltr'><strong>quos</strong></span> <span class='ocrx_word' id='word_1_337' title='bbox 1593 2900 1794 2956; x_wconf 90' lang='lat' dir='ltr'><strong>idcirco</strong></span> <span class='ocrx_word' id='word_1_338' title='bbox 1815 2901 1910 2956; x_wconf 91' lang='lat' dir='ltr'><strong>SS.</strong></span> 
     </span>
    </p>
   </div>
   <div class='ocr_carea' id='block_1_50' title="bbox 313 2972 1913 3044">
    <p class='ocr_par' dir='ltr' id='par_1_50' title="bbox 313 2972 1913 3044">
     <span class='ocr_line' id='line_1_50' title="bbox 313 2972 1913 3044; baseline 0.001 -19"><span class='ocrx_word' id='word_1_339' title='bbox 313 2974 505 3028; x_wconf 87' lang='lat' dir='ltr'><strong>Patres</strong></span> <span class='ocrx_word' id='word_1_340' title='bbox 545 2973 923 3044; x_wconf 79' lang='lat' dir='ltr'><strong>Hieronymus</strong></span> <span class='ocrx_word' id='word_1_341' title='bbox 962 2983 1017 3028; x_wconf 91' lang='lat' dir='ltr'><strong>et</strong></span> <span class='ocrx_word' id='word_1_342' title='bbox 1050 2974 1388 3044; x_wconf 77' lang='lat' dir='ltr'><strong>Augustinus</strong></span> <span class='ocrx_word' id='word_1_343' title='bbox 1419 2981 1614 3044; x_wconf 86' lang='lat' dir='ltr'><strong>vocant</strong></span> <span class='ocrx_word' id='word_1_344' title='bbox 1645 2972 1913 3044; x_wconf 72' lang='lat' dir='ltr'><strong>Alleluia-</strong></span> 
     </span>
    </p>
   </div>
   <div class='ocr_carea' id='block_1_51' title="bbox 313 3041 1916 3115">
    <p class='ocr_par' dir='ltr' id='par_1_51' title="bbox 313 3041 1916 3115">
     <span class='ocr_line' id='line_1_51' title="bbox 313 3041 1916 3115; baseline 0 -17"><span class='ocrx_word' id='word_1_345' title='bbox 313 3045 477 3107; x_wconf 86' lang='lat' dir='ltr'><strong>ticos;</strong></span> <span class='ocrx_word' id='word_1_346' title='bbox 525 3059 628 3100; x_wconf 90' lang='lat' dir='ltr'><strong>nec</strong></span> <span class='ocrx_word' id='word_1_347' title='bbox 668 3041 842 3115; x_wconf 18' lang='lat' dir='ltr'><strong>aliam,</strong></span> <span class='ocrx_word' id='word_1_348' title='bbox 879 3041 1334 3115; x_wconf 36' lang='lat' dir='ltr'><strong>rationem&#39;istius</strong></span> <span class='ocrx_word' id='word_1_349' title='bbox 1374 3042 1742 3115; x_wconf 77' lang='lat' dir='ltr'><strong>inscriptionis</strong></span> <span class='ocrx_word' id='word_1_350' title='bbox 1775 3041 1916 3115; x_wconf 80' lang='lat' dir='ltr'><strong>affe-</strong></span> 
     </span>
    </p>
   </div>
   <div class='ocr_carea' id='block_1_52' title="bbox 223 3111 1914 3240">
    <p class='ocr_par' dir='ltr' id='par_1_52' title="bbox 223 3111 1914 3240">
     <span class='ocr_line' id='line_1_52' title="bbox 223 3111 1914 3240; baseline 0 -71"><span class='ocrx_word' id='word_1_351' title='bbox 223 3127 242 3138; x_wconf 87' lang='grc'><strong>·</strong></span> <span class='ocrx_word' id='word_1_352' title='bbox 307 3123 466 3180; x_wconf 85' lang='lat' dir='ltr'><strong>runt,</strong></span> <span class='ocrx_word' id='word_1_353' title='bbox 494 3129 660 3186; x_wconf 88' lang='lat' dir='ltr'><strong>quam</strong></span> <span class='ocrx_word' id='word_1_354' title='bbox 698 3114 850 3187; x_wconf 92' lang='lat' dir='ltr'><strong>quod</strong></span> <span class='ocrx_word' id='word_1_355' title='bbox 875 3115 1068 3240; x_wconf 68' lang='lat' dir='ltr'><strong>psalmi</strong></span> <span class='ocrx_word' id='word_1_356' title='bbox 1095 3114 1180 3169; x_wconf 90' lang='lat' dir='ltr'><strong>isti</strong></span> <span class='ocrx_word' id='word_1_357' title='bbox 1213 3111 1631 3187; x_wconf 65' lang='lat' dir='ltr'><strong>singularem&#39;ac</strong></span> <span class='ocrx_word' id='word_1_358' title='bbox 1663 3111 1914 3169; x_wconf 86' lang='lat' dir='ltr'><strong>festivam</strong></span> 
     </span>
     <span class='ocr_line' id='line_1_53' title="bbox 310 3184 1914 3240; baseline 0 0"><span class='ocrx_word' id='word_1_359' title='bbox 310 3186 416 3240; x_wconf 92' lang='lat' dir='ltr'><strong>Dei</strong></span> <span class='ocrx_word' id='word_1_360' title='bbox 450 3185 666 3240; x_wconf 89' lang='lat' dir='ltr'><strong>laudem</strong></span> <span class='ocrx_word' id='word_1_361' title='bbox 700 3201 812 3240; x_wconf 72' lang='lat' dir='ltr'><strong>ora:</strong></span> <span class='ocrx_word' id='word_1_362' title='bbox 850 3185 966 3240; x_wconf 89' lang='lat' dir='ltr'><strong>aiis</strong></span> <span class='ocrx_word' id='word_1_363' title='bbox 997 3185 1328 3240; x_wconf 92' lang='lat' dir='ltr'><strong>contineant.</strong></span> <span class='ocrx_word' id='word_1_364' title='bbox 1375 3201 1542 3240; x_wconf 88' lang='lat' dir='ltr'><strong>uuam</strong></span> <span class='ocrx_word' id='word_1_365' title='bbox 1581 3185 1767 3239; x_wconf 88' lang='lat' dir='ltr'><strong>titulus</strong></span> <span class='ocrx_word' id='word_1_366' title='bbox 1802 3184 1914 3240; x_wconf 86' lang='lat' dir='ltr'><strong>inse</strong></span> 
     </span>
    </p>
   </div>
   <div class='ocr_carea' id='block_1_53' title="bbox 310 3184 1916 3256">
    <p class='ocr_par' dir='ltr' id='par_1_53' title="bbox 310 3184 1916 3256">
     <span class='ocr_line' id='line_1_54' title="bbox 310 3184 1916 3256; baseline -0.001 -15"><span class='ocrx_word' id='word_1_367' title='bbox 310 3186 416 3256; x_wconf 88' lang='lat' dir='ltr'><strong>Dei</strong></span> <span class='ocrx_word' id='word_1_368' title='bbox 450 3184 666 3241; x_wconf 79' lang='lat' dir='ltr'><strong>laudem</strong></span> <span class='ocrx_word' id='word_1_369' title='bbox 700 3184 812 3256; x_wconf 72' lang='lat' dir='ltr'><strong>pra:</strong></span> <span class='ocrx_word' id='word_1_370' title='bbox 850 3184 966 3242; x_wconf 85' lang='lat' dir='ltr'><strong>aliis</strong></span> <span class='ocrx_word' id='word_1_371' title='bbox 997 3184 1343 3256; x_wconf 18' lang='lat' dir='ltr'><strong>contineant],</strong></span> <span class='ocrx_word' id='word_1_372' title='bbox 1375 3201 1542 3256; x_wconf 89' lang='lat' dir='ltr'><strong>quam</strong></span> <span class='ocrx_word' id='word_1_373' title='bbox 1581 3185 1767 3256; x_wconf 84' lang='lat' dir='ltr'><strong>titulus</strong></span> <span class='ocrx_word' id='word_1_374' title='bbox 1802 3184 1916 3255; x_wconf 87' lang='lat' dir='ltr'><strong>ipse</strong></span> 
     </span>
    </p>
   </div>
   <div class='ocr_carea' id='block_1_54' title="bbox 307 3255 1916 3322">
    <p class='ocr_par' dir='ltr' id='par_1_54' title="bbox 307 3255 1916 3322">
     <span class='ocr_line' id='line_1_55' title="bbox 307 3255 1916 3322; baseline 0 -12"><span class='ocrx_word' id='word_1_375' title='bbox 307 3255 536 3312; x_wconf 88' lang='lat' dir='ltr'><strong>indicat.</strong></span> <span class='ocrx_word' id='word_1_376' title='bbox 549 3255 784 3312; x_wconf 85' lang='lat' dir='ltr'><strong>Alleluia</strong></span> <span class='ocrx_word' id='word_1_377' title='bbox 801 3257 947 3312; x_wconf 90' lang='lat' dir='ltr'><strong>enim</strong></span> <span class='ocrx_word' id='word_1_378' title='bbox 961 3256 1176 3313; x_wconf 90' lang='lat' dir='ltr'><strong>duobus</strong></span> <span class='ocrx_word' id='word_1_379' title='bbox 1191 3255 1497 3322; x_wconf 88' lang='lat' dir='ltr'><strong>vocabulis,</strong></span> <span class='ocrx_word' id='word_1_380' title='bbox 1514 3255 1732 3309; x_wconf 83' lang='lat' dir='ltr'><strong>laudate</strong></span> <span class='ocrx_word' id='word_1_381' title='bbox 1751 3258 1916 3310; x_wconf 87' lang='lat' dir='ltr'><strong>Deum</strong></span> 
     </span>
    </p>
   </div>
   <div class='ocr_carea' id='block_1_55' title="bbox 308 3327 1914 3398">
    <p class='ocr_par' dir='ltr' id='par_1_55' title="bbox 308 3327 1914 3398">
     <span class='ocr_line' id='line_1_56' title="bbox 308 3327 1914 3398; baseline 0 -17"><span class='ocrx_word' id='word_1_382' title='bbox 308 3342 447 3381; x_wconf 89' lang='lat' dir='ltr'><strong>cum</strong></span> <span class='ocrx_word' id='word_1_383' title='bbox 459 3327 652 3398; x_wconf 89' lang='lat' dir='ltr'><strong>jubilo,</strong></span> <span class='ocrx_word' id='word_1_384' title='bbox 677 3328 883 3394; x_wconf 64' lang='lat' dir='ltr'><strong>laetitia,</strong></span> <span class='ocrx_word' id='word_1_385' title='bbox 903 3337 958 3384; x_wconf 88' lang='lat' dir='ltr'><strong>et</strong></span> <span class='ocrx_word' id='word_1_386' title='bbox 971 3336 1159 3394; x_wconf 92' lang='lat' dir='ltr'><strong>cantu,</strong></span> <span class='ocrx_word' id='word_1_387' title='bbox 1182 3327 1315 3392; x_wconf 88' lang='lat' dir='ltr'><strong>sive,</strong></span> <span class='ocrx_word' id='word_1_388' title='bbox 1334 3327 1570 3396; x_wconf 83' lang='lat' dir='ltr'><strong>jubilate</strong></span> <span class='ocrx_word' id='word_1_389' title='bbox 1589 3329 1715 3388; x_wconf 84' lang='lat' dir='ltr'><strong>Deo,</strong></span> <span class='ocrx_word' id='word_1_390' title='bbox 1736 3335 1914 3382; x_wconf 86' lang='lat' dir='ltr'><strong>sonat.</strong></span> 
     </span>
    </p>
   </div>
   <div class='ocr_carea' id='block_1_56' title="bbox 305 3398 1915 3468">
    <p class='ocr_par' dir='ltr' id='par_1_56' title="bbox 305 3398 1915 3468">
     <span class='ocr_line' id='line_1_57' title="bbox 305 3398 1915 3468; baseline -0.001 -14"><span class='ocrx_word' id='word_1_391' title='bbox 305 3399 483 3454; x_wconf 89' lang='lat' dir='ltr'><strong>Unde</strong></span> <span class='ocrx_word' id='word_1_392' title='bbox 507 3398 562 3452; x_wconf 92' lang='lat' dir='ltr'><strong>in</strong></span> <span class='ocrx_word' id='word_1_393' title='bbox 592 3398 754 3464; x_wconf 61' lang='lat' dir='ltr'><strong>caelo,</strong></span> <span class='ocrx_word' id='word_1_394' title='bbox 781 3400 874 3455; x_wconf 88' lang='lat' dir='ltr'><strong>ubi</strong></span> <span class='ocrx_word' id='word_1_395' title='bbox 903 3399 1026 3456; x_wconf 67' lang='lat' dir='ltr'><strong>laeta</strong></span> <span class='ocrx_word' id='word_1_396' title='bbox 1059 3407 1188 3454; x_wconf 91' lang='lat' dir='ltr'><strong>sunt</strong></span> <span class='ocrx_word' id='word_1_397' title='bbox 1216 3399 1424 3463; x_wconf 81' lang='lat' dir='ltr'><strong>omnia,</strong></span> <span class='ocrx_word' id='word_1_398' title='bbox 1473 3405 1793 3468; x_wconf 81' lang='lat' dir='ltr'><strong>perpetuum</strong></span> <span class='ocrx_word' id='word_1_399' title='bbox 1833 3406 1915 3453; x_wconf 85' lang='lat' dir='ltr'><strong>est</strong></span> 
     </span>
    </p>
   </div>
   <div class='ocr_carea' id='block_1_57' title="bbox 307 3467 1916 3540">
    <p class='ocr_par' dir='ltr' id='par_1_57' title="bbox 307 3467 1916 3540">
     <span class='ocr_line' id='line_1_58' title="bbox 307 3467 1916 3540; baseline -0.001 -15"><span class='ocrx_word' id='word_1_400' title='bbox 307 3470 578 3526; x_wconf 80' lang='lat' dir='ltr'><strong>Alleluia.</strong></span> <span class='ocrx_word' id='word_1_401' title='bbox 593 3475 763 3540; x_wconf 83' lang='lat' dir='ltr'><strong>Apoc.</strong></span> <span class='ocrx_word' id='word_1_402' title='bbox 780 3485 913 3526; x_wconf 68' lang='grc' dir='ltr'><strong>χιι.</strong></span> <span class='ocrx_word' id='word_1_403' title='bbox 931 3473 1002 3527; x_wconf 87' lang='lat' dir='ltr'><strong>Et</strong></span> <span class='ocrx_word' id='word_1_404' title='bbox 1020 3470 1072 3525; x_wconf 93' lang='lat' dir='ltr'><strong>in</strong></span> <span class='ocrx_word' id='word_1_405' title='bbox 1089 3468 1330 3526; x_wconf 86' lang='lat' dir='ltr'><strong>Ecclesia</strong></span> <span class='ocrx_word' id='word_1_406' title='bbox 1345 3467 1775 3540; x_wconf 60' lang='lat' dir='ltr'><strong>lastisdumtaxat</strong></span> <span class='ocrx_word' id='word_1_407' title='bbox 1785 3476 1916 3524; x_wconf 90' lang='lat' dir='ltr'><strong>tem-</strong></span> 
     </span>
    </p>
   </div>
   <div class='ocr_carea' id='block_1_58' title="bbox 308 3539 1916 3612">
    <p class='ocr_par' dir='ltr' id='par_1_58' title="bbox 308 3539 1916 3612">
     <span class='ocr_line' id='line_1_59' title="bbox 308 3539 1916 3612; baseline -0.001 -16"><span class='ocrx_word' id='word_1_408' title='bbox 308 3541 550 3612; x_wconf 86' lang='lat' dir='ltr'><strong>poribus</strong></span> <span class='ocrx_word' id='word_1_409' title='bbox 575 3539 791 3598; x_wconf 81' lang='lat' dir='ltr'><strong>canitur</strong></span> <span class='ocrx_word' id='word_1_410' title='bbox 811 3542 926 3612; x_wconf 90' lang='lat' dir='ltr'><strong>jam</strong></span> <span class='ocrx_word' id='word_1_411' title='bbox 967 3541 1091 3598; x_wconf 91' lang='lat' dir='ltr'><strong>inde</strong></span> <span class='ocrx_word' id='word_1_412' title='bbox 1127 3542 1197 3596; x_wconf 91' lang='lat' dir='ltr'><strong>ab</strong></span> <span class='ocrx_word' id='word_1_413' title='bbox 1237 3539 1553 3610; x_wconf 82' lang='lat' dir='ltr'><strong>Apostolico</strong></span> <span class='ocrx_word' id='word_1_414' title='bbox 1590 3543 1824 3606; x_wconf 68' lang='lat' dir='ltr'><strong>saeculo,</strong></span> <span class='ocrx_word' id='word_1_415' title='bbox 1851 3549 1916 3596; x_wconf 87' lang='lat' dir='ltr'><strong>ut</strong></span> 
     </span>
    </p>
   </div>
   <div class='ocr_carea' id='block_1_59' title="bbox 301 3612 1916 3684">
    <p class='ocr_par' dir='ltr' id='par_1_59' title="bbox 301 3612 1916 3684">
     <span class='ocr_line' id='line_1_60' title="bbox 301 3612 1916 3684; baseline -0.001 -16"><span class='ocrx_word' id='word_1_416' title='bbox 301 3615 648 3684; x_wconf 76' lang='lat' dir='ltr'><strong>testatur&#39;D.</strong></span> <span class='ocrx_word' id='word_1_417' title='bbox 689 3613 1024 3684; x_wconf 85' lang='lat' dir='ltr'><strong>Augustinus</strong></span> <span class='ocrx_word' id='word_1_418' title='bbox 1048 3613 1102 3667; x_wconf 93' lang='lat' dir='ltr'><strong>in</strong></span> <span class='ocrx_word' id='word_1_419' title='bbox 1144 3612 1336 3684; x_wconf 90' lang='lat' dir='ltr'><strong>psalm.</strong></span> <span class='ocrx_word' id='word_1_420' title='bbox 1370 3626 1496 3666; x_wconf 76' lang='lat' dir='ltr'><strong>cvr.</strong></span> <span class='ocrx_word' id='word_1_421' title='bbox 1524 3612 1704 3667; x_wconf 89' lang='lat' dir='ltr'><strong>Usum</strong></span> <span class='ocrx_word' id='word_1_422' title='bbox 1733 3619 1916 3684; x_wconf 84' lang='lat' dir='ltr'><strong>autem</strong></span> 
     </span>
    </p>
   </div>
   <div class='ocr_carea' id='block_1_60' title="bbox 304 3681 1917 3754">
    <p class='ocr_par' dir='ltr' id='par_1_60' title="bbox 304 3681 1917 3754">
     <span class='ocr_line' id='line_1_61' title="bbox 304 3681 1917 3754; baseline 0 -16"><span class='ocrx_word' id='word_1_423' title='bbox 304 3682 542 3739; x_wconf 86' lang='lat' dir='ltr'><strong>canendi</strong></span> <span class='ocrx_word' id='word_1_424' title='bbox 570 3683 713 3741; x_wconf 92' lang='lat' dir='ltr'><strong>hanc</strong></span> <span class='ocrx_word' id='word_1_425' title='bbox 748 3681 934 3739; x_wconf 72' lang='lat' dir='ltr'><strong>vbcem</strong></span> <span class='ocrx_word' id='word_1_426' title='bbox 963 3685 1014 3740; x_wconf 92' lang='lat' dir='ltr'><strong>in</strong></span> <span class='ocrx_word' id='word_1_427' title='bbox 1051 3681 1287 3739; x_wconf 74' lang='lat' dir='ltr'><strong>Ecclesia</strong></span> <span class='ocrx_word' id='word_1_428' title='bbox 1313 3697 1378 3738; x_wconf 85' lang='lat' dir='ltr'><strong>ex</strong></span> <span class='ocrx_word' id='word_1_429' title='bbox 1422 3686 1626 3754; x_wconf 65' lang='grc' dir='ltr'><strong>Λεβωο</strong></span> <span class='ocrx_word' id='word_1_430' title='bbox 1652 3681 1917 3753; x_wconf 83' lang='lat' dir='ltr'><strong>propheta</strong></span> 
     </span>
    </p>
   </div>
   <div class='ocr_carea' id='block_1_61' title="bbox 305 3754 1916 3828">
    <p class='ocr_par' dir='ltr' id='par_1_61' title="bbox 305 3754 1916 3828">
     <span class='ocr_line' id='line_1_62' title="bbox 305 3754 1916 3828; baseline -0.001 -18"><span class='ocrx_word' id='word_1_431' title='bbox 305 3769 590 3818; x_wconf 87' lang='lat' dir='ltr'><strong>manasse,</strong></span> <span class='ocrx_word' id='word_1_432' title='bbox 612 3754 709 3828; x_wconf 78' lang='lat' dir='ltr'><strong>qui</strong></span> <span class='ocrx_word' id='word_1_433' title='bbox 720 3754 942 3828; x_wconf 84' lang='lat' dir='ltr'><strong>primus</strong></span> <span class='ocrx_word' id='word_1_434' title='bbox 969 3754 1479 3828; x_wconf 81' lang='lat' dir='ltr'><strong>omniumcantavit</strong></span> <span class='ocrx_word' id='word_1_435' title='bbox 1503 3754 1916 3828; x_wconf 68' lang='lat' dir='ltr'><strong>Alleluia,_c_um</strong></span> 
     </span>
    </p>
   </div>
   <div class='ocr_carea' id='block_1_62' title="bbox 305 3824 1911 3899">
    <p class='ocr_par' dir='ltr' id='par_1_62' title="bbox 305 3824 1911 3899">
     <span class='ocr_line' id='line_1_63' title="bbox 305 3824 1911 3899; baseline -0.001 -18"><span class='ocrx_word' id='word_1_436' title='bbox 305 3824 752 3899; x_wconf 49' lang='lat' dir='ltr'><strong>novamten&#39;tpli&#39;</strong></span> <span class='ocrx_word' id='word_1_437' title='bbox 770 3834 1104 3899; x_wconf 81' lang='lat' dir='ltr'><strong>structuram</strong></span> <span class='ocrx_word' id='word_1_438' title='bbox 1138 3825 1291 3899; x_wconf 83' lang='lat' dir='ltr'><strong>vidit,</strong></span> <span class='ocrx_word' id='word_1_439' title='bbox 1323 3833 1564 3899; x_wconf 83' lang='lat' dir='ltr'><strong>testatur</strong></span> <span class='ocrx_word' id='word_1_440' title='bbox 1589 3825 1647 3880; x_wconf 94' lang='lat' dir='ltr'><strong>S.</strong></span> <span class='ocrx_word' id='word_1_441' title='bbox 1675 3824 1911 3899; x_wconf 85' lang='lat' dir='ltr'><strong>Epipha-</strong></span> 
     </span>
    </p>
   </div>
   <div class='ocr_carea' id='block_1_63' title="bbox 307 3895 1914 3968">
    <p class='ocr_par' dir='ltr' id='par_1_63' title="bbox 307 3895 1914 3968">
     <span class='ocr_line' id='line_1_64' title="bbox 307 3895 1914 3968; baseline -0.001 -16"><span class='ocrx_word' id='word_1_442' title='bbox 307 3897 441 3954; x_wconf 89' lang='lat' dir='ltr'><strong>nius</strong></span> <span class='ocrx_word' id='word_1_443' title='bbox 485 3898 578 3953; x_wconf 87' lang='lat' dir='ltr'><strong>lib.</strong></span> <span class='ocrx_word' id='word_1_444' title='bbox 630 3895 699 3952; x_wconf 84' lang='lat' dir='ltr'><strong>de</strong></span> <span class='ocrx_word' id='word_1_445' title='bbox 727 3895 1023 3968; x_wconf 61' lang='lat' dir='ltr'><strong>propheta:</strong></span> <span class='ocrx_word' id='word_1_446' title='bbox 1050 3898 1154 3952; x_wconf 86' lang='lat' dir='ltr'><strong>vita</strong></span> <span class='ocrx_word' id='word_1_447' title='bbox 1189 3904 1245 3951; x_wconf 89' lang='lat' dir='ltr'><strong>et</strong></span> <span class='ocrx_word' id='word_1_448' title='bbox 1271 3895 1493 3951; x_wconf 84' lang='lat' dir='ltr'><strong>interitu</strong></span> <span class='ocrx_word' id='word_1_449' title='bbox 1534 3910 1585 3950; x_wconf 92' lang='lat' dir='ltr'><strong>c.</strong></span> <span class='ocrx_word' id='word_1_450' title='bbox 1630 3895 1914 3968; x_wconf 75' lang='lat' dir='ltr'><strong>20,idque</strong></span> 
     </span>
    </p>
   </div>
   <div class='ocr_carea' id='block_1_64' title="bbox 305 3913 1912 4048">
    <p class='ocr_par' dir='ltr' id='par_1_64' title="bbox 305 3913 1912 4048">
     <span class='ocr_line' id='line_1_65' title="bbox 307 3913 1912 3968; baseline -0.001 -16"><span class='ocrx_word' id='word_1_451' title='bbox 307 3913 441 3954; x_wconf 82' lang='lat' dir='ltr'><strong>ntus</strong></span> <span class='ocrx_word' id='word_1_452' title='bbox 485 3913 578 3953; x_wconf 84' lang='lat' dir='ltr'><strong>nn.</strong></span> <span class='ocrx_word' id='word_1_453' title='bbox 630 3913 699 3952; x_wconf 89' lang='lat' dir='ltr'><strong>ae</strong></span> <span class='ocrx_word' id='word_1_454' title='bbox 765 3913 1010 3968; x_wconf 74' lang='lat' dir='ltr'><strong>ropnetae</strong></span> <span class='ocrx_word' id='word_1_455' title='bbox 1050 3913 1154 3952; x_wconf 75' lang='lat' dir='ltr'><strong>vna</strong></span> <span class='ocrx_word' id='word_1_456' title='bbox 1189 3913 1245 3951; x_wconf 81' lang='lat' dir='ltr'><strong>et</strong></span> <span class='ocrx_word' id='word_1_457' title='bbox 1271 3913 1493 3951; x_wconf 81' lang='lat' dir='ltr'><strong>mteruu</strong></span> <span class='ocrx_word' id='word_1_458' title='bbox 1534 3913 1585 3950; x_wconf 92' lang='lat' dir='ltr'><strong>c.</strong></span> <span class='ocrx_word' id='word_1_459' title='bbox 1630 3913 1721 3958; x_wconf 75' lang='lat' dir='ltr'><strong>au,</strong></span> <span class='ocrx_word' id='word_1_460' title='bbox 1753 3913 1912 3966; x_wconf 85' lang='lat' dir='ltr'><strong>mque</strong></span> 
     </span>
     <span class='ocr_line' id='line_1_66' title="bbox 305 3913 1912 4048; baseline -0.003 -22"><span class='ocrx_word' id='word_1_461' title='bbox 305 3913 833 4048; x_wconf 61' lang='lat' dir='ltr'><strong>secundumToBite</strong></span> <span class='ocrx_word' id='word_1_462' title='bbox 877 3967 1214 4048; x_wconf 77' lang='lat' dir='ltr'><strong>prophetiam</strong></span> <span class='ocrx_word' id='word_1_463' title='bbox 1251 3983 1301 4023; x_wconf 86' lang='lat' dir='ltr'><strong>c.</strong></span> <span class='ocrx_word' id='word_1_464' title='bbox 1350 3981 1508 4048; x_wconf 33' lang='lat' dir='ltr'><strong>xiiix</strong></span> <span class='ocrx_word' id='word_1_465' title='bbox 1537 3981 1685 4048; x_wconf 63' lang='lat' dir='ltr'><strong>cum</strong></span> <span class='ocrx_word' id='word_1_466' title='bbox 1713 3966 1912 4048; x_wconf 75' lang='lat' dir='ltr'><strong>alioqui</strong></span> 
     </span>
    </p>
   </div>
   <div class='ocr_carea' id='block_1_65' title="bbox 308 4037 1917 4112">
    <p class='ocr_par' dir='ltr' id='par_1_65' title="bbox 308 4037 1917 4112">
     <span class='ocr_line' id='line_1_67' title="bbox 308 4037 1917 4112; baseline -0.002 -18"><span class='ocrx_word' id='word_1_467' title='bbox 308 4040 476 4112; x_wconf 87' lang='lat' dir='ltr'><strong>multi</strong></span> <span class='ocrx_word' id='word_1_468' title='bbox 521 4041 754 4112; x_wconf 89' lang='lat' dir='ltr'><strong>psalmi,</strong></span> <span class='ocrx_word' id='word_1_469' title='bbox 807 4037 947 4111; x_wconf 80' lang='lat' dir='ltr'><strong>quos</strong></span> <span class='ocrx_word' id='word_1_470' title='bbox 980 4037 1312 4112; x_wconf 79' lang='lat' dir='ltr'><strong>notavimus,</strong></span> <span class='ocrx_word' id='word_1_471' title='bbox 1364 4037 1785 4112; x_wconf 80' lang='lat' dir='ltr'><strong>Alleluia_titul_o</strong></span> <span class='ocrx_word' id='word_1_472' title='bbox 1826 4037 1917 4112; x_wconf 76' lang='lat' dir='ltr'><strong>in-</strong></span> 
     </span>
    </p>
   </div>
   <div class='ocr_carea' id='block_1_66' title="bbox 311 4107 1918 4183">
    <p class='ocr_par' dir='ltr' id='par_1_66' title="bbox 311 4107 1918 4183">
     <span class='ocr_line' id='line_1_68' title="bbox 311 4107 1918 4183; baseline -0.004 -16"><span class='ocrx_word' id='word_1_473' title='bbox 311 4107 673 4183; x_wconf 64' lang='lat' dir='ltr'><strong>scripti,&#39;ante</strong></span> <span class='ocrx_word' id='word_1_474' title='bbox 691 4107 911 4167; x_wconf 80' lang='lat' dir='ltr'><strong>illorum</strong></span> <span class='ocrx_word' id='word_1_475' title='bbox 934 4118 1183 4183; x_wconf 82' lang='lat' dir='ltr'><strong>tempora</strong></span> <span class='ocrx_word' id='word_1_476' title='bbox 1208 4107 1577 4183; x_wconf 87' lang='lat' dir='ltr'><strong>haberentur_(</strong></span> <span class='ocrx_word' id='word_1_477' title='bbox 1597 4107 1792 4183; x_wconf 55' lang='lat' dir='ltr'><strong>Concil:</strong></span> <span class='ocrx_word' id='word_1_478' title='bbox 1821 4110 1918 4162; x_wconf 88' lang='lat' dir='ltr'><strong>To-</strong></span> 
     </span>
    </p>
   </div>
   <div class='ocr_carea' id='block_1_67' title="bbox 311 4177 1918 4250">
    <p class='ocr_par' dir='ltr' id='par_1_67' title="bbox 311 4177 1918 4250">
     <span class='ocr_line' id='line_1_69' title="bbox 311 4177 1918 4250; baseline -0.001 -17"><span class='ocrx_word' id='word_1_479' title='bbox 311 4177 452 4250; x_wconf 69' lang='lat' dir='ltr'><strong>leta&#39;.</strong></span> <span class='ocrx_word' id='word_1_480' title='bbox 479 4195 564 4248; x_wconf 71' lang='grc' dir='ltr'><strong>ιγ,</strong></span> <span class='ocrx_word' id='word_1_481' title='bbox 587 4185 720 4240; x_wconf 87' lang='lat' dir='ltr'><strong>Can.</strong></span> <span class='ocrx_word' id='word_1_482' title='bbox 760 4186 868 4250; x_wconf 90' lang='lat' dir='ltr'><strong>l0).</strong></span> <span class='ocrx_word' id='word_1_483' title='bbox 901 4177 1212 4238; x_wconf 80' lang='lat' dir='ltr'><strong>Notandum</strong></span> <span class='ocrx_word' id='word_1_484' title='bbox 1240 4194 1368 4235; x_wconf 91' lang='lat' dir='ltr'><strong>vero</strong></span> <span class='ocrx_word' id='word_1_485' title='bbox 1388 4177 1652 4250; x_wconf 83' lang='lat' dir='ltr'><strong>quosdam</strong></span> <span class='ocrx_word' id='word_1_486' title='bbox 1680 4177 1918 4250; x_wconf 85' lang='lat' dir='ltr'><strong>psalmos</strong></span> 
     </span>
    </p>
   </div>
   <div class='ocr_carea' id='block_1_68' title="bbox 315 4249 1918 4324">
    <p class='ocr_par' dir='ltr' id='par_1_68' title="bbox 315 4249 1918 4324">
     <span class='ocr_line' id='line_1_70' title="bbox 315 4249 1918 4324; baseline -0.002 -20"><span class='ocrx_word' id='word_1_487' title='bbox 315 4249 523 4324; x_wconf 80' lang='lat' dir='ltr'><strong>duplici</strong></span> <span class='ocrx_word' id='word_1_488' title='bbox 536 4255 787 4324; x_wconf 53' lang='lat' dir='ltr'><strong>Alleluia</strong></span> <span class='ocrx_word' id='word_1_489' title='bbox 826 4249 1155 4324; x_wconf 67' lang='lat' dir='ltr'><strong>praznotari,</strong></span> <span class='ocrx_word' id='word_1_490' title='bbox 1170 4263 1407 4324; x_wconf 82' lang='lat' dir='ltr'><strong>quorum</strong></span> <span class='ocrx_word' id='word_1_491' title='bbox 1454 4249 1689 4324; x_wconf 80' lang='lat' dir='ltr'><strong>alterum</strong></span> <span class='ocrx_word' id='word_1_492' title='bbox 1726 4249 1918 4324; x_wconf 78' lang='lat' dir='ltr'><strong>volunt</strong></span> 
     </span>
    </p>
   </div>
   <div class='ocr_carea' id='block_1_69' title="bbox 315 4318 1918 4396">
    <p class='ocr_par' dir='ltr' id='par_1_69' title="bbox 315 4318 1918 4396">
     <span class='ocr_line' id='line_1_71' title="bbox 315 4318 1918 4396; baseline -0.001 -21"><span class='ocrx_word' id='word_1_493' title='bbox 315 4318 565 4396; x_wconf 83' lang='lat' dir='ltr'><strong>nonnulli</strong></span> <span class='ocrx_word' id='word_1_494' title='bbox 595 4324 662 4380; x_wconf 88' lang='lat' dir='ltr'><strong>ad</strong></span> <span class='ocrx_word' id='word_1_495' title='bbox 687 4318 854 4396; x_wconf 76' lang='lat' dir='ltr'><strong>ﬁnem</strong></span> <span class='ocrx_word' id='word_1_496' title='bbox 891 4318 1408 4396; x_wconf 39' lang='lat' dir='ltr'><strong>superiorisfpsalmi</strong></span> <span class='ocrx_word' id='word_1_497' title='bbox 1432 4319 1721 4391; x_wconf 90' lang='lat' dir='ltr'><strong>pertinere.</strong></span> <span class='ocrx_word' id='word_1_498' title='bbox 1756 4318 1918 4388; x_wconf 88' lang='lat' dir='ltr'><strong>Quod</strong></span> 
     </span>
    </p>
   </div>
   <div class='ocr_carea' id='block_1_70' title="bbox 313 4393 1918 4463">
    <p class='ocr_par' dir='ltr' id='par_1_70' title="bbox 313 4393 1918 4463">
     <span class='ocr_line' id='line_1_72' title="bbox 313 4393 1918 4463; baseline -0.002 -15"><span class='ocrx_word' id='word_1_499' title='bbox 313 4393 657 4463; x_wconf 77' lang='lat' dir='ltr'><strong>Augustinus</strong></span> <span class='ocrx_word' id='word_1_500' title='bbox 671 4393 870 4450; x_wconf 87' lang='lat' dir='ltr'><strong>refellit</strong></span> <span class='ocrx_word' id='word_1_501' title='bbox 883 4393 1067 4450; x_wconf 78' lang='lat' dir='ltr'><strong>dicens</strong></span> <span class='ocrx_word' id='word_1_502' title='bbox 1094 4410 1107 4446; x_wconf 90' lang='lat'><strong>:</strong></span> <span class='ocrx_word' id='word_1_503' title='bbox 1138 4395 1481 4462; x_wconf 79' lang='lat' dir='ltr'><strong>Ubicumque,</strong></span> <span class='ocrx_word' id='word_1_504' title='bbox 1498 4395 1622 4461; x_wconf 88' lang='lat' dir='ltr'><strong>post</strong></span> <span class='ocrx_word' id='word_1_505' title='bbox 1637 4406 1918 4445; x_wconf 79' lang='lat' dir='ltr'><strong>numerum</strong></span> 
     </span>
    </p>
   </div>
   <div class='ocr_carea' id='block_1_71' title="bbox 299 4463 1920 4539">
    <p class='ocr_par' dir='ltr' id='par_1_71' title="bbox 299 4463 1920 4539">
     <span class='ocr_line' id='line_1_73' title="bbox 299 4463 1920 4539; baseline -0.005 -18"><span class='ocrx_word' id='word_1_506' title='bbox 299 4465 520 4539; x_wconf 71' lang='lat' dir='ltr'><strong>psalmi</strong></span> <span class='ocrx_word' id='word_1_507' title='bbox 537 4468 647 4520; x_wconf 84' lang='lat' dir='ltr'><strong>sive</strong></span> <span class='ocrx_word' id='word_1_508' title='bbox 662 4467 839 4539; x_wconf 80' lang='lat' dir='ltr'><strong>semel,</strong></span> <span class='ocrx_word' id='word_1_509' title='bbox 862 4467 976 4539; x_wconf 66' lang='lat' dir='ltr'><strong>sine</strong></span> <span class='ocrx_word' id='word_1_510' title='bbox 992 4467 1070 4520; x_wconf 86' lang='lat' dir='ltr'><strong>bis</strong></span> <span class='ocrx_word' id='word_1_511' title='bbox 1091 4465 1443 4539; x_wconf 67' lang='lat' dir='ltr'><strong>conscriptum</strong></span> <span class='ocrx_word' id='word_1_512' title='bbox 1465 4465 1762 4539; x_wconf 75' lang='lat' dir='ltr'><strong>invenimus</strong></span> <span class='ocrx_word' id='word_1_513' title='bbox 1779 4463 1920 4539; x_wconf 68' lang='lat' dir='ltr'><strong>Alie-</strong></span> 
     </span>
    </p>
   </div>
   <div class='ocr_carea' id='block_1_72' title="bbox 311 4534 1918 4598">
    <p class='ocr_par' dir='ltr' id='par_1_72' title="bbox 311 4534 1918 4598">
     <span class='ocr_line' id='line_1_74' title="bbox 311 4534 1918 4598; baseline -0.001 -8"><span class='ocrx_word' id='word_1_514' title='bbox 311 4534 432 4590; x_wconf 78' lang='lat' dir='ltr'><strong>luia</strong></span> <span class='ocrx_word' id='word_1_515' title='bbox 451 4578 468 4598; x_wconf 92' lang='lat'><strong>,</strong></span> <span class='ocrx_word' id='word_1_516' title='bbox 517 4538 804 4592; x_wconf 85' lang='lat' dir='ltr'><strong>secundum</strong></span> <span class='ocrx_word' id='word_1_517' title='bbox 853 4537 1246 4591; x_wconf 69' lang='lat' dir='ltr'><strong>celeberrimam</strong></span> <span class='ocrx_word' id='word_1_518' title='bbox 1285 4535 1538 4596; x_wconf 65' lang='lat' dir='ltr'><strong>Ecclesiae</strong></span> <span class='ocrx_word' id='word_1_519' title='bbox 1583 4534 1918 4589; x_wconf 81' lang='lat' dir='ltr'><strong>consuetudi-</strong></span> 
     </span>
    </p>
   </div>
   <div class='ocr_carea' id='block_1_73' title="bbox 311 4605 1917 4678">
    <p class='ocr_par' dir='ltr' id='par_1_73' title="bbox 311 4605 1917 4678">
     <span class='ocr_line' id='line_1_75' title="bbox 311 4605 1917 4678; baseline -0.002 -17"><span class='ocrx_word' id='word_1_520' title='bbox 311 4623 458 4669; x_wconf 85' lang='lat' dir='ltr'><strong>nem,</strong></span> <span class='ocrx_word' id='word_1_521' title='bbox 489 4611 542 4661; x_wconf 89' lang='lat' dir='ltr'><strong>ei</strong></span> <span class='ocrx_word' id='word_1_522' title='bbox 556 4610 766 4678; x_wconf 82' lang='lat' dir='ltr'><strong>psalmo</strong></span> <span class='ocrx_word' id='word_1_523' title='bbox 804 4622 913 4664; x_wconf 83' lang='lat' dir='ltr'><strong>esse</strong></span> <span class='ocrx_word' id='word_1_524' title='bbox 941 4608 1288 4678; x_wconf 83' lang='lat' dir='ltr'><strong>tribuendum</strong></span> <span class='ocrx_word' id='word_1_525' title='bbox 1308 4649 1326 4669; x_wconf 94' lang='lat'><strong>,</strong></span> <span class='ocrx_word' id='word_1_526' title='bbox 1352 4607 1450 4678; x_wconf 83' lang='lat' dir='ltr'><strong>qui</strong></span> <span class='ocrx_word' id='word_1_527' title='bbox 1473 4605 1654 4678; x_wconf 83' lang='lat' dir='ltr'><strong>eodem</strong></span> <span class='ocrx_word' id='word_1_528' title='bbox 1696 4620 1917 4678; x_wconf 76' lang='lat' dir='ltr'><strong>numero</strong></span> 
     </span>
    </p>
   </div>
   <div class='ocr_carea' id='block_1_74' title="bbox 306 4675 1919 4748">
    <p class='ocr_par' dir='ltr' id='par_1_74' title="bbox 306 4675 1919 4748">
     <span class='ocr_line' id='line_1_76' title="bbox 306 4675 1919 4748; baseline -0.002 -14"><span class='ocrx_word' id='word_1_529' title='bbox 306 4675 673 4748; x_wconf 70' lang='lat' dir='ltr'><strong>prmtatur.</strong></span> <span class='ocrx_word' id='word_1_530' title='bbox 698 4681 865 4734; x_wconf 85' lang='lat' dir='ltr'><strong>Porro</strong></span> <span class='ocrx_word' id='word_1_531' title='bbox 884 4678 953 4734; x_wconf 88' lang='lat' dir='ltr'><strong>ad</strong></span> <span class='ocrx_word' id='word_1_532' title='bbox 975 4677 1135 4748; x_wconf 89' lang='lat' dir='ltr'><strong>hujus</strong></span> <span class='ocrx_word' id='word_1_533' title='bbox 1156 4676 1517 4748; x_wconf 88' lang='lat' dir='ltr'><strong>institutionis</strong></span> <span class='ocrx_word' id='word_1_534' title='bbox 1533 4684 1779 4748; x_wconf 82' lang='lat' dir='ltr'><strong>veterum</strong></span> <span class='ocrx_word' id='word_1_535' title='bbox 1801 4675 1919 4730; x_wconf 89' lang='lat' dir='ltr'><strong>illo-</strong></span> 
     </span>
    </p>
   </div>
   <div class='ocr_carea' id='block_1_75' title="bbox 311 4745 1916 4806">
    <p class='ocr_par' dir='ltr' id='par_1_75' title="bbox 311 4745 1916 4806">
     <span class='ocr_line' id='line_1_77' title="bbox 311 4745 1916 4806; baseline -0.002 -2"><span class='ocrx_word' id='word_1_536' title='bbox 311 4745 442 4804; x_wconf 74' lang='lat' dir='ltr'><strong>rum</strong></span> <span class='ocrx_word' id='word_1_537' title='bbox 465 4750 866 4806; x_wconf 88' lang='lat' dir='ltr'><strong>monachorum</strong></span> <span class='ocrx_word' id='word_1_538' title='bbox 886 4745 1248 4805; x_wconf 76' lang='lat' dir='ltr'><strong>imitationem</strong></span> <span class='ocrx_word' id='word_1_539' title='bbox 1271 4747 1485 4802; x_wconf 90' lang='lat' dir='ltr'><strong>videtur</strong></span> <span class='ocrx_word' id='word_1_540' title='bbox 1505 4745 1670 4802; x_wconf 87' lang='lat' dir='ltr'><strong>etiam</strong></span> <span class='ocrx_word' id='word_1_541' title='bbox 1715 4748 1783 4802; x_wconf 92' lang='lat' dir='ltr'><strong>D.</strong></span> <span class='ocrx_word' id='word_1_542' title='bbox 1811 4748 1916 4801; x_wconf 91' lang='lat' dir='ltr'><strong>Be-</strong></span> 
     </span>
    </p>
   </div>
   <div class='ocr_carea' id='block_1_76' title="bbox 308 4817 1916 4892">
    <p class='ocr_par' dir='ltr' id='par_1_76' title="bbox 308 4817 1916 4892">
     <span class='ocr_line' id='line_1_78' title="bbox 308 4817 1916 4892; baseline -0.002 -16"><span class='ocrx_word' id='word_1_543' title='bbox 308 4819 567 4892; x_wconf 78' lang='lat' dir='ltr'><strong>nedictus</strong></span> <span class='ocrx_word' id='word_1_544' title='bbox 591 4821 892 4876; x_wconf 87' lang='lat' dir='ltr'><strong>instituisse</strong></span> <span class='ocrx_word' id='word_1_545' title='bbox 915 4821 1067 4892; x_wconf 86' lang='lat' dir='ltr'><strong>(Cap.</strong></span> <span class='ocrx_word' id='word_1_546' title='bbox 1089 4827 1131 4892; x_wconf 13' lang='lat'><strong>,9</strong></span> <span class='ocrx_word' id='word_1_547' title='bbox 1155 4825 1205 4875; x_wconf 88' lang='lat' dir='ltr'><strong>et</strong></span> <span class='ocrx_word' id='word_1_548' title='bbox 1237 4826 1289 4874; x_wconf 84' lang='lat' dir='ltr'><strong>ll</strong></span> <span class='ocrx_word' id='word_1_549' title='bbox 1311 4818 1508 4892; x_wconf 25' lang='lat' dir='ltr'><strong>‘Reg.),</strong></span> <span class='ocrx_word' id='word_1_550' title='bbox 1536 4826 1598 4874; x_wconf 87' lang='lat' dir='ltr'><strong>ut</strong></span> <span class='ocrx_word' id='word_1_551' title='bbox 1632 4817 1916 4892; x_wconf 14' lang='lat' dir='ltr'><strong>postiduo-</strong></span> 
     </span>
    </p>
   </div>
   <div class='ocr_carea' id='block_1_77' title="bbox 2018 2687 3622 2762">
    <p class='ocr_par' dir='ltr' id='par_1_77' title="bbox 2018 2687 3622 2762">
     <span class='ocr_line' id='line_1_79' title="bbox 2018 2687 3622 2762; baseline 0.003 -18"><span class='ocrx_word' id='word_1_552' title='bbox 2018 2687 2334 2762; x_wconf 65' lang='lat' dir='ltr'><strong>Tertulliani</strong></span> <span class='ocrx_word' id='word_1_553' title='bbox 2366 2687 2708 2762; x_wconf 78' lang='lat' dir='ltr'><strong>reprehensio</strong></span> <span class='ocrx_word' id='word_1_554' title='bbox 2728 2690 2876 2762; x_wconf 78' lang='lat' dir='ltr'><strong>(_Lib.</strong></span> <span class='ocrx_word' id='word_1_555' title='bbox 2919 2689 2986 2746; x_wconf 90' lang='lat' dir='ltr'><strong>de</strong></span> <span class='ocrx_word' id='word_1_556' title='bbox 3013 2690 3265 2762; x_wconf 73' lang='lat' dir='ltr'><strong>Oratione</strong></span> <span class='ocrx_word' id='word_1_557' title='bbox 3295 2706 3415 2762; x_wconf 84' lang='lat' dir='ltr'><strong>cap.</strong></span> <span class='ocrx_word' id='word_1_558' title='bbox 3453 2696 3541 2760; x_wconf 78' lang='lat' dir='ltr'><strong>l2,</strong></span> <span class='ocrx_word' id='word_1_559' title='bbox 3570 2695 3622 2749; x_wconf 87' lang='lat' dir='ltr'><strong>et</strong></span> 
     </span>
    </p>
   </div>
   <div class='ocr_carea' id='block_1_78' title="bbox 2019 2760 3624 2839">
    <p class='ocr_par' dir='ltr' id='par_1_78' title="bbox 2019 2760 3624 2839">
     <span class='ocr_line' id='line_1_80' title="bbox 2019 2760 3624 2839; baseline 0.004 -27"><span class='ocrx_word' id='word_1_560' title='bbox 2019 2760 2101 2813; x_wconf 85' lang='lat' dir='ltr'><strong>ibi</strong></span> <span class='ocrx_word' id='word_1_561' title='bbox 2119 2761 2578 2839; x_wconf 68' lang='lat' dir='ltr'><strong>notasPamelii),</strong></span> <span class='ocrx_word' id='word_1_562' title='bbox 2602 2774 2714 2839; x_wconf 78' lang='lat' dir='ltr'><strong>qua</strong></span> <span class='ocrx_word' id='word_1_563' title='bbox 2762 2760 2909 2839; x_wconf 76' lang='lat' dir='ltr'><strong>hunc</strong></span> <span class='ocrx_word' id='word_1_564' title='bbox 2936 2761 3158 2818; x_wconf 89' lang='lat' dir='ltr'><strong>sedendi</strong></span> <span class='ocrx_word' id='word_1_565' title='bbox 3181 2760 3430 2839; x_wconf 52' lang='lat' dir='ltr'><strong>_ritum:in</strong></span> <span class='ocrx_word' id='word_1_566' title='bbox 3456 2763 3624 2839; x_wconf 77' lang='lat' dir='ltr'><strong>choro</strong></span> 
     </span>
    </p>
   </div>
   <div class='ocr_carea' id='block_1_79' title="bbox 2021 2829 3621 2903">
    <p class='ocr_par' dir='ltr' id='par_1_79' title="bbox 2021 2829 3621 2903">
     <span class='ocr_line' id='line_1_81' title="bbox 2021 2829 3621 2903; baseline 0.003 -19"><span class='ocrx_word' id='word_1_567' title='bbox 2021 2839 2077 2903; x_wconf 88' lang='lat' dir='ltr'><strong>et</strong></span> <span class='ocrx_word' id='word_1_568' title='bbox 2119 2829 2315 2885; x_wconf 82' lang='lat' dir='ltr'><strong>officiis</strong></span> <span class='ocrx_word' id='word_1_569' title='bbox 2343 2829 2717 2903; x_wconf 87' lang='lat' dir='ltr'><strong>ecclesiasticis</strong></span> <span class='ocrx_word' id='word_1_570' title='bbox 2751 2829 3144 2903; x_wconf 77' lang='lat' dir='ltr'><strong>damnareaut</strong></span> <span class='ocrx_word' id='word_1_571' title='bbox 3178 2832 3488 2903; x_wconf 86' lang='lat' dir='ltr'><strong>improbare</strong></span> <span class='ocrx_word' id='word_1_572' title='bbox 3540 2833 3621 2888; x_wconf 88' lang='lat' dir='ltr'><strong>vi-</strong></span> 
     </span>
    </p>
   </div>
   <div class='ocr_carea' id='block_1_80' title="bbox 2021 2901 3622 2971">
    <p class='ocr_par' dir='ltr' id='par_1_80' title="bbox 2021 2901 3622 2971">
     <span class='ocr_line' id='line_1_82' title="bbox 2021 2901 3622 2971; baseline 0.002 -16"><span class='ocrx_word' id='word_1_573' title='bbox 2021 2902 2204 2962; x_wconf 89' lang='lat' dir='ltr'><strong>detur.</strong></span> <span class='ocrx_word' id='word_1_574' title='bbox 2247 2909 2310 2956; x_wconf 91' lang='lat' dir='ltr'><strong>ut</strong></span> <span class='ocrx_word' id='word_1_575' title='bbox 2333 2902 2582 2971; x_wconf 89' lang='lat' dir='ltr'><strong>superius</strong></span> <span class='ocrx_word' id='word_1_576' title='bbox 2609 2909 2894 2970; x_wconf 86' lang='lat' dir='ltr'><strong>notatum;</strong></span> <span class='ocrx_word' id='word_1_577' title='bbox 2933 2901 3035 2956; x_wconf 83' lang='lat' dir='ltr'><strong>nisi</strong></span> <span class='ocrx_word' id='word_1_578' title='bbox 3075 2901 3142 2956; x_wconf 87' lang='lat' dir='ltr'><strong>ad</strong></span> <span class='ocrx_word' id='word_1_579' title='bbox 3178 2901 3298 2955; x_wconf 83' lang='lat' dir='ltr'><strong>illos</strong></span> <span class='ocrx_word' id='word_1_580' title='bbox 3325 2901 3622 2971; x_wconf 86' lang='lat' dir='ltr'><strong>referatur,</strong></span> 
     </span>
    </p>
   </div>
   <div class='ocr_carea' id='block_1_81' title="bbox 2022 2971 3622 3053">
    <p class='ocr_par' dir='ltr' id='par_1_81' title="bbox 2022 2971 3622 3053">
     <span class='ocr_line' id='line_1_83' title="bbox 2022 2971 3622 3053; baseline 0.001 -26"><span class='ocrx_word' id='word_1_581' title='bbox 2022 2973 2116 3053; x_wconf 88' lang='lat' dir='ltr'><strong>qui</strong></span> <span class='ocrx_word' id='word_1_582' title='bbox 2149 2972 2242 3053; x_wconf 84' lang='lat' dir='ltr'><strong>_vel</strong></span> <span class='ocrx_word' id='word_1_583' title='bbox 2269 2989 2332 3028; x_wconf 89' lang='lat' dir='ltr'><strong>ex</strong></span> <span class='ocrx_word' id='word_1_584' title='bbox 2363 2971 2707 3053; x_wconf 72' lang='lat' dir='ltr'><strong>irreverentia</strong></span> <span class='ocrx_word' id='word_1_585' title='bbox 2729 3014 2748 3042; x_wconf 94' lang='lat'><strong>,</strong></span> <span class='ocrx_word' id='word_1_586' title='bbox 2775 2973 2856 3053; x_wconf 82' lang='lat' dir='ltr'><strong>vel</strong></span> <span class='ocrx_word' id='word_1_587' title='bbox 2909 2971 3163 3053; x_wconf 64' lang='lat' dir='ltr'><strong>socgrdia</strong></span> <span class='ocrx_word' id='word_1_588' title='bbox 3189 2980 3246 3053; x_wconf 76' lang='lat' dir='ltr'><strong>et</strong></span> <span class='ocrx_word' id='word_1_589' title='bbox 3280 2971 3510 3053; x_wconf 62' lang='lat' dir='ltr'><strong>ignavia</strong></span> <span class='ocrx_word' id='word_1_590' title='bbox 3535 2987 3622 3053; x_wconf 88' lang='lat' dir='ltr'><strong>se-_-</strong></span> 
     </span>
    </p>
   </div>
   <div class='ocr_carea' id='block_1_82' title="bbox 2023 3041 3626 3115">
    <p class='ocr_par' dir='ltr' id='par_1_82' title="bbox 2023 3041 3626 3115">
     <span class='ocr_line' id='line_1_84' title="bbox 2023 3041 3626 3115; baseline 0 -15"><span class='ocrx_word' id='word_1_591' title='bbox 2023 3041 2201 3100; x_wconf 86' lang='lat' dir='ltr'><strong>dendo</strong></span> <span class='ocrx_word' id='word_1_592' title='bbox 2239 3041 2813 3115; x_wconf 13' lang='lat' dir='ltr'><strong>orantiautipsallunt</strong></span> <span class='ocrx_word' id='word_1_593' title='bbox 2839 3044 2962 3115; x_wconf 12' lang='lat' dir='ltr'><strong>:rvel</strong></span> <span class='ocrx_word' id='word_1_594' title='bbox 2999 3041 3140 3115; x_wconf 83' lang='lat' dir='ltr'><strong>illius</strong></span> <span class='ocrx_word' id='word_1_595' title='bbox 3185 3041 3540 3100; x_wconf 80' lang='lat' dir='ltr'><strong>distinctionis</strong></span> <span class='ocrx_word' id='word_1_596' title='bbox 3569 3051 3626 3100; x_wconf 89' lang='lat' dir='ltr'><strong>et</strong></span> 
     </span>
    </p>
   </div>
   <div class='ocr_carea' id='block_1_83' title="bbox 2023 3113 3623 3187">
    <p class='ocr_par' dir='ltr' id='par_1_83' title="bbox 2023 3113 3623 3187">
     <span class='ocr_line' id='line_1_85' title="bbox 2023 3113 3623 3187; baseline 0.002 -19"><span class='ocrx_word' id='word_1_597' title='bbox 2023 3115 2296 3187; x_wconf 84' lang='lat' dir='ltr'><strong>varietatis</strong></span> <span class='ocrx_word' id='word_1_598' title='bbox 2315 3115 2370 3170; x_wconf 92' lang='lat' dir='ltr'><strong>in</strong></span> <span class='ocrx_word' id='word_1_599' title='bbox 2393 3113 2589 3187; x_wconf 72' lang='lat' dir='ltr'><strong>divinis</strong></span> <span class='ocrx_word' id='word_1_600' title='bbox 2609 3113 3196 3187; x_wconf 71' lang='lat' dir='ltr'><strong>officiisobservandae,</strong></span> <span class='ocrx_word' id='word_1_601' title='bbox 3215 3115 3284 3170; x_wconf 90' lang='lat' dir='ltr'><strong>de</strong></span> <span class='ocrx_word' id='word_1_602' title='bbox 3308 3129 3411 3187; x_wconf 80' lang='lat' dir='ltr'><strong>qua</strong></span> <span class='ocrx_word' id='word_1_603' title='bbox 3435 3131 3623 3187; x_wconf 87' lang='lat' dir='ltr'><strong>supra,</strong></span> 
     </span>
    </p>
   </div>
   <div class='ocr_carea' id='block_1_84' title="bbox 2023 3184 3620 3256">
    <p class='ocr_par' dir='ltr' id='par_1_84' title="bbox 2023 3184 3620 3256">
     <span class='ocr_line' id='line_1_86' title="bbox 2023 3184 3620 3256; baseline 0.001 -16"><span class='ocrx_word' id='word_1_604' title='bbox 2023 3185 2294 3241; x_wconf 89' lang='lat' dir='ltr'><strong>rationem</strong></span> <span class='ocrx_word' id='word_1_605' title='bbox 2334 3200 2450 3242; x_wconf 92' lang='lat' dir='ltr'><strong>non</strong></span> <span class='ocrx_word' id='word_1_606' title='bbox 2485 3185 2688 3242; x_wconf 87' lang='lat' dir='ltr'><strong>habent</strong></span> <span class='ocrx_word' id='word_1_607' title='bbox 2709 3227 2725 3253; x_wconf 90' lang='lat'><strong>,</strong></span> <span class='ocrx_word' id='word_1_608' title='bbox 2763 3186 2817 3242; x_wconf 92' lang='lat' dir='ltr'><strong>id</strong></span> <span class='ocrx_word' id='word_1_609' title='bbox 2844 3193 2927 3242; x_wconf 88' lang='lat' dir='ltr'><strong>est</strong></span> <span class='ocrx_word' id='word_1_610' title='bbox 2949 3225 2964 3252; x_wconf 90' lang='lat'><strong>,</strong></span> <span class='ocrx_word' id='word_1_611' title='bbox 2986 3184 3196 3252; x_wconf 88' lang='lat' dir='ltr'><strong>sedent,</strong></span> <span class='ocrx_word' id='word_1_612' title='bbox 3223 3185 3443 3256; x_wconf 89' lang='lat' dir='ltr'><strong>quando</strong></span> <span class='ocrx_word' id='word_1_613' title='bbox 3467 3184 3620 3242; x_wconf 72' lang='lat' dir='ltr'><strong>sian-</strong></span> 
     </span>
    </p>
   </div>
   <div class='ocr_carea' id='block_1_85' title="bbox 2022 3256 3627 3328">
    <p class='ocr_par' dir='ltr' id='par_1_85' title="bbox 2022 3256 3627 3328">
     <span class='ocr_line' id='line_1_87' title="bbox 2022 3256 3627 3328; baseline 0 -16"><span class='ocrx_word' id='word_1_614' title='bbox 2022 3256 2157 3312; x_wconf 90' lang='lat' dir='ltr'><strong>dum</strong></span> <span class='ocrx_word' id='word_1_615' title='bbox 2200 3265 2296 3313; x_wconf 87' lang='lat' dir='ltr'><strong>aut</strong></span> <span class='ocrx_word' id='word_1_616' title='bbox 2338 3257 2668 3328; x_wconf 84' lang='lat' dir='ltr'><strong>flectendum</strong></span> <span class='ocrx_word' id='word_1_617' title='bbox 2695 3265 2840 3314; x_wconf 86' lang='lat' dir='ltr'><strong>esset</strong></span> <span class='ocrx_word' id='word_1_618' title='bbox 2873 3275 2887 3312; x_wconf 89' lang='lat'><strong>:</strong></span> <span class='ocrx_word' id='word_1_619' title='bbox 2920 3257 3068 3328; x_wconf 92' lang='lat' dir='ltr'><strong>quod</strong></span> <span class='ocrx_word' id='word_1_620' title='bbox 3107 3257 3325 3328; x_wconf 89' lang='lat' dir='ltr'><strong>quidem</strong></span> <span class='ocrx_word' id='word_1_621' title='bbox 3367 3266 3520 3313; x_wconf 81' lang='lat' dir='ltr'><strong>extra</strong></span> <span class='ocrx_word' id='word_1_622' title='bbox 3550 3257 3627 3314; x_wconf 87' lang='lat' dir='ltr'><strong>di-</strong></span> 
     </span>
    </p>
   </div>
   <div class='ocr_carea' id='block_1_86' title="bbox 2023 3327 3626 3398">
    <p class='ocr_par' dir='ltr' id='par_1_86' title="bbox 2023 3327 3626 3398">
     <span class='ocr_line' id='line_1_88' title="bbox 2023 3327 3626 3398; baseline 0.001 -16"><span class='ocrx_word' id='word_1_623' title='bbox 2023 3327 2308 3398; x_wconf 89' lang='lat' dir='ltr'><strong>sciplinam</strong></span> <span class='ocrx_word' id='word_1_624' title='bbox 2335 3343 2473 3393; x_wconf 88' lang='lat' dir='ltr'><strong>esse,</strong></span> <span class='ocrx_word' id='word_1_625' title='bbox 2500 3327 2603 3382; x_wconf 92' lang='lat' dir='ltr'><strong>hoc</strong></span> <span class='ocrx_word' id='word_1_626' title='bbox 2626 3337 2730 3395; x_wconf 90' lang='lat' dir='ltr'><strong>est,</strong></span> <span class='ocrx_word' id='word_1_627' title='bbox 2761 3329 2828 3383; x_wconf 89' lang='lat' dir='ltr'><strong>ab</strong></span> <span class='ocrx_word' id='word_1_628' title='bbox 2859 3327 3106 3384; x_wconf 82' lang='lat' dir='ltr'><strong>instituto</strong></span> <span class='ocrx_word' id='word_1_629' title='bbox 3125 3327 3220 3384; x_wconf 88' lang='lat' dir='ltr'><strong>SS.</strong></span> <span class='ocrx_word' id='word_1_630' title='bbox 3247 3331 3470 3384; x_wconf 87' lang='lat' dir='ltr'><strong>Patrum</strong></span> <span class='ocrx_word' id='word_1_631' title='bbox 3494 3328 3626 3384; x_wconf 84' lang='lat' dir='ltr'><strong>alie-</strong></span> 
     </span>
    </p>
   </div>
   <div class='ocr_carea' id='block_1_87' title="bbox 2023 3398 3625 3471">
    <p class='ocr_par' dir='ltr' id='par_1_87' title="bbox 2023 3398 3625 3471">
     <span class='ocr_line' id='line_1_89' title="bbox 2023 3398 3625 3471; baseline 0.002 -19"><span class='ocrx_word' id='word_1_632' title='bbox 2023 3413 2162 3471; x_wconf 88' lang='lat' dir='ltr'><strong>num</strong></span> <span class='ocrx_word' id='word_1_633' title='bbox 2186 3414 2350 3453; x_wconf 90' lang='lat' dir='ltr'><strong>nemo</strong></span> <span class='ocrx_word' id='word_1_634' title='bbox 2395 3398 2671 3471; x_wconf 73' lang='lat' dir='ltr'><strong>negaverit</strong></span> <span class='ocrx_word' id='word_1_635' title='bbox 2705 3418 2717 3454; x_wconf 94' lang='lat'>:</span> <span class='ocrx_word' id='word_1_636' title='bbox 2749 3414 2879 3453; x_wconf 90' lang='lat' dir='ltr'><strong>nam</strong></span> <span class='ocrx_word' id='word_1_637' title='bbox 2909 3407 2976 3471; x_wconf 84' lang='lat' dir='ltr'><strong>et</strong></span> <span class='ocrx_word' id='word_1_638' title='bbox 3001 3401 3077 3471; x_wconf 94' lang='lat' dir='ltr'><strong>D._</strong></span> <span class='ocrx_word' id='word_1_639' title='bbox 3113 3398 3437 3471; x_wconf 82' lang='lat' dir='ltr'><strong>Benedictus</strong></span> <span class='ocrx_word' id='word_1_640' title='bbox 3466 3399 3625 3471; x_wconf 88' lang='lat' dir='ltr'><strong>jubet</strong></span> 
     </span>
    </p>
   </div>
   <div class='ocr_carea' id='block_1_88' title="bbox 1942 3467 3622 3554">
    <p class='ocr_par' dir='ltr' id='par_1_88' title="bbox 1942 3467 3622 3554">
     <span class='ocr_line' id='line_1_90' title="bbox 1942 3467 3622 3554; baseline 0.002 -30"><span class='ocrx_word' id='word_1_641' title='bbox 1942 3491 1987 3554; x_wconf 71' lang='grc' dir='ltr'>ο</span> <span class='ocrx_word' id='word_1_642' title='bbox 2023 3475 2041 3532; x_wconf 94' lang='grc'>(</span> <span class='ocrx_word' id='word_1_643' title='bbox 2060 3470 2291 3554; x_wconf 55' lang='grc' dir='ltr'><strong>ϐαρ.“5ρ</strong></span> <span class='ocrx_word' id='word_1_644' title='bbox 2533 3467 2727 3554; x_wconf 56' lang='lat' dir='ltr'><strong>fratres</strong></span> <span class='ocrx_word' id='word_1_645' title='bbox 2753 3471 2919 3554; x_wconf 66' lang='lat' dir='ltr'><strong>etiam</strong></span> <span class='ocrx_word' id='word_1_646' title='bbox 2965 3470 3019 3524; x_wconf 93' lang='lat' dir='ltr'><strong>in</strong></span> <span class='ocrx_word' id='word_1_647' title='bbox 3065 3468 3264 3554; x_wconf 39' lang='lat' dir='ltr'><strong>itinere.</strong></span> <span class='ocrx_word' id='word_1_648' title='bbox 3288 3467 3622 3554; x_wconf 69' lang='lat' dir='ltr'><strong>cpnstitutos</strong></span> 
     </span>
    </p>
   </div>
   <div class='ocr_carea' id='block_1_89' title="bbox 2024 3540 3626 3612">
    <p class='ocr_par' dir='ltr' id='par_1_89' title="bbox 2024 3540 3626 3612">
     <span class='ocr_line' id='line_1_91' title="bbox 2024 3540 3626 3612; baseline 0.002 -17"><span class='ocrx_word' id='word_1_649' title='bbox 2024 3556 2163 3612; x_wconf 91' lang='lat' dir='ltr'><strong>opus</strong></span> <span class='ocrx_word' id='word_1_650' title='bbox 2191 3540 2308 3608; x_wconf 91' lang='lat' dir='ltr'><strong>Dei,</strong></span> <span class='ocrx_word' id='word_1_651' title='bbox 2333 3540 2387 3598; x_wconf 92' lang='lat' dir='ltr'><strong>id</strong></span> <span class='ocrx_word' id='word_1_652' title='bbox 2407 3549 2515 3605; x_wconf 87' lang='lat' dir='ltr'><strong>est,</strong></span> <span class='ocrx_word' id='word_1_653' title='bbox 2544 3540 2786 3597; x_wconf 85' lang='lat' dir='ltr'><strong>ofﬁcium</strong></span> <span class='ocrx_word' id='word_1_654' title='bbox 2811 3541 3052 3612; x_wconf 87' lang='lat' dir='ltr'><strong>divinum</strong></span> <span class='ocrx_word' id='word_1_655' title='bbox 3079 3542 3296 3597; x_wconf 84' lang='lat' dir='ltr'><strong>statutis</strong></span> <span class='ocrx_word' id='word_1_656' title='bbox 3324 3541 3476 3598; x_wconf 88' lang='lat' dir='ltr'><strong>boris</strong></span> <span class='ocrx_word' id='word_1_657' title='bbox 3506 3558 3626 3612; x_wconf 81' lang='lat' dir='ltr'><strong>pcr-</strong></span> 
     </span>
    </p>
   </div>
   <div class='ocr_carea' id='block_1_90' title="bbox 2023 3611 3623 3685">
    <p class='ocr_par' dir='ltr' id='par_1_90' title="bbox 2023 3611 3623 3685">
     <span class='ocr_line' id='line_1_92' title="bbox 2023 3611 3623 3685; baseline 0.001 -19"><span class='ocrx_word' id='word_1_658' title='bbox 2023 3611 2234 3668; x_wconf 76' lang='lat' dir='ltr'><strong>sblvere</strong></span> <span class='ocrx_word' id='word_1_659' title='bbox 2273 3626 2415 3685; x_wconf 61' lang='lat' dir='ltr'><strong>cuni</strong></span> <span class='ocrx_word' id='word_1_660' title='bbox 2445 3620 2686 3685; x_wconf 73' lang='lat' dir='ltr'><strong>tremore</strong></span> <span class='ocrx_word' id='word_1_661' title='bbox 2726 3611 2906 3685; x_wconf 85' lang='lat' dir='ltr'><strong>divino</strong></span> <span class='ocrx_word' id='word_1_662' title='bbox 2931 3612 3208 3670; x_wconf 87' lang='lat' dir='ltr'><strong>ﬂectentes</strong></span> <span class='ocrx_word' id='word_1_663' title='bbox 3242 3628 3437 3685; x_wconf 75' lang='lat' dir='ltr'><strong>genua.</strong></span> <span class='ocrx_word' id='word_1_664' title='bbox 3489 3611 3623 3670; x_wconf 83' lang='lat' dir='ltr'><strong>Vide</strong></span> 
     </span>
    </p>
   </div>
   <div class='ocr_carea' id='block_1_91' title="bbox 2023 3680 3104 3756">
    <p class='ocr_par' dir='ltr' id='par_1_91' title="bbox 2023 3680 3104 3756">
     <span class='ocr_line' id='line_1_93' title="bbox 2023 3680 3104 3756; baseline 0.001 -17"><span class='ocrx_word' id='word_1_665' title='bbox 2023 3685 2334 3756; x_wconf 74' lang='lat' dir='ltr'><strong>Navarrum</strong></span> <span class='ocrx_word' id='word_1_666' title='bbox 2366 3680 2459 3739; x_wconf 90' lang='lat' dir='ltr'><strong>lib.</strong></span> <span class='ocrx_word' id='word_1_667' title='bbox 2499 3681 2568 3739; x_wconf 92' lang='lat' dir='ltr'><strong>de</strong></span> <span class='ocrx_word' id='word_1_668' title='bbox 2599 3683 2866 3756; x_wconf 75' lang='lat' dir='ltr'><strong>Oratione</strong></span> <span class='ocrx_word' id='word_1_669' title='bbox 2888 3699 3008 3756; x_wconf 88' lang='lat' dir='ltr'><strong>cap.</strong></span> <span class='ocrx_word' id='word_1_670' title='bbox 3052 3690 3104 3756; x_wconf 76' lang='lat'><strong>4.</strong></span> 
     </span>
    </p>
   </div>
   <div class='ocr_carea' id='block_1_92' title="bbox 2094 3753 3621 3828">
    <p class='ocr_par' dir='ltr' id='par_1_92' title="bbox 2094 3753 3621 3828">
     <span class='ocr_line' id='line_1_94' title="bbox 2094 3753 3621 3828; baseline 0 -19"><span class='ocrx_word' id='word_1_671' title='bbox 2094 3757 2119 3788; x_wconf 69' lang='grc' dir='ltr'><strong>ε</strong></span> <span class='ocrx_word' id='word_1_672' title='bbox 2146 3755 2285 3810; x_wconf 89' lang='lat' dir='ltr'><strong>Sunt</strong></span> <span class='ocrx_word' id='word_1_673' title='bbox 2318 3753 2437 3810; x_wconf 60' lang='lat' dir='ltr'><strong>haec</strong></span> <span class='ocrx_word' id='word_1_674' title='bbox 2473 3753 2766 3811; x_wconf 88' lang='lat' dir='ltr'><strong>commode</strong></span> <span class='ocrx_word' id='word_1_675' title='bbox 2809 3763 2866 3828; x_wconf 79' lang='lat' dir='ltr'><strong>et</strong></span> <span class='ocrx_word' id='word_1_676' title='bbox 2902 3753 3284 3828; x_wconf 60' lang='lat' dir='ltr'><strong>hiperboliabs</strong></span> <span class='ocrx_word' id='word_1_677' title='bbox 3323 3754 3621 3828; x_wconf 79' lang='lat' dir='ltr'><strong>intelligen-</strong></span> 
     </span>
    </p>
   </div>
   <div class='ocr_carea' id='block_1_93' title="bbox 2023 3823 3624 3908">
    <p class='ocr_par' dir='ltr' id='par_1_93' title="bbox 2023 3823 3624 3908">
     <span class='ocr_line' id='line_1_95' title="bbox 2023 3823 3624 3908; baseline 0 -28"><span class='ocrx_word' id='word_1_678' title='bbox 2023 3823 2116 3908; x_wconf 47' lang='lat' dir='ltr'><strong>da;</strong></span> <span class='ocrx_word' id='word_1_679' title='bbox 2155 3828 2304 3908; x_wconf 45' lang='lat' dir='ltr'><strong>fiam</strong></span> <span class='ocrx_word' id='word_1_680' title='bbox 2359 3833 2587 3908; x_wconf 71' lang='lat' dir='ltr'><strong>certum</strong></span> <span class='ocrx_word' id='word_1_681' title='bbox 2622 3833 2707 3880; x_wconf 90' lang='lat' dir='ltr'><strong>est</strong></span> <span class='ocrx_word' id='word_1_682' title='bbox 2748 3825 2917 3908; x_wconf 82' lang='lat' dir='ltr'><strong>excipi</strong></span> <span class='ocrx_word' id='word_1_683' title='bbox 2943 3823 3200 3908; x_wconf 60' lang='lat' dir='ltr'><strong>tempus</strong></span> <span class='ocrx_word' id='word_1_684' title='bbox 3231 3826 3380 3906; x_wconf 78' lang='lat' dir='ltr'><strong>quod</strong></span> <span class='ocrx_word' id='word_1_685' title='bbox 3429 3823 3624 3880; x_wconf 73' lang='lat' dir='ltr'><strong>divinis</strong></span> 
     </span>
    </p>
   </div>
   <div class='ocr_carea' id='block_1_94' title="bbox 2021 3895 3619 3968">
    <p class='ocr_par' dir='ltr' id='par_1_94' title="bbox 2021 3895 3619 3968">
     <span class='ocr_line' id='line_1_96' title="bbox 2021 3895 3619 3968; baseline -0.001 -16"><span class='ocrx_word' id='word_1_686' title='bbox 2021 3895 2216 3968; x_wconf 74' lang='lat' dir='ltr'><strong>officiis</strong></span> <span class='ocrx_word' id='word_1_687' title='bbox 2244 3895 2684 3968; x_wconf 90' lang='lat' dir='ltr'><strong>impendebatur,</strong></span> <span class='ocrx_word' id='word_1_688' title='bbox 2720 3895 2976 3968; x_wconf 87' lang='lat' dir='ltr'><strong>quodque</strong></span> <span class='ocrx_word' id='word_1_689' title='bbox 3015 3895 3337 3968; x_wconf 81' lang='lat' dir='ltr'><strong>refectioni,</strong></span> <span class='ocrx_word' id='word_1_690' title='bbox 3383 3911 3581 3951; x_wconf 87' lang='lat' dir='ltr'><strong>somno</strong></span> <span class='ocrx_word' id='word_1_691' title='bbox 3603 3935 3619 3963; x_wconf 94' lang='lat'><strong>,</strong></span> 
     </span>
    </p>
   </div>
   <div class='ocr_carea' id='block_1_95' title="bbox 2021 3967 3562 4048">
    <p class='ocr_par' dir='ltr' id='par_1_95' title="bbox 2021 3967 3562 4048">
     <span class='ocr_line' id='line_1_97' title="bbox 2021 3967 3562 4048; baseline -0.001 -26"><span class='ocrx_word' id='word_1_692' title='bbox 2021 3967 2248 4048; x_wconf 64' lang='lat' dir='ltr'><strong>aliisque</strong></span> <span class='ocrx_word' id='word_1_693' title='bbox 2281 3967 2690 4048; x_wconf 73' lang='lat' dir='ltr'><strong>necessitatibus</strong></span> <span class='ocrx_word' id='word_1_694' title='bbox 2711 3967 3123 4048; x_wconf 70' lang='lat' dir='ltr'><strong>concedendum</strong></span> <span class='ocrx_word' id='word_1_695' title='bbox 3152 3967 3278 4023; x_wconf 88' lang='lat' dir='ltr'><strong>fuit.</strong></span> <span class='ocrx_word' id='word_1_696' title='bbox 3551 3999 3562 4010; x_wconf 83' lang='lat'>-</span> 
     </span>
    </p>
   </div>
   <div class='ocr_carea' id='block_1_96' title="bbox 2093 4025 3622 4110">
    <p class='ocr_par' dir='ltr' id='par_1_96' title="bbox 2093 4025 3622 4110">
     <span class='ocr_line' id='line_1_98' title="bbox 2093 4025 3622 4110; baseline -0.002 -16"><span class='ocrx_word' id='word_1_697' title='bbox 2093 4025 2120 4069; x_wconf 72' lang='grc' dir='ltr'><em>δ</em></span> <span class='ocrx_word' id='word_1_698' title='bbox 2139 4025 2350 4110; x_wconf 70' lang='lat' dir='ltr'><strong>Nempe</strong></span> <span class='ocrx_word' id='word_1_699' title='bbox 2374 4037 2770 4110; x_wconf 81' lang='lat' dir='ltr'><strong>duodenarium</strong></span> <span class='ocrx_word' id='word_1_700' title='bbox 2794 4038 2943 4110; x_wconf 87' lang='lat' dir='ltr'><strong>illum</strong></span> <span class='ocrx_word' id='word_1_701' title='bbox 2964 4039 3302 4110; x_wconf 76' lang='lat' dir='ltr'><strong>psalmorum</strong></span> <span class='ocrx_word' id='word_1_702' title='bbox 3329 4051 3622 4110; x_wconf 82' lang='lat' dir='ltr'><strong>numerum</strong></span> 
     </span>
    </p>
   </div>
   <div class='ocr_carea' id='block_1_97' title="bbox 2023 4105 3622 4180">
    <p class='ocr_par' dir='ltr' id='par_1_97' title="bbox 2023 4105 3622 4180">
     <span class='ocr_line' id='line_1_99' title="bbox 2023 4105 3622 4180; baseline -0.001 -18"><span class='ocrx_word' id='word_1_703' title='bbox 2023 4115 2141 4162; x_wconf 89' lang='lat' dir='ltr'><strong>tam</strong></span> <span class='ocrx_word' id='word_1_704' title='bbox 2162 4109 2219 4180; x_wconf 87' lang='lat' dir='ltr'><strong>in</strong></span> <span class='ocrx_word' id='word_1_705' title='bbox 2242 4105 2580 4180; x_wconf 80' lang='lat' dir='ltr'><strong>vespertinis,</strong></span> <span class='ocrx_word' id='word_1_706' title='bbox 2608 4123 2773 4178; x_wconf 89' lang='lat' dir='ltr'><strong>quam</strong></span> <span class='ocrx_word' id='word_1_707' title='bbox 2806 4107 2862 4180; x_wconf 81' lang='lat' dir='ltr'><strong>in</strong></span> <span class='ocrx_word' id='word_1_708' title='bbox 2896 4105 3178 4180; x_wconf 76' lang='lat' dir='ltr'><strong>nocturnis</strong></span> <span class='ocrx_word' id='word_1_709' title='bbox 3211 4105 3409 4180; x_wconf 84' lang='lat' dir='ltr'><strong>ofﬁciis</strong></span> <span class='ocrx_word' id='word_1_710' title='bbox 3447 4110 3622 4177; x_wconf 86' lang='lat' dir='ltr'><strong>angeli</strong></span> 
     </span>
    </p>
   </div>
   <div class='ocr_carea' id='block_1_98' title="bbox 2023 4176 3619 4248">
    <p class='ocr_par' dir='ltr' id='par_1_98' title="bbox 2023 4176 3619 4248">
     <span class='ocr_line' id='line_1_100' title="bbox 2023 4176 3619 4248; baseline 0.001 -16"><span class='ocrx_word' id='word_1_711' title='bbox 2023 4176 2354 4247; x_wconf 71' lang='lat' dir='ltr'><strong>magisteria</strong></span> <span class='ocrx_word' id='word_1_712' title='bbox 2368 4187 2423 4234; x_wconf 90' lang='lat' dir='ltr'><strong>et</strong></span> <span class='ocrx_word' id='word_1_713' title='bbox 2455 4176 2790 4248; x_wconf 82' lang='lat' dir='ltr'><strong>documento</strong></span> <span class='ocrx_word' id='word_1_714' title='bbox 2819 4178 3156 4248; x_wconf 81' lang='lat' dir='ltr'><strong>institutum,</strong></span> <span class='ocrx_word' id='word_1_715' title='bbox 3197 4176 3267 4248; x_wconf 82' lang='lat' dir='ltr'><strong>de</strong></span> <span class='ocrx_word' id='word_1_716' title='bbox 3301 4191 3414 4246; x_wconf 89' lang='lat' dir='ltr'><strong>quo</strong></span> <span class='ocrx_word' id='word_1_717' title='bbox 3455 4176 3619 4248; x_wconf 83' lang='lat' dir='ltr'><strong>supra</strong></span> 
     </span>
    </p>
   </div>
   <div class='ocr_carea' id='block_1_99' title="bbox 2024 4245 3618 4330">
    <p class='ocr_par' dir='ltr' id='par_1_99' title="bbox 2024 4245 3618 4330">
     <span class='ocr_line' id='line_1_101' title="bbox 2024 4245 3618 4330; baseline 0 -26"><span class='ocrx_word' id='word_1_718' title='bbox 2024 4245 2190 4330; x_wconf 81' lang='lat' dir='ltr'><strong>(Cap.</strong></span> <span class='ocrx_word' id='word_1_719' title='bbox 2217 4254 2250 4330; x_wconf 65' lang='grc' dir='ltr'>ξ</span> <span class='ocrx_word' id='word_1_720' title='bbox 2275 4254 2326 4304; x_wconf 89' lang='lat' dir='ltr'><strong>et</strong></span> <span class='ocrx_word' id='word_1_721' title='bbox 2343 4247 2695 4330; x_wconf 80' lang='lat' dir='ltr'><strong>6)._V_iderint</strong></span> <span class='ocrx_word' id='word_1_722' title='bbox 2868 4245 3102 4330; x_wconf 68' lang='lat' dir='ltr'><strong>imperiti</strong></span> <span class='ocrx_word' id='word_1_723' title='bbox 3138 4245 3388 4330; x_wconf 80' lang='lat' dir='ltr'><strong>quidam,</strong></span> <span class='ocrx_word' id='word_1_724' title='bbox 3418 4255 3480 4330; x_wconf 77' lang='lat' dir='ltr'><strong>et</strong></span> <span class='ocrx_word' id='word_1_725' title='bbox 3511 4245 3618 4304; x_wconf 82' lang='lat' dir='ltr'><strong>im-</strong></span> 
     </span>
    </p>
   </div>
   <div class='ocr_carea' id='block_1_100' title="bbox 2024 4316 3618 4390">
    <p class='ocr_par' dir='ltr' id='par_1_100' title="bbox 2024 4316 3618 4390">
     <span class='ocr_line' id='line_1_102' title="bbox 2024 4316 3618 4390; baseline 0.001 -17"><span class='ocrx_word' id='word_1_726' title='bbox 2024 4316 2268 4390; x_wconf 77' lang='lat' dir='ltr'><strong>portuni,</strong></span> <span class='ocrx_word' id='word_1_727' title='bbox 2297 4316 2389 4390; x_wconf 90' lang='lat' dir='ltr'><strong>qui</strong></span> <span class='ocrx_word' id='word_1_728' title='bbox 2419 4326 2568 4374; x_wconf 90' lang='lat' dir='ltr'><strong>totos</strong></span> <span class='ocrx_word' id='word_1_729' title='bbox 2594 4316 2712 4390; x_wconf 85' lang='lat' dir='ltr'><strong>dies</strong></span> <span class='ocrx_word' id='word_1_730' title='bbox 2737 4317 2791 4373; x_wconf 91' lang='lat' dir='ltr'><strong>in</strong></span> <span class='ocrx_word' id='word_1_731' title='bbox 2834 4316 3227 4390; x_wconf 74' lang='lat' dir='ltr'><strong>psalmodiaet</strong></span> <span class='ocrx_word' id='word_1_732' title='bbox 3253 4325 3418 4374; x_wconf 89' lang='lat' dir='ltr'><strong>cantu</strong></span> <span class='ocrx_word' id='word_1_733' title='bbox 3465 4319 3618 4376; x_wconf 90' lang='lat' dir='ltr'><strong>insu-</strong></span> 
     </span>
    </p>
   </div>
   <div class='ocr_carea' id='block_1_101' title="bbox 2023 4387 3622 4463">
    <p class='ocr_par' dir='ltr' id='par_1_101' title="bbox 2023 4387 3622 4463">
     <span class='ocr_line' id='line_1_103' title="bbox 2023 4387 3622 4463; baseline 0.001 -17"><span class='ocrx_word' id='word_1_734' title='bbox 2023 4387 2260 4463; x_wconf 71' lang='lat' dir='ltr'><strong>inendos</strong></span> <span class='ocrx_word' id='word_1_735' title='bbox 2302 4387 2536 4463; x_wconf 82' lang='lat' dir='ltr'><strong>putant;</strong></span> <span class='ocrx_word' id='word_1_736' title='bbox 2561 4389 2712 4460; x_wconf 89' lang='lat' dir='ltr'><strong>quasi</strong></span> <span class='ocrx_word' id='word_1_737' title='bbox 2760 4387 2887 4463; x_wconf 65' lang='lat' dir='ltr'><strong>veio</strong></span> <span class='ocrx_word' id='word_1_738' title='bbox 2937 4387 3066 4445; x_wconf 92' lang='lat' dir='ltr'><strong>nihil</strong></span> <span class='ocrx_word' id='word_1_739' title='bbox 3101 4389 3249 4448; x_wconf 84' lang='lat' dir='ltr'><strong>aliud</strong></span> <span class='ocrx_word' id='word_1_740' title='bbox 3277 4389 3431 4463; x_wconf 83' lang='lat' dir='ltr'><strong>pensi</strong></span> <span class='ocrx_word' id='word_1_741' title='bbox 3462 4390 3622 4448; x_wconf 89' lang='lat' dir='ltr'><strong>nobis</strong></span> 
     </span>
    </p>
   </div>
   <div class='ocr_carea' id='block_1_102' title="bbox 2023 4459 3617 4542">
    <p class='ocr_par' dir='ltr' id='par_1_102' title="bbox 2023 4459 3617 4542">
     <span class='ocr_line' id='line_1_104' title="bbox 2023 4459 3617 4542; baseline 0 -25"><span class='ocrx_word' id='word_1_742' title='bbox 2023 4459 2369 4542; x_wconf 78' lang='lat' dir='ltr'><strong>incumberet</strong></span> <span class='ocrx_word' id='word_1_743' title='bbox 2386 4479 2409 4542; x_wconf 83' lang='lat'><strong>_:</strong></span> <span class='ocrx_word' id='word_1_744' title='bbox 2460 4459 2595 4542; x_wconf 66' lang='lat' dir='ltr'><strong>cum</strong></span> <span class='ocrx_word' id='word_1_745' title='bbox 2633 4461 3172 4542; x_wconf 33' lang='lat' dir='ltr'><strong>enemplooveteruin</strong></span> <span class='ocrx_word' id='word_1_746' title='bbox 3223 4459 3617 4542; x_wconf 63' lang='lat' dir='ltr'><strong>monachorum</strong></span> 
     </span>
    </p>
   </div>
   <div class='ocr_carea' id='block_1_103' title="bbox 2024 4531 3621 4605">
    <p class='ocr_par' dir='ltr' id='par_1_103' title="bbox 2024 4531 3621 4605">
     <span class='ocr_line' id='line_1_105' title="bbox 2024 4531 3621 4605; baseline 0 -17"><span class='ocrx_word' id='word_1_747' title='bbox 2024 4539 2081 4588; x_wconf 92' lang='lat' dir='ltr'><strong>et</strong></span> <span class='ocrx_word' id='word_1_748' title='bbox 2097 4542 2304 4590; x_wconf 65' lang='lat' dir='ltr'><strong>nostris</strong></span> <span class='ocrx_word' id='word_1_749' title='bbox 2326 4532 2493 4589; x_wconf 90' lang='lat' dir='ltr'><strong>etiam</strong></span> <span class='ocrx_word' id='word_1_750' title='bbox 2527 4532 2751 4605; x_wconf 56' lang='lat' dir='ltr'><strong>Regula}</strong></span> <span class='ocrx_word' id='word_1_751' title='bbox 2789 4531 3038 4589; x_wconf 88' lang='lat' dir='ltr'><strong>instituto</strong></span> <span class='ocrx_word' id='word_1_752' title='bbox 3063 4535 3231 4604; x_wconf 85' lang='lat' dir='ltr'><strong>(Cap.</strong></span> <span class='ocrx_word' id='word_1_753' title='bbox 3270 4539 3343 4589; x_wconf 79' lang='lat'><strong>48</strong></span> <span class='ocrx_word' id='word_1_754' title='bbox 3366 4535 3621 4605; x_wconf 67' lang='lat' dir='ltr'><strong>Regula)</strong></span> 
     </span>
    </p>
   </div>
   <div class='ocr_carea' id='block_1_104' title="bbox 2023 4603 3619 4686">
    <p class='ocr_par' dir='ltr' id='par_1_104' title="bbox 2023 4603 3619 4686">
     <span class='ocr_line' id='line_1_106' title="bbox 2023 4603 3619 4686; baseline 0.001 -26"><span class='ocrx_word' id='word_1_755' title='bbox 2023 4613 2239 4686; x_wconf 72' lang='lat' dir='ltr'><strong>constet</strong></span> <span class='ocrx_word' id='word_1_756' title='bbox 2267 4605 2539 4686; x_wconf 34' lang='lat' dir='ltr'><strong>triaoesse,</strong></span> <span class='ocrx_word' id='word_1_757' title='bbox 2560 4603 2840 4686; x_wconf 34' lang='lat' dir='ltr'><strong>iniquibus</strong></span> <span class='ocrx_word' id='word_1_758' title='bbox 2873 4605 2978 4686; x_wconf 75' lang='lat' dir='ltr'><strong>vita</strong></span> <span class='ocrx_word' id='word_1_759' title='bbox 3005 4603 3256 4686; x_wconf 76' lang='lat' dir='ltr'><strong>monachi</strong></span> <span class='ocrx_word' id='word_1_760' title='bbox 3297 4605 3498 4686; x_wconf 76' lang='lat' dir='ltr'><strong>versari</strong></span> <span class='ocrx_word' id='word_1_761' title='bbox 3520 4604 3619 4661; x_wconf 88' lang='lat' dir='ltr'><strong>de-</strong></span> 
     </span>
    </p>
   </div>
   <div class='ocr_carea' id='block_1_105' title="bbox 2024 4675 3616 4744">
    <p class='ocr_par' dir='ltr' id='par_1_105' title="bbox 2024 4675 3616 4744">
     <span class='ocr_line' id='line_1_107' title="bbox 2024 4675 3616 4744; baseline -0.001 -13"><span class='ocrx_word' id='word_1_762' title='bbox 2024 4675 2186 4738; x_wconf 88' lang='lat' dir='ltr'><strong>beat,</strong></span> <span class='ocrx_word' id='word_1_763' title='bbox 2230 4675 2478 4732; x_wconf 85' lang='lat' dir='ltr'><strong>videlicet</strong></span> <span class='ocrx_word' id='word_1_764' title='bbox 2527 4675 2834 4731; x_wconf 89' lang='lat' dir='ltr'><strong>orationem</strong></span> <span class='ocrx_word' id='word_1_765' title='bbox 2859 4716 2874 4741; x_wconf 95' lang='lat'><strong>,</strong></span> <span class='ocrx_word' id='word_1_766' title='bbox 2899 4675 3251 4744; x_wconf 86' lang='lat' dir='ltr'><strong>&#39;lectionem,</strong></span> <span class='ocrx_word' id='word_1_767' title='bbox 3293 4684 3348 4732; x_wconf 91' lang='lat' dir='ltr'><strong>et</strong></span> <span class='ocrx_word' id='word_1_768' title='bbox 3374 4676 3616 4732; x_wconf 87' lang='lat' dir='ltr'><strong>laborem</strong></span> 
     </span>
    </p>
   </div>
   <div class='ocr_carea' id='block_1_106' title="bbox 2026 4745 3622 4816">
    <p class='ocr_par' dir='ltr' id='par_1_106' title="bbox 2026 4745 3622 4816">
     <span class='ocr_line' id='line_1_108' title="bbox 2026 4745 3622 4816; baseline -0.001 -14"><span class='ocrx_word' id='word_1_769' title='bbox 2026 4761 2295 4803; x_wconf 84' lang='lat' dir='ltr'><strong>manuum</strong></span> <span class='ocrx_word' id='word_1_770' title='bbox 2340 4765 2354 4802; x_wconf 88' lang='lat'><strong>:</strong></span> <span class='ocrx_word' id='word_1_771' title='bbox 2389 4755 2444 4802; x_wconf 90' lang='lat' dir='ltr'><strong>et</strong></span> <span class='ocrx_word' id='word_1_772' title='bbox 2467 4745 2694 4816; x_wconf 89' lang='lat' dir='ltr'><strong>proinde</strong></span> <span class='ocrx_word' id='word_1_773' title='bbox 2712 4745 2901 4816; x_wconf 79' lang='lat' dir='ltr'><strong>horas</strong></span> <span class='ocrx_word' id='word_1_774' title='bbox 2935 4745 3159 4802; x_wconf 90' lang='lat' dir='ltr'><strong>diurnas</strong></span> <span class='ocrx_word' id='word_1_775' title='bbox 3189 4747 3271 4802; x_wconf 91' lang='lat' dir='ltr'><strong>sic</strong></span> <span class='ocrx_word' id='word_1_776' title='bbox 3296 4762 3414 4816; x_wconf 86' lang='lat' dir='ltr'><strong>esse</strong></span> <span class='ocrx_word' id='word_1_777' title='bbox 3437 4745 3622 4802; x_wconf 88' lang='lat' dir='ltr'><strong>distin-</strong></span> 
     </span>
    </p>
   </div>
   <div class='ocr_carea' id='block_1_107' title="bbox 2026 4815 3618 4889">
    <p class='ocr_par' dir='ltr' id='par_1_107' title="bbox 2026 4815 3618 4889">
     <span class='ocr_line' id='line_1_109' title="bbox 2026 4815 3618 4889; baseline -0.003 -15"><span class='ocrx_word' id='word_1_778' title='bbox 2026 4817 2274 4889; x_wconf 86' lang='lat' dir='ltr'><strong>guendas</strong></span> <span class='ocrx_word' id='word_1_779' title='bbox 2300 4826 2355 4872; x_wconf 90' lang='lat' dir='ltr'><strong>et</strong></span> <span class='ocrx_word' id='word_1_780' title='bbox 2391 4815 2812 4889; x_wconf 69' lang='lat' dir='ltr'><strong>distribuendae,</strong></span> <span class='ocrx_word' id='word_1_781' title='bbox 2841 4825 2904 4873; x_wconf 91' lang='lat' dir='ltr'><strong>ut</strong></span> <span class='ocrx_word' id='word_1_782' title='bbox 2931 4817 3050 4874; x_wconf 72' lang='lat' dir='ltr'><strong>alite</strong></span> <span class='ocrx_word' id='word_1_783' title='bbox 3081 4817 3318 4889; x_wconf 72' lang='lat' dir='ltr'><strong>lectioni,</strong></span> <span class='ocrx_word' id='word_1_784' title='bbox 3341 4815 3466 4889; x_wconf 53' lang='lat' dir='ltr'><strong>alia;</strong></span> <span class='ocrx_word' id='word_1_785' title='bbox 3488 4831 3618 4889; x_wconf 85' lang='lat' dir='ltr'><strong>ora-</strong></span> 
     </span>
    </p>
   </div>
   <div class='ocr_carea' id='block_1_108' title="bbox 309 4866 3619 4964">
    <p class='ocr_par' dir='ltr' id='par_1_108' title="bbox 309 4866 3619 4964">
     <span class='ocr_line' id='line_1_110' title="bbox 309 4866 3619 4964; baseline -0.002 -18"><span class='ocrx_word' id='word_1_786' title='bbox 309 4866 1222 4964; x_wconf 43' lang='lat' dir='ltr'><strong>ansaaxgrsmiatiigt</strong></span> <span class='ocrx_word' id='word_1_787' title='bbox 1237 4866 1508 4945; x_wconf 70' lang='grc' dir='ltr'><strong>’ἰιιῖἶὶἵιίίὲ</strong></span> <span class='ocrx_word' id='word_1_788' title='bbox 1539 4866 1918 4964; x_wconf 43' lang='lat' dir='ltr'><strong>mins};</strong></span> <span class='ocrx_word' id='word_1_789' title='bbox 1949 4866 1999 4929; x_wconf 84' lang='grc' dir='ltr'><strong>Ι)</strong></span> <span class='ocrx_word' id='word_1_790' title='bbox 2025 4866 3048 4964; x_wconf 35' lang='lat' dir='ltr'><strong>_i’iBBiJSfiaQpiscinarii}?{H693}:qu</strong></span> <span class='ocrx_word' id='word_1_791' title='bbox 3065 4866 3619 4964; x_wconf 40' lang='lat' dir='ltr'><strong>anxietas};</strong></span> 
     </span>
    </p>
   </div>
   <div class='ocr_carea' id='block_1_109' title="bbox 308 4959 1918 5042">
    <p class='ocr_par' dir='ltr' id='par_1_109' title="bbox 308 4959 1918 5042">
     <span class='ocr_line' id='line_1_111' title="bbox 308 4959 1918 5042; baseline -0.001 -24"><span class='ocrx_word' id='word_1_792' title='bbox 308 4963 520 5042; x_wconf 59' lang='grc' dir='ltr'><strong>(ξιιμ-θῇ,</strong></span> <span class='ocrx_word' id='word_1_793' title='bbox 546 4959 768 5019; x_wconf 79' lang='lat' dir='ltr'><strong>canatur</strong></span> <span class='ocrx_word' id='word_1_794' title='bbox 790 4959 1048 5042; x_wconf 68' lang='lat' dir='ltr'><strong>Alleluia,</strong></span> <span class='ocrx_word' id='word_1_795' title='bbox 1071 4970 1222 5042; x_wconf 65' lang='lat' dir='ltr'><strong>extra</strong></span> <span class='ocrx_word' id='word_1_796' title='bbox 1243 4959 1710 5042; x_wconf 72' lang='lat' dir='ltr'><strong>Septuagesimum</strong></span> <span class='ocrx_word' id='word_1_797' title='bbox 1728 4959 1918 5016; x_wconf 88' lang='lat' dir='ltr'><strong>diebus</strong></span> 
     </span>
    </p>
   </div>
   <div class='ocr_carea' id='block_1_110' title="bbox 308 5031 1633 5106">
    <p class='ocr_par' dir='ltr' id='par_1_110' title="bbox 308 5031 1633 5106">
     <span class='ocr_line' id='line_1_112' title="bbox 308 5031 1633 5106; baseline -0.005 -16"><span class='ocrx_word' id='word_1_798' title='bbox 308 5031 555 5106; x_wconf 78' lang='lat' dir='ltr'><strong>feriatis;</strong></span> <span class='ocrx_word' id='word_1_799' title='bbox 581 5044 705 5106; x_wconf 86' lang='lat' dir='ltr'><strong>post</strong></span> <span class='ocrx_word' id='word_1_800' title='bbox 733 5035 940 5106; x_wconf 81' lang='lat' dir='ltr'><strong>cantica</strong></span> <span class='ocrx_word' id='word_1_801' title='bbox 964 5049 1093 5106; x_wconf 82' lang='lat' dir='ltr'><strong>vero</strong></span> <span class='ocrx_word' id='word_1_802' title='bbox 1113 5032 1305 5106; x_wconf 82' lang='lat' dir='ltr'><strong>diebus</strong></span> <span class='ocrx_word' id='word_1_803' title='bbox 1315 5031 1633 5106; x_wconf 75' lang='lat' dir='ltr'><strong>dominicis.</strong></span> 
     </span>
    </p>
   </div>
   <div class='ocr_carea' id='block_1_111' title="bbox 384 5098 1915 5176">
    <p class='ocr_par' dir='ltr' id='par_1_111' title="bbox 384 5098 1915 5176">
     <span class='ocr_line' id='line_1_113' title="bbox 384 5098 1915 5176; baseline -0.003 -17"><span class='ocrx_word' id='word_1_804' title='bbox 384 5098 615 5176; x_wconf 9' lang='lat' dir='ltr'><strong>&#39;VVide&#39;s</strong></span> <span class='ocrx_word' id='word_1_805' title='bbox 655 5105 740 5160; x_wconf 92' lang='lat' dir='ltr'><strong>hic</strong></span> <span class='ocrx_word' id='word_1_806' title='bbox 785 5104 967 5176; x_wconf 90' lang='lat' dir='ltr'><strong>sedilia</strong></span> <span class='ocrx_word' id='word_1_807' title='bbox 988 5105 1107 5176; x_wconf 89' lang='lat' dir='ltr'><strong>jam</strong></span> <span class='ocrx_word' id='word_1_808' title='bbox 1133 5114 1253 5176; x_wconf 83' lang='lat' dir='ltr'><strong>tum</strong></span> <span class='ocrx_word' id='word_1_809' title='bbox 1291 5103 1347 5158; x_wconf 91' lang='lat' dir='ltr'><strong>in</strong></span> <span class='ocrx_word' id='word_1_810' title='bbox 1382 5101 1686 5176; x_wconf 70' lang='lat' dir='ltr'><strong>usuﬁiisse</strong></span> <span class='ocrx_word' id='word_1_811' title='bbox 1726 5100 1781 5176; x_wconf 85' lang='lat' dir='ltr'><strong>in</strong></span> <span class='ocrx_word' id='word_1_812' title='bbox 1820 5117 1915 5176; x_wconf 86' lang='lat' dir='ltr'><strong>ec-</strong></span> 
     </span>
    </p>
   </div>
   <div class='ocr_carea' id='block_1_112' title="bbox 308 5171 1914 5241">
    <p class='ocr_par' dir='ltr' id='par_1_112' title="bbox 308 5171 1914 5241">
     <span class='ocr_line' id='line_1_114' title="bbox 308 5171 1914 5241; baseline -0.002 -11"><span class='ocrx_word' id='word_1_813' title='bbox 308 5175 511 5241; x_wconf 88' lang='lat' dir='ltr'><strong>clesiis,</strong></span> <span class='ocrx_word' id='word_1_814' title='bbox 534 5191 634 5232; x_wconf 83' lang='lat' dir='ltr'><strong>seu</strong></span> <span class='ocrx_word' id='word_1_815' title='bbox 662 5175 914 5232; x_wconf 89' lang='lat' dir='ltr'><strong>oratoriis</strong></span> <span class='ocrx_word' id='word_1_816' title='bbox 941 5171 1360 5232; x_wconf 74' lang='lat' dir='ltr'><strong>monachorum.</strong></span> <span class='ocrx_word' id='word_1_817' title='bbox 1390 5171 1552 5230; x_wconf 91' lang='lat' dir='ltr'><strong>Unde</strong></span> <span class='ocrx_word' id='word_1_818' title='bbox 1575 5173 1739 5228; x_wconf 90' lang='lat' dir='ltr'><strong>etiam</strong></span> <span class='ocrx_word' id='word_1_819' title='bbox 1761 5173 1914 5227; x_wconf 84' lang='lat' dir='ltr'><strong>intel-</strong></span> 
     </span>
    </p>
   </div>
   <div class='ocr_carea' id='block_1_113' title="bbox 310 5243 1914 5319">
    <p class='ocr_par' dir='ltr' id='par_1_113' title="bbox 310 5243 1914 5319">
     <span class='ocr_line' id='line_1_115' title="bbox 310 5243 1914 5319; baseline -0.002 -18"><span class='ocrx_word' id='word_1_820' title='bbox 310 5246 498 5319; x_wconf 83' lang='lat' dir='ltr'><strong>ligitnr</strong></span> <span class='ocrx_word' id='word_1_821' title='bbox 547 5247 852 5304; x_wconf 89' lang='lat' dir='ltr'><strong>monachos</strong></span> <span class='ocrx_word' id='word_1_822' title='bbox 875 5245 1120 5319; x_wconf 87' lang='lat' dir='ltr'><strong>_subinde</strong></span> <span class='ocrx_word' id='word_1_823' title='bbox 1159 5247 1214 5301; x_wconf 89' lang='lat' dir='ltr'><strong>in</strong></span> <span class='ocrx_word' id='word_1_824' title='bbox 1248 5243 1440 5319; x_wconf 82' lang='lat' dir='ltr'><strong>ofﬁciis</strong></span> <span class='ocrx_word' id='word_1_825' title='bbox 1497 5245 1690 5319; x_wconf 74' lang='lat' dir='ltr'><strong>divinis</strong></span> <span class='ocrx_word' id='word_1_826' title='bbox 1727 5243 1914 5319; x_wconf 82' lang='lat' dir='ltr'><strong>sedere</strong></span> 
     </span>
    </p>
   </div>
   <div class='ocr_carea' id='block_1_114' title="bbox 309 5313 1915 5391">
    <p class='ocr_par' dir='ltr' id='par_1_114' title="bbox 309 5313 1915 5391">
     <span class='ocr_line' id='line_1_116' title="bbox 309 5313 1915 5391; baseline -0.004 -18"><span class='ocrx_word' id='word_1_827' title='bbox 309 5313 685 5375; x_wconf 72' lang='lat' dir='ltr'><strong>consuevisse.</strong></span> <span class='ocrx_word' id='word_1_828' title='bbox 733 5317 895 5391; x_wconf 90' lang='lat' dir='ltr'><strong>Quod</strong></span> <span class='ocrx_word' id='word_1_829' title='bbox 934 5317 1097 5374; x_wconf 90' lang='lat' dir='ltr'><strong>etiam</strong></span> <span class='ocrx_word' id='word_1_830' title='bbox 1139 5317 1464 5391; x_wconf 82' lang='lat' dir='ltr'><strong>ex_Regul_a</strong></span> <span class='ocrx_word' id='word_1_831' title='bbox 1496 5318 1594 5391; x_wconf 92' lang='lat' dir='ltr'><strong>_D.</strong></span> <span class='ocrx_word' id='word_1_832' title='bbox 1623 5313 1915 5391; x_wconf 84' lang='lat' dir='ltr'><strong>_Benedicti</strong></span> 
     </span>
    </p>
   </div>
   <div class='ocr_carea' id='block_1_115' title="bbox 309 5385 1918 5460">
    <p class='ocr_par' dir='ltr' id='par_1_115' title="bbox 309 5385 1918 5460">
     <span class='ocr_line' id='line_1_117' title="bbox 309 5385 1918 5460; baseline -0.006 -14"><span class='ocrx_word' id='word_1_833' title='bbox 309 5392 522 5446; x_wconf 84' lang='lat' dir='ltr'><strong>clarum</strong></span> <span class='ocrx_word' id='word_1_834' title='bbox 547 5399 656 5446; x_wconf 88' lang='lat' dir='ltr'><strong>est.</strong></span> <span class='ocrx_word' id='word_1_835' title='bbox 691 5385 830 5446; x_wconf 75' lang='lat' dir='ltr'><strong>Nam</strong></span> <span class='ocrx_word' id='word_1_836' title='bbox 855 5405 974 5460; x_wconf 88' lang='lat' dir='ltr'><strong>cap.</strong></span> <span class='ocrx_word' id='word_1_837' title='bbox 1005 5394 1039 5444; x_wconf 82' lang='grc'>9</span> <span class='ocrx_word' id='word_1_838' title='bbox 1069 5387 1279 5452; x_wconf 86' lang='lat' dir='ltr'><strong>statuit,</strong></span> <span class='ocrx_word' id='word_1_839' title='bbox 1310 5385 1374 5442; x_wconf 76' lang='lat' dir='ltr'><strong>ut</strong></span> <span class='ocrx_word' id='word_1_840' title='bbox 1399 5387 1593 5460; x_wconf 76' lang='lat' dir='ltr'><strong>diebus</strong></span> <span class='ocrx_word' id='word_1_841' title='bbox 1605 5387 1818 5450; x_wconf 84' lang='lat' dir='ltr'><strong>feriatis</strong></span> <span class='ocrx_word' id='word_1_842' title='bbox 1843 5385 1918 5460; x_wconf 83' lang='lat' dir='ltr'><strong>ad</strong></span> 
     </span>
    </p>
   </div>
   <div class='ocr_carea' id='block_1_116' title="bbox 309 5458 1918 5524">
    <p class='ocr_par' dir='ltr' id='par_1_116' title="bbox 309 5458 1918 5524">
     <span class='ocr_line' id='line_1_118' title="bbox 309 5458 1918 5524; baseline -0.005 -8"><span class='ocrx_word' id='word_1_843' title='bbox 309 5467 602 5517; x_wconf 86' lang='lat' dir='ltr'><strong>nocturnos</strong></span> <span class='ocrx_word' id='word_1_844' title='bbox 629 5458 935 5517; x_wconf 77' lang='lat' dir='ltr'><strong>sedentibus</strong></span> <span class='ocrx_word' id='word_1_845' title='bbox 954 5461 1196 5515; x_wconf 88' lang='lat' dir='ltr'><strong>omnibus</strong></span> <span class='ocrx_word' id='word_1_846' title='bbox 1218 5461 1276 5513; x_wconf 86' lang='lat' dir='ltr'><strong>in</strong></span> <span class='ocrx_word' id='word_1_847' title='bbox 1298 5460 1547 5519; x_wconf 80' lang='lat' dir='ltr'><strong>scamnis,</strong></span> <span class='ocrx_word' id='word_1_848' title='bbox 1575 5458 1823 5524; x_wconf 76' lang='lat' dir='ltr'><strong>Iegmztur</strong></span> <span class='ocrx_word' id='word_1_849' title='bbox 1848 5458 1918 5508; x_wconf 75' lang='lat' dir='ltr'><strong>vi-</strong></span> 
     </span>
    </p>
   </div>
   <div class='ocr_carea' id='block_1_117' title="bbox 313 5529 1920 5602">
    <p class='ocr_par' dir='ltr' id='par_1_117' title="bbox 313 5529 1920 5602">
     <span class='ocr_line' id='line_1_119' title="bbox 313 5529 1920 5602; baseline -0.005 -13"><span class='ocrx_word' id='word_1_850' title='bbox 313 5535 492 5588; x_wconf 72' lang='lat' dir='ltr'><strong>cissim</strong></span> <span class='ocrx_word' id='word_1_851' title='bbox 517 5549 554 5587; x_wconf 89' lang='lat' dir='ltr'><strong>a</strong></span> <span class='ocrx_word' id='word_1_852' title='bbox 577 5535 852 5602; x_wconf 66' lang='lat' dir='ltr'><strong>fratﬁbus</strong></span> <span class='ocrx_word' id='word_1_853' title='bbox 870 5547 1030 5602; x_wconf 84' lang='lat' dir='ltr'><strong>super</strong></span> <span class='ocrx_word' id='word_1_854' title='bbox 1047 5532 1355 5597; x_wconf 80' lang='lat' dir='ltr'><strong>analogiam</strong></span> <span class='ocrx_word' id='word_1_855' title='bbox 1378 5529 1746 5602; x_wconf 78' lang='lat' dir='ltr'><strong>tres&#39;lectiones</strong></span> <span class='ocrx_word' id='word_1_856' title='bbox 1765 5545 1780 5581; x_wconf 91' lang='lat'><strong><em>:</em></strong></span> <span class='ocrx_word' id='word_1_857' title='bbox 1797 5531 1920 5596; x_wconf 84' lang='lat' dir='ltr'><strong>post</strong></span> 
     </span>
    </p>
   </div>
   <div class='ocr_carea' id='block_1_118' title="bbox 318 5599 1919 5667">
    <p class='ocr_par' dir='ltr' id='par_1_118' title="bbox 318 5599 1919 5667">
     <span class='ocr_line' id='line_1_120' title="bbox 318 5599 1919 5667; baseline -0.003 -11"><span class='ocrx_word' id='word_1_858' title='bbox 318 5607 535 5659; x_wconf 81' lang='lat' dir='ltr'><strong>tertiam</strong></span> <span class='ocrx_word' id='word_1_859' title='bbox 572 5599 695 5660; x_wconf 67' lang='lat' dir='ltr'><strong>uero</strong></span> <span class='ocrx_word' id='word_1_860' title='bbox 744 5599 1013 5659; x_wconf 72' lang='lat' dir='ltr'><strong>lectionem</strong></span> <span class='ocrx_word' id='word_1_861' title='bbox 1048 5603 1280 5664; x_wconf 83' lang='lat' dir='ltr'><strong>dicatur,</strong></span> <span class='ocrx_word' id='word_1_862' title='bbox 1322 5602 1507 5658; x_wconf 78' lang='lat' dir='ltr'><strong>Gloria</strong></span> <span class='ocrx_word' id='word_1_863' title='bbox 1535 5599 1722 5663; x_wconf 88' lang='lat' dir='ltr'><strong>Patri;</strong></span> <span class='ocrx_word' id='word_1_864' title='bbox 1753 5613 1919 5667; x_wconf 85' lang='lat' dir='ltr'><strong>quam</strong></span> 
     </span>
    </p>
   </div>
   <div class='ocr_carea' id='block_1_119' title="bbox 319 5670 1919 5748">
    <p class='ocr_par' dir='ltr' id='par_1_119' title="bbox 319 5670 1919 5748">
     <span class='ocr_line' id='line_1_121' title="bbox 319 5670 1919 5748; baseline -0.003 -22"><span class='ocrx_word' id='word_1_865' title='bbox 319 5673 452 5728; x_wconf 87' lang='lat' dir='ltr'><strong>dum</strong></span> <span class='ocrx_word' id='word_1_866' title='bbox 471 5679 662 5748; x_wconf 76' lang='lat' dir='ltr'><strong>incipit</strong></span> <span class='ocrx_word' id='word_1_867' title='bbox 679 5681 867 5732; x_wconf 80' lang='lat' dir='ltr'><strong>cantor</strong></span> <span class='ocrx_word' id='word_1_868' title='bbox 885 5674 1076 5736; x_wconf 84' lang='lat' dir='ltr'><strong>dicere,</strong></span> <span class='ocrx_word' id='word_1_869' title='bbox 1102 5689 1230 5727; x_wconf 80' lang='lat' dir='ltr'><strong>mea:</strong></span> <span class='ocrx_word' id='word_1_870' title='bbox 1246 5687 1422 5748; x_wconf 86' lang='lat' dir='ltr'><strong>omnes</strong></span> <span class='ocrx_word' id='word_1_871' title='bbox 1441 5670 1786 5748; x_wconf 63' lang='lat' dir='ltr'><strong>desedit-ibus</strong></span> <span class='ocrx_word' id='word_1_872' title='bbox 1806 5671 1919 5748; x_wconf 78' lang='lat' dir='ltr'><strong>suis</strong></span> 
     </span>
    </p>
   </div>
   <div class='ocr_carea' id='block_1_120' title="bbox 315 5742 1922 5814">
    <p class='ocr_par' dir='ltr' id='par_1_120' title="bbox 315 5742 1922 5814">
     <span class='ocr_line' id='line_1_122' title="bbox 315 5742 1922 5814; baseline -0.003 -15"><span class='ocrx_word' id='word_1_873' title='bbox 315 5753 549 5814; x_wconf 82' lang='lat' dir='ltr'><strong>surgant</strong></span> <span class='ocrx_word' id='word_1_874' title='bbox 573 5742 640 5802; x_wconf 74' lang='lat' dir='ltr'><strong>6b</strong></span> <span class='ocrx_word' id='word_1_875' title='bbox 667 5749 914 5802; x_wconf 78' lang='lat' dir='ltr'><strong>honorem</strong></span> <span class='ocrx_word' id='word_1_876' title='bbox 959 5749 1010 5800; x_wconf 88' lang='lat' dir='ltr'><strong>et</strong></span> <span class='ocrx_word' id='word_1_877' title='bbox 1035 5745 1384 5800; x_wconf 84' lang='lat' dir='ltr'><strong>reverentiam</strong></span> <span class='ocrx_word' id='word_1_878' title='bbox 1431 5744 1488 5798; x_wconf 93' lang='lat' dir='ltr'><strong>S.</strong></span> <span class='ocrx_word' id='word_1_879' title='bbox 1516 5742 1818 5797; x_wconf 80' lang='lat' dir='ltr'><strong>Trinitatis.</strong></span> <span class='ocrx_word' id='word_1_880' title='bbox 1851 5742 1922 5814; x_wconf 69' lang='lat' dir='ltr'><strong>iit</strong></span> 
     </span>
    </p>
   </div>
   <div class='ocr_carea' id='block_1_121' title="bbox 313 5811 1922 5888">
    <p class='ocr_par' dir='ltr' id='par_1_121' title="bbox 313 5811 1922 5888">
     <span class='ocr_line' id='line_1_123' title="bbox 313 5811 1922 5888; baseline -0.006 -15"><span class='ocrx_word' id='word_1_881' title='bbox 313 5811 440 5888; x_wconf 57' lang='lat' dir='ltr'><strong>cap:</strong></span> <span class='ocrx_word' id='word_1_882' title='bbox 475 5824 535 5873; x_wconf 84' lang='grc' dir='ltr'>ιι</span> <span class='ocrx_word' id='word_1_883' title='bbox 581 5835 596 5872; x_wconf 92' lang='lat'>:</span> <span class='ocrx_word' id='word_1_884' title='bbox 640 5817 1237 5888; x_wconf 82' lang='lat' dir='ltr'><strong>Residentibuscunctis</strong></span> <span class='ocrx_word' id='word_1_885' title='bbox 1261 5815 1533 5888; x_wconf 81' lang='lat' dir='ltr'><strong>disposite,</strong></span> <span class='ocrx_word' id='word_1_886' title='bbox 1560 5817 1612 5867; x_wconf 89' lang='lat' dir='ltr'><strong>et</strong></span> <span class='ocrx_word' id='word_1_887' title='bbox 1641 5828 1742 5882; x_wconf 88' lang='lat' dir='ltr'><strong>per</strong></span> <span class='ocrx_word' id='word_1_888' title='bbox 1765 5811 1922 5866; x_wconf 84' lang='lat' dir='ltr'><strong>ordi-</strong></span> 
     </span>
    </p>
   </div>
   <div class='ocr_carea' id='block_1_122' title="bbox 310 5884 1924 5956">
    <p class='ocr_par' dir='ltr' id='par_1_122' title="bbox 310 5884 1924 5956">
     <span class='ocr_line' id='line_1_124' title="bbox 310 5884 1924 5956; baseline -0.004 -12"><span class='ocrx_word' id='word_1_889' title='bbox 310 5884 438 5944; x_wconf 76' lang='lat' dir='ltr'><strong>nem</strong></span> <span class='ocrx_word' id='word_1_890' title='bbox 465 5892 527 5943; x_wconf 88' lang='lat' dir='ltr'><strong>in</strong></span> <span class='ocrx_word' id='word_1_891' title='bbox 554 5889 844 5954; x_wconf 84' lang='lat' dir='ltr'><strong>subselliis,</strong></span> <span class='ocrx_word' id='word_1_892' title='bbox 868 5896 976 5945; x_wconf 91' lang='lat' dir='ltr'><strong>etc.</strong></span> <span class='ocrx_word' id='word_1_893' title='bbox 1006 5887 1188 5956; x_wconf 84' lang='lat' dir='ltr'><strong>Quare</strong></span> <span class='ocrx_word' id='word_1_894' title='bbox 1222 5901 1335 5942; x_wconf 92' lang='lat' dir='ltr'><strong>non</strong></span> <span class='ocrx_word' id='word_1_895' title='bbox 1353 5885 1484 5941; x_wconf 88' lang='lat' dir='ltr'><strong>satis</strong></span> <span class='ocrx_word' id='word_1_896' title='bbox 1501 5884 1658 5956; x_wconf 83' lang='lat' dir='ltr'><strong>juxta</strong></span> <span class='ocrx_word' id='word_1_897' title='bbox 1691 5889 1924 5954; x_wconf 87' lang='lat' dir='ltr'><strong>apparet</strong></span> 
     </span>
    </p>
   </div>
   <div class='ocr_carea' id='block_1_123' title="bbox 2022 4957 3624 5015">
    <p class='ocr_par' dir='ltr' id='par_1_123' title="bbox 2022 4957 3624 5015">
     <span class='ocr_line' id='line_1_125' title="bbox 2022 4957 3624 5015; baseline -0.001 -1"><span class='ocrx_word' id='word_1_898' title='bbox 2022 4959 2124 5015; x_wconf 89' lang='lat' dir='ltr'><strong>bus</strong></span> <span class='ocrx_word' id='word_1_899' title='bbox 2151 4957 2284 5014; x_wconf 89' lang='lat' dir='ltr'><strong>dicit</strong></span> <span class='ocrx_word' id='word_1_900' title='bbox 2308 4957 2550 5013; x_wconf 86' lang='lat' dir='ltr'><strong>Isidorus</strong></span> <span class='ocrx_word' id='word_1_901' title='bbox 2572 4958 2673 5013; x_wconf 92' lang='lat' dir='ltr'><strong>lib.</strong></span> <span class='ocrx_word' id='word_1_902' title='bbox 2704 4958 2772 5014; x_wconf 92' lang='lat' dir='ltr'><strong>de</strong></span> <span class='ocrx_word' id='word_1_903' title='bbox 2794 4959 3024 5014; x_wconf 90' lang='lat' dir='ltr'><strong>Summo</strong></span> <span class='ocrx_word' id='word_1_904' title='bbox 3061 4960 3227 5010; x_wconf 87' lang='lat' dir='ltr'><strong>bono.</strong></span> <span class='ocrx_word' id='word_1_905' title='bbox 3256 4957 3478 5012; x_wconf 83' lang='lat' dir='ltr'><strong>Servum</strong></span> <span class='ocrx_word' id='word_1_906' title='bbox 3523 4959 3624 5012; x_wconf 80' lang='lat' dir='ltr'><strong>Dei</strong></span> 
     </span>
    </p>
   </div>
   <div class='ocr_carea' id='block_1_124' title="bbox 2021 5028 3614 5098">
    <p class='ocr_par' dir='ltr' id='par_1_124' title="bbox 2021 5028 3614 5098">
     <span class='ocr_line' id='line_1_126' title="bbox 2021 5028 3614 5098; baseline -0.001 -14"><span class='ocrx_word' id='word_1_907' title='bbox 2021 5033 2136 5084; x_wconf 84' lang='lat' dir='ltr'><strong>sine</strong></span> <span class='ocrx_word' id='word_1_908' title='bbox 2174 5029 2562 5083; x_wconf 85' lang='lat' dir='ltr'><strong>intermissione</strong></span> <span class='ocrx_word' id='word_1_909' title='bbox 2602 5028 2771 5096; x_wconf 88' lang='lat' dir='ltr'><strong>legere</strong></span> <span class='ocrx_word' id='word_1_910' title='bbox 2792 5069 2808 5091; x_wconf 91' lang='lat'><strong>,</strong></span> <span class='ocrx_word' id='word_1_911' title='bbox 2843 5043 2997 5082; x_wconf 85' lang='lat' dir='ltr'><strong>orare</strong></span> <span class='ocrx_word' id='word_1_912' title='bbox 3014 5069 3031 5091; x_wconf 95' lang='lat'><strong>,</strong></span> <span class='ocrx_word' id='word_1_913' title='bbox 3057 5030 3108 5081; x_wconf 89' lang='lat' dir='ltr'><strong>et</strong></span> <span class='ocrx_word' id='word_1_914' title='bbox 3147 5029 3364 5098; x_wconf 85' lang='lat' dir='ltr'><strong>operari</strong></span> <span class='ocrx_word' id='word_1_915' title='bbox 3390 5032 3614 5098; x_wconf 83' lang='lat' dir='ltr'><strong>oportet.</strong></span> 
     </span>
    </p>
   </div>
   <div class='ocr_carea' id='block_1_125' title="bbox 2019 5097 3620 5170">
    <p class='ocr_par' dir='ltr' id='par_1_125' title="bbox 2019 5097 3620 5170">
     <span class='ocr_line' id='line_1_127' title="bbox 2019 5097 3620 5170; baseline -0.001 -14"><span class='ocrx_word' id='word_1_916' title='bbox 2019 5103 2469 5170; x_wconf 83' lang='lat' dir='ltr'><strong>Turrccrematus</strong></span> <span class='ocrx_word' id='word_1_917' title='bbox 2512 5099 2566 5153; x_wconf 92' lang='lat' dir='ltr'><strong>in</strong></span> <span class='ocrx_word' id='word_1_918' title='bbox 2613 5097 2766 5170; x_wconf 89' lang='lat' dir='ltr'><strong>illum</strong></span> <span class='ocrx_word' id='word_1_919' title='bbox 2817 5098 3001 5154; x_wconf 89' lang='lat' dir='ltr'><strong>locum</strong></span> <span class='ocrx_word' id='word_1_920' title='bbox 3050 5097 3272 5170; x_wconf 65' lang='lat' dir='ltr'><strong>Regina:</strong></span> <span class='ocrx_word' id='word_1_921' title='bbox 3317 5117 3331 5152; x_wconf 92' lang='lat'><strong>:</strong></span> <span class='ocrx_word' id='word_1_922' title='bbox 3367 5099 3620 5156; x_wconf 88' lang='lat' dir='ltr'><strong>Conside-</strong></span> 
     </span>
    </p>
   </div>
   <div class='ocr_carea' id='block_1_126' title="bbox 2022 5169 3621 5241">
    <p class='ocr_par' dir='ltr' id='par_1_126' title="bbox 2022 5169 3621 5241">
     <span class='ocr_line' id='line_1_128' title="bbox 2022 5169 3621 5241; baseline 0.002 -16"><span class='ocrx_word' id='word_1_923' title='bbox 2022 5171 2277 5233; x_wconf 83' lang='lat' dir='ltr'><strong>randum,</strong></span> <span class='ocrx_word' id='word_1_924' title='bbox 2307 5169 2502 5241; x_wconf 89' lang='lat' dir='ltr'><strong>inquit,</strong></span> <span class='ocrx_word' id='word_1_925' title='bbox 2527 5169 2672 5240; x_wconf 89' lang='lat' dir='ltr'><strong>quod</strong></span> <span class='ocrx_word' id='word_1_926' title='bbox 2706 5186 2774 5225; x_wconf 75' lang='lat' dir='ltr'><strong>ea:</strong></span> <span class='ocrx_word' id='word_1_927' title='bbox 2813 5171 2898 5224; x_wconf 87' lang='lat' dir='ltr'><strong>his</strong></span> <span class='ocrx_word' id='word_1_928' title='bbox 2933 5185 3053 5240; x_wconf 75' lang='lat' dir='ltr'><strong>qua:</strong></span> <span class='ocrx_word' id='word_1_929' title='bbox 3079 5169 3202 5239; x_wconf 84' lang='lat' dir='ltr'><strong>jam</strong></span> <span class='ocrx_word' id='word_1_930' title='bbox 3227 5169 3376 5226; x_wconf 88' lang='lat' dir='ltr'><strong>dicta</strong></span> <span class='ocrx_word' id='word_1_931' title='bbox 3400 5176 3530 5226; x_wconf 90' lang='lat' dir='ltr'><strong>sunt</strong></span> <span class='ocrx_word' id='word_1_932' title='bbox 3555 5173 3621 5228; x_wconf 91' lang='lat' dir='ltr'><strong>de</strong></span> 
     </span>
    </p>
   </div>
   <div class='ocr_carea' id='block_1_127' title="bbox 2022 5242 3622 5304">
    <p class='ocr_par' dir='ltr' id='par_1_127' title="bbox 2022 5242 3622 5304">
     <span class='ocr_line' id='line_1_129' title="bbox 2022 5242 3622 5304; baseline 0.001 -8"><span class='ocrx_word' id='word_1_933' title='bbox 2022 5243 2398 5297; x_wconf 86' lang='lat' dir='ltr'><strong>distributione</strong></span> <span class='ocrx_word' id='word_1_934' title='bbox 2413 5242 2671 5296; x_wconf 81' lang='lat' dir='ltr'><strong>horarum</strong></span> <span class='ocrx_word' id='word_1_935' title='bbox 2691 5242 2819 5303; x_wconf 59' lang='lat' dir='ltr'><strong>dia,</strong></span> <span class='ocrx_word' id='word_1_936' title='bbox 2843 5242 3097 5304; x_wconf 86' lang='lat' dir='ltr'><strong>lectionis,</strong></span> <span class='ocrx_word' id='word_1_937' title='bbox 3119 5247 3173 5296; x_wconf 88' lang='lat' dir='ltr'><strong>et</strong></span> <span class='ocrx_word' id='word_1_938' title='bbox 3191 5242 3410 5304; x_wconf 87' lang='lat' dir='ltr'><strong>laboris,</strong></span> <span class='ocrx_word' id='word_1_939' title='bbox 3437 5248 3488 5298; x_wconf 90' lang='lat' dir='ltr'><strong>et</strong></span> <span class='ocrx_word' id='word_1_940' title='bbox 3507 5259 3622 5298; x_wconf 84' lang='lat' dir='ltr'><strong>ora-</strong></span> 
     </span>
    </p>
   </div>
   <div class='ocr_carea' id='block_1_128' title="bbox 2024 5314 3620 5383">
    <p class='ocr_par' dir='ltr' id='par_1_128' title="bbox 2024 5314 3620 5383">
     <span class='ocr_line' id='line_1_130' title="bbox 2024 5314 3620 5383; baseline -0.001 -14"><span class='ocrx_word' id='word_1_941' title='bbox 2024 5315 2183 5369; x_wconf 87' lang='lat' dir='ltr'><strong>tionis</strong></span> <span class='ocrx_word' id='word_1_942' title='bbox 2199 5355 2215 5376; x_wconf 93' lang='lat'><strong>,</strong></span> <span class='ocrx_word' id='word_1_943' title='bbox 2240 5314 2594 5380; x_wconf 83' lang='lat' dir='ltr'><strong>manifestum</strong></span> <span class='ocrx_word' id='word_1_944' title='bbox 2618 5317 2695 5368; x_wconf 87' lang='lat' dir='ltr'><strong>est</strong></span> <span class='ocrx_word' id='word_1_945' title='bbox 2726 5319 2990 5383; x_wconf 86' lang='lat' dir='ltr'><strong>quantum</strong></span> <span class='ocrx_word' id='word_1_946' title='bbox 3019 5314 3298 5377; x_wconf 84' lang='lat' dir='ltr'><strong>aberrent,</strong></span> <span class='ocrx_word' id='word_1_947' title='bbox 3339 5319 3392 5370; x_wconf 91' lang='lat' dir='ltr'><strong>et</strong></span> <span class='ocrx_word' id='word_1_948' title='bbox 3428 5319 3620 5369; x_wconf 87' lang='lat' dir='ltr'><strong>temere</strong></span> 
     </span>
    </p>
   </div>
   <div class='ocr_carea' id='block_1_129' title="bbox 2024 5385 3626 5453">
    <p class='ocr_par' dir='ltr' id='par_1_129' title="bbox 2024 5385 3626 5453">
     <span class='ocr_line' id='line_1_131' title="bbox 2024 5385 3626 5453; baseline 0.001 -15"><span class='ocrx_word' id='word_1_949' title='bbox 2024 5385 2234 5440; x_wconf 82' lang='lat' dir='ltr'><strong>devient</strong></span> <span class='ocrx_word' id='word_1_950' title='bbox 2256 5385 2326 5439; x_wconf 90' lang='lat' dir='ltr'><strong>ab</strong></span> <span class='ocrx_word' id='word_1_951' title='bbox 2366 5387 2653 5438; x_wconf 84' lang='lat' dir='ltr'><strong>intentione</strong></span> <span class='ocrx_word' id='word_1_952' title='bbox 2695 5390 2746 5440; x_wconf 91' lang='lat' dir='ltr'><strong>et</strong></span> <span class='ocrx_word' id='word_1_953' title='bbox 2773 5387 3031 5439; x_wconf 86' lang='lat' dir='ltr'><strong>institutis</strong></span> <span class='ocrx_word' id='word_1_954' title='bbox 3073 5386 3290 5453; x_wconf 72' lang='lat' dir='ltr'><strong>Regulte</strong></span> <span class='ocrx_word' id='word_1_955' title='bbox 3335 5386 3626 5441; x_wconf 88' lang='lat' dir='ltr'><strong>beatissimi</strong></span> 
     </span>
    </p>
   </div>
   <div class='ocr_carea' id='block_1_130' title="bbox 2025 5455 3621 5525">
    <p class='ocr_par' dir='ltr' id='par_1_130' title="bbox 2025 5455 3621 5525">
     <span class='ocr_line' id='line_1_132' title="bbox 2025 5455 3621 5525; baseline 0 -13"><span class='ocrx_word' id='word_1_956' title='bbox 2025 5458 2204 5512; x_wconf 86' lang='lat' dir='ltr'><strong>Patris</strong></span> <span class='ocrx_word' id='word_1_957' title='bbox 2231 5455 2524 5518; x_wconf 87' lang='lat' dir='ltr'><strong>Benedicti,</strong></span> <span class='ocrx_word' id='word_1_958' title='bbox 2574 5457 2674 5525; x_wconf 85' lang='lat' dir='ltr'><strong>qui</strong></span> <span class='ocrx_word' id='word_1_959' title='bbox 2711 5461 2915 5525; x_wconf 85' lang='lat' dir='ltr'><strong>tempus</strong></span> <span class='ocrx_word' id='word_1_960' title='bbox 2959 5458 3294 5523; x_wconf 83' lang='lat' dir='ltr'><strong>assignatum</strong></span> <span class='ocrx_word' id='word_1_961' title='bbox 3334 5457 3547 5511; x_wconf 87' lang='lat' dir='ltr'><strong>lectioni</strong></span> <span class='ocrx_word' id='word_1_962' title='bbox 3570 5462 3621 5512; x_wconf 89' lang='lat' dir='ltr'><strong>et</strong></span> 
     </span>
    </p>
   </div>
   <div class='ocr_carea' id='block_1_131' title="bbox 2027 5527 3620 5596">
    <p class='ocr_par' dir='ltr' id='par_1_131' title="bbox 2027 5527 3620 5596">
     <span class='ocr_line' id='line_1_133' title="bbox 2027 5527 3620 5596; baseline 0 -14"><span class='ocrx_word' id='word_1_963' title='bbox 2027 5528 2220 5590; x_wconf 77' lang='lat' dir='ltr'><strong>labori,</strong></span> <span class='ocrx_word' id='word_1_964' title='bbox 2252 5531 2421 5582; x_wconf 90' lang='lat' dir='ltr'><strong>totum</strong></span> <span class='ocrx_word' id='word_1_965' title='bbox 2443 5529 2500 5580; x_wconf 85' lang='lat' dir='ltr'><strong>in</strong></span> <span class='ocrx_word' id='word_1_966' title='bbox 2521 5529 2759 5581; x_wconf 80' lang='lat' dir='ltr'><strong>oratione</strong></span> <span class='ocrx_word' id='word_1_967' title='bbox 2777 5527 3085 5596; x_wconf 60' lang='lat' dir='ltr'><strong>emiendunt</strong></span> <span class='ocrx_word' id='word_1_968' title='bbox 3107 5529 3273 5581; x_wconf 87' lang='lat' dir='ltr'><strong>:sieut</strong></span> <span class='ocrx_word' id='word_1_969' title='bbox 3284 5528 3508 5596; x_wconf 87' lang='lat' dir='ltr'><strong>quidam</strong></span> <span class='ocrx_word' id='word_1_970' title='bbox 3532 5530 3620 5596; x_wconf 82' lang='lat' dir='ltr'><strong>fa-</strong></span> 
     </span>
    </p>
   </div>
   <div class='ocr_carea' id='block_1_132' title="bbox 2027 5598 3624 5668">
    <p class='ocr_par' dir='ltr' id='par_1_132' title="bbox 2027 5598 3624 5668">
     <span class='ocr_line' id='line_1_134' title="bbox 2027 5598 3624 5668; baseline 0.001 -16"><span class='ocrx_word' id='word_1_971' title='bbox 2027 5601 2192 5663; x_wconf 85' lang='lat' dir='ltr'><strong>ciunt,</strong></span> <span class='ocrx_word' id='word_1_972' title='bbox 2218 5601 2318 5668; x_wconf 89' lang='lat' dir='ltr'><strong>qui</strong></span> <span class='ocrx_word' id='word_1_973' title='bbox 2336 5613 2548 5654; x_wconf 87' lang='lat' dir='ltr'><strong>sensum</strong></span> <span class='ocrx_word' id='word_1_974' title='bbox 2568 5613 2724 5652; x_wconf 86' lang='lat' dir='ltr'><strong>suum</strong></span> <span class='ocrx_word' id='word_1_975' title='bbox 2751 5599 3062 5652; x_wconf 82' lang='lat' dir='ltr'><strong>rectitudini</strong></span> <span class='ocrx_word' id='word_1_976' title='bbox 3089 5598 3321 5666; x_wconf 63' lang='lat' dir='ltr'><strong>Regulae,</strong></span> <span class='ocrx_word' id='word_1_977' title='bbox 3351 5603 3402 5652; x_wconf 90' lang='lat' dir='ltr'><strong>et</strong></span> <span class='ocrx_word' id='word_1_978' title='bbox 3417 5604 3624 5653; x_wconf 88' lang='lat' dir='ltr'><strong>sancto-</strong></span> 
     </span>
    </p>
   </div>
   <div class='ocr_carea' id='block_1_133' title="bbox 2026 5669 3622 5740">
    <p class='ocr_par' dir='ltr' id='par_1_133' title="bbox 2026 5669 3622 5740">
     <span class='ocr_line' id='line_1_135' title="bbox 2026 5669 3622 5740; baseline 0.002 -18"><span class='ocrx_word' id='word_1_979' title='bbox 2026 5684 2145 5723; x_wconf 78' lang='lat' dir='ltr'><strong>rum</strong></span> <span class='ocrx_word' id='word_1_980' title='bbox 2175 5672 2404 5724; x_wconf 88' lang='lat' dir='ltr'><strong>Patrum</strong></span> <span class='ocrx_word' id='word_1_981' title='bbox 2432 5669 2740 5740; x_wconf 70' lang='lat' dir='ltr'><strong>prudentiae</strong></span> <span class='ocrx_word' id='word_1_982' title='bbox 2776 5673 3171 5739; x_wconf 75' lang='lat' dir='ltr'><strong>prwponentes,</strong></span> <span class='ocrx_word' id='word_1_983' title='bbox 3201 5671 3260 5722; x_wconf 86' lang='lat' dir='ltr'><strong>in</strong></span> <span class='ocrx_word' id='word_1_984' title='bbox 3297 5669 3622 5738; x_wconf 87' lang='lat' dir='ltr'><strong>quibusdam</strong></span> 
     </span>
    </p>
   </div>
   <div class='ocr_carea' id='block_1_134' title="bbox 2025 5740 3621 5810">
    <p class='ocr_par' dir='ltr' id='par_1_134' title="bbox 2025 5740 3621 5810">
     <span class='ocr_line' id='line_1_136' title="bbox 2025 5740 3621 5810; baseline -0.001 -15"><span class='ocrx_word' id='word_1_985' title='bbox 2025 5743 2364 5796; x_wconf 85' lang='lat' dir='ltr'><strong>monasteriis</strong></span> <span class='ocrx_word' id='word_1_986' title='bbox 2379 5741 2617 5810; x_wconf 87' lang='lat' dir='ltr'><strong>neglecta</strong></span> <span class='ocrx_word' id='word_1_987' title='bbox 2641 5741 2856 5796; x_wconf 87' lang='lat' dir='ltr'><strong>lectione</strong></span> <span class='ocrx_word' id='word_1_988' title='bbox 2869 5744 2921 5795; x_wconf 89' lang='lat' dir='ltr'><strong>et</strong></span> <span class='ocrx_word' id='word_1_989' title='bbox 2938 5740 3156 5794; x_wconf 84' lang='lat' dir='ltr'><strong>dimisso</strong></span> <span class='ocrx_word' id='word_1_990' title='bbox 3179 5740 3360 5794; x_wconf 81' lang='lat' dir='ltr'><strong>labore</strong></span> <span class='ocrx_word' id='word_1_991' title='bbox 3377 5741 3621 5794; x_wconf 76' lang='lat' dir='ltr'><strong>divinum</strong></span> 
     </span>
    </p>
   </div>
   <div class='ocr_carea' id='block_1_135' title="bbox 2026 5811 3621 5881">
    <p class='ocr_par' dir='ltr' id='par_1_135' title="bbox 2026 5811 3621 5881">
     <span class='ocr_line' id='line_1_137' title="bbox 2026 5811 3621 5881; baseline -0.002 -15"><span class='ocrx_word' id='word_1_992' title='bbox 2026 5814 2265 5881; x_wconf 76' lang='lat' dir='ltr'><strong>officium</strong></span> <span class='ocrx_word' id='word_1_993' title='bbox 2289 5813 2422 5867; x_wconf 88' lang='lat' dir='ltr'><strong>adeo</strong></span> <span class='ocrx_word' id='word_1_994' title='bbox 2440 5812 2855 5881; x_wconf 81' lang='lat' dir='ltr'><strong>prolongarunt,</strong></span> <span class='ocrx_word' id='word_1_995' title='bbox 2884 5811 3028 5880; x_wconf 85' lang='lat' dir='ltr'><strong>quod</strong></span> <span class='ocrx_word' id='word_1_996' title='bbox 3049 5813 3166 5878; x_wconf 87' lang='lat' dir='ltr'><strong>fere</strong></span> <span class='ocrx_word' id='word_1_997' title='bbox 3193 5814 3363 5864; x_wconf 84' lang='lat' dir='ltr'><strong>totum</strong></span> <span class='ocrx_word' id='word_1_998' title='bbox 3393 5811 3534 5866; x_wconf 86' lang='lat' dir='ltr'><strong>diem</strong></span> <span class='ocrx_word' id='word_1_999' title='bbox 3565 5812 3621 5863; x_wconf 87' lang='lat' dir='ltr'><strong>in</strong></span> 
     </span>
    </p>
   </div>
   <div class='ocr_carea' id='block_1_136' title="bbox 2026 5883 3621 5953">
    <p class='ocr_par' dir='ltr' id='par_1_136' title="bbox 2026 5883 3621 5953">
     <span class='ocr_line' id='line_1_138' title="bbox 2026 5883 3621 5953; baseline -0.004 -14"><span class='ocrx_word' id='word_1_1000' title='bbox 2026 5899 2084 5939; x_wconf 91' lang='lat' dir='ltr'><strong>eo</strong></span> <span class='ocrx_word' id='word_1_1001' title='bbox 2111 5888 2388 5953; x_wconf 87' lang='lat' dir='ltr'><strong>occupant.</strong></span> <span class='ocrx_word' id='word_1_1002' title='bbox 2429 5885 2494 5938; x_wconf 90' lang='lat' dir='ltr'><strong>In</strong></span> <span class='ocrx_word' id='word_1_1003' title='bbox 2520 5898 2629 5953; x_wconf 87' lang='lat' dir='ltr'><strong>qua</strong></span> <span class='ocrx_word' id='word_1_1004' title='bbox 2651 5899 2711 5936; x_wconf 87' lang='lat' dir='ltr'><strong>re</strong></span> <span class='ocrx_word' id='word_1_1005' title='bbox 2742 5896 2903 5951; x_wconf 82' lang='lat' dir='ltr'><strong>quam</strong></span> <span class='ocrx_word' id='word_1_1006' title='bbox 2929 5883 3212 5948; x_wconf 84' lang='lat' dir='ltr'><strong>manifeste</strong></span> <span class='ocrx_word' id='word_1_1007' title='bbox 3243 5884 3430 5935; x_wconf 83' lang='lat' dir='ltr'><strong>contra</strong></span> <span class='ocrx_word' id='word_1_1008' title='bbox 3470 5894 3621 5934; x_wconf 86' lang='lat' dir='ltr'><strong>men-</strong></span> 
     </span>
    </p>
   </div>
  </div>
