4052 6200
436 300 537 353 103

1772 294 2049 353 JOANNIS
2085 296 2386 354 CASSlANl

3635 311 3736 365 104

431 434 559 482 cant
610 424 867 482 divinitus
917 425 1294 492 moderatum;
1343 432 1405 479 ut
1442 421 1834 479 ardentioribus
1879 422 2021 492 ﬁde,
2055 427 2109 491 Α
2138 424 2288 481 illam
2311 424 2763 494 satisfactionem,
2786 442 2951 500 quam
2969 443 3069 501 pro
3092 428 3437 503 negligentiis
3463 446 3562 490 seu
3583 433 3738 507 igno-
3786 456 3789 461 ί

429 518 665 592 spatium
706 535 817 591 quo
861 534 920 575 se
961 518 1171 574 virtutis
1211 532 1405 573 eorum
1444 512 1790 587 infatigabilis
1836 532 2026 573 cursus

432 613 764 682 extenderet,
800 620 1132 679 servaretur,
1176 620 1234 667 et
1267 607 1616 666 nihilominus
1655 608 1811 667 fessis
1845 612 2027 684 aegris-

430 723 535 778 que
568 706 891 778 corporibus
918 706 1142 762 minime
1179 705 1490 777 gigneretur
1530 703 1598 761 de
1624 704 1902 761 nimietate
1937 704 2026 762 fa-

429 799 682 856 stidium.
719 798 957 869 Ideoque
991 813 1115 854 cum
1144 795 1351 851 fuerint
1382 796 1697 853 orationum
1738 798 2024 853 canonica-

428 909 552 948 rum
596 891 901 949 functiones
965 906 1030 946 ex
1080 905 1235 946 more
1280 889 1480 953 ﬁnitae,
1526 890 1894 963 unusquisque
1956 890 2027 947 ad

366 976 375 979 ’
426 1002 581 1042 suam
611 1000 897 1041 recurrens
924 983 1171 1039 cellulam
1194 987 1395 1056 (quam
1434 992 1528 1039 aut
1574 983 1744 1051 solus,
1775 992 1870 1039 aut
1899 1000 2025 1040 cum

426 1082 529 1138 alio
578 1089 792 1138 tantum
834 1081 1135 1137 inhabitare
1184 1080 1555 1152 permittitur,
1602 1096 1766 1152 quem
1828 1081 2029 1136 scilicet

429 1174 659 1231 societas
685 1173 1050 1248 operationis,
1095 1174 1176 1229 vel
1223 1172 1605 1245 discipulatus,
1632 1182 1689 1228 et
1733 1172 2028 1245 disciplinae

424 1268 652 1324 imbutio
682 1267 986 1340 copulavit,
1012 1267 1093 1323 vel
1137 1276 1287 1324 certe
1315 1282 1481 1340 quem
1522 1265 1824 1324 similitudo
1863 1266 2029 1322 virtu-

420 1371 542 1419 tum
563 1378 874 1434 comparem
892 1360 1037 1430 fecit)
1062 1361 1206 1418 idem
1231 1378 1422 1417 rursus
1451 1361 1763 1418 orationum
1781 1359 2028 1417 ofﬁcium

424 1457 569 1514 velut
597 1456 867 1529 peculiare
908 1456 1234 1513 sacriﬁcium
1263 1455 1555 1514 studiosius
1583 1456 1880 1515 celebrant.
1919 1472 2023 1512 nec

424 1551 645 1608 ulterius
678 1552 964 1622 quisquam
1006 1566 1196 1607 eorum
1222 1550 1277 1606 in
1320 1550 1565 1622 requiem
1587 1548 1768 1606 somni
1813 1541 2035 1605 resolvi-

423 1642 767 1710 tur;jdonec
814 1643 1224 1715 superveniente
1271 1642 1379 1699 diei
1407 1641 1720 1715 splendore,
1764 1649 2030 1698 nocturno

422 1737 594 1809 operi,
620 1753 686 1794 ac
707 1737 1048 1794 meditationi
1071 1737 1315 1810 operatio
1338 1736 1533 1792 diurna
1559 1735 1833 1793 succedat.

996 1864 1236 1920 CAPUT
1271 1864 1432 1918 XIII.

421 1998 596 2064 Quare
620 1998 743 2066 post
780 1994 1004 2048 missam
1031 1996 1347 2048 nocturnam
1371 1992 1601 2047 dormire
1622 2007 1727 2047 non
1748 1990 2010 2063 oporteat.

489 2125 512 2154 ³
537 2124 713 2193 Quem
741 2118 984 2175 laborem
1026 2126 1228 2190 praeter
1250 2117 1397 2173 illam
1430 2116 1722 2187 rationem,
1753 2132 1859 2189 qua
1893 2126 2009 2174 tota

380 2213 682 2279 ,industria
725 2213 1028 2269 annitentes
1064 2210 1394 2268 sacriﬁcium
1431 2215 1548 2268 Deo
1576 2211 1645 2268 de
1684 2211 1856 2268 fructu
1893 2227 2018 2267 ma-

418 2325 590 2365 nuum
618 2324 843 2365 suarum
881 2306 1081 2364 offerre
1103 2322 1162 2363 se
1198 2305 1449 2374 credunt,
1486 2302 1700 2362 duabus
1736 2320 1802 2361 ex
1840 2305 2018 2361 causis

415 2419 543 2459 cum
579 2401 731 2459 omni
761 2401 1139 2459 observatione
1172 2399 1508 2457 custodiunt.
1550 2397 1712 2468 Quod
1744 2414 1847 2455 nos
1879 2413 2016 2470 quo-

415 2514 520 2589 que
556 2497 600 2555 si
639 2496 954 2565 perfectioni
994 2496 1310 2577 studemus,
1339 2494 1532 2551 eadem
1559 2492 1831 2566 diligentia
1876 2509 2011 2549 con-

413 2583 559 2649 venit
602 2591 911 2648 observare.
966 2590 1152 2646 Prima
1179 2583 1206 2621 δ
1250 2604 1320 2645 ne
1371 2587 1517 2645 forte
1574 2587 2009 2660 puriﬁcationem

411 2693 656 2741 nostram
695 2682 979 2741 nocturnis
1026 2682 1251 2755 psalmis
1288 2691 1344 2739 et
1385 2681 1751 2738 orationibus-
1780 2680 2009 2754 acquisi-

412 2788 549 2849 tam,
601 2778 811 2836 invidus
862 2778 1119 2835 inimicus
1158 2777 1330 2835 livens
1375 2776 1594 2850 puritati
1635 2785 1869 2846 nostra},
1921 2776 2008 2832 cui

410 2873 647 2930 maxime
675 2872 962 2930 insidiatur
1007 2887 1243 2945 semper,
1282 2880 1339 2928 et
1382 2870 1747 2927 indesinenter
1781 2869 2009 2927 infestus

410 2976 513 3037 est,
542 2966 778 3040 quadam
823 2969 1002 3024 somni
1050 2967 1300 3022 illusione
1344 2964 1709 3021 contaminet.
1741 2963 1845 3032 Qui
1884 2972 2011 3035 post

2132 520 2433 577 rationibus
2465 520 2669 576 nostris
2698 521 3037 591 obtulimus,
3064 530 3121 579 et
3141 523 3501 584 confessionis
3534 536 3738 585 nostrae

2132 613 2345 668 veniam
2369 612 2603 685 profusis
2621 613 2914 685 gemitibus
2936 614 3308 688 imploratam,
3324 619 3591 676 sollicitus
3613 636 3736 690 nos,

2133 705 2178 762 si
2206 707 2648 787 tempusquietis
2676 708 2943 766 invenerit
2964 751 2980 778 ,
3016 711 3290 768 maculare
3317 711 3573 782 festinat,
3604 722 3737 772 tunc

2134 799 2401 871 praecipue
2431 799 2684 856 ﬁduciam
2720 808 2964 859 nostram
3011 803 3243 877 dejicere
3281 814 3441 878 atque
3484 796 3761 866 enervare.

2133 893 2502 964 contendens,
2527 910 2653 950 cum
2690 893 2987 955 ferventius
3026 913 3130 954 nos
3174 898 3244 955 ad
3287 903 3472 957 Deum
3515 901 3741 959 tendere

2135 987 2448 1043 orationum
2494 996 2809 1044 nostrarum
2860 989 3096 1062 puritate
3132 992 3423 1065 perviderit
3484 1013 3496 1049 :
3539 994 3618 1051 ita
3678 1004 3741 1052 ut

2134 1095 2549 1152 nonnumquam
2589 1096 2728 1153 quos
2767 1097 2865 1154 per
2892 1090 3075 1139 totum
3116 1085 3292 1142 noctis
3335 1086 3580 1158 spatium
3618 1104 3742 1145 sau-

2133 1173 2278 1231 ciare
2299 1190 2411 1230 non
2439 1175 2637 1245 potuit,
2666 1176 2767 1232 sub
2795 1176 2937 1234 illius
2956 1176 3109 1234 hora:
3135 1179 3457 1237 brevissimo
3493 1189 3741 1255 tempore

2134 1266 2494 1324 dehonestare
2535 1276 2765 1326 conetur
2803 1271 2982 1337 (Vide
3023 1273 3212 1329 Collat.
3252 1278 3358 1343 22,
3406 1291 3524 1345 quce
3551 1280 3627 1331 est
3673 1278 3740 1333 de

2130 1364 2404 1416 nocturnis
2426 1362 2818 1430 illusionibus).
2852 1363 3103 1421 Secunda
3152 1382 3303 1435 vero,
3333 1367 3485 1440 quod
3523 1371 3736 1427 tametsi

2131 1454 2279 1510 nulla
2302 1453 2428 1511 talis
2462 1455 2693 1513 verenda
2716 1456 2923 1514 diaboli
2969 1468 3210 1531 emergat
3245 1459 3462 1531 illusio,
3505 1461 3737 1521 interce-

2139 1547 2274 1628 dens
2300 1547 2461 1604 etiam
2491 1564 2663 1621 purus
2687 1565 2855 1623 sopor
2883 1551 3131 1608 inertiam
3167 1554 3438 1613 monacho
3466 1572 3595 1614 mox
3629 1558 3737 1615 evi-

2137 1643 2367 1716 gilaturo
2412 1644 2707 1715 parturiat,
2768 1661 3098 1719 segnemque
3148 1655 3429 1721 torporem
3492 1650 3734 1709 inferens

2134 1736 2326 1806 menti,
2356 1753 2451 1808 per
2476 1746 2658 1795 totum
2702 1738 2810 1795 diei
2841 1740 3079 1811 spatium
3108 1741 3348 1814 vigorem
3381 1744 3497 1816 ejus
3537 1744 3739 1802 obtun-

2050 1809 2097 1872 Β
2128 1830 2241 1901 dat,
2280 1831 2534 1903 illamque
2575 1831 2796 1888 hebetet
2832 1809 3217 1907 perspicaciam
3258 1809 3480 1903 sensus,
3508 1846 3564 1894 et
3618 1839 3738 1910 pin-

2122 1924 2413 1997 guedinem
2440 1924 2620 1982 cordis
2660 1926 2960 1995 exhauriat,
3000 1943 3125 2000 qua:
3167 1945 3270 1986 nos
3295 1930 3472 2005 possit
3497 1947 3595 2003 per
3650 1939 3735 1988 to-

2114 2027 2241 2077 tum
2266 2019 2413 2076 diem
2436 2018 2695 2077 adversus
2727 2036 2920 2079 omnes
2947 2022 3176 2080 insidias
3216 2024 3422 2080 inimici
3451 2024 3728 2082 cautiores

2118 2117 2571 2191 robustioresque,
2599 2134 2833 2176 servare.
2875 2120 3248 2190 Quamobrem
3285 2122 3562 2180 canonicis
3602 2123 3734 2196 vigi-

2120 2212 2208 2269 liis
2233 2213 2455 2285 privatze
2477 2212 2545 2269 ab
2569 2214 2650 2271 eis
2669 2214 3072 2288 subjunguntur
3088 2219 3112 2249 ε
3140 2218 3404 2285 excubiae,
3427 2234 3490 2275 ac
3511 2218 3712 2290 majore

2121 2307 2225 2364 illis
2251 2307 2631 2365 observatione
2654 2309 2973 2380 succedunt,
3002 2318 3059 2367 ut
3081 2320 3135 2368 et
3157 2311 3248 2369 illa
3273 2313 3579 2385 puriﬁcatio
3603 2328 3726 2385 quae

2122 2403 2346 2475 psalmis
2371 2413 2427 2461 et
2465 2404 2807 2461 orationibus
2836 2414 2920 2462 est
2956 2407 3241 2478 acquisita,
3285 2424 3397 2463 non
3425 2417 3641 2480 pereat;
3677 2415 3736 2464 et

2121 2496 2380 2554 intentior
2414 2497 2718 2555 sollicitudo
2757 2497 3070 2571 diligentius
3090 2514 3192 2555 nos
3232 2515 3330 2572 per
3352 2500 3503 2557 diem
3549 2508 3733 2557 custo-

2118 2589 2326 2659 ditura,
2356 2600 2690 2665 praeparetur
2714 2590 3066 2649 meditatione
3088 2602 3384 2650 nocturna.

2689 2696 2937 2752 CAPUT
2972 2696 3128 2751 XIV.

2224 2791 2679 2860 Quemadmodum
2714 2790 2784 2845 in'
2807 2792 3006 2847 cellulis
3036 2793 3151 2845 suis
3187 2805 3318 2861 opus
3359 2806 3618 2847 manuum
3685 2824 3690 2828 ~

2444 2867 2495 2917 et
2538 2865 2803 2918 orationes
2828 2864 3045 2933 pariter
3071 2866 3371 2917 emerceant.

2193 2967 2259 3021 Et
2283 2964 2481 3021 idcirco
2507 2980 2601 3022 eas
2628 2981 2754 3021 cum
2782 2965 3087 3037 adjectione
3117 2964 3296 3038 Operis
3331 2973 3724 3038 exsequuntur,

1505 3072 1759 3126 ALARDI
1798 3071 2028 3128 GAZEI
2065 3072 2625 3129 COMMENTARIUS.

411 3190 517 3241 tem
543 3183 835 3239 beatissimi
860 3183 1039 3238 Patris
1068 3185 1121 3234 et
1155 3180 1270 3250 ejus
1294 3179 1555 3252 Regulam
1582 3181 1818 3245 veniant,
1850 3181 2010 3247 facile
2042 3186 2086 3248 (ζ
2116 3182 2366 3236 manibus
2394 3185 2670 3251 operantes
2716 3182 2880 3249 facile
2904 3186 3162 3252 possunt,
3194 3186 3244 3237 et
3280 3183 3457 3252 ipsum
3485 3181 3725 3236 laborem

416 3260 492 3380 ῗεΐ
514 3256 694 3380 ξίάξῖθ
710 3255 1004 3380 ,ᾔηίσωῗφιθ
1043 3254 1140 3323 qui
1170 3252 1286 3321 ejus
1312 3251 1574 3320 Regulam
1622 3253 1781 3306 etiam
1810 3268 2011 3321 parum

437 3344 522 3380 em
553 3369 563 3380 .
650 3341 722 3380 at
766 3342 814 3380 e.
1580 3356 1595 3380 i

416 3330 563 3395 legit.
600 3330 681 3381 Ita
709 3326 814 3381 ille.
1219 3393 1228 3395 Α
1323 3393 1337 3395 _
1580 3356 1595 3381 t

487 3402 511 3429 θ
541 3398 701 3453 Illum
725 3411 946 3466 nempe,
985 3394 1054 3453 de
1080 3408 1192 3466 quo
1215 3393 1270 3449 in
1306 3393 1416 3449 ﬁne
1450 3409 1569 3464 cap.
1608 3392 2003 3464 przccedentis:

416 3472 681 3525 Nocturno
720 3471 869 3538 operi
905 3484 968 3522 ac
1004 3467 1343 3522 meditatwni
1366 3468 1604 3536 operatio
1653 3467 1854 3520 diurna
1891 3482 2009 3521 suc—

415 3541 585 3604 cedat,

486 3604 513 3642 ”
534 3600 699 3667 Vides
725 3617 927 3681 quanto
954 3607 1134 3666 studio
1178 3615 1235 3663 et
1267 3606 1635 3681 sollicitudine
1664 3606 1732 3677 pii
1773 3600 1848 3660 illi
1883 3621 2006 3681 mo-

412 3682 566 3738 nachi
596 3691 649 3738 et
678 3678 923 3753 puritatis
960 3689 1231 3735 amatores
1263 3679 1572 3753 studuerint
1606 3684 1900 3753 nocturnas
1937 3678 2007 3732 il-

409 3753 642 3809 lusiones
678 3748 745 3807 'et
782 3752 1110 3823 pollutiones
1148 3766 1312 3822 opera
1350 3749 1544 3806 diaboli
1578 3748 1856 3823 procurari
1905 3763 1997 3804 so-

406 3825 529 3881 litas
555 3821 854 3898 praecavere
881 3843 892 3877 :
925 3832 987 3878 ut
1012 3823 1151 3898 hanc
1179 3821 1250 3877 ab
1288 3837 1507 3898 causam
1550 3821 1817 3898 reliquum
1838 3828 2000 3898 _te_m-

402 3890 567 3967 poris"
572 3890 693 3967 post
711 3900 1027 3950 nocturnam
1055 3896 1275 3947 missam
1299 3897 1316 3961 (
1336 3891 1583 3967 utAha‘bet
1606 3890 1821 3967 titulus
1838 3890 1998 3967 hujus

401 3961 545 4039 cap.)
569 3961 593 4035 ζ
616 3968 652 4023 i.
688 3983 737 4023 e.
766 3974 930 4049 post”
960 3973 1291 4049 nocturnum
1334 3962 1625 4049 Ofﬁcium,
1648 3961 1999 4049 ‘nemini

401 4032 664 4096 somnum
688 4032 869 4094 redire
899 4037 1083 4093 liceret
1110 4054 1123 4089 :
1156 4036 1247 4092 sed
1280 4034 1552 4102 orationi,
1581 4033 1662 4088 vel
1701 4032 1999 4102 operationi

398 4111 612 4168 assidue
650 4125 845 4167 omnes
880 4114 1153 4164 vacarent.
1183 4105 1341 4175 Quod
1393 4105 1558 4161 etiam
1598 4105 1886 4161 aemulatus
1926 4107 1996 4159 D.

399 4184 721 4240 Benedictus
746 4181 939 4237 statuit
966 4182 1154 4250 {(Cap.
1184 4184 1217 4233 8
1245 4179 1481 4246 Begulce)
1501 4217 1516 4245 ,
1559 4186 1623 4233 ut
1663 4178 1847 4230 hiemis
1874 4180 2002 4231 tem-

391 4269 544 4321 pore,
575 4256 719 4323 quod
758 4257 928 4307 restat
960 4256 1083 4322 post
1116 4252 1351 4319 vigilias,
1385 4251 1593 4323 inost
1632 4256 1995 4323 nocturnum,

398 4319 547 4392 quod
576 4319 733 4393 vulgo
757 4319 985 4376 dicimus
1014 4323 1343 4376 matutinum
1366 4319 1632 4388 ofﬁcium,
1662 4336 1698 4373 α
1729 4319 1998 4386 fratribus

398 4395 740 4448 meditationi
759 4394 1106 4446 insereiatur.

469 4467 492 4496 ο
522 4467 626 4519 Eas
654 4464 934 4533 nimirum,
962 4476 1097 4533 quas
1122 4459 1369 4533 superius
1391 4462 1550 4529 (Cap.
1578 4459 1835 4529 praeced.)
1860 4458 1998 4516 dixit

398 4534 632 4629 privatas
675 4530 1046 4629 exculliasijid
1082 4540 1164 4588 est
1179 4530 1206 4599 ,⁷
1242 4530 1617 4629 pri‘vatasnlme‘t
1646 4537 1986 4629 “sigogtaﬂeas
2013 4567 2063 4629 Β

400 4599 1113 4681 orationes,__meditationes
1134 4644 1149 4672 ,
1196 4599 1614 4681 eiercitatiopes.
1646 4599 1983 4681 spiritualels,

399 4693 533 4749 quas
574 4675 780 4749 piirilli
826 4674 1077 4749 monachi
1099 4716 1124 4749 ,_
1139 4670 1730 4749 'postqua_r_n_absolutis
1770 4670 1988 4742 vigiliis,

397 4743 492 4805 seu
522 4743 717 4805 ofﬁciis
751 4746 1035 4802 nocturnis
1060 4745 1131 4801 ad
1151 4743 1524 4800 ‘suas’cellulas
1550 4757 1608 4798 se
1633 4751 1987 4814 receperant,

397 4821 646 4892 privatim
688 4835 753 4876 ex
794 4815 1291 4892 devotioneusimul
1343 4830 1470 4892 cum
1516 4829 1681 4885 opere
1721 4815 1987 4892 manuali,

392 4885 657 4963 quantum
691 4892 927 4946 humana
975 4888 1231 4963 fragilitas
1267 4886 1600 4963 patiebatur,
1623 4885 1987 4963 exercebant;

393 4957 463 5046 ne
486 4965 621 5046 quid
649 4963 749 5044 sibi
780 4962 1042 5046 temporis
1062 4957 1292 5046 fabsque
1334 4958 1519 5046 fructu
1561 4965 1812 5046 ct‘gustu
1831 4957 1990 5046 spiri:

391 5028 525 5089 tuali
569 5033 856 5104 deperiret,
894 5028 975 5088 vel
1031 5028 1220 5088 otiosis
1261 5039 1354 5085 aut
1401 5028 1713 5085 vacantibus
1761 5044 1991 5104 somnus

391 5102 695 5175 obreperet.
747 5107 829 5159 Ita
867 5120 1099 5172 namque
1142 5104 1211 5155 ab
1238 5104 1336 5175 eis
1386 5104 1707 5175 incessanter
1752 5102 1990 5175 operatio

388 5172 646 5229 manuum
668 5176 930 5245 privatim
954 5190 1052 5242 per
1093 5174 1307 5227 cellulas
1338 5174 1703 5232 exercebatur,
1739 5177 1802 5224 ut
1818 5172 1988 5245 psal-

390 5262 597 5300 morum
621 5241 846 5315 quoque,
867 5241 1276 5298 vel’cwterarum
1295 5245 1701 5311 Scripturarum
1714 5241 1989 5315 meditata)

393 5311 702 5388 numquam
727 5311 941 5386 penitus
970 5317 1332 5388 omitteretur;
1366 5324 1426 5388 ut
1470 5321 1660 5368 auctor
1700 5311 1907 5388 repetit
1935 5320 1989 5366 et

396 5380 627 5443 inculcat
655 5380 748 5443 lib:
783 5402 862 5443 ιιι
889 5402 1008 5457 cap.
1042 5394 1094 5449 2,
1142 5392 1198 5457 et
1223 5387 1291 5457 ι).
1324 5385 1693 5457 Hieronymus
1727 5382 1792 5457 _in
1825 5380 1982 5451 epist.

398 5467 462 5515 18
478 5459 545 5515 de
567 5459 894 5515 monasterio
915 5452 970 5513 et
987 5455 1269 5511 monachis
1287 5452 1710 5511 Bethleemiticis
1727 5452 1949 5523 loquens
1969 5471 1981 5507 :

391 5535 452 5587 In
483 5533 698 5593 Christi,
725 5529 916 5600 inquit,
939 5529 1070 5582 villa
1092 5532 1202 5583 tota
1232 5530 1502 5582 rusticitas
1525 5529 1640 5581 est:
1666 5528 1823 5600 extra
1834 5525 1984 5600 psal-

2092 4958 2411 5026 plicandum
2451 4959 2560 5011 est!

2118 3256 2396 3321 tamquam
2418 3253 2599 3307 divino
2635 3253 2920 3307 celeumate
2955 3254 3236 3308 consolari.
3280 3255 3372 3309 An
3408 3256 3721 3322 ignoramus

2118 3326 2323 3379 oniﬁces
2344 3325 2536 3379 quibus
2568 3325 2921 3379 vanitatibus.
2951 3329 3002 3379 et
3022 3326 3335 3379 plerumque
3361 3327 3522 3379 etiam
3548 3327 3721 3379 turpi-

3361 3340 3522 3379 eriam
3548 3340 3723 3393 turpi-

2116 3326 2323 3393 opiﬁces
2344 3325 2536 3394 quibus
2568 3325 2921 3386 vanitatibus,
2951 3329 3002 3379 et
3018 3326 3232 3394 plerum

3384 3401 3405 3450 t
3435 3395 3600 3450 corda
3622 3436 3637 3457 ,
3668 3398 3718 3449 et

2118 3395 2393 3449 tudinibus
2419 3397 2805 3450 theatzicarum
2850 3396 3170 3462 fabularum

2116 3467 2331 3533 linguas
2357 3481 2503 3528 suas,
2529 3482 2648 3521 cum
2662 3482 2853 3520 manus
2876 3468 2945 3521 ab
2964 3482 3118 3536 opere
3131 3482 3237 3521 non
3259 3466 3552 3521 recedant?
3580 3466 3718 3533 Quid

2115 3552 2239 3604 ergo
2276 3537 2500 3606 impedit
2539 3553 2753 3591 servum
2783 3540 2882 3592 Dei
2902 3538 3152 3592 manibus
3179 3541 3485 3607 operantem
3510 3539 3569 3590 in
3610 3538 3721 3605 lege

2115 3610 2330 3662 Domini
2342 3609 2615 3669 meditari,
2638 3613 2688 3663 et
2701 3609 2934 3679 psallere
2945 3612 3152 3663 nomini
3163 3610 3436 3664 Altissimi
3453 3627 3470 3662 :
3491 3610 3572 3662 ita
3589 3624 3720 3662 sane

2113 3682 2174 3732 ut
2202 3679 2277 3732 ad
2297 3680 2394 3732 illa
2419 3679 2691 3742 discenda,
2722 3695 2841 3749 qua:
2858 3682 3161 3734 memoriter
3186 3680 3400 3742 recolat,
3422 3680 3618 3733 habeat
3639 3695 3721 3733 se-

2102 3751 2281 3819 posita
2310 3754 2595 3819 tempora?
2624 3753 2755 3805 Haec
2783 3751 2878 3807 SS.
2913 3754 3119 3807 Patres.
3169 3752 3245 3805 Ex
3280 3750 3716 3821 quibus,colligo

2092 3821 2432 3893 orationem,
2463 3821 2761 3892 praesertim
2784 3821 3080 3893 mentalem
3097 3861 3117 3893 ,
3144 3837 3257 3877 non
3293 3836 3512 3892 semper
3534 3821 3713 3890 impe-

2105 3890 2409 3963 diri_opere
2445 3890 2699 3961 externo,
2746 3900 2803 3947 et
2842 3890 3114 3957 manuali,
3140 3900 3201 3947 ut
3232 3890 3470 3958 vocant;
3509 3899 3564 3948 et
3598 3906 3714 3946 non

2109 3961 2274 4035 modo
2284 3961 2644 4035 licitum,s_ed
2666 3971 2729 4035 et
2757 3964 2926 4035 pium,
2948 3979 3013 4035 ac
3027 3964 3258 4019 salutare
3284 3977 3402 4035 esse
3422 3963 3564 4018 inter
3582 3977 3715 4035 ope-

2109 4033 2343 4089 randum
2384 4033 2596 4105 aliquid
2625 4032 3021 4105 piiimeditari;
3067 4042 3161 4090 aut
3186 4033 3463 4105 psalmos,
3495 4041 3549 4089 et
3575 4032 3716 4089 alias

2111 4119 2295 4174 preces
2318 4103 2576 4172 recitare;
2597 4103 2763 4160 modo
2786 4105 2892 4160 tale
2910 4108 3050 4175 opus
3071 4103 3288 4171 non’sit,
3308 4103 3458 4175 quod
3486 4119 3712 4160 omnem

2108 4176 2367 4232 excludat
2389 4178 2748 4232 attentionem
2776 4177 2871 4241 (S.
2907 4176 3093 4233 Thom.
3128 4191 3203 4242 Ir,
3227 4194 3282 4246 q.
3331 4182 3425 4241 83,
3477 4192 3537 4230 a.
3598 4182 3710 4242 14;

2107 4249 2312 4303 Navar.
2348 4247 2414 4301 de
2441 4249 2592 4303 Orat.
2621 4263 2667 4301 c.
2698 4252 2764 4302 18
2788 4252 2839 4302 et
2877 4251 2993 4313 21).
3024 4250 3165 4303 Nam
3196 4247 3253 4301 in
3279 4246 3430 4303 omni
3460 4246 3709 4302 oratione

2107 4318 2305 4398 vocali,
2351 4318 2517 4372 etiam
2557 4317 2735 4399 libera
2752 4325 2808 4373 et
2820 4325 3157 4398 _spontanea,
3188 4318 3484 4443 requiritur
3526 4317 3709 4399 aliqua

2107 4396 2332 4443 attentio
2380 4396 2436 4443 et
2471 4396 2771 4443 reverentia
2816 4398 3061 4443 interna.
3095 4397 3157 4443 ut
3195 4405 3259 4443 co
3285 4391 3463 4443 linitur
3501 4403 3564 4443 ex
3612 4388 3707 4443 illa

2104 4388 2436 4461 attentioﬂet
2471 4388 2779 4461 reverentia,
2816 4388 3024 4461 interna
3045 4429 3061 4455 ,
3095 4397 3157 4445 ut
3195 4388 3463 4461 colligitur
3501 4403 3564 4443 ex
3612 4388 3707 4443 illa

2102 4459 2305 4514 celebri
2344 4458 2636 4515 Hieremiae
2685 4460 2954 4515 sententia
2985 4476 2999 4513 :
3032 4458 3347 4517 Maledictus
3385 4462 3568 4522 homo,
3608 4463 3712 4529 qui

2101 4532 2240 4596 facit
2292 4546 2425 4599 opus
2475 4532 2574 4586 Dei
2595 4532 2922 4600 negligenter
2961 4532 3153 4598 [Hier.
3182 4536 3280 4595 48,
3311 4546 3379 4587 ex
3431 4530 3703 4598 Hebraeo,

2095 4602 2497 4668 fraudulenter,
2525 4603 2705 4668 LXX,
2733 4601 2949 4671 ἀμελῶς,
2972 4603 3342 4671 negligenter].
3368 4604 3431 4659 Si
3454 4604 3613 4664 enim,
3630 4601 3712 4657 ait

2097 4674 2169 4727 D.
2199 4672 2538 4729 Benedictus
2553 4712 2569 4739 ,
2593 4689 2716 4727 cum
2742 4674 3043 4728 hominibus
3062 4674 3366 4743 potentibus
3394 4674 3579 4741 aliqua
3603 4688 3705 4727 vo-

2099 4744 2273 4798 lumus
2298 4760 2584 4814 suggerere
2602 4787 2617 4807 ,
2646 4760 2753 4799 non
2782 4746 3157 4815 prcesumimus
3171 4787 3188 4808 ,
3213 4747 3324 4799 nisi
3346 4760 3463 4798 cum
3486 4745 3708 4799 humili-

2099 4819 2212 4869 tate
2236 4820 2287 4870 et
2298 4817 2605 4870 reverentia
2628 4834 2645 4869 :
2669 4820 2868 4884 quanto
2892 4818 3069 4884 magis
3100 4818 3323 4871 Domino
3345 4820 3449 4871 Deo
3480 4818 3704 4869 univer-

2097 4902 2296 4949 sorum,
2327 4903 2447 4941 cum
2475 4888 2621 4940 omni
2645 4887 2947 4957 humilitate
2968 4891 3019 4941 et
3040 4889 3260 4957 pietatis
3285 4885 3556 4942 devotione
3572 4902 3705 4955 sup-

2631 4956 2740 5013 uod
2787 4956 2831 5012 si
2870 4957 2927 5011 in
2979 4958 3222 5012 oratione
3275 4958 3440 5013 etiam
3490 4957 3700 5026 privata

2098 5028 2343 5101 etlibera
2389 5028 2570 5083 locum
2610 5027 2806 5096 habet,
2832 5028 3007 5101 multo
3036 5031 3209 5101 magis
3245 5028 3702 5101 inforationepu-

2098 5098 2235 5154 blica
2263 5109 2317 5171 et
2363 5107 2651 5171 praecepta,
2683 5106 2811 5171 puta
2847 5101 2903 5154 in
2941 5098 3091 5155 horis
3116 5098 3391 5171 canonicis
3415 5107 3473 5171 et
3500 5098 3700 5171 ofﬁciis

2098 5169 2468 5241 ecclesiasticis
2492 5169 2911 5241 robservandum
2956 5187 2969 5224 :
3018 5186 3123 5241 qua
3151 5171 3219 5226 de
3260 5187 3319 5227 re
3346 5169 3485 5225 infra
3511 5210 3527 5238 ,
3570 5170 3699 5225 loco

2099 5238 2499 5323 lmicpersimili
2523 5256 2748 5323 agemus
2774 5238 3182 5323 pluribus—(Lib.
3218 5257 3299 5298 ιιι
3329 5258 3375 5297 c.
3414 5247 3487 5307 2).
3520 5243 3695 5323 Porro

2096 5312 2323 5384 orationi
2354 5312 2594 5384 mentali,
2625 5328 2720 5367 seu
2757 5312 3096 5384 meditationi
3126 5313 3313 5370 deesse
3356 5328 3467 5368 non
3513 5319 3697 5384 potest

2094 5383 2345 5465 attentio,
2370 5398 2496 5465 cum
2522 5383 2639 5454 ipsa
2651 5383 2896 5465 attentio
2921 5383 2990 5465 sit
3017 5384 3283 5465 ipsissima
3309 5384 3485 5465 oratio
3507 5385 3693 5465 (Sotus

2094 5454 2186 5508 lib.
2216 5470 2257 5509 x
2287 5455 2353 5509 de
2378 5457 2514 5509 Just.
2561 5471 2615 5525 q.
2644 5460 2706 5528 5,
2726 5471 2781 5510 a.
2805 5456 2879 5526 5).
2930 5454 3170 5515 Proinde
3195 5463 3461 5528 repugnat
3501 5464 3691 5510 mente

2090 5539 2266 5592 orare,
2297 5534 2352 5607 et
2385 5540 2496 5579 non
2525 5524 2845 5597 attendere,
2873 5534 2935 5608 ut
2958 5542 3067 5608 per
3087 5541 3147 5583 se
3172 5524 3365 5608 notum
3389 5533 3529 5608 est;
3558 5540 3691 5608 nam

388 5618 498 5658 mos
521 5594 920 5657 silentium-est.-
944 5615 1268 5670 quocumque
1292 5605 1341 5653 te
1362 5601 1558 5659 vertas,
1582 5598 1983 5670 aratorsticam
2089 5611 2214 5651 cum
2245 5594 2484 5670 primum
2509 5612 2670 5670 mens
2706 5594 2887 5670 vagari
2908 5594 3114 5669 incipit,
3149 5613 3303 5655 orare
3329 5596 3544 5670 desinit.
3574 5597 3687 5650 Ita-

386 5679 565 5736 tenens
614 5674 851 5729 Alleluia
894 5667 1176 5733 decantat;
1205 5671 1408 5723 sudans
1434 5682 1652 5741 messor
1669 5667 1893 5741 psalmis
1928 5683 1984 5741 se
2090 5682 2195 5738 que
2220 5667 2345 5741 sola_
2372 5667 2795 5741 vocalis‘oratio'
2820 5677 2905 5741 est
2926 5709 2941 5737 ,
2962 5667 3120 5741 quae
3140 5668 3459 5741 iattentione
3502 5680 3691 5741 carere

387 5750 593 5809 avocat,
625 5750 677 5800 et
701 5759 863 5799 curva
894 5741 1177 5797 attondens
1198 5742 1328 5795 cites
1368 5740 1520 5811 falce
1535 5737 1735 5792 vinitor
1764 5739 1974 5808 aliquid
2084 5736 2282 5811 potest,
2313 5737 2446 5794 dum
2473 5738 2800 5810 cogitatione
2831 5739 2901 5797 ad
2927 5736 3030 5795 alia
3057 5738 3565 5811 defluente,-lingua
3590 5736 3687 5794 dat

382 5818 699 5874 Davidicum
725 5818 889 5870 canit.
918 5817 986 5868 D.
1010 5811 1343 5884 Augustinus
1372 5809 1462 5884 lib.
1489 5809 1557 5866 de
1581 5812 1758 5880 Opere
1775 5823 1970 5865 mona-

381 5888 612 5946 chorum
637 5903 686 5945 c.
723 5894 779 5943 l7
816 5904 829 5942 :
859 5883 1319 5956 Cantica,inquit-,
1349 5883 1536 5938 dicina
1554 5886 1781 5953 cantare
1806 5886 1968 5937 etiam

2079 5809 2196 5866 eine
2233 5818 2419 5867 mente
2445 5809 2664 5866 sonum.
