4052 6200
376 211 480 266 105

854 210 943 265 DE
977 209 1460 268 C(ENOBIORUM
1496 211 1735 269 INSTIT.
1776 212 1904 269 LIB.
1944 212 2013 268 ll.
2057 242 2122 253 -—
2163 213 2253 269 DE
2288 210 2679 269 NOCTURNIS
2717 209 3198 268 ORATIONIBUS.

3579 213 3680 268 l06

370 345 442 389 ne
478 330 629 389 velut
652 331 841 389 otiosis
870 333 1044 390 valeat
1079 349 1308 391 somnus
1353 334 1606 407 irrepere.
1647 335 1801 393 Sicut
1825 336 1973 392 enim
2007 344 2060 407 Α
2089 336 2315 394 evocati.
2345 336 2506 408 Quod
2545 337 2619 394 ita
2652 335 2872 410 explent
2908 334 3052 392 fores
3069 334 3302 408 egressi,
3337 341 3400 390 ut
3427 333 3577 391 nulla
3605 335 3688 391 in-

371 425 585 482 nullum
624 423 799 480 ferme
838 425 910 481 ab
938 425 1016 482 eis
1052 426 1147 483 otii
1178 434 1393 500 tempus
1420 427 1712 501 excipitur,
1755 428 1829 485 ita
1874 444 1979 485 nec

371 517 708 575 meditationi
750 517 970 591 quidem
1007 520 1231 593 spiritali
1289 520 1412 577 ﬁnis
1464 521 1777 594 imponitur.
1833 524 1977 580 Nam

368 611 573 684 pariter
619 619 932 670 exercentes
970 612 1212 686 corporis
1259 614 1566 688 animaeque
1603 614 1857 683 virtutes,
1888 631 1979 672 ex-

372 702 586 761 terioris
605 703 843 761 hominis
888 705 1146 778 stipendia
1175 723 1305 764 cum
1331 708 1720 767 emolumentis
1762 709 1978 766 interio-

370 795 446 853 ris
472 804 797 867 exaequant,
823 797 1040 854 lubricis
1070 800 1318 857 motibus
1345 800 1526 858 cordis
1550 811 1608 857 et
1637 801 1974 859 fluctuationi

366 888 772 962 cogitationum
845 890 1112 960 instabili,
1182 909 1417 966 operum
1482 895 1717 967 pondera
1737 937 1754 963 ,
1827 895 1974 953 velut

364 982 666 1055 quamdam
690 992 959 1055 tenacem,
975 996 1140 1059 atque
1163 987 1502 1045 immobilem
1525 990 1819 1047 anchoram
1834 1006 1967 1063 pm-

372 1076 627 1150 ﬁgentes,
659 1079 749 1134 cui
793 1079 1100 1136 volubilitas
1126 1097 1189 1138 ac
1217 1083 1521 1156 pervagatio
1570 1084 1749 1141 cordis
1777 1085 1970 1143 innexa

363 1171 513 1227 intra
538 1171 688 1229 cella!
721 1172 973 1238 claustra,
1001 1175 1147 1231 velut
1191 1175 1244 1231 in
1273 1186 1435 1248 portu
1482 1176 1747 1235 ﬁdissimo
1796 1179 1971 1237 valeat

360 1263 664 1331 contineri;
717 1273 883 1337 atque
931 1266 1003 1322 ita
1054 1266 1280 1340 spiritali
1331 1269 1671 1327 meditationi
1720 1279 1968 1340 tantum,

358 1365 425 1413 et
451 1357 717 1414 custodire
744 1358 1133 1432 cogitationum
1155 1361 1358 1419 intenta
1375 1404 1390 1430 ,
1415 1379 1528 1419 non
1553 1363 1722 1422 modo
1750 1365 1820 1422 ad
1844 1382 1972 1423 con-

356 1465 590 1507 sensum
647 1466 839 1522 pravae
912 1452 1174 1526 cujusque
1242 1442 1603 1529 suggestionis
1659 1459 1972 1532 pervigilem

358 1552 614 1599 mentem
637 1559 892 1601 corruere
941 1562 1052 1603 non
1096 1547 1266 1617 sinat,
1296 1565 1484 1607 verum
1514 1551 1677 1608 etiam
1707 1550 1776 1608 ab
1817 1552 1971 1609 omni

354 1637 679 1709 superflua,
709 1639 995 1712 otioseque
1043 1641 1371 1714 cogitatione
1417 1645 1718 1714 custodiat;
1770 1646 1847 1702 ita
1907 1653 1969 1703 ut

354 1702 501 1802 quid
527 1745 592 1787 ex
625 1702 737 1804 quo
780 1702 1027 1803 pendeat,
1057 1702 1202 1793 ιιὲυά
1230 1734 1384 1793 facile
1421 1737 1591 1810 possit
1617 1754 1649 1794 a
1690 1702 1969 1811 quoquam
1999 1702 2047 1764 Β

355 1821 635 1892 discerni,
665 1824 723 1881 id
752 1835 854 1893 est,
898 1836 1083 1884 utrum
1123 1838 1343 1902 propter
1377 1830 1794 1888 meditationem
1821 1831 1976 1905 spiri-

360 1917 534 1974 talem
556 1918 869 1976 incessabile
894 1936 1165 1978 manuum
1181 1939 1320 1995 opus
1343 1933 1649 1993 exerceant,
1664 1941 1735 1980 an
1756 1933 1976 1998 propter

356 2012 547 2083 operis
561 2012 848 2085 jugitatem
879 2023 993 2071 tam
1022 2018 1347 2087 praeclarum
1379 2019 1599 2091 spiritus
1629 2018 1969 2093 profectum,

360 2105 719 2179 scientiaque
749 2106 936 2164 lumen
961 2109 1260 2181 acquirant.

975 2219 1222 2274 CAPUT
1250 2220 1378 2275 XV.

954 2314 1079 2384 post
1099 2313 1408 2384 orationum
1428 2313 1651 2368 missam
1678 2315 1970 2384 unusquis-

440 2392 547 2447 que
565 2378 639 2432 ad
657 2393 815 2433 suam
841 2378 1090 2434 cellulam
1107 2381 1312 2445 redeat,
1336 2387 1388 2438 et
1406 2384 1496 2438 cui
1508 2384 1781 2442 subdatur
1797 2378 1970 2441 incre-

435 2449 658 2517 pationi
680 2450 731 2504 is
755 2452 855 2520 qui
879 2452 1046 2506 aliter
1071 2453 1284 2519 fecerit.

438 2547 626 2604 Finitis
676 2547 855 2621 itaque
887 2550 1108 2620 psalmis
1131 2592 1148 2620 ,
1199 2559 1254 2607 et
1304 2552 1620 2623 quotidiana
1675 2569 1972 2629 congrega-

364 2640 550 2709 tione,
593 2641 737 2698 sicut
782 2644 1030 2715 superius
1068 2646 1655 2715 commemoravimus,
1695 2648 1975 2717 absoluta,

362 2735 391 2764 ³
411 2732 596 2788 nullus
613 2747 807 2790 eorum
828 2735 911 2791 vel
929 2734 998 2792 ad
1023 2735 1302 2792 modicum
1324 2737 1640 2808 subsistere,
1653 2748 1747 2795 aut
1762 2755 1973 2796 sermo-

362 2823 534 2881 cinari
559 2825 724 2883 audet
760 2843 887 2884 cum
923 2827 1135 2886 altero:
1162 2829 1260 2887 sed
1294 2846 1366 2887 ne
1393 2830 1614 2904 quidem
1658 2847 1756 2905 per
1783 2840 1965 2889 totum

360 2919 472 2976 diei
497 2922 734 2991 spatium
757 2937 788 2978 θ
830 2922 967 2980 cella
1006 2940 1102 2981 sua
1127 2926 1411 2999 progredi,
1438 2935 1534 2984 aut
1560 2927 1810 2985 deserere
1839 2942 1979 2999 opus

358 3012 518 3082 quod
546 3013 601 3067 in
630 3028 692 3069 ea
719 3014 913 3072 solitus
938 3024 1022 3072 est
1060 3031 1332 3087 exercere,
1360 3021 1642 3090 praesumit
1662 3063 1678 3091 ,
1705 3020 1809 3077 nisi
1833 3019 1976 3077 forte

362 2307 487 2373 Qua
517 2306 628 2376 lege
648 2308 927 2363 modestiae

2085 438 2170 487 ter
2189 445 2285 487 eos
2311 429 2689 487 sermocinatio
2714 429 2927 503 penitus
2943 438 3283 486 conseratur.
3304 427 3411 486 Sed
3432 429 3509 486 sic
3526 445 3687 487 unus-

2086 523 2315 595 quisque
2336 538 2473 597 opus
2498 524 2809 596 exsequitur
2835 523 3140 596 injunctum
3158 563 3174 589 ,
3212 529 3273 577 ut
3295 522 3571 594 psalmum
3599 522 3685 579 vel

2084 617 2411 689 scripturam
2452 616 2752 690 quamlibet
2797 617 3113 674 memoriter
3159 615 3521 686 recensendo,
3570 632 3686 672 non

2085 710 2264 766 solum
2307 710 2693 784 conspirationi
2732 711 2931 779 noxiae,
2977 710 3057 766 vel
3103 710 3322 766 consilis
3351 709 3555 782 pravis,
3587 708 3687 766 sed

2082 818 2185 860 nec
2227 803 2417 860 otiosis
2466 803 2689 876 quidem
2740 802 3053 875 colloquiis,
3104 804 3275 857 ullam
3328 800 3541 874 copiam
3601 802 3685 859 vel

2079 903 2296 970 tempus
2343 897 2650 970 impartiat,
2697 897 2811 953 oris
2850 896 3051 969 pariter
3078 903 3134 951 et
3174 895 3355 951 cordis
3397 894 3580 952 ofﬁcio
3630 895 3684 951 in

2080 989 2435 1047 meditatione
2446 989 2673 1062 spiritali
2690 989 2893 1063 jugiter
2918 997 3206 1060 occupato.
3231 981 3259 1021 δ
3283 988 3508 1043 Summa
3534 1003 3686 1043 nam-

2082 1097 2189 1154 que
2234 1084 2577 1141 observantia
2612 1082 2938 1152 custoditur,
2974 1097 3043 1137 ne
3070 1081 3360 1153 quisquam
3385 1095 3513 1135 cum
3546 1080 3682 1150 alio,

2079 1189 2145 1230 ac
2172 1175 2444 1249 praecipue
2474 1174 2719 1248 juniores
2744 1175 2869 1244 [ΑΙ.
2904 1173 3188 1247 juniore],
3215 1172 3294 1229 vel
3323 1172 3393 1229 ad
3422 1180 3687 1245 punctum

2079 1269 2338 1341 temporis
2371 1268 2574 1341 pariter
2612 1267 2947 1333 substitisse,
2974 1273 3070 1322 aut
3110 1265 3323 1338 uspiam
3368 1265 3684 1333 secessisse,

2080 1363 2163 1421 vel
2189 1379 2384 1421 manus
2405 1378 2532 1421 suas
2554 1362 2789 1419 invicem
2832 1360 3068 1419 tenuisse
3094 1359 3592 1432 deprehendantur.
3623 1359 3681 1416 Si

2076 1457 2171 1529 qui
2205 1472 2333 1513 vero
2379 1465 2571 1513 contra
2619 1454 2784 1528 hujus
2834 1453 3034 1527 regulae
3079 1452 3452 1524 disciplinam,
3476 1452 3678 1524 reperti

2080 1548 2283 1607 fuerint
2308 1549 2509 1623 aliquid
2531 1564 2598 1606 ex
2621 1548 2705 1605 his
2744 1562 2866 1620 quae
2892 1546 3174 1603 interdicta
3194 1552 3342 1614 sunt,
3369 1544 3676 1613 admisisse,

2078 1652 2141 1699 ut
2168 1651 2535 1712 contumaces,
2563 1658 2627 1698 ac
2651 1641 3091 1714 praevaricatores
3123 1639 3507 1696 mandatorum
3526 1679 3543 1708 ,
3568 1654 3681 1695 non

2081 1736 2212 1792 levis
2234 1737 2410 1808 culpae
2447 1736 2525 1792 rei
2554 1734 2916 1807 pronuntiati,
2944 1733 3251 1806 suspicione
3279 1733 3443 1789 etiam
3488 1733 3679 1805 conju-

2078 1829 2326 1898 rationis,
2351 1829 2608 1900 pravique
2627 1827 2837 1884 consilii
2865 1843 3049 1883 carere
3071 1841 3186 1881 non
3207 1834 3476 1897 poterunt.
3503 1826 3682 1895 Quam

2080 1922 2300 1994 culpam
2340 1921 2442 1977 nisi
2479 1920 2535 1976 in
2560 1934 2733 1976 unum
2783 1918 2992 1976 cunctis
3042 1916 3300 1974 fratribus
3345 1917 3684 1989 congregatis

2081 2014 2295 2088 publica
2316 2013 2574 2071 diluerint
2610 2011 2951 2085 paenitentia,
2976 2009 3205 2068 orationi
3245 2008 3481 2067 fratrum
3511 2009 3689 2067 nullus

2083 2126 2279 2168 eorum
2302 2110 2557 2167 interesse
2582 2108 2934 2182 permittitur.

2665 2202 2907 2259 CAPUT
2934 2201 3087 2256 XVI.

2149 2297 2303 2367 Quod
2325 2296 2467 2353 nulli
2483 2311 2643 2352 orare
2668 2311 2789 2350 cum
2813 2296 2931 2358 illo,
2951 2296 3050 2364 qui
3076 2295 3253 2362 fuerit
3278 2294 3348 2349 ab
3369 2293 3615 2348 oratione

2624 2381 2934 2437 suspensus,
2963 2367 3141 2420 liceat.

2148 2461 2288 2518 Sane
2318 2458 2362 2516 si
2401 2459 2523 2532 quis
2559 2473 2659 2531 pro
2711 2457 2954 2514 admisso
2997 2456 3241 2529 quolibet
3289 2454 3487 2513 delicto
3530 2454 3688 2512 fuerit

2083 2552 2151 2609 ab
2180 2552 2430 2609 oratione
2451 2566 2766 2624 suspensus,
2791 2551 2975 2607 nullus
3018 2565 3148 2605 cum
3177 2564 3241 2605 eo
3269 2564 3495 2621 prorsus
3523 2564 3683 2605 oran-

2084 2646 2144 2702 di
2184 2645 2347 2701 habet
2375 2644 2679 2713 licentiam,
2708 2652 3003 2715 antequam
3022 2646 3046 2676 °
3075 2641 3347 2699 submissa
3374 2643 3428 2698 in
3481 2651 3687 2698 terram

2086 2739 2400 2812 pmnitentia
2417 2782 2434 2807 ,
2462 2737 2826 2795 reconciliatio
2853 2737 3000 2810 eius,
3031 2745 3088 2793 et
3134 2735 3354 2792 admissi
3391 2735 3545 2792 venia
3586 2751 3683 2791 co-

2087 2850 2207 2890 ram
2242 2832 2500 2890 fratribus
2523 2831 2759 2899 cunctis,
2791 2829 3004 2903 publice
3042 2829 3200 2886 fuerit
3227 2829 3294 2884 ab
3325 2827 3523 2883 abbate
3549 2843 3683 2884 con-

2085 2941 2256 2983 cessa.
2283 2925 2372 2983 Ob
2413 2925 2522 2982 hoc
2562 2939 2802 2995 namque
2837 2922 2933 2979 tali
2977 2921 3319 2979 observantia
3367 2920 3692 2991 semetipsos

2085 3020 2155 3076 ab
2192 3018 2452 3076 orationis
2485 3018 2606 3091 ejus
2642 3016 2920 3075 consortio
2951 3022 3269 3088 segregant,
3298 3022 3463 3084 atque
3499 3027 3682 3069 secer-

354 3119 494 3162 cum
540 3105 745 3164 fuerint
778 3108 847 3165 ad
875 3108 1119 3167 ofﬁcium
1160 3112 1446 3168 necessarii
1492 3114 1751 3187 cujusque
1792 3113 1972 3187 operis
1998 3100 2043 3165 C
2080 3121 2236 3183 nunt,
2261 3112 2409 3186 quod
2429 3100 2457 3145 δ
2484 3110 2712 3169 credunt
2749 3126 2877 3168 eum
2903 3108 2993 3182 qui
3028 3108 3097 3164 ab
3125 3107 3371 3164 oratione
3408 3105 3690 3193 suspendi-

1480 3279 1735 3336 ALARDI
1770 3281 1993 3337 GAZJEI
2031 3279 2590 3338 COMMENTARIUS.

435 3420 472 3491 '_
494 3416 827 3491 Exemplum
852 3418 1128 3491 religiosa
1150 3419 1437 3479 modestiae
1456 3431 1511 3478 et
1537 3423 1739 3482 silentii
1764 3426 1822 3482 in
1845 3442 1968 3483 ora-

352 3486 537 3570 terio,
570 3487 628 3542 in
652 3486 811 3570 delia,
826 3489 902 3570 _in
932 3486 1188 3570 claustro,
1211 3492 1556 3564 dormitorio,
1579 3495 1647 3552 de
1673 3513 1784 3570 quo
1818 3498 1973 3570 plura

352 3559 622 3616 dicemus
646 3559 948 3616 Collatione
982 3565 1064 3617 14.

438 3622 466 3660 ³)
498 3628 933 3707 Prudentissime
976 3632 1030 3707 id
1071 3634 1432 3707 constitutum
1484 3644 1541 3693 et
1590 3637 1968 3707 observatum;

354 3698 517 3770 quod
537 3709 595 3755 et
617 3702 858 3771 Angelus
882 3704 940 3758 S.
976 3704 1275 3761 Pachomio
1302 3705 1527 3763 dictavit
1550 3708 1606 3763 in
1631 3708 1748 3766 haec
1768 3708 1930 3766 verba
1953 3698 1965 3766 Ξ

358 3771 459 3826 Ad
473 3770 702 3826 alterius
710 3770 897 3828 sellam
905 3775 1119 3831 intrare
1130 3777 1311 3831 nullus
1322 3779 1541 3835 audeat.
1559 3779 1707 3835 Idem
1719 3780 1886 3837 etiam
1896 3784 1946 3836 D
1954 3824 1967 3837 .

358 3840 699 3919 Benedictus
722 3843 999 3919 robservari
1024 3846 1214 3913 voluit,
1226 3852 1291 3902 ut
1312 3864 1379 3903 ne
1399 3851 1523 3918 quis
1552 3853 1732 3917 frater
1753 3851 1829 3905 ad
1842 3854 1970 3919 fra-

358 3919 515 3991 frcm
522 3912 800 3991 jungatur
977 3912 1457 3991 incompetentibus
1471 3939 1487 3974 :
1501 3912 1820 3991 Cujusmodi
1842 3912 1973 3977 sunt

359 3983 544 4045 bore,
589 3983 788 4053 quibus
838 3985 1079 4049 lectioni,
1111 3983 1208 4041 aut
1255 3987 1428 4042 labori
1477 3983 1742 4045 manuum
1782 3990 1975 4047 fratres

357 4053 572 4109 debent
595 4054 931 4117 incumbere,
963 4056 1041 4110 ait
1060 4059 1534 4113 Turrecrematus.
1584 4059 1794 4115 Eodem
1838 4076 1972 4117 vero

498 4132 598 4190 tat,
617 4141 695 4200 ne
718 4126 845 4200 quis
867 4096 1116 4182 ofﬁcinas
1148 4096 1526 4200 operariorum
1554 4096 1977 4200 ingrEd‘iuaud‘e‘a‘t

498 4139 598 4190 tat,
626 4141 695 4181 ne
718 4141 845 4197 quis
867 4139 1116 4182 omemas
1148 4141 1526 4197 operariorum
1554 4139 1761 4200 ingredi
1781 4139 1971 4187 audeat

359 4139 579 4271 mue
616 4196 863 4271 licentia;
896 4205 1261 4271 praeterquam
1276 4197 1326 4271 _ii
1357 4198 1450 4268 qui
1498 4198 1814 4271 h‘ujusmodi
1848 4201 1971 4257 ofﬁ-

360 4266 542 4340 cinis,
567 4267 855 4340 operisque
879 4266 1009 4323 sunt
1045 4266 1310 4339 praefecti.
1344 4266 1464 4340 Qua
1511 4266 1585 4326 de
1612 4286 1671 4326 re
1716 4273 1789 4329 D.
1821 4272 1975 4328 Basi-

367 4337 483 4392 lius
512 4336 585 4392 ita
609 4336 792 4392 sanxit
818 4356 831 4393 :
862 4340 925 4395 Si
966 4336 1090 4408 quis
1113 4336 1422 4409 importune
1443 4344 1591 4396 venit
1615 4344 1678 4397 in
1714 4344 1974 4409 culinam,

358 4413 478 4483 aut
492 4409 558 4483 in
575 4409 878 4483 cellarium,
898 4412 1133 4483 exceptis
1156 4409 1481 4480 designatis,
1506 4417 1605 4467 aut
1624 4415 1710 4468 his
1739 4416 1839 4483 qui
1852 4415 1969 4471 dis-

359 4480 587 4549 ciplina
622 4479 785 4552 hujus
828 4480 1041 4552 ordinis
1063 4497 1253 4536 curam
1279 4479 1492 4552 gerunt,
1523 4490 1709 4540 careat
1732 4479 1974 4541 benedic-

578 4552 644 4605 Et
663 4553 721 4624 Si.
750 4549 1075 4624 Pachomius
1100 4549 1301 4609 Basilio
1328 4568 1462 4624 pene
1500 4564 1809 4612 coaetaneus
1835 4574 1849 4611 :
1882 4558 1976 4614 Ad

364 4622 656 4698 ofﬁcinas,
696 4620 902 4698 inquit,
929 4622 1274 4698 diversarupz
1324 4620 1533 4679 artium
1584 4628 1687 4681 soli
1736 4632 1974 4698 pergant

367 4692 675 4776 ιιτίξξοεέείι
700 4694 1061 4776 "(rerum
1085 4694 1232 4776 uad
1253 4698 1731 4776 ’ξεξίίεεεανέῖιηιρεὲ

444 4761 702 4841 ‘_Ead_em
728 4761 1115 4841 utitur’phrasi
1142 4765 1235 4841 |i_b.
1276 4766 1571 4841 lll__capite
1606 4774 1661 4822 7.
1688 4769 1759 4823 Et
1794 4768 1972 4841 qualis

368 4847 433 4888 ea
468 4831 642 4909 fuerii
688 4831 1035 4909 pmnitentia,
1077 4835 1314 4909 declarat
1362 4831 1477 4892 lib.‘
1512 4851 1576 4892 ιν
1604 4853 1724 4909 cap.
1774 4831 1842 4895 ιὲὶ
1888 4839 1973 4895 his

366 4903 553 4959 verbis
572 4920 588 4957 :
602 4904 816 4960 Cunctis
826 4907 887 4959 in
893 4907 1099 4974 δυτιαωί
1106 4907 1385 4973 fratribus
1402 4903 1745 4976 congregatis
1761 4910 1972 4964 tamdiu

361 4979 685 5044 prostratus
703 4977 765 5029 in
784 4980 989 5030 terram
1018 4978 1232 5031 veniam
1244 4978 1568 5045 postulabit,
1590 4978 1754 5033 donec
1778 4982 1976 5035 oratio-

366 5060 507 5117 num
558 5046 869 5117 solemnitas
913 5052 1339 5114 consummetur;
1380 5050 1776 5117 impetraturus
1822 5065 1940 5105 eam
1955 5096 1971 5114 ,

356 5115 557 5185 jussus
585 5117 763 5182 fuerit
784 5116 1020 5172 Abbatis
1033 5118 1249 5186 judicio
1275 5117 1342 5173 de
1362 5115 1475 5173 solo
1496 5134 1736 5188 surgere.
1764 5119 1976 5177 Similia

366 5185 626 5262 babetAD.
665 5184 991 5262 Benedictus
1019 5203 1139 5259 cap.
1156 5193 1235 5262 _43
1266 5197 1320 5243 et
1342 5194 1411 5243 44
1439 5191 1683 5262 Regulae.
1840 5259 1850 5262 _

439 5245 471 5289 δ
519 5259 861 5330 Suspensum
909 5258 977 5330 ab
1030 5245 1277 5314 oratione
1346 5275 1445 5330 pro
1502 5245 1977 5319 e‘icommnnicato

368 5326 465 5384 hic
489 5327 663 5399 accipi
693 5328 827 5383 satis
857 5328 1078 5399 evidens
1122 5337 1228 5385 est.
1256 5326 1420 5387 Tradi
1459 5332 1607 5386 enim
1634 5332 1850 5387 Satanae
1897 5347 1979 5389 se-

369 5397 625 5472 cundum
663 5398 988 5472 sententiam
1024 5400 1286 5472 AApostoli
1335 5401 1384 5457 is
1407 5401 1610 5458 dicitur
1638 5404 1699 5472 (ι
1734 5403 1851 5460 Cor.
1885 5406 1978 5471 v),

367 5470 465 5541 qui
490 5485 521 5525 a
550 5485 786 5540 corpore
833 5469 1066 5545 Christi,
1089 5469 1179 5545 id
1212 5480 1316 5545 est,
1369 5472 1631 5545 Ecclesia,
1651 5469 1979 5545 praescindié

370 5548 485 5616 iur,
509 5550 569 5598 et
601 5556 633 5595 a
675 5541 1067 5616 communione
1110 5541 1356 5616 ﬁdelium
1380 5541 1710 5616 excluditur
1738 5564 1751 5601 :
1782 5560 1846 5616 ac
1889 5560 1983 5616 per

370 5609 485 5687 hoc
508 5611 768 5687 potestati
808 5620 866 5668 et
890 5612 1184 5687 tyrannidi
1212 5613 1415 5687 diaboli
1463 5614 1874 5687 quodammodo
1890 5609 1981 5673 ἰθ-

368 5680 671 5759 linquitur;
706 5682 856 5759 sicut
889 5680 1124 5759 Ecclesia
1168 5680 1793 5759 haereticos-convictos
1827 5695 1980 5759 pote-

370 5753 509 5810 stati
554 5753 807 5811 saeculari
845 5753 1123 5828 relinquit.
1167 5755 1333 5814 Unde
1372 5759 1707 5831 Augustinus
1742 5779 1755 5815 :
1794 5753 1982 5818 Omnis

596 5845 864 5902 Panos.
903 5845 1116 5902 XLIX.

2081 3428 2447 3491 Christianus,
2488 3424 2690 3496 inquit',
2721 3424 2821 3494 qui
2864 3438 2899 3477 a
2922 3422 3291 3496 sacerdotibus
3318 3421 3686 3496 excommuni-

2080 3503 2260 3563 catur,
2290 3500 2510 3555 Satanae
2535 3492 2782 3552 traditur
2810 3514 2827 3550 :
2852 3493 3151 3565 quomodo?
3174 3494 3308 3565 quia
3325 3496 3486 3546 extra
3517 3492 3696 3547 Eccle-

2080 3571 2223 3646 sium
2239 3569 2490 3646 diaboius
2519 3572 2625 3635 est;
2651 3568 2879 3646 sicut‘in
2905 3566 3143 3646 Ecclesia
3170 3564 3473 3646 ς·
3491 3578 3555 3617 ac
3588 3577 3690 3631 per

2080 3642 2177 3696 hoc
2199 3642 2364 3710 quasi
2390 3641 2614 3696 Satanae
2643 3638 2908 3710 traditur,
2934 3638 3033 3710 qui
3068 3636 3138 3689 ab
3160 3636 3537 3710 Ecclesiastica
3561 3648 3691 3710 cam-

2080 3704 2333 3766 munione
2361 3714 2688 3765 removetur.
2729 3707 2879 3765 Unde
2901 3704 3025 3761 illos
3061 3721 3194 3776 quos
3237 3710 3364 3760 tunc
3400 3704 3691 3773 Apostolus

2081 3783 2304 3854 Satanae
2341 3796 2450 3837 esse
2481 3780 2715 3854 traditos
2734 3778 3033 3854 praedicat,
3056 3777 3546 3854 eia-communicatos
3574 3790 3610 3854 ᾳ
3619 3789 3692 3854 _se

2082 3867 2192 3908 esse
2221 3852 2558 3907 demonstrat
2583 3852 2635 3917 (Ι
2661 3847 2779 3907 Cor.
2810 3863 2832 3904 ι
2857 3854 2910 3924 et
2935 3848 3021 3918 v).
3056 3849 3193 3924 time
3216 3847 3556 3924 Augustinus
3568 3847 3599 3924 .(
3610 3848 3687 3924 De

2081 3925 2229 3979 verb.
2257 3925 2450 3993 Apost.
2475 3914 2669 3989 semio,
2693 3924 2825 3993 68)._
2853 3914 3112 3993 Suspensi
3139 3914 3325 3993 itaque
3345 3914 3423 3993 ab
3443 3914 3703 3993 oratione‘

2080 3986 2443 4068 censebantur
2458 3986 2979 4068 excommunicatif
2993 3987 3314 4068 ac‘proinde
3341 3986 3555 4068 Satanae
3575 3992 3686 4064 ira:

2081 4062 2205 4134 diti.
2238 4065 2363 4134 Quo
2400 4063 2567 4134 etiam
2595 4060 2764 4134 modo
2791 4063 2862 4114 D.
2897 4054 3225 4134 Bepedictus
3239 4054 3687 4134 .hunc_(_3ass_iani

2084 4121 2289 4199 locum:
2316 4140 2379 4204 ut
2408 4132 2624 4204 opinor,
2639 4130 2898 4204 imitatus
2916 4133 2935 4191 (
2953 4129 3084 4204 (gap:
3114 4131 3203 4204 24,
3235 4128 3303 4178 25
3323 4128 3375 4177 et
3402 4128 3533 4204 44),
3556 4121 3692 4204 duas

2086 4192 2463 4274 suspensionis
2488 4192 2716 4274 species
2750 4198 2927 4274 magis
2954 4192 3211 4252 distincte
3238 4193 3530 4274 expressit;
3557 4192 3689 4274 alte-

2084 4263 2205 4339 ram
2230 4263 2902 4349 pro_culpis'gravioribus
2921 4309 2936 4333 ,
2966 4282 3071 4339 qua
3121 4263 3467 4349 suspenditur
3489 4264 3618 4349 quis
3651 4281 3683 4321 a

2084 4288 2205 4339 ram
2230 4288 2328 4345 pro
2353 4286 2442 4327 cui
2484 4286 2531 4325 IS
2564 4286 2936 4342 gravioribus,
2966 4286 3071 4339 qua
3121 4286 3215 4321 sus
3322 4286 3467 4321 uitur
3489 4286 3614 4337 quis
3651 4286 3683 4321 a

2081 4358 2269 4399 mensa
2297 4286 2480 4409 simul:
2504 4349 2560 4397 et
2586 4340 2655 4396 ab
2682 4339 2926 4395 oratione
2955 4360 2967 4394 :
3005 4336 3151 4410 quod
3182 4286 3328 4393 idfrlrli
3366 4350 3481 4391 esse
3505 4336 3685 4410 decla-

2081 4422 2293 4489 rat,__ac
2331 4406 2794 4489 excommunicari
2835 4419 2891 4466 et
2935 4406 3076 4489 tradi
3120 4411 3333 4489 Satanae
3376 4406 3686 4489 secundum
3778 4480 3783 4485 δ

2080 4485 2405 4560 terribilem
2428 4483 2678 4556 Apostoli
2720 4482 3078 4547 sententiam;
3107 4482 3332 4560 alteram
3352 4493 3481 4560 Apro
3516 4479 3684 4560 ievio-

2082 4556 2235 4628 ribus
2263 4551 2525 4628 culpis_,'a
2567 4570 2771 4628 mensa:
2819 4551 3204 4628 tantummodo
3239 4551 3681 4628 participatione.

2080 4624 2252 4684 Porro
2289 4621 2418 4684 cn'm
2446 4621 2742 4684 illiusmodi
2783 4623 3179 4696 suspensionis,
3193 4621 3321 4696 sive
3363 4634 3680 4696 excommu-

2006 4686 2056 4749 D
2079 4698 2571 4781 uicatiqn_is_pmna
2613 4686 2917 4777 secundum
2967 4692 3332 4781 evangelicam
3369 4689 3680 4781 delciiiinam

2078 4770 2286 4826 nemini
2315 4758 2608 4836 inﬁigenda
2645 4766 2739 4835 sit,
2769 4766 2875 4821 nisi
2901 4765 2993 4836 qui
3015 4758 3325 4836 _Ec_é|esiam
3353 4758 3540 4813 audire
3585 4772 3685 4812 no-

2081 4833 2493 4905 luerit(Mattlt.
2524 4833 2763 4901 xvm)’:
2809 4851 2872 4890 ac
2910 4833 3137 4905 proinde
3160 4843 3325 4884 nemo
3369 4841 3684 4905 excommu-

2078 4897 2339 4980 nicandus
2386 4908 2460 4963 ob
2499 4897 3164 4980 quamcumque'culpam
3206 4897 3683 4980 .gravioreni,_.et

2081 4978 2455 5043 mortiferam,
2512 4967 2618 5031 nisi
2663 4975 2712 5030 ei
2756 4967 3111 5044 co'njunctiim
3130 4967 3254 5044 iisitj
3297 4967 3683 5044 inobedientiae

2081 5056 2387 5120 peccatum,
2425 5039 2534 5118 quo
2562 5047 2686 5120 quis
2728 5039 2876 5101 nolit'
2902 5040 3094 5120 audire
3129 5040 3463 5120 Ecclesiam,
3491 5039 3681 5120 idest,

2083 5112 2760 5196 obtemperare'ﬁcciesiae,
2790 5130 2884 5196 seu
2914 5113 3136 5196 praelato
3162 5112 3527 5195 ecclesiastico
3554 5112 3685 5196 legi-

2088 5190 2224 5247 time
2261 5184 2596 5262 pracipienti
2628 5208 2640 5243 ε
2674 5202 2771 5262 par
2795 5194 2892 5262 est_
2905 5184 3217 5262 existimare
3266 5184 3546 5262 neminem
3576 5184 3683 5241 fra-

2086 5271 2236 5320 trum
2259 5256 2339 5338 sic
2364 5256 2567 5317 ab'illis
2598 5256 3130 5338 patribusiluissenab
3164 5256 3412 5338 oratione
3454 5270 3686 5328 suspen-

2087 5350 2210 5390 sum
2233 5333 2404 5400 ,‘sive
2427 5328 2963 5388 excommunicatum
2996 5329 3118 5400 (illa
3158 5328 3424 5400 nimirum
3463 5342 3687 5383 excom-

2088 5398 2482 5471 municatione,
2512 5417 2676 5473 quam
2706 5402 2974 5473 majorem
3001 5398 3368 5473 distinctionis
3397 5412 3559 5454 causa
3584 5413 3687 5454 no-

2090 5476 2400 5543 minamus)
2421 5469 2571 5549 ;_nisi
2593 5469 2858 5546 gravioris
2880 5473 3053 5549 culpa:
3090 5485 3219 5549 reus
3242 5469 3691 5549 judicatus,_eam

2091 5554 2277 5618 tamen
2312 5538 2569 5618 regulari,
2595 5538 2652 5600 Et
2665 5551 2866 5600 statuta
2891 5538 3305 5618 pa’nitentiaxt
3324 5538 3694 5618 satisfaciione

2093 5617 2328 5689 diluere,
2365 5609 2429 5674 ut
2450 5616 2523 5673 ait
2549 5609 2782 5689 Auctor,
2808 5630 2872 5670 ac
2891 5609 3191 5689 emendare
3219 5615 3516 5689 recusaret.
3536 5609 3696 5689 fl‘unc

2087 5688 2249 5761 enim,
2265 5681 2490 5761 demum
2514 5681 2834 5745 censebatur
2873 5685 2943 5741 ab
2969 5681 3706 5761 oratione,-et.oratorio,net

2089 5744 2285 5817 ciliciis
2317 5744 2535 5817 divinis
2595 5771 2918 5831 suspensus;
2972 5762 3035 5810 ut
3080 5766 3182 5807 nec
3226 5744 3338 5819 ipsi
3379 5760 3509 5802 cum
3556 5744 3694 5805 aliis,
