4052 6200
252 360 332 416 109

680 363 769 418 DE
807 362 1297 420 CENOBIORUM
1334 364 1579 420 INSTIT.
1620 365 1746 422 LIB.
1787 367 1807 421 ι

1920 397 1958 407 -
2002 368 2090 422 DE
2126 366 2513 424 NOCTURNIS
2550 368 3027 426 ORATIONIBUS.

3412 375 3512 429 UO

243 484 309 540 vel
328 498 570 556 synaxeos
602 500 732 542 cura
779 487 1156 555 committitur,
1189 501 1304 543 non
1334 486 1557 559 passim,
1589 497 1652 545 ut
1684 489 1801 546 libi-
1830 494 1882 557 Α
1911 491 2090 546 diatur
2118 490 2347 561 horam;
2377 492 2455 548 vel
2485 486 2739 549 eamdem
2763 493 3128 561 dormiturus,
3161 501 3324 567 atque
3361 494 3512 552 festi-

242 587 451 646 tumest,
476 594 578 636 nec
619 589 784 652 prout
820 589 982 638 nocte
1010 579 1173 638 fuerit
1220 582 1668 655 expergefactus,
1708 592 1804 640 aut

240 672 570 744 opportunitas
604 688 734 729 eum
773 675 954 730 somni
990 674 1194 747 proprii
1222 689 1321 731 seu
1360 675 1617 732 iusomnii
1645 690 1801 733 coar-

239 766 444 834 ctaverit,
472 765 667 822 fratres
709 767 873 823 etiam
915 766 983 823 ad
1020 767 1368 839 quotidianas
1401 769 1611 840 vigilias
1639 784 1801 825 exsu-

191 892 198 899 ~
238 858 394 915 scitare.
441 861 740 931 praesumit.
799 861 906 918 Sed
962 861 1214 932 quamvis
1268 876 1396 917 eum
1460 861 1801 918 consuetudo

237 948 480 1018 diuturna,
504 952 638 1009 hora
658 953 816 1010 solita
850 954 1101 1028 evigilare
1126 955 1442 1027 compellat,
1469 964 1654 1012 tamen
1683 957 1799 1011 sol-

235 1041 350 1101 licite
364 1086 377 1113 ,
418 1043 840 1120 frequenterque
889 1048 1166 1104 stellarum
1209 1064 1374 1105 cursu
1432 1049 1800 1121 praestitutum

233 1141 635 1213 congregationis
657 1150 874 1213 tempus
908 1140 1226 1212 eXplorans,
1256 1140 1327 1197 ad
1369 1142 1678 1197 orationum
1705 1156 1802 1198 eos

229 1231 392 1289 invitat
412 1233 660 1291 ofﬁcium
679 1276 695 1304 ,
718 1250 786 1290 ne
812 1234 867 1290 in
903 1242 1135 1307 utroque
1174 1234 1480 1291 inveniatur
1512 1236 1797 1303 incautus,

225 1327 264 1383 si
309 1327 383 1383 vel
438 1343 728 1399 oppressus
767 1343 963 1384 somno
1010 1336 1273 1384 statutam
1316 1328 1494 1407 roctis
1523 1337 1798 1402 transgre-

1909 598 2014 640 nus
2035 582 2103 640 ad
2131 598 2391 641 somnum
2431 586 2715 657 anticipet,
2740 595 2795 643 et
2836 603 2945 643 non
2976 596 3091 643 tam
3132 588 3313 645 ofﬁcio
3358 588 3513 661 spiri-

1908 675 2037 744 tali,
2083 676 2169 731 vel
2224 676 2391 748 quieti
2436 678 2688 732 omnium
2742 677 3068 748 deservisse,
3100 695 3262 751 quam
3310 680 3509 755 requiei

1910 784 2027 825 suae
2052 769 2378 826 satisfecisse
2399 770 2672 827 credatur.

2473 879 2718 935 CAPUT
2749 881 2960 936 XVIII.

1932 1037 1949 1051 .
1981 973 2133 1039 Quod
2155 988 2191 1026 a
2214 987 2445 1051 vespera
2462 974 2693 1029 Sabbati
2722 988 2912 1051 usque
2930 975 3005 1029 ad
3031 991 3305 1046 vesperam
3328 978 3439 1032 diei

2226 1046 2519 1098 Dominicte
2543 1060 2720 1112 genua
2748 1060 2854 1099 non
2874 1048 3183 1113 ﬂectantur.

1984 1147 2101 1201 Hoc
2138 1160 2355 1216 quoque
2387 1160 2548 1201 nosse
2585 1144 2917 1215 debemus,“
2945 1160 2974 1200 a
3018 1162 3237 1218 veSpera
3279 1147 3510 1216 sabbati,

1906 1254 2028 1310 quae
2085 1238 2309 1295 lucescit
2341 1242 2394 1294 in
2429 1238 2573 1296 diem
2599 1238 2966 1310 dominicum,
3000 1254 3173 1310 usque
3209 1238 3277 1295 ad
3320 1256 3512 1313 vespe-

1905 1345 2025 1385 ram
2067 1339 2386 1403 sequentem
2432 1330 2575 1403 apud
2620 1331 2897 1403 Egyptios
2926 1323 2952 1362 δ
2994 1314 3169 1403 genua
3232 1348 3344 1389 non
3388 1348 3513 1389 cur-

1295 1473 1549 1528 ALARDI
1585 1473 1810 1529 GAZzEI
1848 1472 2407 1530 COMMENTARIUS.

218 1597 393 1650 niatur
418 1597 669 1669 incautus
697 1596 789 1650 :id
809 1600 906 1660 est,
930 1612 998 1651 ne
1020 1599 1103 1652 rel
1121 1613 1405 1669 oppressus
1433 1614 1613 1654 somno
1632 1604 1802 1655 statu-

220 1670 320 1721 tam
345 1668 511 1721 noctis
538 1672 789 1739 transeat
800 1669 1019 1734 horam;
1042 1670 1124 1722 vel
1146 1668 1385 1725 eamdem
1410 1673 1645 1739 festinus
1665 1674 1802 1726 anti-

217 1739 360 1813 cipet.
385 1737 652 1813 Haecine.
692 1737 797 1813 Sed
817 1753 886 1794 ne
919 1739 1049 1811 quid
1074 1740 1161 1796 hic
1187 1737 1501 1813 prmtereat,
1543 1742 1707 1813 quod,
1730 1742 1800 1813 ad

214 1808 474 1879 iuniorum
519 1808 970 1877 instructionem}
997 1818 1051 1866 et
1086 1808 1260 1868 nostri
1291 1808 1519 1868 instituti
1557 1808 1808 1868 'elucida-

208 1879 402 1951 tionem
426 1879 699 1951 pertinere
728 1879 1001 1948 videatur;
1032 1880 1163 1937 libet
1195 1883 1359 1939 etiam
1398 1884 1531 1939 illud
1571 1882 1769 1939 addere
1788 1924 1805 1949 ,

211 1950 346 2025 quod
372 1950 498 2025 inc:
528 1956 589 2004 11
628 1950 871 2022 ejusdem
908 1953 1133 2024 Regulae
1173 1953 1404 2010 habetur
1424 1954 1717 2025 singulare,
1749 1963 1802 2009 et

1906 1616 2075 1670 neque
2098 1602 2173 1655 ad
2203 1602 2593 1656 observandum
2626 1603 2930 1655 indicamus
2956 1601 3206 1670 jejunio;
3239 1617 3410 1669 neque
3436 1602 3510 1655 ad

1908 1673 2245 1725 exorandum
2271 1677 2438 1727 Deum
2458 1689 2631 1739 genua
2652 1673 2989 1725 succidamus
3021 1691 3037 1726 :
3061 1673 3154 1725 sed
3175 1674 3313 1725 sicut
3333 1672 3433 1725 dot;
3457 1675 3506 1726 i-

1907 1744 2032 1795 nica
2059 1744 2285 1795 solemus
2324 1745 2525 1807 facere,
2557 1746 2718 1795 erecti
2737 1748 2786 1795 et
2816 1744 3011 1809 feriati
3055 1744 3511 1797 Resurrectionem

1915 1814 2137 1867 Domini
2171 1812 2516 1882 celebramus.
2545 1813 2601 1866 S.
2630 1812 2993 1881 Hieronymus
3035 1812 3087 1865 in
3132 1812 3364 1882 Dialogo
3412 1812 3505 1865 ad-

1915 1897 2102 1938 versus
2146 1880 2559 1937 Luciferianos:
2594 1884 2691 1937 Die
2740 1880 3023 1943 dominico,
3072 1886 3122 1935 et
3162 1897 3262 1950 per
3308 1880 3512 1935 omnem

1911 1957 2250 2009 Pentecosten
2282 1969 2376 2006 nec
2410 1953 2476 2006 de
2505 1954 2767 2021 geniculis
2796 1954 3058 2013 adorare,
3087 1958 3137 2006 et
3154 1952 3374 2020 jejunio
3406 1954 3510 2005 sol-

207 2002 272 2096 ξᾶ
285 2002 424 2076 tio;
446 2002 1801 2096 ius;signantuer'ggeteagfiefﬁgiatae;
1832 2002 1880 2063 Β
1910 2002 3508 2096 causam'aat,“qasgeapnaistat-anates

205 2093 255 2151 S.
286 2096 440 2148 Pater
465 2093 536 2147 N.
558 2092 828 2166 disposuit
860 2092 1325 2166 qualiter‘vigiliae,
1350 2094 1404 2150 id
1427 2092 1530 2161 est,
1560 2092 1804 2166 officium

202 2171 527 2238 nocturnum
561 2162 752 2219 diebus
797 2162 1084 2238 dominicis
1113 2162 1420 2238 peragatur,
1449 2165 1670 2220 subdit:
1697 2167 1808 2238 Qui

202 2236 330 2289 ordo
351 2236 675 2303 vigiliarum
694 2237 840 2288 omni
859 2240 1096 2305 tempore
1115 2232 1231 2290 tam
1246 2232 1473 2297 astatis,
1501 2251 1663 2304 quam
1689 2232 1806 2305 hye-

198 2309 300 2360 mis
314 2322 469 2375 (equa
477 2307 601 2358 liter
611 2307 671 2358 in
688 2306 778 2359 die
789 2306 1055 2359 dominico
1069 2310 1342 2371 teneatur;
1360 2308 1469 2361 nisi
1481 2310 1626 2373 forte
1641 2310 1658 2371 ί
1663 2308 1807 2376 quod

198 2379 360 2443 absit)
374 2377 595 2431 tardius
609 2391 777 2445 surga
785 2381 877 2430 tur
894 2396 910 2430 :
928 2381 980 2430 et
993 2381 1120 2430 tunc
1135 2379 1351 2447 aliquid
1363 2378 1712 2433 breviandum
1729 2385 1807 2432 est

197 2448 622 2509 delectionibus,
655 2452 754 2501 aut
792 2450 1161 2517 responset-iis.
1187 2449 1340 2516 Quod
1375 2454 1553 2504 tamen
1590 2451 1802 2503 omnino

196 2524 476 2580 caveatur,
494 2533 560 2571 ne
582 2519 887 2587 proveniat.
908 2518 1060 2586 Quod
1085 2521 1136 2572 si
1160 2522 1459 2589 contigerit,
1487 2520 1650 2588 digne
1672 2521 1800 2574 inde

192 2592 514 2657 satisfaciat
530 2593 632 2643 Deo
652 2590 710 2641 in
725 2592 986 2651 oratorio,
1000 2605 1101 2659 per
1124 2590 1277 2659 cujus
1296 2592 1358 2644 id
1375 2592 1605 2645 erenerit
1623 2592 1801 2659 negle-

189 2666 355 2732 ctum.
386 2658 500 2732 Ubi
525 2661 975 2732 Turrecrematus
995 2658 1272 2731 exponens
1299 2660 1579 2732 quomodo
1603 2658 1807 2731 aliquid

192 2729 560 2803 breviandum
605 2728 709 2803 _dei
735 2728 1081 2795 lectionibus,
1115 2739 1209 2787 aut
1244 2728 1644 2803 responsoriis:
1690 2728 1807 2788 Non

188 2803 439 2873 quidem,
470 2799 748 2873 inquit,_in
767 2816 1025 2856 numero:
1048 2805 1179 2871 quia
1204 2799 1410 2873 semper
1436 2803 1717 2857 duodecim
1733 2803 1811 2857 di-

186 2871 373 2927 em
401 2871 564 2937 sunt;
589 2871 681 2924 sed
697 2873 755 2925 in
774 2875 1085 2942 quantitate
1114 2893 1130 2927 :
1153 2879 1215 2929 ut
1247 2871 1508 2929 breviores
1527 2875 1804 2937 dicantur,

187 2961 361 3014 quam
376 2945 637 2998 deberent
654 2960 669 2995 :
690 2944 923 2998 brevitas
938 2948 1120 3016 autem
1133 2947 1591 3016 responsoriorum
1610 2962 1715 3000 non
1730 2951 1809 2999 est

185 3016 517 3085 accipienda
557 3016 617 3067 in
641 3029 861 3068 numero
894 3034 910 3069 :
939 3020 1002 3069 ut
1029 3015 1285 3071 dicantur
1319 3020 1606 3087 pauciora,
1637 3032 1803 3086 quam

183 3087 512 3148 duodecim;
536 3089 636 3138 aut
672 3087 729 3138 in
756 3088 1094 3154 quantitate,
1132 3093 1195 3142 ut
1235 3088 1491 3142 dicantur
1538 3089 1799 3148 breviora,

181 3158 281 3211 sed
299 3157 501 3227 quoad,
526 3160 712 3209 notam
739 3156 1055 3225 accipienda
1081 3162 1183 3224 est;
1204 3163 1268 3212 ut
1294 3159 1551 3212 dicantur
1582 3158 1804 3227 expedi-

181 3230 320 3291 tius,
355 3233 497 3281 nota
529 3227 780 3279 breviori.

249 3301 277 3330 ⁸
321 3300 497 3352 Hanc
525 3294 765 3363 phrasim
810 3301 1093 3349 mutuatus
1120 3302 1203 3352 est
1236 3304 1425 3352 auctor
1452 3310 1516 3349 ex
1560 3295 1805 3351 Matthazi

1915 2096 2020 2149 sibi
2049 2097 2344 2149 obsemratio
2372 2095 2671 2148 vindicavit
2694 2093 2856 2164 (Cap.
2881 2098 2965 2157 4).
2991 2094 3139 2147 idem
3170 2094 3224 2149 iu
3244 2093 3509 2164 prooemio

1914 2165 2069 2236 epist.
2101 2166 2167 2220 ad
2198 2164 2459 2236 Ephesios
2489 2186 2500 2218 :
2535 2169 2842 2221 Permansit
2880 2167 3081 2221 Paulus
3111 2166 3311 2234 Ephesi
3344 2179 3512 2233 usque

1911 2237 1986 2290 ad
2012 2239 2344 2291 Pcntecosten
2364 2279 2378 2298 ,
2406 2241 2614 2306 tempus
2651 2238 2857 2305 lcetitice
2879 2242 3043 2305 atque
3078 2238 3317 2290 victoria:
3335 2278 3350 2297 ,
3401 2251 3505 2304 quo

1910 2323 2014 2361 non
2031 2310 2291 2376 ﬂectimus
2310 2324 2508 2376 genua,
2523 2324 2617 2362 nec
2636 2324 2851 2362 curvam
2860 2324 2927 2361 ur
2949 2310 3007 2361 in
3028 2313 3259 2369 terram;
3283 2307 3377 2361 sed
3392 2322 3511 2361 cum

1910 2381 2133 2433 Domino
2152 2384 2429 2447 surgentes
2459 2379 2533 2432 ad
2571 2380 2688 2432 alta
2725 2380 3076 2433 sustollimur.
3106 2378 3351 2447 Denique
3379 2378 3506 2433 Ale-

1910 2449 2120 2505 xander
2151 2450 2229 2504 lli
2273 2448 2511 2519 pontifex
2557 2448 2674 2504 haec
2701 2449 2754 2503 in
2826 2464 2921 2503 sua
2972 2448 3235 2503 Drcretali
3272 2449 3509 2503 :Diebus

1911 2526 2091 2574 autem
2120 2520 2422 2582 dominicis,
2445 2524 2496 2573 et
2521 2521 2647 2572 aliis
2664 2522 2957 2588 prcccipuis
2971 2519 3385 2587 festivitatibus,
3401 2521 3511 2573 sire

1908 2592 2052 2644 inter
2068 2592 2269 2645 Pascha
2297 2596 2347 2644 et
2360 2593 2713 2652 Pentecosten,
2737 2604 2968 2657 genuum
2983 2591 3140 2656 ﬂemio
3163 2605 3509 2658 nequaquam

1910 2661 2064 2715 debet
2086 2663 2233 2728 ﬁeri;
2260 2662 2371 2713 nisi
2394 2661 2597 2727 aliquis
2623 2675 2690 2712 ea:
2714 2662 2986 2713 devotione
3014 2660 3072 2711 id
3100 2661 3229 2713 velit
3249 2662 3429 2725 facere
3454 2664 3510 2713 in

1911 2737 2109 2785 secreto
2133 2730 2264 2796 (Lib
2314 2744 2362 2785 Il
2417 2731 2678 2785 Decretal.
2706 2747 2749 2783 c.
2783 2731 3094 2796 Quoniam).
3127 2730 3306 2799 Hujus
3349 2745 3510 2799 porro

1911 2800 2266 2856 institutionis
2327 2806 2382 2854 et
2422 2799 2828 2855 consuetudinis
2873 2814 3091 2853 causam
3137 2807 3192 2853 et
3242 2800 3514 2854 rationem

1950 2872 2121 2927 lenius
2147 2870 2378 2942 explicat
2403 2878 2596 2925 auctor
2640 2869 2755 2942 ille,
2801 2868 2890 2940 qui
2937 2868 3078 2938 apud
3129 2869 3407 2923 Jusﬁnum
3445 2869 3514 2924 ad

1950 2887 2121 2927 tentus
2147 2887 2378 2942 explicat
2403 2887 2596 2925 auc-tor
2645 2887 2755 2937 me,
2801 2887 2890 2940 qur
2937 2887 3078 2938 apua
3129 2887 3407 2923 JUSllllum
3445 2887 3514 2924 au

1911 2887 2029 2998 Raec
2054 2943 2383 3014 interrogata
2423 2940 2703 3012 respondit
2731 2959 2743 2994 :
2776 2942 2839 2996 Si
2864 2956 3095 3009 genuum
3120 2942 3421 3014 incurvatio
3458 2942 3516 2993 in

1903 3010 2305 3085 precationibus
2330 3010 2826 3082 magis‘peccatores
2843 3016 2946 3067 Deo
2974 3010 3326 3085 commendat,
3351 3026 3514 3079 quam

1910 3082 1959 3139 si
1983 3090 2188 3139 stantes
2217 3088 2397 3145 orent,
2439 3086 2721 3152 magisque
2747 3099 2808 3137 ea
2852 3098 2936 3137 res
2977 3082 3223 3135 divinam
3246 3087 3516 3151 permovet

1910 3156 2339 3211 misericordiam
2357 3175 2372 3220 ;
2391 3159 2724 3225 quapropter
2745 3153 2934 3209 diebus
2953 3153 3250 3213 dominicis,
3265 3158 3316 3207 et
3332 3170 3363 3206 a
3382 3155 3512 3207 Pas-

1911 3227 2020 3280 cha:
2040 3228 2202 3294 feriis
2226 3228 2300 3280 ad
2328 3229 2663 3281 Pentecosten
2695 3240 2864 3295 usque
2881 3229 3161 3294 precantes
3200 3240 3377 3292 genua
3407 3240 3514 3279 non

1910 3298 2168 3364 ﬂectunt?
2219 3297 2368 3352 Unde
2405 3299 2566 3351 etiam
2605 3300 2661 3351 in
2701 3298 2936 3352 Ecclesia
2986 3297 3113 3351 talis
3151 3295 3514 3349 consuetudo?

179 3382 418 3446 xxvva
446 3364 621 3446 capite
649 3382 661 3417 :
687 3363 1386 3446 signiﬁcatquevesperam,
1408 3381 1529 3436 quae
1556 3365 1696 3421 diem
1718 3366 1807 3446 do:
1836 3368 1880 3432 C
1912 3363 2235 3446 Respondet
2280 3366 2493 3446 deinde
2515 3376 2704 3422 auctor
2746 3368 2832 3422 ille
2850 3384 2873 3446 _:
2905 3368 3045 3446 Quia
3084 3367 3385 3446 utriusque
3421 3382 3515 3420 nos

177 3439 467 3495 minicum
499 3433 811 3508 immediate
836 3433 1106 3508 antecedit
1139 3433 1286 3508 :quo
1340 3433 1503 3492 sensu
1548 3437 1804 3508 nonnulli

178 3510 255 3565 sic
302 3511 747 3580 interpretantur
792 3504 1064 3580 lucescere
1093 3506 1144 3561 in
1193 3504 1433 3580 primam
1482 3507 1714 3575 sabbati,
1746 3517 1807 3565 ut

177 3581 333 3637 idem
364 3576 640 3651 sit,'aciin
664 3576 811 3651 diem
835 3576 1171 3651 dominicum
1194 3576 1443 3651 proxime.
1488 3588 1805 3650 sequentem

178 3649 447 3706 inclinari
472 3653 491 3715 (
515 3649 777 3715 Walfrid.
812 3648 879 3702 de
898 3651 1026 3705 Reb.
1058 3648 1253 3706 Eccles.
1284 3666 1401 3720 cap.
1430 3654 1518 3706 25.
1546 3648 1800 3706 Amatur.

181 3723 280 3777 lib.
324 3737 347 3777 ι
383 3724 628 3777 601026).

247 3740 280 3777 ι.
324 3737 347 3777 ι
383 3737 453 3775 ca
513 3736 628 3775 τοι.

247 3786 280 3825 ⁵
308 3792 431 3864 Hic
452 3736 695 3864 lsi-inium
721 3790 947 3847 observa
965 3791 1261 3864 antiquum
1309 3792 1475 3848 ritum
1513 3791 1804 3864 curvandi,

178 3878 282 3919 seu
336 3861 605 3933 flectendi
632 3876 802 3933 genua
845 3862 1006 3917 certis
1042 3861 1380 3933 temporibus
1407 3864 1459 3917 in
1490 3863 1682 3919 ofﬁciis
1714 3861 1803 3918 ec—

178 3932 523 3991 clesiaSticis
554 3953 567 3988 :
600 3932 753 4002 cujus
776 3933 939 3988 etiam
964 3932 1213 3988 meminit
1247 3938 1318 3989 D.
1345 3935 1664 3988 Benedictus
1687 3950 1804 4004 cap.

178 4012 253 4061 50
308 4004 575 4076 Regulae.
620 4006 745 4058 Duo
786 4013 975 4076 antem
1019 4012 1267 4076 tempora
1309 4004 1397 4057 hic
1443 4004 1808 4072 designantur,

178 4073 618 4147 quibus'genua
657 4089 767 4129 non
817 4073 1150 4147 ﬂectunturi
1191 4074 1454 4147 primum,
1502 4080 1813 4147 ut_.Auct_or

179 4143 472 4218 loquitur,
491 4162 528 4199 a
555 4160 778 4218 vespera
808 4146 1048 4208 sabbati,
1071 4143 1202 4214 qua!
1220 4146 1437 4199 lucescit
1465 4146 1521 4198 in
1550 4144 1691 4218 diem
1714 4143 1815 4195 do-

178 4213 487 4279 minicum,
514 4213 687 4286 usque
714 4215 772 4268 in
802 4213 1095 4287 vesperam
1108 4224 1454 4286 sequentem;
1483 4213 1630 4287 quod
1657 4228 1812 4268 com-

181 4289 449 4358 muniter
471 4285 718 4358 dicimus
736 4300 766 4339 a
796 4285 986 4358 primis
1010 4285 1259 4358 Vesper-is
1307 4285 1575 4358 usquead
1620 4299 1812 4358 secun-

177 4357 281 4414 das
316 4355 921 4429 Vesperasicujuslibet
950 4355 1284 4426 Dominiem;
1317 4355 1423 4423 vel,
1451 4357 1494 4413 si
1546 4356 1718 4429 malis,
1760 4355 1813 4410 in

176 4427 493 4512 vesperam
528 4428 633 4510 diei
662 4427 990 4512 Dominicaa,
1035 4439 1102 4512 ut
1117 4429 1630 4512 comprehendat”
1653 4428 1815 4512 etiam

176 4498 644 4573 Completqrium
670 4498 995 4573 secundum,
1028 4503 1154 4555 totis
1199 4498 1671 4573 Quinquagesimte
1697 4499 1816 4573 die-

173 4572 303 4636 bus,
332 4568 506 4643 'quod
538 4570 702 4643 vulgo
721 4568 973 4638 dicimus,
1003 4580 1121 4643 toto
1150 4568 1396 4643 tempore
1423 4568 1686 4643 Paschali,
1712 4568 1817 4643 hoc

170 4652 284 4711 est,
346 4639 389 4697 ἐ
437 4639 707 4695 Paschate
768 4656 937 4712 usque
983 4642 1052 4697 ad
1106 4639 1491 4705 Pentecosten,
1544 4639 1691 4711 quod
1730 4639 1818 4695 hic

168 4712 679 4786 Quinquagcsima
708 4720 951 4786 vocatur,
978 4721 1039 4767 ut
1061 4713 1191 4786 alias
1215 4714 1536 4786 monuimus
1576 4713 1758 4786 LCap.
1781 4717 1815 4766 6

1913 3441 2154 3493 convenit
2169 3438 2358 3508 jugem
2382 3439 2618 3492 obtinere
2640 3440 2972 3500 memmium,
2996 3442 3047 3491 et
3073 3439 3247 3507 ipsius
3272 3452 3373 3506 per
3390 3453 3513 3507 pec-

1913 3514 2091 3563 catum
2123 3511 2306 3579 lapsus
2335 3511 2526 3571 nostri,
2560 3514 2612 3563 et
2639 3512 2835 3578 gratia:
2857 3509 3061 3565 Christi
3085 3510 3300 3563 Domini
3323 3509 3513 3571 nostri,

1908 3597 2007 3651 per
2030 3597 2195 3651 quam
2221 3598 2255 3634 a
2296 3583 2452 3650 lapsu
2484 3583 2898 3634 resurrem‘mus.
2937 3583 3009 3634 Ea
3031 3584 3256 3649 propter
3281 3594 3515 3647 genuum

1910 3668 2010 3723 per
2030 3667 2125 3706 sem
2151 3652 2264 3706 dies
2285 3653 2564 3723 inclinatio
2585 3652 2881 3723 symbolum
2908 3656 2959 3723 et
2975 3655 3103 3723 nota
3128 3654 3206 3704 est
3226 3651 3408 3718 lapsus
3421 3665 3517 3718 per

1910 3722 2130 3793 peccata
2155 3728 2339 3776 nostra
2372 3741 2387 3776 :
2416 3722 2561 3791 quod
2593 3738 2716 3776 vero
2754 3722 2840 3775 die
2888 3722 3152 3775 dominico
3195 3736 3371 3793 genua
3414 3736 3519 3772 non

1913 3791 2194 3862 flectimus,
2216 3795 2433 3861 signum
2446 3797 2523 3846 est
2548 3798 2599 3846 et
2624 3792 2924 3861 designatio
2954 3791 3373 3862 Resurrectimiis
3390 3805 3520 3862 ,pcr

1915 3861 2081 3935 quam
2120 3867 2313 3934 gratia
2336 3864 2541 3920 Christi
2560 3880 2593 3915 a
2622 3865 2851 3933 peccatis
2881 3867 2931 3916 et
2944 3878 2984 3935 κα
3009 3865 3178 3914 morte
3198 3861 3517 3935 liberatisu-

1914 3932 2053 3989 mus.
2088 3932 2138 3991 Α
2175 3935 2502 4004 temporibus
2542 3932 2720 3988 autem
2750 3934 3113 4003 apostolorum
3144 3932 3270 3984 talis
3300 3944 3522 3983 consuc-

1918 4007 2047 4059 tudo
2075 4008 2277 4074 accepit
2305 4007 2551 4066 initium,
2572 4009 2737 4072 prout
2758 4006 2919 4074 aitB.
2950 4006 3183 4074 Irenwus
3210 4005 3446 4074 martyr,
3473 4006 3522 4054 et

1919 4071 2591 4145 cpiscopus—Lugdunensis
2615 4077 2675 4126 in
2701 4074 2794 4126 lib.
2816 4073 2881 4125 de
2899 4073 3178 4130 Paschate,
3201 4071 3296 4123 ubi
3312 4084 3526 4145 quoque

1919 4140 2238 4199 mentionem
2264 4140 2402 4210 facit
2430 4147 2772 4203 Pentecostes,
2800 4145 2857 4194 in
2884 4157 2995 4210 qua
3026 4154 3203 4208 genua
3234 4154 3339 4192 non
3366 4140 3522 4207 inﬂe-

1923 4218 2136 4277 ctimus,
2165 4217 2421 4284 quoniam
2445 4214 2576 4282 pari
2605 4218 2681 4266 est
2703 4213 2939 4284 cumdie
2959 4210 3234 4266 Dominico
3255 4214 3521 4284 potestate

1925 4291 1943 4351 (
1960 4283 2240 4342 Justin.'in
2269 4288 2462 4354 quiest.
2487 4288 2539 4349 4,
2574 4288 2693 4338 115.
2722 4283 2859 4339 Vide
2889 4285 3350 4338 Turrecrematum
3369 4283 3427 4335 in
3454 4283 3522 4336 il-

1926 4359 2033 4411 lum
2071 4358 2331 4413 Canonem
2376 4356 2659 4423 Quoniam,
2700 4359 2777 4411 De
2821 4355 3058 4411 Consecr.
3095 4354 3224 4407 dist.
3267 4358 3348 4419 3).
3392 4356 3524 4409 Haec

1924 4427 2068 4499 apud
2095 4427 2394 4499 Iustinum.
2424 4428 2489 4499 In,
2505 4424 2757 4482 eamdem
2783 4425 3109 4499 sententiam
3149 4423 3411 4480 Rabanus
3455 4428 3521 4481 de

1925 4497 2083 4569 hujus
2126 4498 2626 4569 Quinquagesimaa,
2665 4514 2831 4568 quam
2876 4497 3186 4569 Paschalem
3215 4505 3392 4569 vocat,
3426 4513 3522 4569 pe-

1926 4516 1993 4554 nu
2021 4516 2083 4554 us
2126 4516 2626 4569 quinquagesrmae,
2665 4516 2831 4568 quam
2876 4516 3186 4553 rascnatem
3215 4516 3392 4563 vocat,
3426 4516 3522 4562 pe-

1925 4516 2115 4626 culiari
2144 4569 2252 4624 ritu
2282 4578 2337 4624 et
2382 4569 2757 4642 praerogativa,
2814 4569 2887 4642 ita
2941 4568 3162 4623 scribit:
3186 4568 3410 4642 Idcirco,
3442 4568 3524 4623 in-

1926 4642 2063 4712 quit,
2096 4643 2260 4695 totius
2286 4640 2754 4711 Quiizquagesimce
2793 4640 2910 4694 dies
2931 4645 3053 4710 post
3082 4641 3298 4712 Domini
3324 4643 3523 4712 Resur-

1927 4709 2231 4774 rectionem,
2278 4709 2514 4766 resoluta
2547 4709 2902 4781 ipa’nitentia,
2935 4709 3006 4763 in
3034 4711 3150 4762 sola
3185 4710 3379 4781 latitia
3409 4709 3529 4781 cel_c-_

166 4758 383 4857 εἶέἧῖ
397 4787 442 4849 )-
466 4758 660 4857 ιἷὶιξειιι]
690 4781 863 4857 ritum
885 4758 1246 4857 cdmmuniter
1273 4758 1535 4857 omnibus
1565 4758 1814 4857 Christia-
1849 4758 1898 4820 D
1933 4758 2417 4857 brantur,propter
2434 4758 2669 4857 figuram
2705 4758 3399 4857 futurdrresurrectipnisj.
3432 4777 3529 4857 {lbi

166 4852 264 4913 nis
290 4854 457 4912 olim
488 4854 753 4909 usitatum
788 4852 954 4909 fuisse
994 4855 1183 4909 scribit
1210 4854 1580 4909 Tertullianus
1609 4853 1709 4907 lib.
1750 4852 1818 4908 de

164 4929 426 4983 Corona
477 4922 665 4979 militis
691 4938 810 4996 cap.
857 4930 888 4979 3
922 4942 937 4978 :
968 4928 1068 4981 Die
1116 4926 1401 4987 dominico,
1426 4924 1631 4994 inquit,
1661 4925 1819 4990 nefas

162 5000 461 5055 ducimus
508 4996 578 5050 de
621 4997 879 5063 geniculis
903 4997 1167 5061 adorare;
1198 4996 1384 5050 eadem
1411 4996 1757 5048 immunitate
1787 5010 1821 5048 a

162 5069 263 5125 die
290 5068 546 5126 Pascha
569 5068 630 5120 in
656 5067 993 5121 Pmtecosten
1026 5082 1196 5137 usque
1233 5066 1547 5134 gaudemus.
1581 5068 1641 5137 l‘n
1686 5079 1821 5137 _con-

161 5141 305 5196 cilio
344 5140 497 5195 item
545 5138 768 5193 Nic-uano
798 5152 917 5192 can.
950 5142 1019 5191 20
1064 5135 1116 5192 iii
1146 5139 1389 5208 vulgatis,
1408 5135 1823 5208 exemplaribus,

162 5212 256 5266 vel
311 5218 409 5268 29
450 5223 570 5264 see.
601 5209 956 5275 Turrianum,
999 5205 1267 5263 sancitum
1316 5205 1420 5262 fuit
1467 5207 1520 5261 in
1549 5205 1823 5261 dominico

168 5281 294 5348 die,
328 5291 403 5338 et
429 5280 490 5336 in
533 5279 663 5350 ipsis
710 5278 901 5335 diebus
936 5282 1307 5350 Pentecostes,
1334 5278 1447 5332 sive
1475 5277 1823 5350 Quinquage-

165 5352 359 5409 sima:
398 5348 683 5410 Paschalis
706 5366 814 5406 non
836 5366 953 5422 esse
980 5349 1239 5422 flectenda
1270 5364 1444 5422 genua
1472 5349 1525 5403 in
1559 5348 1825 5422 oratione,

176 5425 287 5477 sed
329 5431 583 5480 cunctos
611 5422 664 5480 in
700 5421 955 5479 omnibus
994 5421 1127 5477 locis
1166 5419 1373 5477 stan'tes
1394 5435 1573 5488 orare,
1597 5429 1652 5475 et
1686 5419 1831 5474 incli-

585 5496 886 5563 Quoniam,
917 5495 1000 5548 De
1052 5501 1380 5560 consecrat.,
1436 5491 1561 5547 dist.
1602 5498 1652 5547 3.
1693 5493 1828 5561 Quae

172 5565 443 5691 Eidem
465 5562 799 5650 constitutio
837 5564 1063 5620 totidem
1094 5564 1271 5619 verbis
1303 5572 1478 5647 exstat
1518 5564 1571 5618 in
1602 5562 1828 5618 concilio

268 5637 641 5691 rthamuensi
681 5653 805 5691 can.
837 5642 926 5691 20.
977 5637 1035 5691 S.
1083 5635 1408 5690 Ambrosrus
1456 5650 1623 5690 serm.
1652 5640 1711 5690 6|
1763 5633 1828 5688 de

268 5637 641 5710 rthagiuensi
681 5653 805 5693 can.
837 5642 926 5692 20.
972 5637 1035 5710 _S.
1077 5635 1408 5710 _Ambrosius
1456 5650 1623 5690 serm.
1652 5640 1717 5710 6t
1763 5633 1831 5688 de

173 5494 345 5548 nari.
403 5499 543 5553 Can.

174 5706 590 5765 Penteneoste
611 5727 625 5763 :
653 5711 820 5770 Scire,
837 5707 1031 5778 inquit,
1057 5707 1210 5761 debet
1231 5708 1493 5761 sanctitas
1504 5711 1681 5760 vestra
1698 5706 1836 5778 hanc

172 5786 470 5835 sanctam
514 5783 840 5835 Pentecostes
879 5779 1025 5834 diem

1105 5795 1179 5832 ua
1206 5781 1418 5832 ratione
1449 5791 1715 5837 curemus,
1754 5776 1836 5829 vel

174 5865 297 5904 cur
358 5854 603 5907 istorum
632 5853 1038 5921 quinquaginta
1061 5846 1276 5904 dierum
1316 5863 1537 5903 numero
1565 5850 1638 5921 sit
1682 5846 1837 5899 nobis

170 5922 393 5991 iugis.
410 5928 468 5980 et
487 5920 807 5996 continuata
827 5924 1099 5990 festivitas
1123 5940 1138 5977 :
1154 5924 1237 5977 ita
1254 5925 1319 5976 ut
1333 5922 1428 5975 hoc
1446 5920 1592 5973 omni
1609 5922 1841 5985 tempore

1918 4854 2035 4924 jam
2052 4870 2157 4908 non
2180 4845 2231 4907 la
2240 4845 2352 4917 bo},
2371 4845 2466 4906 sed
2476 4845 2690 4924 requies
2705 4845 2823 4904 erit
2847 4851 3073 4924 lcetitiie.
3097 4847 3217 4924 Ideo
3242 4847 3325 4924 Itis
3339 4845 3528 4924 diebus

1927 4915 2020 4980 nec
2050 4940 2227 4994 genua
2255 4925 2314 4975 in
2335 4915 2584 4994 oratione
2611 4922 2930 4989 ﬂectuntur;
2957 4919 3093 4994 quia
3129 4917 3269 4994 sicut
3301 4915 3528 4994 quidam

1929 4987 2233 5065 sapibntum
2263 4994 2364 5053 ait,
2394 4987 2619 5065 inflatio
2657 5004 2889 5058 genuum
2926 4988 3256 5065 pa'nitentice
3274 4987 3528 5065 etluctus

1928 5058 2197 5121 indicium
2235 5066 2327 5117 est.
2362 5058 2511 5117 Unde
2536 5063 2701 5115 etiam
2727 5076 2825 5129 per
2853 5061 3033 5114 omnia
3063 5058 3301 5114 eamdem
3328 5060 3385 5112 in
3417 5060 3529 5113 illis

1932 5137 2341 5197 solemnitatem,
2378 5150 2544 5203 quam
2567 5133 2842 5189 Dominico
2861 5130 3311 5203 diecustodimus,
3338 5132 3395 5185 in
3420 5148 3530 5200 qua

1932 5208 2164 5277 majores
2188 5208 2361 5259 nostri
2378 5202 2472 5259 nec
2489 5204 2765 5274 jejunium
2793 5202 3083 5277 agendum,
3112 5219 3205 5258 nec
3228 5218 3402 5277 genua
3425 5218 3533 5277 esse

1931 5275 2190 5348 ﬂectenda
2242 5277 2304 5331 ob
2338 5278 2690 5348 reverentiam
2734 5276 3024 5348 Dominij
3074 5275 3530 5348 Resurrectionis,

1936 5344 2434 5411 tradiderunt(Lib.
2462 5362 2508 5402 Il
2534 5347 2600 5401 de
2624 5348 2800 5415 Instit.
2824 5347 3009 5402 Cleric.
3030 5361 3147 5415 cap.
3165 5351 3237 5410 4).
3270 5344 3531 5415 Ilmcille.

1938 5423 2015 5476 Ex
2041 5419 2239 5491 quibus
2268 5410 2369 5474 tria
2400 5418 2578 5489 colligi
2611 5410 2835 5491 possunt
2884 5416 3012 5470 huic
3053 5410 3535 5491 Quinquagesimae

1940 5483 2225 5562 peculiaria
2251 5506 2406 5561 :quau
2436 5483 2651 5562 tametsi
2682 5487 2814 5541 satis
2841 5483 3191 5562 nota,_tafnen
3222 5483 3331 5539 non
3359 5483 3455 5538 abs
3480 5500 3536 5541 re

1938 5556 2105 5617 fuerit
2128 5560 2215 5615 hic
2241 5556 2519 5616 an'notare.
2556 5559 2798 5614 Primum
2845 5566 2961 5613 toto
2998 5556 3101 5611 hoc
3152 5565 3393 5624 tempore
3422 5572 3538 5609 cre-

1944 5632 2179 5705 berrime
2205 5639 2449 5705 cantatur
2477 5640 2530 5705 et
2554 5628 2926 5705 frequentatur
2960 5626 3217 5705 :tllcluia,
3235 5625 3292 5705 in
3323 5624 3539 5693 signum

1945 5703 2144 5759 laetitiae
2174 5711 2225 5756 et
2262 5694 2670 5757 exsultationisf
2693 5704 2769 5754 De
2800 5715 2908 5770 quo
2959 5702 3024 5751 D.
3071 5694 3390 5770 Benedictus
3415 5710 3533 5760 cap.

1948 5782 2011 5830 15
2041 5772 2280 5844 Regulae,
2308 5781 2363 5827 et
2398 5771 2605 5844 ibidem
2645 5773 2802 5844 ’[tjrrg
2819 5761 3111 5844 crematus.
3153 5761 3402 5844 b‘ecuudo
3426 5775 3537 5844 poti

1946 5834 2473 5914 ﬂectuntur—genua
2528 5842 2584 5914 in
2618 5837 2862 5914 _ofﬁciis_,
2907 5853 3000 5891 seu
3044 5834 3542 5914 _horisﬂcqngnitnjgt

1947 5891 2666 5981 perinde
2693 5891 2755 5960 ac
2801 5891 3131 5973 Si'perpetua
3176 5900 3317 5947 esset
3360 5891 3543 5940 domi-
