4052 6200
315 144 406 199 H3

311 265 508 335 ofﬁcia,
548 283 673 341 qua
702 269 941 329 Domino
995 271 1204 328 solvere
1242 287 1338 343 per
1382 271 1752 329 distinctiones
1805 271 1902 327 ho-

825 146 929 201 ΒΕ
953 145 1431 204 C(ENOBIORUM
1468 147 1713 204 INSTIT.
1757 146 1878 203 LIB.
1923 149 2013 204 Ill.
2052 177 2125 190 -
2164 149 2251 204 DE
2288 149 2559 207 DlURNlS
2597 148 3080 207 ORATIONIBUS.

3511 154 3612 208 “4

2013 287 2199 329 rerum
2252 279 2307 328 et
2375 272 2649 346 temporis
2706 272 2983 330 intervalla
3056 289 3184 331 cum
3244 273 3651 332 admonitione

1395 432 1652 489 ALARDI
1689 432 1917 488 GAZA'II
1954 430 2515 489 COMMENTARIUS.

308 587 389 638 tus
410 598 552 656 x,_q.
580 588 637 646 5,
662 601 719 638 a.
750 588 813 651 3;
838 587 997 641 Leon.
1022 587 1163 642 Less.
1180 570 1281 640 lib.
1314 599 1388 652 ιι,
1415 601 1463 641 c.
1495 588 1600 651 37)
1632 599 1896 655 :quarum
1925 589 1980 651 Α
2008 585 2147 655 quid
2167 586 2367 653 faciat,
2395 584 2543 655 quod
2563 585 2911 641 attentionem
2929 586 3186 656 requirit.
3211 587 3391 655 Quare
3412 588 3464 641 si
3482 586 3613 641 dum

307 654 658 727 attentionum
679 670 789 710 una
813 656 1005 711 saltem
1030 657 1343 727 requiritur,
1361 664 1425 727 et
1444 656 1651 712 sufﬁcit
1671 654 1728 710 in
1749 658 1898 712 omni

305 724 544 781 oratione
575 733 691 781 tam
714 735 1028 797 spontanee,
1052 724 1218 797 quam
1247 726 1451 798 debita,
1480 734 1575 782 aut
1605 735 1893 798 pracepta.

305 798 513 869 Rursus
547 806 732 869 autern
781 812 1119 869 unaquaeque
1165 797 1401 869 attentio
1413 797 1621 869 potest
1658 797 1895 869 esse’vel

303 866 542 935 actualis,
571 868 655 923 vel
685 866 960 936 virtualis;
979 866 1233 935 confusa,
1256 867 1342 922 vel
1371 866 1641 924 distincta.
1670 868 1891 925 Virtua-

301 936 602 1010 lisdicitur,
620 950 839 1010 quaee:
864 938 1196 1010 pracedenti
1222 937 1517 1010 attentione
1541 938 1760 1010 actuali,
1793 954 1893 995 seu

298 1008 570 1091 veluntete
610 1007 674 1091 ac
690 1007 976 1091 proposito
1001 1007 1308 1091 attendendi
1333 1008 1441 1091 vim
1472 1007 1667 1091 habet;
1704 1024 1899 1091 exem-

336 1078 371 1134 li
395 1078 565 1151 gratia
600 1095 616 1133 :
644 1077 832 1150 incipit
850 1079 980 1151 quis
998 1079 1261 1151 psalmum
1280 1077 1526 1151 recitare,
1550 1088 1605 1151 et
1627 1079 1682 1136 in
1707 1081 1894 1137 animo

364 1148 456 1224 bet
492 1148 807 1224 attendere;
833 1148 1031 1208 deinde
1070 1165 1199 1206 vero
1243 1148 1435 1206 nolens
1477 1150 1637 1224 variis
1681 1154 1889 1224 cogite-

296 1219 538 1292 tionibus
575 1220 889 1292 distrahitur
924 1242 938 1278 :
982 1229 1130 1277 totus
1171 1228 1359 1292 tamen
1400 1222 1644 1292 psalmus
1687 1219 1894 1279 ett'ente

292 1291 580 1364 recitatur,
610 1291 659 1345 vi
699 1298 752 1346 et
793 1292 988 1364 virtute
1026 1292 1215 1363 primae
1246 1291 1755 1364 illius’voluntatis,
1787 1309 1893 1364 qua

293 1362 469 1418 voluit
508 1369 717 1418 attento
754 1362 938 1420 animo
972 1362 1242 1432 psalmum
1282 1362 1537 1430 recitare;
1560 1364 1614 1418 in
1648 1378 1709 1419 ee
1746 1362 1892 1420 enim

292 1432 570 1506 rotuniete
586 1433 868 1506 persistere
890 1441 1162 1503 censetur,
1180 1433 1440 1505 quamdiu
1460 1450 1571 1490 non
1591 1450 1687 1495 sua
1697 1444 1894 1506 sponte

289 1501 628 1575 distrahitui',
658 1518 759 1575 nec
781 1504 851 1560 ab
877 1521 940 1562 ea
972 1519 1070 1575 per
1092 1501 1277 1561 actum
1300 1506 1636 1561 contrarium
1664 1501 1886 1563 recedit.

289 1573 491 1647 Tertio
509 1574 815 1647 notandum
842 1573 996 1632 actus
1009 1575 1321 1647 exteriores,
1337 1589 1434 1632 seu
1460 1590 1623 1647 opera
1644 1586 1887 1645 externa,

290 1643 582 1726 de_quibus
624 1644 714 1726 hic
736 1647 930 1718 agitur,
959 1645 1187 1726 triplicis
1223 1660 1342 1726 esse
1374 1643 1608 1717 generis.
1632 1643 1890 1726 _Qt_tidem

289 1716 435 1792 enim
460 1716 859 1792 accuratem'ec
883 1716 1079 1792 seriam
1094 1716 1453 1792 attentionem
1479 1727 1534 1792 et
1558 1716 1725 1774 animi
1745 1735 1886 1792 prae-

285 1786 521 1862 sentiam
544 1786 858 1862 requirunt,
885 1797 947 1845 ut
962 1790 1160 1862 legere,
1192 1787 1451 1862 scribere,
1480 1786 1890 1862 pingerejcum

286 1856 397 1929 alio
416 1856 679 1929 colloqui,
693 1867 789 1915 aut
807 1856 1120 1932 loquentem
1138 1856 1322 1932 audire
1345 1867 1402 1915 et
1427 1856 1764 1932 hujus'modi.
1786 1862 1889 1918 Alii

284 1942 388 2012 nee
411 1944 835 2012 summam,_nec
867 1929 1095 2012 omnino
1134 1929 1363 2012 nullam,
1397 1929 1886 2012 sed'mediocrem,
1921 1949 1969 2012 Β

281 2007 417 2126 puta
447 2015 668 2072 surgere
689 2001 755 2057 de
785 2001 944 2069 lecto,
969 2001 1213 2071 induere,
1233 2008 1328 2056 aut
1353 2014 1551 2058 exuere
1579 2017 1659 2070 se,
1681 2010 1892 2060 struere

305 2085 499 2126 ocum.
526 2081 655 2126 etc.:
689 2073 776 2126 alii
796 2072 1027 2126 deniaue
1053 2073 1327 2126 exiguam.
1355 2077 1410 2125 et
1435 2071 1546 2126 fere
1564 2074 1790 2126 nullam.
1832 2083 1892 2126 ut

305 2071 499 2145 'ocum,
526 2071 655 2145 etc.;
680 2073 776 2145 alii
796 2072 1027 2144 denique
1053 2073 1327 2145 exiguam,
1355 2077 1410 2125 et
1435 2071 1546 2128 fere
1564 2074 1790 2145 nullam,
1832 2083 1895 2145 ut

281 2140 659 2216 deambulare,
676 2143 779 2199 iter
801 2140 1248 2216 egeré,col|ig'ere
1272 2140 1489 2216 ﬂorem,
1519 2140 1823 2216 prOSpicere
1839 2144 1893 2200 in

280 2210 501 2285 hortos,
527 2222 620 2269 aut
634 2222 808 2285 prata,
829 2210 932 2270 étc.
962 2210 1200 2281 Quindm
1214 2214 1394 2267 autem
1417 2210 1569 2268 actus
1581 2210 1696 2269 sint
1707 2215 1890 2285 hujus,

280 2284 371 2338 vel
391 2285 618 2340 alterius
638 2284 877 2355 generis,
898 2300 1007 2339 non
1016 2288 1193 2355 potest
1215 2286 1377 2344 certa,
1396 2287 1448 2338 et
1461 2287 1726 2353 generalis
1744 2287 1895 2355 tradi

282 2357 498 2423 regula,
520 2356 744 2427 ideoque
765 2357 891 2411 boni
912 2354 1023 2410 viri
1043 2356 1274 2410 arbitrio
1290 2355 1722 2425 relinquendum,
1743 2354 1900 2427 cujus

284 2430 365 2480 est
384 2442 497 2480 non
526 2431 741 2482 tantum
764 2432 1024 2482 naturam
1050 2427 1567 2497 operis-exterioris,
1606 2428 1703 2482 sed
1732 2429 1899 2482 etiam

282 2497 506 2551 modum
552 2502 604 2552 et
650 2498 991 2553 habilitatem
1023 2512 1268 2567 personae
1309 2497 1664 2554 considerare.
1718 2501 1899 2554 Posset

282 2569 427 2622 enim
450 2570 574 2638 quis
599 2569 834 2624 induens
850 2574 1045 2624 vestem
1063 2573 1176 2623 tam
1196 2584 1307 2626 esse
1328 2568 1571 2623 intentus
1592 2571 1900 2624 recitationi

281 2638 566 2706 horarum,
580 2645 644 2694 ut
666 2642 878 2695 omnino
894 2655 1003 2695 non
1024 2646 1305 2710 peccaret:
1333 2643 1386 2693 et
1410 2643 1597 2694 contra
1620 2641 1707 2694 ita
1725 2642 1898 2694 inten-

278 2713 380 2781 tus
417 2724 530 2781 esse
551 2710 1000 2776 deambulaticni,
1027 2714 1127 2765 aut
1141 2711 1492 2781 profectioni,
1526 2715 1589 2764 ut
1615 2712 1693 2765 sic
1714 2712 1900 2765 inten-

282 2778 466 2863 denda
474 2785 832 2863 pronuntiare
840 2783 1000 2837 horas
1007 2778 1287 2863 peccatum
1301 2786 1459 2863 esset,
1466 2782 1658 2863 saltem
1668 2784 1824 2863 venia
1829 2782 1896 2863 le,

284 2852 366 2905 ait
389 2853 685 2926 lgaverrus.
712 2852 814 2926 liis
844 2852 1162 2924 praemissis,
1199 2862 1262 2910 ut
1290 2852 1577 2926 quaestioni
1602 2852 1897 2924 proposita:

280 2935 393 3048 Ero
404 2919 616 3005 foribus
633 2924 765 2991 (Ubi
775 2919 965 3005 supra,
977 2919 1128 3005 num.
1145 2919 1262 2995 50),
1274 2919 1337 2981 u't
1354 2923 1568 2992 dicitur,
1587 2919 1894 2993 occurram,

341 3007 412 3048 co
446 3009 625 3048 nrtmo
656 3012 670 3048 :
699 2996 867 3048 Prtmt
893 3009 1105 3048 ueneris
1131 3005 1307 3048 actus.
1337 3009 1436 3048 seu
1483 3008 1647 3048 onera
1672 3003 1894 3048 externa

324 2992 412 3049 ico
444 2993 625 3065 primo
656 3012 670 3048 :
699 2992 867 3067 Primi
890 2994 1105 3067 generis
1131 2992 1307 3067 actus,
1337 3009 1436 3051 seu
1483 3008 1647 3065 opera
1672 2992 1894 3051 externa

281 3072 506 3138 certum
540 3074 624 3138 est
670 3065 929 3138 orationis
956 3065 1242 3138 attentioni
1284 3079 1587 3138 repugnare
1617 3081 1633 3119 :
1666 3067 1894 3138 proinde

280 3132 480 3191 ofﬁcio
491 3135 854 3191 ecclesiastico
878 3135 1233 3200 persolvendo
1248 3132 1364 3191 non
1376 3132 1707 3200 satisfacere,
1720 3136 1893 3192 immo

278 3202 554 3276 letbelem
589 3204 810 3276 culpem
831 3202 1138 3276 admittere,
1158 3206 1251 3276 qui
1281 3206 1443 3276 inter
1485 3206 1773 3276 legendum
1814 3209 1895 3263 vel

272 3273 607 3346 canendum
632 3273 945 3345 hujusmodi
974 3273 1216 3341 actibus,
1241 3275 1356 3346 sive
1393 3273 1690 3346 operibus,
1716 3276 1895 3333 sciens

272 3354 339 3402 et
370 3343 908 3416 volensroccupetur.
937 3348 1079 3416 Nam
1124 3345 1359 3401 Ecclesia
1386 3343 1451 3400 in
1484 3345 1714 3401 concilio
1742 3349 1899 3404 Late-

278 3416 511 3472 ranensi
532 3414 777 3472 districte
788 3414 946 3487 praei
952 3415 1046 3486 pit,
1062 3424 1122 3471 ut
1140 3418 1381 3487 of/icium
1404 3416 1653 3472 divinum
1663 3419 1901 3474 studiose

274 3489 504 3557 pariter
529 3491 583 3541 et
610 3487 796 3543 devote
822 3488 1113 3542 celebretur
1136 3490 1276 3552 (Lib.
1304 3502 1380 3544 nt
1406 3489 1690 3551 Decretal.,
1720 3492 1806 3545 tit.
1833 3491 1898 3545 de

280 3558 485 3633 celebre
513 3560 691 3633 Miss.,
711 3574 761 3633 c._
777 3559 1071 3633 Dolentes).
1095 3559 1204 3633 Ubi
1218 3560 1394 3633 glosse
1418 3559 1645 3615 verbum
1665 3561 1903 3633 studiose

283 3627 362 3712 ad
386 3626 645 3712 ofﬁc-iuni
681 3629 891 3712 oris,_id
933 3637 1047 3712 est,
1084 3629 1167 3712 _ad
1197 3626 1547 3712 “exteriorem
1569 3632 1901 3712 ‘pronnntia-

283 3698 508 3770 tionem
555 3699 752 3767 refert;
799 3701 981 3755 devote
1035 3698 1105 3756 ad
1157 3699 1398 3758 ofﬁcium
1455 3698 1665 3767 cordis,
1712 3701 1766 3757 id
1798 3711 1898 3770 est,

284 3768 613 3826 interiorem
643 3771 815 3844 animi
845 3770 1194 3844 affectionem
1224 3781 1277 3844 et
1320 3772 1700 3844 attentionem.
1733 3768 1901 3844 Atqui

284 3848 530 3905 constat,
560 3850 617 3897 et
639 3842 964 3916 experientia
989 3841 1151 3898 docet
1181 3841 1746 3916 hujus‘modihactibus
1777 3841 1901 3916 om-

283 3925 424 3983 nem
466 3911 782 3968 attentionis
807 3911 1005 3968 debita:
1054 3911 1289 3983 speciem
1312 3911 1609 3983 impediri.
1645 3913 1900 3969 Secundo

285 3981 421 4054 dico
455 4000 468 4037 :
499 3990 674 4040 Actus
693 3983 793 4051 illi,
814 3997 910 4054 seu
937 3981 1099 4054 opera
1121 3982 1347 4054 secundi
1377 3981 1612 4054 generis,
1634 3997 1758 4054 quae
1789 3998 1905 4039 me-

286 4051 543 4110 diocrem
571 4056 766 4110 saltem
792 4051 1316 4123 animadversionem
1350 4051 1406 4107 et
1442 4065 1631 4123 curem
1653 4051 1904 4123 exigunt,

286 4137 353 4179 ex
374 4124 741 4195 consequenti
771 4122 934 4179 etiam
986 4122 1248 4180 horarum
1288 4122 1573 4195 attentioni
1625 4123 1697 4178 ita
1741 4122 1905 4195 repué

286 4204 485 4267 gnam,
532 4193 596 4251 ut
639 4194 1126 4267 easalva,megna
1169 4193 1650 4267 cumdifﬁcultate
1691 4193 1906 4251 recitari

289 4265 535 4349 possint,
560 4266 788 4349 proinde
823 4266 916 4337 qui
948 4266 1081 4349 tnles
1106 4273 1275 4349 ectus_
1299 4265 1454 4349 inter_
1470 4279 1654 4349 preces
1680 4267 1906 4349 canoni-

286 4335 680 4418 css.fe_c_e_rit,la
706 4335 884 4418 culpa,
925 4338 1127 4418 saltem
1159 4336 1372 4418 veniali,
1406 4335 1490 4392 vii
1523 4344 1700 4418 potest
1739 4352 1904 4418 exeu-

288 4409 428 4464 seri.
454 4409 601 4465 Hinc
614 4411 926 4466 Antoninus
952 4415 1135 4479 censet
1148 4408 1429 4477 clericum,
1456 4407 1545 4479 qui
1575 4423 1767 4479 preces
1796 4407 1906 4464 ho-

286 4479 469 4555 raties
507 4480 707 4555 recitet
734 4478 1015 4555 vestiendo
1054 4494 1145 4547 se,
1167 4487 1263 4536 aut
1289 4478 1617 4555 ealceendo,
1646 4488 1741 4535 aut
1785 4479 1906 4537 aliis

288 4552 512 4608 actibus
536 4552 894 4623 exterioribus
923 4565 984 4608 se
1023 4549 1370 4623 occupando,
1401 4550 1629 4623 dignum
1659 4565 1778 4608 esse
1817 4565 1904 4607 re-

289 4622 684 4705 prehensione,
735 4632 793 4705 et
837 4622 925 4705 vix
971 4620 1289 4705 satisfacere
1325 4620 1595 4705 praecepto
1622 4643 1636 4678 :
1664 4623 1795 4705 quia
1832 4637 1901 4679 ex

2006 658 2130 725 quis
2160 661 2300 719 orat,
2331 671 2526 710 manus
2556 656 2727 719 lavat,
2749 661 2848 710 aut
2865 672 2920 710 se
2934 658 3135 719 induit,
3155 663 3253 711 aut
3276 658 3434 711 aliud
3452 658 3611 727 quid~

1996 728 2156 797 piam
2178 728 2337 793 facit,
2369 727 2514 797 quod
2532 742 2637 781 non
2658 732 2873 799 tantam
2888 729 3429 782 animaduertentiam
3451 744 3614 799 capo-

2003 799 2199 864 stulet;
2224 799 2327 853 etsi
2349 802 2532 852 contra
2553 800 2815 852 orationis
2838 798 3164 867 dignitatem
3186 800 3325 853 male
3344 798 3540 866 faciat,
3559 804 3612 855 et

2002 869 2192 936 forsan
2208 870 2496 923 venialiter
2501 873 2706 937 peccet;
2729 869 2880 923 haud
2903 874 3081 923 tamen
3095 873 3279 923 contra
3287 873 3611 939 praeceptum

2000 939 2305 994 mortaliter
2329 957 2347 993 :
2372 939 2610 993 duxerim
2637 941 2855 1006 (forsan
2881 940 3200 1005 venialiter)
3229 941 3479 1009 quoniam
3505 955 3610 995 non

2001 1024 2208 1079 semper
2230 1013 2309 1064 est
2322 1013 2601 1080 peccatum
2622 1028 2640 1064 :
2660 1011 2767 1063 imo
2789 1011 2851 1064 in
2879 1010 3069 1064 ordine
3097 1014 3612 1079 nostroprwceptum

1998 1081 2153 1135 nobis
2175 1084 2274 1143 est,
2304 1085 2369 1135 ut
2386 1084 2667 1149 surgentes
2693 1096 2719 1134 e
2743 1080 2872 1135 lecto
2898 1082 3140 1150 ofﬁcium
3159 1083 3223 1136 B.
3256 1081 3504 1148 Virginis
3522 1080 3610 1135 di-

2001 1166 2211 1218 camus;
2236 1156 2287 1206 et
2322 1156 2384 1206 ut
2434 1153 2668 1221 antiqua
2708 1151 2919 1205 indicat
2958 1152 3268 1206 dormitorii
3303 1150 3608 1220 dispositio,

1997 1224 2143 1276 inter
2164 1222 2498 1277 induendum
2516 1237 2571 1277 se
2588 1223 2795 1289 fratres
2808 1221 2953 1276 illud
2972 1221 3299 1276 inchoabant
3322 1239 3340 1274 :
3362 1221 3611 1276 videlicet

1998 1297 2061 1347 ut
2082 1294 2275 1363 iniqua
2306 1294 2714 1364 phantasmata,
2741 1308 2864 1363 quia
2891 1295 2948 1346 in
2975 1295 3095 1363 ipsa
3144 1293 3610 1364 eapergefactione

1998 1378 2269 1419 occurrere
2306 1362 2494 1427 solent,
2523 1362 2845 1433 abigantur.
2872 1362 3081 1420 Rursus
3108 1362 3431 1432 requiritur,
3462 1362 3608 1432 quod

1998 1436 2096 1504 qui
2118 1435 2336 1504 aliquid
2358 1437 2518 1502 facit,
2534 1441 2633 1490 aut
2651 1436 2873 1504 cogitat,
2901 1435 3044 1504 quod
3070 1435 3140 1489 ab
3152 1435 3416 1488 orationis
3430 1438 3604 1488 atteno

1998 1508 2139 1561 tione
2149 1511 2469 1561 extraneum
2484 1510 2583 1574 est,
2605 1506 2856 1560 advertat
2869 1521 2970 1575 per
2982 1506 3125 1560 illud
3143 1506 3212 1560 ab
3228 1505 3411 1559 eadem
3430 1508 3607 1559 atten-

1997 1577 2138 1631 tione
2164 1592 2220 1631 se
2232 1577 2427 1631 dilabi.
2457 1578 2633 1643 Quare
2650 1577 2751 1631 etsi
2773 1577 2918 1630 ultro
2936 1581 2986 1631 et
3004 1577 3307 1630 voluntarie
3331 1576 3446 1630 alia
3460 1577 3603 1644 cogi-

1997 1651 2073 1700 tet
2116 1647 2210 1716 (ut
2242 1648 2368 1702 bene
2390 1649 2473 1700 ait
2513 1649 2575 1700 in
2596 1662 2696 1701 sua
2719 1662 2930 1700 summa
2963 1646 3296 1717 Cajetanus),
3329 1660 3604 1716 quousque

1994 1718 2256 1785 inspiciat
2284 1732 2341 1771 se
2371 1718 2628 1779 distrahi,
2659 1731 2865 1785 semper
2894 1722 3179 1786 reputatur
3204 1718 3603 1771 inadvertenter

1996 1788 2275 1868 divqgari.
2296 1789 2432 1868 Ilaec
2461 1786 2549 1868 ille
2578 1788 2787 1868 (§ottis,
2934 1801 2980 1868 ξ
2999 1787 3065 1839 de
3090 1789 3227 1868 dust:
3259 1804 3316 1868 q.
3345 1793 3401 1868 ξ,
3430 1790 3602 1868 335).

2000 1855 2210 1941 Quibus
2237 1856 2569 1941 suffregetnr
2703 1856 2936 1941 Basilius
2966 1855 3158 1941 homil_.
3178 1862 3227 1941 _5
3256 1855 3311 1911 in
3355 1855 3601 1912 Julitiam

1998 1936 2321 2002 martyrem,
2348 1928 2440 2002 ubi
2469 1929 2629 2002 docet
2652 1928 2710 1983 in
2738 1928 2888 2002 omni
2917 1928 3063 2002 loco,
3094 1935 3150 2002 et
3175 1935 3605 2002 tempore_oren-

1999 1998 2159 2083 dum,
2185 2011 2350 2083 atque
2371 2000 2513 2083 inter
2538 1999 2675 2083 alia;
2708 1998 3450 2083 I'unica,.inquit,indn;eris?
3472 2014 3602 2083 gra-

2001 2076 2111 2129 tias
2134 2070 2284 2143 agito
2310 2072 2536 2141 benigno
2563 2072 2746 2125 datori
2773 2089 2787 2103 ·
2816 2070 3078 2125 Amiciris
3096 2071 3311 2143 pallio?
3346 2071 3441 2137 fac
3466 2070 3527 2122 in
3553 2073 3603 2124 te

2001 2142 2255 2213 augescat
2271 2144 2531 2197 intensior
2554 2144 2613 2196 in
2640 2145 2809 2197 Deum
2833 2143 3092 2213 charitas,
3116 2143 3214 2210 qui
3236 2142 3605 2213 integumenta

2003 2210 2245 2284 gratuito
2273 2214 2509 2283 largitus
2531 2217 2628 2276 est,
2658 2220 2761 2268 etc.
2789 2212 2899 2269 Sed
2927 2219 2981 2267 et
2998 2213 3060 2284 S.
3077 2210 3435 2284 Dominicus,
3465 2217 3604 2266 teste

2004 2281 2263 2359 Cajeteno
2290 2281 2403 2352 (In.
2436 2289 2559 2351 2-2,
2582 2300 2636 2354 q.
2659 2289 2753 2353 83,
2782 2300 2837 2339 a.
2869 2286 2997 2359 13),
3032 2283 3234 2342 dixisse
3273 2281 3447 2359 fertur
3490 2296 3603 2337 ora-

2007 2354 2215 2413 tionem
2261 2362 2470 2413 attente
2516 2371 2568 2428 ei
2599 2363 2874 2428 surgente
2902 2370 2940 2412 ’e
2984 2355 3127 2412 lecto
3163 2354 3600 2428 pronuntiatam,

2006 2443 2378 2494 communem,
2404 2442 2469 2484 ec
2499 2426 2882 2498 selubre‘mrad
2915 2426 3280 2485 resistendum
3305 2426 3604 2498 perversis

2007 2499 2429 2572 cogitationibus
2453 2512 2571 2572 esse
2606 2496 2953 2572 medicinam.
2994 2500 3151 2572 Adde
3175 2496 3601 2572 quod'sacerdoo

2015 2568 2163 2628 tibus
2183 2568 2569 2640 sacriﬁceturis
2583 2569 3007 2640 praescribuntur
3031 2571 3085 2626 in
3114 2568 3423 2626 Missalibus
3462 2584 3601 2640 qua-

2006 2642 2260 2699 rumdam
2290 2654 2515 2713 precum
2545 2639 2823 2713 formulae,
2855 2657 2990 2713 quas
3036 2642 3413 2712 pronuntient,
3463 2639 3596 2713 dum

2007 2713 2177 2769 sacris
2220 2710 2460 2768 vestibus
2505 2727 2563 2768 se
2599 2710 2889 2777 induunt;'
2915 2710 3055 2768 dum
3078 2714 3133 2768 in
3189 2713 3369 2768 medio
3413 2711 3598 2768 Missa:

2005 2798 2221 2867 manus
2247 2784 2458 2867 lavent,
2478 2782 2615 2866 dum
2666 2781 2719 2836 in
2765 2781 2873 2867 ﬁne
2912 2784 3033 2867 ejus
3056 2792 3230 2867 vestes
3276 2782 3597 2867 deponunt“;

2004 2855 2150 2929 sicut
2173 2860 2227 2929 et
2249 2855 2521 2929 episc0pis
2567 2854 2623 2909 in
2665 2853 3407 2929 pentiﬁcelipreesiituuntur
3447 2853 3601 2910 multi

2005 2925 2194 2999 psalmi
2206 2967 2233 3010 ,⁸
2260 2925 2399 3010 quos
2417 2925 2815 3010 dumjestibns
2843 2925 3236 3010 pontiliceiibus
3259 2926 3601 3010 vestiuntur,

2003 2995 2131 3055 cum
2157 2995 2422 3056 ministris
2463 2995 2712 3054 recitent.
2743 2995 2869 3053 Jam
2892 3013 2955 3053 ex
2981 2996 3140 3054 dictis
3185 3006 3337 3069 patet
3366 2997 3498 3069 quid
3533 2995 3602 3052 de

2005 3070 2173 3126 tertio
2195 3086 2396 3144 genere
2423 3079 2651 3144 ectu_um_
2674 3068 2963 3144 dicendum
3004 3069 3099 3136 sit,
3134 3066 3225 3140 qui
3245 3076 3362 3144 tam
3384 3066 3599 3144 parum

2002 3139 2321 3214 repugnant
2365 3139 2651 3214 attentioni
2701 3140 2851 3197 horis
2875 3140 3036 3195 etiam
3064 3139 3338 3214 canonicis
3380 3141 3597 3202 debitae.

2004 3211 2281 3279 utetiam,
2312 3213 2466 3271 nulla
2492 3213 2883 3283 interveniente
2910 3227 3095 3281 causa,
3116 3211 3231 3283 sine
3253 3221 3474 3283 peccato
3505 3224 3601 3267 eos

2009 3284 2218 3357 egendo
2260 3285 2474 3341 recitari
2521 3282 2764 3357 possint,
2795 3293 2858 3357 ut
2885 3283 3055 3357 _doce_t
3095 3282 3282 3357 itidem
3327 3285 3602 3357 1_\‘_a_varrus

2013 3353 2029 3424 (
2058 3358 2162 3412 Ubi
2186 3371 2355 3426 supra
2390 3353 2538 3412 num:
2568 3357 2685 3424 50).
2715 3356 2802 3411 Sic
2823 3354 2993 3426 igitur
3013 3354 3081 3426 de
3109 3353 3313 3426 sanctis
3342 3354 3447 3411 illis
3475 3372 3599 3412 mo-

2007 3426 2195 3482 nachis
2242 3424 2587 3483 sentiendum
2638 3448 2650 3483 :
2696 3424 2955 3483 nimirum
2994 3425 3174 3482 ofﬁcia
3222 3424 3315 3483 illa
3344 3428 3599 3485 canonica

2006 3496 2258 3571 privatim
2286 3497 2374 3571 fab
2424 3499 2530 3556 illis
2580 3497 2742 3571 fuisse
2799 3497 3175 3571 celebrata,‘e_t
3219 3496 3440 3570 explete
3481 3515 3600 3571 cum

2010 3568 2184 3641 operis
2226 3568 2545 3641 adjectione,
2576 3578 2638 3626 ut
2680 3569 2769 3625 hic
2813 3569 3063 3641 habetur,
3101 3568 3307 3641 idest;
3346 3570 3598 3626 menibus

2008 3638 2226 3713 interim
2252 3640 2559 3713 operendo;
2588 3656 2701 3696 non
2736 3649 2917 3713 tamen
2947 3638 3302 3713 quibuslibet
3320 3641 3597 3713 operibus,

2007 3709 2105 3783 sed
2136 3709 2623 3783 ejusmodi,_qum
2676 3709 3029 3783 attentionem
3073 3710 3305 3783 orationi
3357 3709 3600 3783 debitam

2008 3779 2242 3855 minime
2276 3779 2640 3855 impedirent;
2685 3790 2738 3838 et
2766 3782 2961 3855 quibus
3002 3781 3077 3836 ita
3109 3780 3394 3855 assuefacti
3425 3790 3598 3855 erant,

2008 3861 2069 3908 ut
2093 3853 2208 3907 sine
2234 3851 2378 3919 ulla,
2396 3861 2489 3909 aut
2521 3861 2669 3909 certe
2705 3851 2935 3908 minima
2960 3851 3285 3920 attentione,
3316 3859 3373 3907 et
3415 3852 3597 3907 consi-

2011 3922 2301 4005 deratione
2328 3932 2680 4005 peragerent;
2718 3923 2903 4005 qualia
2921 3931 3068 4005 sunt,
3093 3930 3278 4005 texere
3310 3922 3601 4005 sportnlas,

2010 3993 2195 4066 fodere
2230 3991 2443 4066 hortos,
2461 3991 2922 4066 iacerersémine,
2968 3991 3356 4066 plen_tare_eut‘
3382 3993 3602 4063 explen-

2012 4071 2128 4118 tare
2167 4061 2386 4129 herbas,
2420 4061 2622 4120 sarrire
2662 4064 2920 4129 humum,
2958 4061 3168 4117 areolas
3203 4061 3508 4132 disponere,
3543 4069 3599 4117 et

2014 4133 2118 4205 alia
2139 4146 2169 4186 a
2190 4134 2261 4185 D.
2293 4132 2632 4205 Hieronymo
2651 4140 3080 4205 commemorata
3095 4131 3324 4205 inepist.
3351 4131 3440 4188 ed.
3462 4134 3606 4189 Rus-

2014 4203 2185 4276 ticum
2214 4201 2549 4276 monachnm
2582 4224 2595 4259 :
2625 4212 2719 4259 aut
2744 4202 2894 4276 quod
2924 4201 3269 4276 verisimilius
3290 4212 3447 4276 puto,
3476 4218 3599 4259 mo-

2011 4273 2216 4330 nachos
2240 4271 2361 4347 illos
2386 4272 2566 4329 ofﬁcia
2592 4290 2718 4331 cum
2744 4271 2926 4347 operis
2946 4272 3246 4347 adjectione
3268 4271 3599 4342 celebrasse,

2013 4361 2076 4401 ac
2112 4343 2479 4428 persoivissei
2500 4360 2611 4402 non
2638 4343 2798 4428 qnod'
2832 4343 3115 4428 si_mul,‘_et
3164 4347 3368 4428 pariter
3404 4362 3600 4428 opera-

2013 4415 2293 4497 rentur.et
2335 4415 2577 4473 ofﬁcium
2608 4415 2899 4497 recitarem
2930 4435 2944 4473 :
2969 4416 3063 4497 sed
3080 4415 3219 4497 quia
3245 4415 3505 4497 vicissim,
3532 4433 3599 4473 ac

2012 4488 2343 4561 successive,
2391 4497 2446 4561 et
2477 4504 2572 4561 per
2621 4489 2903 4545 intervalla
2955 4488 3264 4561 orationem
3321 4490 3498 4561 operi.
3546 4497 3603 4544 et

2014 4574 2152 4632 opus
2178 4558 2423 4632 orationi
2443 4558 2865 4632 subjungerent;
2901 4567 2963 4615 ut
2990 4559 3167 4632 o_ratio
3197 4558 3518 4630 operationi,
3548 4567 3604 4632 et

2016 4628 2521 4703 operatiqorationi
2547 4628 2808 4703 continuo
2835 4630 3164 4703 succederet.
3189 4628 3473 4703 Postremo
3502 4628 3606 4685 ad-

289 4693 589 4779 ῐξςοροείιρ
616 4694 979 4779 immissae
1007 4693 1309 4779 aeneae
1329 4693 1898 4779 ξιξειιπίοηεεγθηεητ
1934 4696 1984 4758 D
2018 4693 2525 4779 ηῑοιιει,,Νρνειημε,
2554 4703 2701 4779 qua
2733 4702 2824 4779 hic
2859 4700 3132 4773 praecipue
3164 4700 3470 4779 πεοτεξοςιυιξι
3500 4706 3604 4779 ea.

290 4764 448 4825 tibiis
474 4779 529 4822 ιι
556 4771 728 4836 (part.
753 4769 842 4822 tit.
871 4771 938 4834 9,
965 4783 991 4822 c
1012 4767 1126 4834 3.).
1157 4771 1234 4821 At
1265 4764 1583 4837 Cajetenus,
1606 4766 1800 4837 Sotus,
1847 4776 1906 4823 et

290 4835 592 4896 Navarrus
606 4846 808 4911 negant
830 4852 956 4893 eum
980 4836 1302 4911 quidquam,
1328 4835 1423 4894 aut
1440 4851 1550 4892 non
1573 4835 1675 4911 nisi
1696 4839 1904 4911 ieviter,

292 4923 532 4982 peccare
555 4927 569 4961 :
591 4908 740 4982 unde
790 4916 847 4965 et
863 4908 1195 4982 __concedunt
1242 4917 1514 4982 praecepto
1533 4978 1544 4982 Δ
1561 4908 1897 4982 satisfacere;

293 4977 566 5055 quoniam
588 4977 904 5051 hujusmodi
924 4995 1113 5054 opere,
1149 4977 1276 5036 cum
1304 4977 1604 5055 sint'levia,
1629 4979 1832 5055 facilia,
1856 4990 1912 5037 et

294 5051 609 5126 consuete,
640 5066 751 5107 non
797 5051 1022 5126 omnem
1055 5066 1281 5126 prorsus
1329 5051 1911 5126 enimiartentionem

295 5123 540 5198 orationi
573 5122 951 5198 necessariam
990 5122 1297 5198 impediunt
1319 5133 1382 5198 et
1416 5122 1741 5198 excludunt;
1773 5138 1913 5195 prae-

297 5196 500 5270 sertim
519 5195 765 5270 edhibita
794 5198 1008 5270 majore
1029 5194 1195 5270 cura,
1215 5195 1398 5270 studio
1427 5203 1481 5252 et
1506 5194 1706 5270 effecte
1738 5194 1916 5252 atten-

298 5267 492 5326 dendi.
520 5267 629 5325 Sed
651 5267 809 5339 juvat
832 5265 920 5325 hic
943 5271 1136 5326 Sotum
1163 5265 1233 5325 de
1261 5266 1345 5325 bis
1369 5275 1622 5324 accurate
1651 5265 1918 5339 disseren-

298 5344 418 5413 tem
446 5339 639 5413 audire
653 5336 751 5413 ,ne
770 5339 892 5410 quis
916 5356 1004 5413 me
1020 5346 1173 5413 putet
1196 5356 1227 5396 a
1240 5340 1568 5412 memetipso
1584 5340 1701 5396 haec
1714 5336 1916 5413 dicere.

304 5410 492 5483 Nam,
525 5410 725 5483 inquit,
756 5410 1043 5467 censendus
1066 5417 1145 5467 est
1170 5412 1240 5467 ab
1263 5410 1558 5467 attentione
1585 5428 1654 5467 ea:
1675 5412 1922 5483 professo

298 5480 568 5545 distrahi,
596 5480 708 5537 nisi
734 5483 844 5537 hac
861 5487 1178 5538 concurrant
1204 5502 1219 5539 :
1244 5484 1510 5547 videlicet,
1531 5488 1593 5538 ut
1615 5480 1744 5537 dum
1762 5481 1924 5536 horas

297 5553 537 5620 pendit,
567 5554 679 5608 alio
725 5556 936 5621 negotio
980 5558 1280 5625 occupetur,
1306 5555 1453 5625 quod
1502 5559 1693 5625 suapte
1723 5557 1925 5607 natura

304 5626 587 5696 orationis
599 5627 893 5680 attentioni
898 5624 1212 5680 adversetur
1227 5643 1243 5680 :
1254 5624 1323 5680 ut
1335 5627 1387 5683 si
1396 5626 1541 5696 quis,
1554 5625 1706 5681 verbi
1716 5626 1925 5696 gratia,

300 5697 437 5751 tunc
468 5695 639 5765 legat,
670 5711 744 5750 au
783 5697 1009 5760 scribat,
1036 5700 1135 5752 aut
1153 5698 1371 5768 pingat,
1400 5695 1500 5752 aut
1534 5696 1598 5753 id
1621 5709 1789 5767 genus
1820 5695 1929 5749 ali-

2017 4780 2072 4827 et
2095 4788 2156 4827 ex
2181 4772 2345 4831 dictis
2374 4773 2545 4829 etiam
2568 4766 2878 4843 colligitur;
2900 4766 3059 4843 tento
3095 4769 3294 4843 majori
3332 4766 3602 4843 leude_di-

2015 4850 2225 4920 gnem‘(
2241 4851 2295 4898 et
2318 4850 2463 4920 certe
2480 4835 2939 4920 Deo_gretiorem,
2964 4835 3384 4920 religiosiorem,
3417 4835 3604 4920 etfrn-

2017 4915 2388 4977 ctuosiorem)
2439 4927 2556 4967 esse
2605 4912 2866 4967 horarum
2923 4912 3341 4978 recitationem,
3394 4912 3609 4967 caeteris

2021 4983 2265 5055 paribus,
2305 4997 2415 5054 quo
2457 4981 2659 5036 minori
2704 4994 2990 5043 manuum,
3032 4977 3255 5055 pedum,
3296 4981 3605 5055 oculorum,

2021 5050 2339 5111 aliorumve
2353 5067 2636 5126 sensuum,
2651 5058 2882 5126 externa
2908 5050 3261 5126 occupatione
3290 5053 3565 5126 peragitur
3588 5072 3604 5119 ;

2021 5129 2085 5179 ut
2112 5127 2343 5195 integra,
2374 5122 2573 5195 inquit,
2594 5122 2667 5177 ad
2686 5138 2803 5195 eam
2832 5123 3000 5177 simus
3022 5126 3195 5178 mente
3210 5122 3609 5194 intentifjuxta

2022 5197 2167 5252 illud
2193 5194 2560 5265 Redemptoris
2582 5195 2755 5249 nostri
2787 5194 2911 5249 bene
2937 5194 3260 5249 intellectum
3287 5214 3303 5250 :
3338 5196 3466 5252 Cum
3488 5212 3610 5249 ora-

2023 5271 2188 5331 eeris,
2225 5270 2380 5323 intra
2407 5268 2468 5320 in
2499 5266 2801 5320 cubiculum
2830 5269 3003 5327 tuum,
3051 5268 3102 5320 et
3138 5266 3317 5321 clauso
3356 5268 3489 5321 ostio
3516 5282 3613 5321 ora

2028 5340 2264 5407 (Matth.
2298 5352 2363 5393 γι
2378 5342 2418 5403 ).
2452 5336 2605 5408 Dixit
2629 5349 2817 5407 porro,
2839 5338 3042 5408 caeteris
3060 5337 3312 5408 paribus,
3341 5344 3460 5408 tum
3484 5352 3610 5408 pro-

2029 5406 2150 5481 pter
2172 5408 2486 5481 exemplum
2511 5406 2730 5481 illorum
2751 5406 3174 5476 monachorum,
3199 5406 3267 5464 de
3292 5406 3500 5479 quibus
3519 5408 3610 5481 hic

2030 5477 2230 5553 agitur,
2248 5477 2370 5537 tum
2391 5487 2620 5603 gropter
2645 5477 2748 5533 alia
2773 5485 3089 5603 argumenta
3105 5519 3120 5542 ,
3146 5493 3268 5549 quae
3297 5477 3489 5533 contra
3516 5477 3614 5532 ob-

2032 5550 2119 5603 iici
2145 5557 2365 5603 nossent
2429 5566 2459 5603 e
2492 5548 2811 5603 recitatione
2874 5563 3095 5603 orarum
3132 5548 3362 5603 nublice.
3393 5548 3509 5603 sive
3545 5550 3613 5603 de

2026 5548 2123 5624 jiei
2145 5557 2369 5624 possent
2391 5548 2459 5624 de
2492 5548 2811 5624 recitetione
2825 5548 3095 5624 honernm
3132 5548 3509 5624 publice,__sive
3545 5550 3613 5603 de

2035 5617 2236 5693 ofﬁciis
2264 5621 2464 5678 divinis
2494 5621 2707 5693 publice
2734 5620 2792 5693 in
2823 5618 3062 5693 Ecclesia
3093 5617 3448 5693 ceiehrandis,
3489 5630 3613 5693 qum

2035 5692 2262 5763 quidem
2290 5687 2513 5766 potiora
2544 5699 2673 5749 sunt
2712 5690 2956 5763 privatis,
2987 5689 3201 5746 caneris
3234 5687 3475 5758 paribus,
3509 5687 3613 5737 hoc
