4052 6200
440 200 539 254 H5

1773 190 2055 247 JOANNIS
2092 188 2398 247 CASSIANI

3642 197 3743 252 116

438 318 832 392 Ilcompulsoris
845 316 1144 401 adigimur,
1161 331 1256 391 per
1269 324 1453 373 totum
1465 314 1571 375 diei
1584 314 1822 387 Spatium
1834 313 2033 386 iugiter
2060 316 2116 380 Α
2142 301 2170 346 (ί
2194 316 2515 372 Voluntaria
2525 317 2839 385 sacriﬁcabo
2854 317 2959 372 tibi
2976 317 3149 388 (Psal.
3173 321 3244 374 53
3266 321 3287 386 )
3311 335 3326 373 :
3346 322 3418 381 et,
3434 319 3750 376 voluntaria

439 430 566 471 cum
583 414 764 486 operis
778 411 1083 485 adjectione
1097 419 1397 484 spontanea
1413 409 1874 474 celebrantur.lta
1894 423 2041 463 nam-

443 523 549 581 que
566 506 635 562 ab
659 508 738 563 eis
753 506 1085 561 incessanter
1110 504 1355 576 Operatio
1384 514 1649 557 manuum
1670 501 1930 573 privatim
1945 516 2042 572 per

445 599 669 658 cellulas
694 608 1001 667 exercetur,
1038 606 1099 654 ut
1129 597 1466 669 psalmorum
1496 609 1737 666 quoque,
1766 595 1847 650 vel
1877 603 2038 651 caete-

447 709 629 749 rarum
681 693 1089 765 Scripturarum
1130 687 1418 751 meditatio
1469 701 1774 759 numquam
1825 687 2043 759 penitus

444 787 752 847 omittatur.
791 785 890 841 Cui
930 798 1114 855 preces
1151 791 1207 838 et
1233 782 1512 839 orationes
1549 798 1646 853 per
1675 781 1884 855 singula
1917 798 2035 838 mo-

393 893 399 900 '
446 887 630 934 menta
656 878 970 944 miscentes,
996 877 1051 931 iu
1076 875 1160 931 his
1182 874 1382 931 ofﬁciis
1411 889 1536 946 qua:
1553 889 1655 930 nos
1673 881 1880 930 statuto
1900 882 2041 930 tem-

445 987 576 1043 pore
593 970 947 1035 celebramus,
964 977 1142 1025 totum
1162 967 1270 1024 diei
1284 977 1501 1040 tempus
1512 969 1824 1024 absumunt.
1843 969 1958 1037 Qua
1968 985 2045 1024 m-

445 1063 641 1119 obrem
682 1060 921 1135 exceptis
985 1062 1310 1134 vespertinis
1350 1077 1413 1117 ac
1459 1062 1746 1118 nocturnis
1800 1076 2035 1133 congre-

445 1157 757 1229 gationibus
783 1157 927 1212 nulla
952 1156 1096 1228 apud
1113 1171 1209 1212 eos
1233 1172 1326 1227 per
1350 1155 1501 1212 diem
1536 1154 1756 1228 publice
1774 1155 2041 1212 solemni—

448 1260 552 1319 tas,
592 1245 838 1322 absqueb
866 1251 951 1307 die
996 1249 1210 1306 sabbati
1244 1249 1323 1306 vel
1367 1248 1666 1318 dominica,
1715 1250 2041 1319 celebratur,

450 1345 507 1401 in
534 1343 733 1416 quibus
777 1343 912 1400 liora
951 1343 1111 1399 tertia
1153 1359 1323 1400 sacrm
1354 1344 1767 1401 communionis
1814 1342 2044 1400 obtentu

448 1437 798 1494 conveniunt.
836 1439 962 1493 Plus
984 1438 1131 1493 enim
1158 1446 1240 1492 est
1266 1438 1321 1493 id
1343 1436 1492 1508 quod
1518 1437 1855 1493 incessanter
1878 1435 2044 1493 offer-

452 1539 562 1600 tur,
595 1546 761 1603 quam
784 1530 930 1602 quod
961 1546 1057 1602 per
1081 1529 1347 1602 temporis
1374 1529 1657 1587 intervalla
1689 1530 2043 1602 persolvitur;

451 1634 505 1682 et
528 1631 551 1659 ε
573 1626 781 1699 gratius
808 1632 890 1680 est
909 1623 1280 1680 voluntarium
1303 1638 1525 1690 munus,
1542 1639 1711 1695 quam
1737 1621 2048 1679 function

453 1735 578 1791 qua:
600 1718 865 1774 canonica
893 1718 1274 1787 compulsione
1295 1716 1603 1774 redduntur
1626 1736 1638 1771 :
1663 1733 1762 1787 pro
1782 1717 1891 1772 hoc
1909 1732 2047 1788 quo-

453 1827 561 1883 que
596 1811 769 1868 David
790 1810 1082 1883 gloriosius
1107 1810 1319 1882 aliquid
1346 1810 1674 1875 exsultante,
1705 1826 1832 1866 cum
1866 1809 2000 1867 dicit
2032 1833 2045 1868 :

2145 412 2254 464 oris
2291 413 2397 466 mei
2439 413 2774 483 beneplacita
2804 414 2916 466 sint
2955 413 3079 475 tibi,
3125 414 3346 468 Domine
3376 415 3550 481 (Psal.
3586 419 3744 482 118).

2753 527 2999 583 CAPUT
3030 529 3130 582 ΙΙΙ.

2149 641 2303 708 Quod
2322 656 2421 710 per
2443 657 2644 696 omnem
2670 643 2941 699 Orientem
2966 644 3276 698 solemnitas
3307 646 3518 708 Tertia,
3546 647 3746 711 Sexta,

2218 713 2301 766 uel
2309 714 2493 776 None,
2518 715 2678 767 trinis
2696 717 2910 768 tantum
2925 716 3152 783 psalmis
3166 720 3217 769 et
3232 717 3569 770 orationibus
3579 719 3752 784 ﬁnia-

2223 787 2314 837 tur
2348 802 2365 837 :
2387 787 2438 837 et
2465 799 2562 837 cur
2575 786 2858 854 specialius
2882 787 3007 841 istis
3034 786 3179 840 horis
3204 786 3315 851 luce
3339 788 3617 855 spiritalia
3639 790 3753 843 sint

2222 855 2409 923 ofﬁcia
2436 855 2718 925 deputata.

2224 971 2417 1042 Itaque
2454 972 2512 1027 in
2547 969 2873 1039 Palaestinae,
2894 972 2979 1028 vel
3023 973 3441 1045 Mesopotamiae
3471 981 3752 1030 monaste-

2152 1062 2251 1119 riis
2289 1079 2355 1118 ac
2381 1063 2553 1118 totius
2584 1063 2849 1132 Orientis,
2884 1064 3328 1136 supradictarum
3357 1064 3623 1120 horarum
3662 1080 3753 1122 so-

2151 1151 2482 1222 lemnitates,
2516 1154 2679 1210 trinis
2719 1154 2947 1226 psalmis
2981 1155 3226 1227 quotidie
3269 1155 3568 1225 ﬁniuntur;
3612 1165 3675 1212 ut
3699 1164 3756 1213 et

2152 1247 2469 1303 orationum
2503 1247 2798 1303 assiduitas
2822 1249 3041 1306 statutis
3081 1248 3428 1322 temporibus
3459 1254 3575 1307 Deo
3613 1250 3756 1308 offe-

2154 1349 2330 1409 ratur,
2361 1348 2415 1395 et
2438 1342 2745 1397 necessaria
2784 1343 3120 1413 operationis
3148 1342 3335 1399 ofﬁcia
3356 1344 3758 1401 consummatis

2146 1433 2300 1505 justo
2327 1433 2709 1491 moderamine
2732 1434 3072 1506 spiritalibus
3097 1436 3397 1509 obsequiis,
3439 1436 3750 1495 nullatenus

2156 1529 2369 1584 valeant
2423 1529 2675 1601 impediri
2741 1537 2810 1585 τ’
2851 1529 2938 1587 his
2982 1531 3132 1587 enim
3180 1531 3360 1588 tribus
3411 1531 3756 1603 temporibus

2159 1622 2329 1678 etiam
2359 1622 2643 1679 Danielem
2675 1624 3002 1696 prophetam
3026 1623 3272 1695 quotidie
3298 1623 3557 1681 fenestris
3596 1640 3755 1696 aper-

2161 1719 2234 1773 tis
2259 1716 2313 1772 in
2335 1717 2623 1773 cccnaculo
2654 1734 2841 1790 preces
2870 1719 3115 1776 Domino
3138 1716 3347 1774 fudisse
3368 1720 3758 1793 cognoscimus

2158 1805 2332 1878 (Dan.
2375 1814 2497 1879 γι).
2527 1801 2545 1840 ⁸
2584 1814 2695 1867 Nec
2726 1812 3009 1868 immerito
3046 1811 3166 1868 hare
3192 1814 3481 1884 specialius
3508 1821 3761 1886 tempora

1541 1945 1793 2000 ALARDl
1833 1945 2062 2002 GAZJEI
2100 1934 2660 2002 COMMENTARIUS.

453 2068 557 2138 est,
591 2060 708 2130 pari
749 2058 1017 2138 existente
1035 2057 1351 2138 devotione,
1385 2068 1439 2114 et
1480 2060 1799 2138 attentione,
1830 2060 2058 2131 aliisque

454 2129 933 2210 circumstantiis;
984 2129 1109 2184 licet
1150 2129 1418 2201 majorem
1464 2131 1747 2201 requirant
1788 2129 2057 2188 sensuum

458 2208 905 2269 occupationem.

529 2274 552 2303 ³
584 2270 647 2326 1d
677 2278 781 2336 est,
813 2271 972 2341 pulsu
998 2269 1111 2341 sive
1132 2270 1316 2326 sonitu
1343 2271 1674 2341 Superioris,
1707 2272 1789 2327 vel
1829 2272 2055 2328 alterius

459 2340 530 2397 ad
569 2356 707 2411 Opus
760 2339 883 2406 Dei,
919 2355 1016 2396 seu
1041 2339 1287 2397 ofﬁcium
1325 2339 1573 2396 divinum
1604 2344 1883 2400 evocantis
1927 2363 1940 2399 :
1986 2343 2054 2399 de

458 2428 567 2485 quo
596 2412 764 2485 etiam
808 2415 876 2485 ι).
917 2412 1262 2479 Benedictus,
1293 2427 1411 2482 cap.
1445 2418 1511 2467 47
1544 2414 1771 2484 Regula:
1824 2436 1836 2470 :
1870 2419 1946 2470 De
1971 2417 2053 2468 si-

461 2483 771 2552 gniﬁcanda
801 2484 934 2538 hora
970 2486 1143 2554 operis
1174 2485 1289 2540 Dei.
1341 2489 1579 2553 Apparet
1626 2483 1809 2540 autem
1839 2501 1905 2540 ex
1949 2484 2055 2542 hoc

464 2555 605 2620 loco,
632 2563 684 2610 et
710 2553 885 2610 multo
910 2553 1089 2626 magis
1124 2570 1185 2611 ex
1216 2569 1342 2624 cap.
1376 2558 1446 2626 127
1477 2554 1690 2626 _lib.iv,
1737 2556 1860 2612 loco
1887 2571 2041 2611 cam-

463 2639 618 2698 pana:
663 2641 770 2698 qua
792 2641 965 2698 _nunc
1008 2623 1239 2698 utimur,
1266 2623 1555 2698 usosillos
1591 2623 1759 2681 fuisse
1796 2628 1957 2698 pulsu
1985 2625 2056 2683 ad

460 2694 602 2751 Ostia
630 2694 990 2767 singulorum.
1016 2696 1105 2752 Sic
1132 2695 1280 2751 enim
1308 2695 1383 2749 ibi
1411 2694 1642 2766 legitur:
1668 2694 2056 2755 Cum'sonitum

460 2767 740 2838 pulsantis
769 2769 983 2829 ostium,
1012 2785 1075 2822 ac
1102 2768 1435 2821 diversorum
1461 2769 1679 2823 cellulas
1702 2771 2058 2838 percutientis

462 2837 770 2901 audierint,
798 2839 871 2892 ad
899 2841 1195 2893 orationem
1224 2853 1306 2892 eos
1337 2838 1554 2902 scilicet,
1583 2854 1677 2894 seu
1700 2837 1775 2893 ad
1797 2855 1929 2909 opus
1954 2840 2060 2893 ali-

467 2909 614 2978 quod
634 2911 940 2980 invitantis,
962 2911 1206 2963 certatim
1231 2926 1257 2963 e
1273 2909 1536 2980 cubilibus
1554 2913 1919 2980 unusquisque
1935 2926 2065 2980 pro-

464 2983 695 3052 rumpit.
723 2986 799 3034 At
825 2978 892 3052 de
918 2978 1034 3052 hoc
1064 2980 1241 3049 pulsu,
1270 2978 1411 3052 etde
1432 2978 1843 3052 instrumentis;
1863 2978 2065 3052 quibus

462 3050 540 3123 ad
555 3048 799 3123 cilicium
820 3048 1552 3123 divinumLconvocabantur,
1571 3052 1708 3107 alias
1722 3048 1915 3123 plural
1925 3053 2062 3108 Vide

463 3121 667 3188 scholia
690 3123 751 3173 in
766 3121 1028 3188 Regulam
1056 3120 1113 3174 S.
1141 3121 1434 3183 Pachomii,
1463 3139 1516 3177 a.
1542 3126 1631 3187 2).

538 3183 863 3257 “Sabbato,
907 3198 962 3245 et
1013 3189 1291 3247 dominico
1361 3191 1451 3247 die
1519 3183 1696 3248 solere
1756 3192 2060 3248 monachos

471 3260 692 3331 Egypti
717 3260 1038 3316 solemniter
1063 3261 1354 3317 convenire
1382 3262 1436 3317 in
1462 3263 1751 3320 ecclesiam
1772 3264 1842 3319 ad
1869 3264 2055 3320 divina

2164 2060 2400 2132 luntaria
2435 2060 2527 2115 illa
2566 2075 2816 2128 munera,
2852 2060 2908 2115 id
2943 2067 3050 2125 est,
3086 2068 3413 2132 spontanea,
3451 2069 3507 2116 et
3547 2062 3760 2132 privata

2164 2130 2499 2195 devotionis,
2542 2139 2596 2186 et
2624 2129 3134 2202 supererogationis
3181 2129 3367 2187 ofﬁcia
3407 2133 3524 2187 Deo
3549 2129 3763 2187 "oflere-

2164 2202 2335 2269 bant;
2377 2210 2439 2256 ut
2462 2216 2533 2256 ne
2562 2210 2765 2274 puncto
2795 2203 3312 2274 quidemttemporis
3336 2219 3368 2257 a
3397 2204 3497 2258 Dei
3537 2203 3760 2259 servitio

2161 2280 2450 2344 vacarent;
2499 2273 2645 2344 quod
2678 2273 2868 2344 utique
2908 2273 3126 2339 melius,
3170 2280 3226 2327 et
3262 2276 3382 2329 Deo
3412 2274 3624 2344 gratius
3652 2281 3755 2341 est,

2162 2288 2450 2339 vacarent;
2499 2288 2645 2343 quoa
2678 2288 2868 2397 ungue
2908 2288 3126 2339 melius,
3170 2288 3226 2327 et
3262 2288 3382 2329 ueo
3412 2288 3624 2344 gratius
3652 2288 3753 2341 εει,

2162 2359 2329 2416 quam
2353 2343 2485 2416 solis
2527 2342 2729 2399 ofﬁciis
2804 2344 2986 2407 ebitis,
3020 2351 3075 2399 et
3112 2344 3577 2416 praescriptissuo
3606 2352 3753 2416 tem-

2162 2413 2295 2485 pore
2323 2413 2639 2470 satisfacere
2680 2432 2692 2467 :
2734 2416 2861 2467 Plus
2886 2416 3154 2485 enimtest,
3187 2414 3387 2483 inquit,
3407 2415 3471 2467 id
3499 2415 3646 2483 quod
3672 2418 3765 2469 in-

2161 2484 2427 2540 aessanter
2450 2486 2712 2554 offertur,
2730 2500 2895 2552 quam
2910 2484 3055 2553 quod
3073 2486 3323 2553 temporis
3336 2485 3622 2538 intervallo
3632 2500 3772 2554 per-

2162 2558 2430 2629 ξριυὶειιν.⁸
2446 2553 2688 2629 Proinde
2712 2571 2822 2610 non
2851 2562 3135 2629 separatur
3161 2554 3484 2629 hic-munus
3513 2553 3769 2629 volunta-

2162 2624 2311 2683 rium
2339 2642 2370 2681 a
2405 2625 2782 2681 functionibus
2821 2624 3106 2680 canonicis
3143 2633 3200 2681 et
3235 2624 3471 2696 debitis;
3499 2625 3598 2681 sed
3630 2641 3768 2696 sup—

2166 2698 2390 2768 ponitur
2423 2712 2550 2768 cum
2583 2695 2690 2751 illis
2717 2696 3091 2768 cunjunctum.
3123 2695 3230 2765 Qui
3258 2696 3407 2751 enim
3433 2695 3571 2768 facit
3600 2695 3765 2768 opera

2167 2764 2281 2824 non
2301 2764 2593 2839 imperata,
2616 2783 2681 2822 ex
2701 2764 2983 2833 charitate,
3007 2764 3422 2839 sicut’oportet;
3448 2765 3580 2822 facit
3599 2764 3767 2839 etiam

2170 2855 2357 2909 opera,
2384 2838 2479 2909 seu
2503 2838 2688 2894 ofﬁcia
2721 2839 3131 2909 imperata,_aut
3158 2838 3340 2894 debita
3364 2839 3539 2909 (sicut
3577 2838 3764 2909 procul

2169 2907 2340 2965 dubio
2378 2908 2658 2980 faciebant
2700 2910 2778 2980 illi
2810 2907 3102 2979 monachi)
3139 2927 3152 2962 :
3181 2916 3349 2980 atque
3378 2908 3457 2980 ita
3484 2907 3606 2979 plus
3646 2908 3762 2980 dat,

2172 2995 2336 3051 quam
2373 2980 2507 3051 ille,
2530 2979 2624 3050 qui
2649 2979 2829 3051 solum
2874 2978 3165 3050 imperata,
3191 2978 3288 3051 aut
3304 2978 3793 3051 debita’exsequlm

2171 3049 2283 3107 tur.
2327 3049 2685 3122 Includu’ntur
2732 3049 2896 3122 enim,
2925 3049 3303 3122 praeceptahiu
3344 3050 3614 3116 consiliis,
3657 3049 3771 3106 non

2168 3130 2381 3178 contra.
2436 3126 2617 3193 Atque
2656 3121 2727 3176 ita
2769 3121 2922 3193 nihil
2941 3121 3068 3177 hinc
3105 3120 3285 3193 colligi
3342 3128 3521 3191 potest
3569 3129 3767 3193 contra

2168 3191 2541 3263 communem
2555 3191 2866 3248 doctrinam
2892 3191 2961 3247 de
2989 3200 3119 3248 voto
3148 3191 3396 3263 etopere
3439 3191 3586 3263 quod
3614 3191 3678 3247 ﬁt
3705 3207 3773 3247 ex

2172 3273 2301 3320 voto
2348 3281 2362 3319 :
2394 3262 2806 3335 quodconstat,
2844 3263 3064 3335 caeteris
3108 3262 3352 3335 paribus,
3396 3262 3591 3335 melius
3618 3277 3762 3335 esse,

466 3312 728 3416 mysteria
751 3330 1138 3416 celebrandas
1158 3340 1229 3415 et.
1248 3312 1802 3416 percipiﬂéﬁdaiium’
1812 3312 1910 3416 ei:
1930 3312 2057 3416 hoc:
2088 3312 2133 3374 C
2174 3312 2660 3416 licoquejgra‘tius,
2677 3312 2750 3390 ac
2768 3312 2946 3406 magis
2958 3312 3525 3416 ineiitbriuquuam
3550 3333 3597 3389 si
3620 3312 3772 3416 ﬁeret

467 3400 592 3456 tum
623 3417 686 3457 ex
714 3400 837 3457 aliis
858 3403 1103 3460 Cassiani
1126 3400 1265 3460 locis
1286 3400 1579 3461 manifeste
1606 3400 1839 3462 constat.
1876 3405 1983 3462 Sed
2011 3414 2067 3460 et

469 3473 730 3546 omnibus
748 3473 1095 3546 christianis,
1114 3476 1419 3546 praesertim
1446 3475 1500 3530 in
1532 3476 1778 3542 Oriente,
1803 3492 1925 3531 eam
1941 3492 2064 3532 con-

410 3564 420 3573 ·
480 3544 830 3617 suetudinem
862 3543 1041 3617 fuisse
1069 3543 1415 3617 perspicuum
1440 3554 1523 3602 est
1547 3563 1613 3602 ex
1642 3547 1938 3611 Clemente,
1969 3547 2060 3617 qui

480 3614 575 3671 lib.
595 3630 684 3671 vn
716 3616 949 3671 Constit.
978 3614 1100 3686 cap.
1134 3614 1209 3670 24'
1228 3617 1307 3671 sic
1334 3617 1411 3671 ait
1435 3634 1448 3670 :
1476 3618 1794 3679 Sabbatum,
1820 3622 1871 3671 et
1898 3614 2067 3672 donti-

470 3688 808 3741 nicumdiem
828 3688 1030 3754 festum
1048 3689 1262 3755 agimus
1278 3706 1295 3752 ;
1309 3690 1440 3756 quia
1456 3688 1595 3741 illud
1610 3692 1825 3741 natura:
1841 3689 2067 3742 condita:

473 3763 555 3813 est
584 3761 965 3813 monimentum
997 3777 1013 3812 :
1049 3759 1135 3812 hic
1161 3760 1584 3813 resurrectionis.
1615 3761 1683 3813 Et
1715 3760 1967 3814 Socrates
1988 3758 2070 3813 hi-

476 3830 714 3885 storicus
736 3828 880 3884 idem
906 3828 1193 3883 conﬁrmat
1215 3829 1300 3883 his
1322 3828 1500 3883 verbis
1531 3848 1542 3882 :
1568 3830 1697 3886 Cum
1713 3831 1858 3896 festa
1882 3831 2065 3899 cujus-

474 3902 610 3955 libet
635 3900 978 3955 hebdomudce
1006 3900 1371 3962 occurrebant,
1403 3900 1647 3955 videlicet
1679 3901 1987 3962 sabbatum,
2022 3904 2073 3955 et

478 3972 592 4026 dies
627 3971 944 4031 dominicus,
978 3971 1039 4024 in
1069 3971 1266 4040 quibus
1296 3977 1577 4026 conventus
1606 3972 1666 4025 in
1693 3973 1918 4026 ecclesiis
1954 3972 2074 4040 ﬁeri

477 4043 667 4104 solent,
700 4049 807 4096 etc.
838 4042 989 4106 (Lib.
1019 4055 1106 4108 vr,
1138 4057 1183 4095 c.
1213 4045 1295 4106 8).
1318 4041 1423 4097 Sed
1456 4041 1524 4098 de
1562 4041 1664 4097 hac
1704 4057 1764 4097 re
1791 4041 1958 4097 etiam
1985 4041 2070 4096 in-

481 4111 586 4176 fra,
612 4111 719 4185 ubi
737 4111 804 4185 de
819 4111 1028 4185 jejunio
1051 4112 1263 4168 sabbati
1290 4120 1483 4185 agetur
1508 4115 1673 4184 (Cap.
1705 4119 1738 4169 9
1758 4119 1819 4185 et
1841 4118 1962 4185 107),.

546 4187 570 4215 ο
575 4184 793 4257 Similis
825 4183 982 4255 plane
1024 4192 1105 4239 est
1133 4187 1202 4238 D.
1237 4183 1562 4257 Hieronymi
1588 4183 1860 4240 sententia
1903 4184 2003 4257 lib.
2045 4198 2067 4241 ι

480 4253 539 4327 in
556 4253 919 4327 ‘Jovinianum
945 4275 957 4310 :
992 4257 1219 4326 Majoris
1246 4259 1322 4311 est
1349 4253 1543 4325 gratia:
1563 4258 1787 4324 offerre,
1804 4256 1947 4327 quod
1971 4270 2076 4309 non

478 4322 705 4389 debeas;
745 4340 911 4392 quam
935 4322 1178 4389 reddere,
1208 4322 1367 4395 quod
1389 4322 1653 4395 erigaris.
1679 4322 1856 4382 Debet
1891 4334 2078 4382 autem

480 4399 713 4462 utraque
731 4395 1001 4449 sententia
1023 4412 1131 4466 non
1153 4397 1226 4449 ita
1249 4398 1552 4464 generatim
1587 4397 1805 4466 exponi,
1828 4405 1890 4452 ut
1915 4397 2077 4452 verba

480 4470 703 4529 sonant,
742 4479 806 4518 ac
836 4479 945 4533 pra:
984 4479 1041 4520 se
1087 4464 1292 4537 ferunt,
1334 4466 1429 4521 sed
1455 4464 1739 4537 speciatim
1770 4466 2071 4522 secundum

483 4541 725 4608 mentem
773 4538 1085 4608 _Auctorum
1130 4544 1184 4590 et
1229 4534 1501 4608 locorum
1529 4536 1900 4608 Aexigentiam.
1949 4539 2072 4606 Quo

480 4603 659 4679 modo
678 4604 961 4679 utriusque
997 4606 1301 4679 sententia)
1338 4607 1485 4663 idem
1517 4605 1630 4662 fere
1645 4603 1856 4679 scapus
1882 4603 1995 4676 est,
2018 4616 2075 4664 et

483 4674 847 4758 intelligentia
874 4674 1034 4758 '.Agit
1052 4678 1200 4732 enim
1230 4678 1403 4758 ibi_D_.
1434 4674 1799 4758 Hieronymus
1823 4679 1891 4736 de
2107 4681 2157 4745 D

482 4739 696 4815 nitate,"
698 4756 750 4802 et
776 4739 1098 4824 virginibus,
1120 4765 1253 4824 quas
1281 4748 1414 4824 dicit
1442 4766 1471 4804 a
1501 4739 1725 4824 Christo
1743 4749 1861 4818 plus
1891 4739 2070 4824 diligi,

482 4834 647 4890 quam
680 4820 955 4890 conjuges,
994 4820 1149 4890 quia,
1179 4820 1376 4893 inquit,
1413 4826 1600 4891 Sponte
1631 4823 1901 4885 tribuunt,
1929 4820 2075 4893 quod

482 4906 588 4965 non
626 4896 715 4965 est
731 4895 805 4947 eis
850 4895 1196 4962 imperatum,
1230 4892 1335 4948 hoc
1365 4901 1465 4959 est,
1514 4893 1885 4965 virginitatem
1912 4892 2074 4965 suam

485 4963 605 5036 Deo
632 4962 891 5036 offerunt,
924 4972 977 5018 et
1005 4972 1357 5032 consecrant;
1380 4964 1525 5036 quod
1552 4962 1663 5021 non
1692 4973 1775 5019 est
1796 4963 2074 5036 praecepti,

483 5032 579 5087 sed
606 5034 821 5087 consilii
870 5053 881 5087 ε
916 5036 1140 5107 majoris
1185 5044 1369 5090 autem
1396 5032 1601 5107 gratia:
1635 5044 1689 5091 et
1731 5032 2080 5107 perfectionis

482 5110 569 5156 est
597 5117 814 5157 servare
845 5105 1094 5178 consilia,
1125 5107 1272 5178 quod
1301 5105 1456 5178 pauci
1484 5105 1921 5178 faciunt;‘quam
1961 5105 2079 5178 sola

487 5181 780 5296 prmerpta,
807 5189 929 5243 qua:
957 5175 1025 5229 ab
1055 5175 1317 5231 omnibus
1336 5177 1644 5246 exiguntur.
1673 5175 1938 5233 Similiter
1965 5175 2083 5246 agit

507 5242 579 5296 lic
598 5242 911 5296 Cassianus.
937 5252 999 5296 ut.
1027 5262 1087 5296 ex
1130 5246 1563 5296 nrmcedentibus
1590 5247 1778 5296 liquet.
1803 5247 1869 5296 de
1898 5247 2081 5296 nriva-

507 5242 579 5323 tic
598 5242 911 5329 Cassianus,
937 5252 999 5299 ut.
1020 5262 1087 5329 _ex
1130 5242 1563 5329 praecedentibus
1590 5247 1779 5329 liquet,
1803 5247 1869 5302 de
1898 5242 2081 5329 priva-

484 5313 559 5367 tis
588 5314 952 5388 orationibus,
979 5323 1039 5388 _et
1080 5313 1553 5388 meditationibus,
1604 5313 1834 5388 aliisque
1864 5313 2084 5388 pietatis

486 5383 933 5458 exercitiis,‘qua3_
964 5385 1143 5458 devoti
1166 5387 1264 5458 illi
1300 5388 1555 5443 monachi
1586 5404 1711 5443 cum
1746 5383 1914 5458 opere
1960 5404 2082 5443 ma-

485 5470 659 5509 nuum
691 5453 893 5511 divinis
930 5453 1131 5529 ofﬁciis
1160 5457 1621 5529 intermiscentes,
1675 5453 1803 5529 sive
1834 5458 2084 5529 interpo-

489 5533 681 5601 nentes
705 5534 884 5601 totum
914 5527 1033 5601 diei
1050 5536 1266 5601 tempus
1302 5528 1509 5601 absque
1536 5528 1643 5585 ulla
1678 5527 2085 5601 intermissione

492 5603 545 5671 et
573 5596 1181 5671 qriietealisumebant,
1216 5600 1359 5671 sicut
1382 5596 1540 5666 paulo
1564 5607 1691 5671 ante
1715 5600 1884 5666 dixit;
1918 5609 2086 5671 atque

494 5666 568 5721 ita
607 5666 1001 5740 functionibus,
1033 5668 1087 5723 id
1122 5678 1226 5740 est,
1252 5668 1450 5726 ofﬁciis
1478 5670 1782 5736 canonicis,
1822 5666 2084 5730 canonica

489 5740 887 5812 compulsione,
926 5739 1031 5795 hoc
1058 5739 1163 5818 est;
1194 5742 1427 5812 regulari
1469 5742 1723 5800 instituto
1758 5744 1956 5802 debitis
1987 5760 2084 5802 vo-

2174 3407 2291 3461 sine
2312 3403 2484 3460 voto':
2518 3404 2687 3460 modo
2727 3420 2839 3460 non
2869 3403 3077 3473 coacto,
3116 3412 3215 3461 aut
3241 3420 3306 3460 ex
3349 3403 3554 3460 timore
3586 3403 3769 3460 servili

2173 3476 2306 3532 ﬁat:
2335 3490 2445 3547 quo
2470 3491 2600 3531 casu
2632 3475 2959 3546 simpliciter
2981 3492 3106 3531 vera
3133 3483 3220 3531 est
3255 3476 3347 3531 illa
3373 3475 3629 3547 Cassiani
3644 3490 3772 3531 sen-

2172 3545 2368 3613 tentia,
2399 3548 2625 3604 Gratius
2666 3545 2753 3601 est
2782 3561 2976 3601 munus
3021 3549 3341 3610 voluntarii,
3385 3554 3491 3602 etc.
3525 3545 3636 3603 Sed
3662 3560 3776 3602 non

2174 3617 2390 3673 videtur
2430 3616 2488 3671 in
2517 3615 2669 3671 hunc
2706 3615 2939 3672 modum
2986 3617 3346 3685 intellexisse;
3387 3632 3515 3673 cum
3544 3616 3614 3672 de
3658 3615 3772 3673 illis

2174 3686 2465 3759 monachis
2481 3696 2688 3759 ageret,
2716 3687 2809 3759 qui
2835 3696 3105 3759 prompte,
3133 3696 3188 3744 et
3204 3688 3397 3745 devote
3412 3688 3600 3759 omnia
3619 3702 3777 3743 exse-

2177 3758 2539 3830 quebantur,’
2560 3766 2618 3813 et
2643 3758 2797 3829 plura
2838 3758 3188 3830 prazstabant,
3216 3774 3383 3828 quam
3422 3758 3774 3814 tenebantur.

2248 3817 2276 3861 ά
2307 3829 2690 3885 Voluntarium
2732 3830 3033 3887 oononitur
3071 3830 3312 3887 tristitiae
3352 3838 3408 3886 et
3445 3829 3764 3887 coactioni:

2248 3845 2276 3861 ι·
2314 3845 2690 3885 vonuntarium
2732 3845 3033 3900 opponitur
3071 3845 3312 3887 irisutue
3352 3845 3408 3886 et
3445 3845 3764 3898 coactioni;

2178 3916 2291 3956 non
2333 3908 2521 3956 autem
2558 3900 2897 3968 necessitati,
2933 3916 3035 3957 seu
3062 3901 3415 3973 obligationi;
3440 3901 3778 3974 quae‘nasc‘i-

2181 3982 2357 4044 turex
2392 3979 2542 4044 voto,
2561 3979 2655 4026 aut
2680 3979 2975 4044 praicepto.
3003 3976 3084 4027 De
3112 3970 3221 4043 qua
3246 3975 3316 4027 D.
3348 3970 3691 4044 Augustinus
3716 3970 3778 4044 in

2184 4043 2361 4114 Epist.
2392 4041 2464 4098 ad
2497 4041 2917 4098 Armentarium
2954 4061 2967 4097 :
3013 4041 3168 4099 Pelia:
3193 4041 3503 4106 necessitas,
3535 4058 3657 4114 qua:
3701 4043 3779 4097 ad

2182 4113 2407 4169 meliora
2427 4115 2707 4183 compellit.
2739 4114 2969 4170 Videtur
2996 4122 3184 4170 tamen
3214 4114 3504 4171 Cassianus
3530 4113 3781 4168 volunta-

2183 4186 2331 4241 rium
2358 4184 2447 4239 hic
2476 4184 2798 4256 intelligere,
2830 4184 2978 4256 quod
3005 4194 3200 4255 sponte
3227 4185 3289 4239 ﬁt
3306 4185 3510 4255 absque
3543 4183 3649 4239 ulla
3672 4184 3781 4256 iob-

2184 4256 2446 4329 ligatione
2475 4255 2610 4321 voti,
2652 4255 2733 4329 vel
2774 4255 3031 4329 praecepti
3084 4256 3285 4329 etquod
3326 4256 3550 4329 quidem
3581 4255 3780 4329 melius

2184 4324 2366 4408 estet
2392 4328 2508 4408 Deo
2536 4324 3018 4408 gratius,'quando
3028 4324 3172 4408 ,ειὶὶῘέ
3196 4324 3476 4408 operibus,
3497 4334 3561 4408 _et
3578 4324 3781 4381 ofﬁciis

2184 4397 2403 4464 debitis,
2434 4404 2499 4451 ‘et
2547 4395 2870 4453 necessariis
2912 4412 2979 4453 ex
3021 4395 3253 4455 fervore'
3280 4397 3566 4454 charitatis
3592 4411 3784 4467 super-

2179 4468 2417 4541 additur,
2457 4474 2511 4522 et
2544 4476 2992 4541 _supererogatur,
3042 4469 3123 4525 uti
3167 4485 3333 4539 supra
3378 4469 3588 4541 dictum
3631 4474 3715 4522 est
3763 4487 3776 4522 :

2179 4540 2275 4596 ubi
2319 4538 2500 4611 locum
2544 4537 2709 4594 habet
2761 4537 2850 4595 illa
2896 4541 3165 4596 sententia
3214 4537 3540 4611 Evangelica
3596 4540 3778 4596 εΗωο

2183 4610 2424 4682 oportuit
2448 4606 2648 4682 facere,
2678 4613 2730 4682 _et
2753 4611 2864 4682 illa,
2881 4627 2985 4667 non
3007 4614 3249 4667 omittere
3274 4606 3503 4678 (Matth.
3532 4614 3707 4677 xxv).

2263 4685 2286 4714 ε
2314 4683 2398 4736 lta
2416 4682 2487 4735 D.
2529 4680 2830 4751 Cyprianus
2857 4681 2952 4738 lib'.
2984 4684 3050 4738 de
3091 4685 3344 4740 Oratione
3365 4684 3644 4738 Dominica
3677 4678 3783 4736 sub

2189 4753 2352 4809 ﬁnem
2381 4769 2395 4806 :
2430 4754 2489 4806 In
2517 4754 2872 4815 orationibus,
2899 4753 3097 4825 inquit,
3128 4754 3459 4808 celebrandis
3477 4755 3785 4807 invenimus

2183 4825 2488 4880 observasse
2516 4838 2635 4876 cum
2653 4825 2876 4879 Daniele
2895 4830 3002 4879 tres
3016 4840 3209 4894 pueros
3223 4827 3283 4879 in
3306 4825 3413 4894 ﬁde
3432 4825 3617 4890 fortes,
3645 4829 3695 4877 et
3721 4825 3785 4877 in

2185 4896 2501 4966 captivitate
2512 4895 2754 4958 victores,
2777 4896 2963 4949 heram
2984 4898 3221 4959 tertiam,
3243 4900 3474 4958 sextam,
3495 4900 3547 4950 et
3560 4910 3778 4966 nonam.

2146 4978 2149 4983 '
2187 4964 2258 5022 Et
2286 4970 2349 5021 D.
2378 4964 2747 5035 Hieronymus
2765 4966 2819 5020 in
2840 4982 2957 5035 cap.
2979 4981 3045 5022 γι
3067 4966 3352 5023 Danielis:
3386 4969 3537 5029 Tria,
3566 4965 3776 5035 inquit,

2188 5042 2447 5106 tempora,
2467 5037 2664 5106 quibus
2676 5041 2780 5093 Deo
2789 5038 3048 5106 ﬂectenda
3071 5043 3398 5108 suntgenua,
3411 5038 3785 5093 Ecclesiastica

2189 5108 2420 5176 traditio
2446 5109 2725 5176 intelligit.

2263 5171 2283 5210 ¹
2307 5178 2510 5254 _De_l_iis
2534 5171 2762 5254 aliisque
2783 5177 3045 5254 horarum
3073 5178 3459 5254 canonicarum
3483 5179 3780 5254 mysteriis,

2190 5258 2245 5306 et
2274 5248 2789 5324 signiﬁcationibus,
2821 5266 2954 5321 quas
2978 5250 3067 5306 bic
3095 5252 3271 5324 tangit
3299 5248 3610 5324 Cassianus,
3639 5266 3791 5322 pra:-

2189 5321 2568 5395 ter‘antiquos
2604 5323 2813 5395 Patres,
2837 5329 3073 5395 tractant
3101 5338 3167 5378 ex
3199 5321 3455 5395 professo
3481 5321 3786 5395 Rupertus,

2189 5391 2451 5459 Isidorus,
2482 5393 2641 5463 Hugo
2666 5407 2696 5446 a
2723 5392 2778 5447 S.
2814 5393 3056 5463 Victore,
3096 5402 3151 5449 et
3183 5391 3277 5450 alii
3317 5391 3673 5450 recentiores.
3732 5398 3786 5449 Α

2188 5463 2390 5534 quibus
2415 5462 2595 5536 variai
2616 5463 2855 5519 rationes
2874 5464 2933 5519 al
2933 5462 3209 5533 feruntur,
3240 5482 3337 5521 cur
3360 5467 3471 5521 lucc
3490 5466 3785 5536 specialius

2193 5539 2431 5607 tempora
2454 5535 2722 5603 religiosis
2742 5536 2861 5607 Asint
2883 5537 3080 5607 ofﬁciis
3105 5537 3388 5607 deputata,
3415 5535 3520 5592 hoc
3544 5544 3645 5602 est,
3684 5551 3790 5593 cur

2196 5604 2283 5659 his
2312 5604 2494 5674 potius
2516 5605 2878 5679 temporibus,
2909 5622 3004 5662 seu
3027 5604 3378 5665 horis—ofﬁcia
3409 5608 3592 5664 divina
3620 5622 3788 5679 pera-

2192 5675 2540 5750 gant_ur;.s_ed
2567 5675 2678 5750 tres
2706 5676 2959 5733 videntur
2981 5679 3277 5750 praecipua:
3302 5699 3315 5735 :
3344 5695 3578 5750 quarum
3603 5675 3787 5750 prima

2192 5696 2540 5748 gantur;.seu
2567 5696 2677 5731 tres
2706 5696 2959 5733 Videntur
2987 5696 3277 5750 praeelpua:
3302 5699 3315 5735 :
3384 5696 3578 5735 uarum
3636 5696 3787 5735 rima

2190 5747 2414 5819 respicit
2456 5746 2783 5805 beneﬁcium
2824 5748 3143 5820 creationis,
3177 5696 3413 5808 secunda
3450 5696 3788 5808 beneficium
