4052 6200
307 237 396 290 117

867 238 907 292 E
943 235 1423 294 C(ENOBIORUM
1460 236 1705 295 INSTIT.
1746 237 1875 293 ῙΔΒ,
1913 239 2004 295 lll.
2040 266 2114 280 —
2150 240 2239 295 DE
2277 238 2551 295 DIURNIS
2588 237 3068 321 οιιΑΤιρΝιΒυε.

3500 248 3600 301 118

300 359 561 432 religiosis
585 368 716 417 sunt
738 347 938 419 officiis
959 360 1235 436 deputata.
1263 364 1329 418 In
1356 362 1443 420 his
1466 362 1739 436 siquidem
1769 379 1894 435 pro-
1921 369 1975 431 Α
2005 366 2223 421 tionum
2249 364 2432 421 ofﬁcio
2463 365 2791 423 constitutos
2809 364 3153 424 descendisse
3175 367 3430 438 primitus
3448 384 3603 426 com-

304 454 619 511 missionum
655 454 943 527 perfectio,
992 464 1050 513 et
1082 472 1303 515 summa
1339 464 1548 513 nostrae
1581 456 1775 513 salutis
1808 465 1893 513 est

298 546 590 620 adimpleta
605 566 618 602 :
633 550 659 580 ⁸
673 550 825 605 ﬂora
842 564 1078 622 namque
1087 551 1247 607 tertia
1262 549 1633 622 repromissus
1645 550 1781 605 olim
1798 565 1893 621 per

306 645 596 719 prophetas
631 647 872 719 Spiritus
905 656 1127 711 sanctus
1156 663 1324 721 super
1362 648 1646 721 apostolos
1678 647 1737 702 in
1772 662 1893 703 ora-

2003 457 2283 529 probatur.
2325 459 2469 513 Nam
2515 473 2644 514 cum
2697 466 2919 531 propter
2960 458 3330 517 elocutionem
3387 461 3601 531 lingua-

1999 566 2148 619 rum,
2187 565 2309 622 qua:
2342 550 2411 606 ab
2444 551 2524 607 eis
2565 549 2840 608 infusione
2880 552 3116 625 Spiritus
3138 555 3312 610 sancti
3353 556 3598 627 proﬂue-

1998 644 2113 713 bat,
2145 660 2280 717 gens
2316 645 2595 702 incredula
2624 645 2945 704 Judaeorum
2975 647 3366 720 obstupescens
3396 650 3600 722 pariter

1395 790 1650 846 ALARDI
1686 789 1908 844 GAZr-EI
1945 786 2503 844 COMMENTARIUS.

298 921 349 987 et
370 914 695 987 mysterium,
730 914 1132 987 redemptionis
1154 955 1169 982 ,
1192 914 1360 987 tertia
1391 915 1711 987 mysterium
1741 929 1898 987 _sauc-

296 984 523 1040 tissimaa
548 986 857 1041 Trinitatis.
890 984 1077 1041 Primo
1115 986 1263 1041 enim
1300 984 1565 1041 institutae
1585 993 1712 1040 sunt
1740 984 1893 1042 horas

293 1055 589 1123 canonicis,
619 1064 683 1111 ut
705 1056 1041 1112 beneﬁcium
1074 1056 1372 1127 creationis
1388 1056 1632 1127 quotidie
1656 1071 1895 1112 comme-

298 1141 602 1199 moremus,
644 1133 702 1183 et
718 1142 826 1199 pro
858 1142 922 1199 eo
955 1140 1215 1198 perennes
1249 1126 1456 1199 laudes,
1499 1136 1555 1199 et
1583 1127 1885 1199 gratiarum

295 1197 540 1253 actiones
592 1196 866 1253 conditori
904 1196 1087 1253 rerum
1136 1198 1389 1253 omnium
1438 1196 1775 1265 referamus,
1824 1206 1888 1253 ut

292 1268 580 1340 perspicue
628 1267 932 1340 ostendunt
978 1267 1164 1340 hymni
1220 1266 1439 1323 feriales
1488 1268 1876 1339 Vesperarum.

285 1338 582 1405 (Bellarm.
625 1340 716 1393 lib.
763 1352 783 1393 ι
810 1338 1035 1408 ἀείὺοηζ
1083 1340 1241 1408 Oper.
1275 1355 1389 1408 cap.
1423 1340 1551 1403 13.)
1573 1338 1700 1395 Ideo
1735 1340 1883 1395 enim

290 1417 421 1465 sunt
450 1408 600 1481 horae
629 1417 835 1481 septem
872 1407 1088 1466 diurnae
1120 1407 1133 1464 ἐ
1161 1407 1428 1481 quoniam
1458 1419 1671 1478 septem
1695 1410 1889 1467 diebus

287 1479 500 1553 creavit
526 1482 680 1553 Deus
699 1480 902 1536 ccelnm
930 1479 1249 1553 etAterram,
1290 1489 1347 1537 et
1375 1481 1561 1553 omnia
1593 1496 1718 1553 quae
1757 1482 1886 1553 coeli

295 1550 505 1606 ambitu
532 1551 901 1605 continentur.
937 1548 1172 1607 Additur
1193 1560 1380 1607 autem
1414 1549 1547 1608 hora
1575 1548 1789 1615 octava,
1830 1552 1887 1608 id

289 1629 388 1687 est,
439 1619 689 1694 officium
728 1630 1224 1694 nocturnumtpro
1261 1638 1356 1694 spe
1391 1630 1445 1677 et
1482 1624 1887 1694 exspectatione

289 1691 731 1766 resurrectionis,
775 1707 901 1763 qua:
927 1708 1048 1766 _per
1089 1692 1237 1748 diem
1283 1691 1533 1766 octavam
1580 1691 1884 1766 significari

289 1763 462 1819 solet:
490 1771 654 1818 noctu
691 1762 877 1818 autem
918 1762 1160 1821 futuram
1200 1762 1663 1821 resurrectionem
1694 1765 1890 1821 Domi-

289 1848 392 1889 nus
429 1833 544 1905 ipse
582 1833 874 1889 admonuit
913 1836 1077 1890 Lucae
1122 1850 1260 1891 xvu
1290 1854 1301 1889 :
1334 1839 1395 1891 In
1434 1836 1532 1890 illa
1558 1841 1705 1891 nocte
1733 1842 1889 1892 erunt

286 1905 396 1959 duo
415 1907 471 1958 in
507 1906 635 1976 lecto
670 1921 804 1971 uno;
834 1922 973 1959 unus
998 1910 1321 1969 assumetur,
1362 1907 1499 1961 alter
1531 1908 1884 1976 relinquetur,

289 1983 345 2030 et
363 1974 612 2031 Matthzei
644 1991 766 2051 xxv
797 1977 1027 2051 :Media
1042 1980 1197 2051 nocte
1214 1978 1410 2051 clamor
1427 1979 1608 2051 [actus
1623 1974 1752 2051 est;
1781 1994 1890 2033 ecce

534 2048 700 2110 venit,
741 2048 1118 2119 emitecbvurm
1147 2050 1215 2102 ei.
1240 2048 1493 2119 Secunda
1531 2049 1695 2113 ratio,
1717 2064 1887 2119 eaque

281 2116 593 2189 potissima,
620 2133 787 2189 quam
808 2117 1055 2189 reddunt
1082 2121 1297 2189 Patres,
1322 2118 1594 2189 Clemens,
1618 2116 1883 2186 Basilius,

2005 921 2374 977 consecratas,
2398 929 2508 969 non
2534 912 2816 969 immerito
2847 912 2917 969 ab
2939 914 3181 971 Ecclesia
3209 914 3371 972 fuisse
3400 916 3600 974 divinis

2006 983 2251 1055 officinis
2267 984 2552 1055 specialius
2582 984 2888 1055 deputatas.

2072 1058 2096 1088 "
2137 1058 2218 1111 De
2245 1052 2416 1124 hdris,
2463 1055 2577 1110 sive
2620 1052 2818 1110 ciliciis
2861 1055 3075 1111 diurnis
3107 1065 3348 1124 acturus,
3374 1072 3599 1113 eorum-

1999 1142 2104 1198 que
2127 1127 2413 1197 mysteria',
2450 1125 2567 1200 _sive
2595 1126 2838 1200 rationes
2865 1135 2919 1182 et
2947 1127 3384 1200 signiﬁcatiunes
3423 1129 3597 1200 expli-

1994 1196 2237 1265 caturus,
2277 1211 2309 1252 a
2338 1196 2497 1270 tertia
2546 1196 2767 1270 initium
2815 1196 3031 1267 sumit,
3050 1196 3597 1270 omissa‘primajob

1992 1270 2261 1324 rationem
2280 1267 2542 1340 superius
2577 1266 2906 1340 indicatam,
2937 1277 2992 1324 et
3039 1266 3445 1340 sequenti'cap.
3485 1269 3597 1339 plc-

1995 1340 2120 1412 nius
2149 1339 2540 1412 explicandam
2577 1356 2591 1392 :
2622 1354 2747 1412 quae
2785 1339 3005 1412 quidem
3031 1339 3190 1412 tertia
3233 1339 3592 1412 obim’ysterii

1996 1409 2320 1483 dignitatem
2344 1418 2399 1466 et
2435 1409 2818 1483 eminentiam,
2840 1411 3006 1483 vulgo
3049 1411 3195 1483 apud
3232 1409 3592 1467 Italos'aurea

1996 1480 2130 1539 hora
2184 1488 2531 1553 nuncupatur
2579 1498 2591 1533 :
2649 1480 2706 1536 in
2733 1480 3103 1553 Jureiautem'
3141 1483 3424 1541 Canonico
3465 1482 3595 1538 hora

1993 1568 2148 1608 sacra
2184 1551 2311 1608 dist.
2372 1551 2440 1607 214
2481 1566 2601 1605 can.
2646 1552 2771 1618 ult.,
2800 1551 2890 1607 ubi
2918 1553 3120 1608 dicitur
3164 1572 3175 1608 :
3220 1570 3324 1608 non
3360 1558 3596 1623 oportere

1993 1625 2227 1685 clericos,
2265 1624 2348 1677 cel
2395 1624 2555 1676 laicos
2596 1623 2871 1689 religiosos
2899 1629 3022 1693 ante
3046 1639 3250 1679 sacram
3276 1624 3459 1678 horam
3482 1625 3597 1680 diei

1994 1697 2214 1748 tertiam
2239 1695 2379 1763 inire
2404 1694 2646 1747 convivia
2671 1692 2864 1763 (Apud
2889 1692 3102 1749 Gratia.
3127 1710 3195 1749 ea:
3212 1696 3428 1749 concilio
3448 1697 3595 1749 Mar-

1997 1766 2106 1819 tini
2120 1779 2284 1843 papae
2302 1762 2338 1833 ).
2367 1764 2533 1817 Sacra
2567 1762 2753 1842 autem
2777 1763 3046 1887 appellata
3078 1764 3313 1832 videtur,
3339 1765 3464 1836 quia
3502 1779 3592 1845 sa-

1997 1834 2104 1887 cris
2138 1837 2438 1887 Missurum
2479 1834 2764 1887 solemnus
2840 1841 3016 1887 mata.
3052 1841 3114 1887 ut
3156 1834 3325 1887 nrobe
3372 1839 3592 1887 coniicit

1995 1832 2438 1914 cris’Miussarum
2479 1832 2766 1914 soleamus
2801 1832 3016 1914 dicata,
3052 1834 3325 1914 ut‘probe
3354 1832 3595 1914 'conjicit

1993 1906 2153 1960 Joan.
2193 1906 2479 1974 Durantus
2530 1902 2597 1974 de
2631 1902 2854 1958 [litibus
2891 1904 3094 1959 Eccles.
3132 1902 3229 1959 lib.
3267 1919 3343 1959 ιιι
3389 1902 3507 1974 cap.
3536 1911 3589 1960 8.

1994 1976 2173 2047 Hujus
2190 1973 2342 2031 horae
2359 1974 2532 2029 tertiae
2547 1972 2656 2030 duo
2673 1973 2943 2047 praecipua
2970 1975 3225 2047 mysteria
3236 1975 3296 2030 in
3315 1972 3592 2045 Scriptura

1994 2045 2518 2116 commemorantur,
2544 2052 2599 2099 et
2619 2059 2651 2102 a
2679 2045 2933 2116 Patrihus
2956 2045 3319 2112 celebrantur,
3349 2060 3589 2116 quorum

1995 2119 2231 2197 alterum
2261 2115 2329 2172 ad
2377 2116 2687 2197 passionem
2728 2115 2929 2197 Christi
2949 2115 3491 2197 _pertinet,i.alt_erum_
3515 2116 3585 2172 ad

280 2182 612 2260 Cassianus,
633 2182 695 2243 'et
744 2188 871 2253 alii,
918 2188 988 2243 ad
1046 2187 1375 2260 memoriam
1404 2182 1795 2260 redemptionis
1831 2182 1884 2245 et
1910 2182 1959 2245 B
1993 2188 2333 2260 missionem,
2359 2182 2470 2260 sive
2491 2186 2790 2260 adventum
2824 2182 3053 2260 Spiritus
3083 2182 3274 2260 sancti.
3300 2189 3384 2242 De
3411 2186 3593 2258 priore

279 2258 647 2332 reparationis
686 2267 892 2314 nostra
932 2259 1379 2332 conservandam.
1429 2262 1570 2332 Nam
1598 2258 1883 2332 praecipua

283 2329 682 2404 redemptionis
701 2338 933 2404 nostrai,
956 2338 1011 2384 et
1036 2329 1306 2401 passionis
1332 2329 1633 2387 Dominica:
1671 2329 1882 2404 myste-

283 2401 361 2455 ria
412 2399 499 2456 his
537 2400 688 2457 horis
727 2401 998 2526 completa
1037 2399 1163 2457 esse
1200 2408 1519 2458 noscuntur.
1565 2404 1644 2457 De
1690 2399 1888 2473 quibus

283 2479 497 2526 exstant
527 2471 604 2526 illi
642 2472 849 2526 versicu
872 2472 887 2526 i
914 2472 1184 2526 memoria
1209 2471 1380 2526 digni.
1408 2480 1463 2526 et
1486 2489 1518 2526 a
1542 2472 1873 2526 iunioribus.

283 2479 497 2527 exstant
527 2471 604 2526 illi
642 2471 887 2544 versiculi
914 2472 1184 2544 memoria
1209 2471 1380 2543 digni,
1408 2480 1463 2527 et
1486 2471 1873 2544 ajunioribus,

274 2556 517 2614 quorum
539 2543 714 2615 gratia
753 2558 847 2599 eos
874 2542 1077 2612 refero,
1101 2542 1390 2600 memoria:
1411 2542 1835 2602 com'mendandi
1865 2564 1878 2598 :

369 2707 495 2755 Haec
518 2709 654 2769 sunt,
677 2706 897 2769 septenis
920 2709 1124 2769 propter
1149 2719 1264 2769 quin
1301 2704 1562 2769 psallimus
1595 2704 1740 2756 horis
1774 2722 1785 2733 °

370 2768 619 2840 yatutina
650 2768 766 2840 ligat
787 2768 1058 2840 Chg'istnm,
1083 2769 1172 2831 qui
1195 2768 1621 2840 criminapurgat:

369 2830 539 2879 Prima
567 2830 723 2894 replet.
748 2830 946 2894 sputis;_
966 2830 1168 2894 causam
1192 2830 1281 2879 dat
1307 2830 1472 2894 Tertia
1499 2830 1688 2894 mortis.

370 2894 523 2941 Sexta
547 2892 681 2954 cruci
710 2892 861 2941 neclit
896 2910 908 2940 :
936 2892 1070 2941 latus
1100 2893 1205 2954 ejus
1237 2894 1372 2940 Nona
1408 2892 1625 2954 bipartit.

369 2957 590 3017 Vespera
614 2953 817 3017 deponit
852 2968 864 2999 :
893 2954 1088 3004 tumulo
1113 2953 1373 3017 Completa
1403 2953 1612 3017 reponit.

273 3106 388 3184 Sed
416 3116 489 3184 et_
507 3108 745 3164 aliorum
775 3108 1174 3184 beneficiorum
1212 3119 1267 3165 et
1300 3112 1687 3182 mysteriorum
1725 3128 1884 3184 repa-

273 3178 523 3252 rationis
556 3181 1162 3252 _nostreememoriam,
1192 3178 1515 3252 gratamque
1557 3197 1687 3237 cum
1723 3178 1884 3239 laude

271 3247 739 3321 recordationem
777 3248 975 3321 iisdem
999 3250 1153 3305 horis
1177 3247 1518 3321 proﬁtemur,
1542 3260 1671 3321 puta
1701 3254 1882 3308 lucar-

267 3317 557 3394 nationis,
596 3318 899 3394 Navitatis,
927 3317 1400 3394 Resurrectionis,
1449 3317 1728 3378 missionis
1760 3324 1881 3394 Spi-

272 3391 428 3446 ritus
470 3388 666 3463 sapcti,
721 3389 1332 3463 vocationis_gentium,
1377 3399 1505 3459 etc.,
1553 3408 1675 3463 quae
1714 3388 1879 3451 certis

276 3459 658 3536 temporibus,
706 3460 908 3536 quibus
959 3458 1206 3517 ofﬁcium
1246 3458 1508 3536 horarum
1557 3458 1878 3536 respondet,

1996 2258 2256 2331 mysterio
2282 2262 2361 2331 D.
2374 2258 2626 2331 Clemens
2666 2257 2759 2312 lib.
2788 2272 2896 2331 vui
2924 2258 3213 2314 Constitut.
3238 2257 3433 2330 Apost.
3461 2274 3585 2330 cap.

1994 2329 2068 2387 40
2092 2350 2103 2385 :
2126 2334 2326 2393 Preces,
2348 2329 2545 2400 inquit,
2570 2334 2775 2384 vestras
2791 2330 2960 2396 facite
2978 2331 3107 2384 hora
3135 2329 3315 2393 tertia,
3337 2329 3590 2400 quoniam

1995 2404 2093 2456 illa
2118 2403 2249 2459 hora
2283 2392 2542 2472 Dominus
2557 2392 2881 2472 sententiam
2895 2402 3063 2472 Pilati
3079 2392 3303 2472 accepit.
3330 2392 3590 2471 {denique

1993 2473 2193 2528 astruit
2217 2474 2273 2528 S.
2304 2470 2543 2542 lgnatius
2563 2470 2721 2540 epist.
2762 2476 2796 2525 8
2818 2470 2887 2527 ad
2918 2470 3227 2528 Trallianos
3258 2492 3270 2528 :
3306 2474 3446 2527 Hora
3488 2470 3592 2526 ter-

1993 2546 2093 2606 tia,
2138 2542 2344 2612 inquit,
2365 2544 2681 2612 sententiam
2718 2542 2960 2612 Christus
3001 2544 3195 2612 accipit
3222 2559 3255 2597 a
3295 2543 3489 2598 Pilato.
3523 2544 3584 2597 S.

1991 2610 2329 2669 Athanasius
2367 2611 2460 2667 lib.
2493 2610 2563 2667 de
2585 2611 2911 2683 Virginitate
2946 2632 2959 2666 :
3015 2610 3369 2669 Sol’earoriens
3406 2614 3590 2671 rideat

1993 2686 2190 2739 librum
2230 2686 2287 2737 in
2314 2697 2476 2736 manu
2509 2686 2606 2736 tua
2655 2700 2670 2735 :
2705 2687 2828 2754 post
2870 2685 3082 2738 tertiam
3120 2684 3304 2737 horam
3337 2687 3585 2754 peragite

1991 2756 2430 2820 communionem;
2451 2754 2701 2822 quoniam.
2716 2753 2813 2807 hac
2827 2754 2961 2807 hora
2975 2754 3269 2809 adductum
3290 2760 3366 2809 est
3385 2755 3589 2821 lignum

1990 2829 2180 2881 crucis.
2206 2828 2288 2879 De
2310 2824 2480 2879 altero
2504 2823 2792 2895 mysterio,
2816 2823 2963 2894 quod
2993 2823 3082 2879 hic
3102 2822 3331 2895 explicat
3361 2827 3588 2895 Auctor,

1988 2897 2353 2953 Tertullianus
2404 2895 2500 2949 lib.
2550 2883 2619 2950 de
2652 2883 2869 2964 Jejunib
2903 2914 2915 2949 :
2944 2897 3006 2950 In
3046 2883 3436 2956 commentario,
3480 2883 3588 2964 ait

1997 2971 2167 3032 Lucae,
2197 2972 2246 3022 et
2275 2968 2435 3021 tertia
2460 2965 2590 3019 hora
2625 2967 2885 3021 orationis
2924 2966 3341 3029 demonstratur,
3364 2966 3462 3020 sub
3481 2982 3589 3034 qua

1994 3042 2207 3109 Spiritu
2234 3043 2414 3109 sancto
2448 3038 2658 3109 initiati
2684 3052 2784 3109 pro
2820 3037 2980 3109 ebriis
3004 3037 3355 3109 habebantur.
3382 3039 3450 3092 D.
3481 3038 3611 3105 (ΣΥ-θ

2028 3107 2218 3166 rianus
2236 3108 2305 3164 de
2329 3107 2591 3164 Oratione
2605 3107 2898 3164 Dominica
2930 3126 2941 3161 :
2961 3110 3101 3165 Nam
3119 3124 3285 3179 super.
3301 3108 3589 3177 discipulos
3627 3114 3638 3129 ⁸

1990 3126 2122 3237 ﬁbra
2166 3182 2327 3236 tertia
2355 3179 2623 3234 descendit
2662 3180 2899 3237 Spiritus
2927 3184 3141 3234 sanctus
3166 3222 3178 3237 .
3215 3181 3314 3237 aui
3352 3181 3588 3237 gratiam

2059 3198 2122 3237 ra
2166 3182 2327 3260 tertia
2355 3179 2623 3260 descendit
2926 3184 3141 3260 sanctus
3162 3222 3178 3241 ,
3215 3181 3332 3260 qui,
3352 3181 3588 3260 gratiam

1988 3252 2412 3322 reprmnissionis
2438 3248 2713 3318 implerit;
2734 3250 2790 3305 S.
2817 3249 3049 3306 Basilius
3068 3248 3232 3305 serm.
3251 3266 3271 3305 ι
3301 3248 3368 3305 de
3402 3249 3582 3305 lnstit.

1992 3322 2245 3378 Monach.
2286 3342 2298 3377 :
2329 3322 2473 3388 Quin
2504 3323 2554 3373 et
2591 3322 2831 3389 Spiritus
2875 3324 3049 3375 sancti
3087 3322 3349 3375 adventus
3376 3323 3587 3375 circiter

1990 3394 2172 3449 haram
2195 3394 2314 3449 diei
2329 3392 2543 3447 tertiam
2560 3391 2695 3457 fuit,
2711 3394 2851 3447 sicut
2866 3408 2935 3446 ea:
2953 3393 3105 3447 Actis
3125 3395 3418 3462 accepimus
3439 3410 3455 3446 :
3481 3407 3585 3461 quo

1991 3470 2219 3536 tempore
2236 3479 2355 3519 cum
2368 3464 2807 3536 proptervariam
2827 3463 2977 3536 illam
2998 3465 3305 3532 linguarum
3322 3466 3586 3531 efﬁcacem

271 3531 606 3606 contigisse
629 3530 686 3586 in
717 3531 1023 3606 Scriptura,
1059 3541 1115 3588 et
1143 3532 1467 3606 antiquitate
1487 3530 1882 3593 memorantur.
1922 3543 1966 3606 C
1995 3530 2112 3591 vim
2132 3530 2399 3593 Pham'swi
2419 3530 2705 3606 discipulos
2727 3535 3035 3597 z'nidermt,
3064 3530 3276 3602 negarit
3296 3530 3483 3589 Petrus
3502 3549 3586 3589 eos

274 3602 472 3659 Tertia
502 3603 678 3669 ratio,
716 3612 777 3659 ut
804 3602 860 3658 in
888 3602 1154 3659 honorem
1181 3602 1543 3661 sanctissimae
1566 3607 1876 3673 Trinitatis,

271 3674 443 3729 tertia
492 3688 708 3745 quaque
746 3675 883 3730 hora
934 3678 1117 3731 Deum
1156 3674 1462 3741 laudemus,
1503 3685 1559 3733 et
1591 3678 1879 3736 Trinitatis

278 3743 649 3826 mysterium,
699 3745 848 3826 quod
899 3745 1266 3826 nostraenﬁdei
1308 3756 1392 3804 est
1423 3745 1877 3826 fundamentum,

1996 3609 2162 3663 ebrios
2188 3623 2316 3669 esse,
2339 3607 2438 3675 qui
2459 3619 2520 3659 ea
2549 3605 2921 3674 loquerentur:
2950 3607 3213 3675 siquidem
3242 3606 3427 3659 horam
3460 3608 3588 3660 Ter-

1987 3682 2123 3734 tiam
2152 3679 2303 3733 illam
2339 3677 2528 3743 fuisse.
2550 3677 2703 3749 Altem
2735 3675 2790 3730 in
2816 3675 3041 3749 Regulis
3074 3674 3579 3749 fusiusgdisputatis

1988 3748 2249 3819 interrog.
2282 3754 2347 3802 37
2375 3767 2387 3802 :
2413 3747 2591 3801 Tertia
2617 3763 2736 3802 rem
2760 3747 2922 3810 hora,
2942 3751 3004 3801 ut
3033 3748 3090 3800 in
3116 3764 3176 3801 ea
3198 3747 3273 3800 ad
3297 3749 3587 3819 oratio-nem

278 3814 447 3889 trinis
475 3814 781 3889 quibusque
824 3815 977 3889 horis
1003 3816 1379 3889 proﬁteantur.
1424 3821 1582 3875 Hanc
1607 3814 1881 3876 rationem
1986 3814 2261 3889 surgatuir,
2284 3820 2775 3889 fratresqueomnes
2796 3820 3031 3872 inunum
3046 3822 3447 3885 congregantur;
3466 3816 3589 3889 licet

276 3885 630 3958 insinuatD.
687 3885 1110 3958 Cyprianus—his
1139 3888 1318 3944 verbis
1366 3907 1380 3944 :
1444 3894 1506 3946 In
1553 3892 1881 3946 orationibus

271 3957 609 4012 celebrandis
638 3957 940 4012 invenimus
959 3958 1257 4011 observasse
1284 3963 1387 4012 tres
1413 3974 1609 4028 pueros
1632 3976 1751 4015 cum
1769 3965 1880 4016 Da-

276 4029 440 4089 nieIe,
467 4028 652 4081 horam
675 4029 912 4088 tertiam,
933 4031 1166 4090 sextam,
1188 4043 1417 4093 nonam;
1440 4035 1765 4084 sacramento
1779 4033 1881 4084 sci-

274 4098 409 4154 licet
454 4100 765 4168 Trinitatis,
793 4112 914 4166 quw
941 4099 998 4150 in
1037 4100 1341 4153 novissimis
1364 4100 1685 4168 temporibus
1711 4104 1887 4154 mani-

277 4170 489 4235 festari
514 4167 718 4222 debeat.
745 4170 883 4223 Nam
911 4171 962 4221 et
972 4171 1156 4237 prima
1178 4169 1308 4224 hara
1328 4172 1385 4223 in
1412 4167 1630 4225 tertiam
1652 4173 1882 4235 veniens,

274 4242 711 4295 mummatum
730 4254 1009 4293 numerum
1040 4242 1324 4295 Trinitatis
1352 4242 1621 4296 ostendit:
1654 4245 1887 4311 Itemque

281 4312 359 4365 ad
381 4314 599 4366 semtam
623 4314 821 4378 quarta
834 4310 1141 4380 procedens,
1157 4312 1395 4366 declarat
1413 4313 1637 4367 alteram
1657 4310 1892 4369 Trinita-

282 4387 410 4455 tem.
440 4385 513 4437 Et
530 4381 746 4455 quando
770 4398 803 4436 a
828 4384 1060 4455 septima
1086 4398 1225 4436 nona
1256 4385 1567 4455 completur,
1584 4400 1683 4455 per
1710 4389 1889 4440 ternas

282 4453 442 4509 horas
472 4454 759 4525 Trinitatis
774 4454 1015 4522 perfecta
1036 4458 1353 4509 numeratur
1377 4454 1528 4525 (Lib.
1551 4453 1618 4525 de
1636 4456 1887 4512 Oratione

283 4526 569 4604 Darninica
601 4524 718 4577 sub.
742 4526 1116 4604 ﬁnem).._1iazc
1143 4524 1467 4604 Qyprianus,
1497 4524 1745 4604 iudicans
1765 4526 1886 4581 sin-

282 4595 435 4665 gulis
456 4593 722 4649 horarum
742 4594 1002 4666 ternariis
1012 4602 1128 4666 tam
1149 4593 1281 4666 diei,
1298 4612 1466 4666 quam
1484 4597 1683 4663 noctis,
1711 4600 1887 4652 Deum

284 4664 511 4738 publice
529 4706 542 4733 ,
585 4673 644 4738 et
676 4664 1000 4738 solemniter
1025 4665 1081 4721 in
1109 4664 1333 4738 ecclesia
1362 4666 1608 4738 laudari,
1635 4666 1703 4722 ad
1740 4683 1889 4738 mys-

282 4734 496 4808 terium
551 4735 840 4808 Trinitatis
886 4734 1317 4808 designandum,
1374 4745 1430 4792 et
1480 4734 1885 4794 honOranduin.

281 4805 555 4880 Solebant
575 4806 723 4861 enim
752 4814 959 4862 veteres
978 4805 1159 4862 totum
1186 4806 1422 4880 diemqin
1448 4817 1681 4880 quatuor
1708 4818 1890 4880 partes

284 4876 580 4949 dividere;
619 4891 856 4949 quarum
902 4893 1242 4949 unaquaeque
1276 4876 1481 4934 tribus'
1503 4878 1654 4934 horis
1674 4876 1892 4936 consta-

286 4948 416 5013 bat;
442 4948 526 5003 sic
553 4955 608 5003 et
630 4948 848 5003 noctem
874 4949 931 5004 in
961 4948 1197 5022 quatuOr
1221 4949 1434 5022 vigilias
1470 4948 1888 5022 distribuebant,

284 5034 532 5091 quarum
564 5034 905 5091 unaquaeque
931 5028 1043 5075 tres
1078 5019 1244 5091 horas
1284 5019 1624 5075 continebat.
1660 5023 1730 5076 Et
1753 5021 1895 5076 sicut

285 5089 355 5145 ex
386 5089 683 5163 duodecim
712 5090 862 5163 horis
888 5089 1187 5163 nocturnis
1208 5092 1370 5147 tertia
1399 5105 1626 5163 qumque
1656 5091 1897 5163 habeba-

283 5168 389 5216 tur
418 5160 729 5231 potissima,
760 5159 1012 5217 videlicet
1044 5161 1228 5229 tertia,
1258 5159 1434 5229 sexta,
1460 5159 1606 5218 nona
1626 5203 1642 5225 ,
1681 5172 1738 5219 et
1761 5162 1898 5218 duo-

292 5231 537 5304 decima,
568 5231 625 5286 in
670 5231 869 5304 quibus
900 5240 1137 5303 quatuor
1172 5232 1370 5304 vigilia:
1397 5241 1684 5289 nocturna:
1714 5232 1898 5289 termi-

290 5302 712 5386 nabantur._lta
752 5302 1008 5384 etiamex
1048 5302 1261 5385 diurnis
1286 5305 1486 5386 _tertia,
1513 5312 1688 5375 sexta,
1716 5321 1896 5386 nona,

295 5381 351 5427 et
382 5373 735 5446 duodecima,
766 5373 883 5429 sive
914 5375 1218 5446 vespertina
1247 5376 1567 5446 plerumque
1598 5373 1934 5439 nominari,’

294 5451 357 5523 et
380 5448 445 5500 ad
478 5444 783 5523 insigniora
818 5444 1291 5523 qumquenegotia
1330 5444 1579 5523 deputari
1612 5447 1900 5523 soiebant;

300 5513 539 5586 ideoque
560 5513 889 5589 insigniores
916 5513 1257 5589 habebantur
1281 5537 1297 5586 ;
1324 5513 1470 5589 quod
1490 5518 1639 5576 diem
1674 5518 1729 5574 in
1762 5513 1905 5587 qua;

297 5591 432 5641 tuor
460 5595 643 5658 partes
668 5586 909 5658 aequales
948 5587 1274 5656 dividerent,
1306 5586 1366 5645 ut
1393 5589 1605 5646 dictum
1634 5598 1734 5645 est.
1765 5586 1905 5644 Vere

296 5670 435 5729 ergo
461 5657 666 5731 asserit
701 5657 993 5731 Cassianus
1013 5658 1133 5715 haec
1156 5668 1407 5731 tempora
1423 5702 1439 5727 ,
1465 5661 1578 5716 sive
1605 5659 1705 5716 has
1741 5659 1907 5731 horas

300 5728 917 5803 communihominum
945 5745 1047 5803 usu
1076 5728 1337 5801 potiores,
1367 5739 1437 5803 et
1457 5731 1783 5803 insigniores
1809 5730 1907 5785 ha-

299 5797 481 5869 bitas;
518 5798 618 5857 sed
662 5800 838 5857 multo
876 5802 1051 5874 magis
1078 5797 1170 5857 tot
1198 5802 1474 5875 mysteriis
1506 5797 1822 5870 illustratas,
1853 5808 1909 5857 et

1918 4915 1969 4978 D

1989 3887 2215 3945 diversis
2246 3892 2304 3943 in
2342 3889 2489 3949 locis,
2523 3887 2626 3941 alii
2664 3891 2721 3943 in
2743 3889 2875 3943 aliis
2898 3889 3145 3957 operibus
3169 3890 3281 3941 sint
3300 3888 3583 3957 occupati;

1992 3962 2153 4029 idque
2185 3976 2246 4015 ea
2269 3975 2345 4022 re,
2374 3962 2435 4013 ut
2460 3958 2730 4013 admoniti
2753 3960 2882 4029 doni
2908 3958 3166 4028 Spiritus,
3209 3959 3350 4026 quod
3379 3959 3588 4014 circiter

1991 4030 2129 4085 hanc
2146 4032 2331 4084 horam
2339 4029 2595 4098 apostolis
2613 4030 2806 4083 datum
2815 4028 2949 4093 fuit,
2971 4044 3096 4091 uno,
3116 4029 3397 4096 eodemque
3407 4030 3584 4082 animo

1992 4103 2171 4155 cuncti
2207 4101 2362 4153 illum
2392 4103 2728 4160 tenerentur,
2775 4098 2842 4151 ab
2879 4113 3038 4166 eoque
3072 4102 3276 4166 petant,
3317 4101 3379 4150 ut
3407 4101 3457 4151 et
3483 4098 3591 4166 ipsi

1993 4172 2151 4238 digni
2175 4171 2304 4231 sint,
2320 4170 2419 4236 qui
2431 4170 2900 4238 sanctiﬁcaticncm
2913 4170 3227 4238 suscipiant,
3252 4176 3355 4224 etc.
3381 4169 3435 4224 S.
3457 4168 3589 4224 Hie-

1999 4237 2267 4311 ronymus
2292 4238 2349 4293 in
2374 4253 2493 4308 cap.
2527 4252 2590 4293 vr
2622 4237 2864 4294 Danielis
2888 4238 2925 4293 ε’
2948 4237 3123 4295 Tertia
3146 4240 3277 4293 hera
3319 4240 3588 4295 descendit

1998 4313 2238 4381 Spiritus
2264 4314 2483 4381 sanctus
2514 4325 2673 4380 super
2699 4312 2977 4380 Apostolos
3002 4329 3019 4364 :
3049 4311 3326 4367 Hactenus
3354 4312 3447 4367 SS.
3482 4313 3586 4367 Pa-

1999 4380 2110 4437 tres
2137 4380 2453 4454 deqduplici
2496 4383 2648 4438 hom
2697 4382 2874 4454 tertiae
2914 4382 3177 4454 mysterio
3213 4382 3501 4454 distincte,
3536 4390 3590 4439 et

1998 4451 2294 4524 separatim
2325 4451 2664 4510 disserentes.
2711 4451 3023 4524 Utrumque
3063 4469 3192 4508 vero
3229 4453 3389 4510 simul
3430 4470 3587 4509 com-

1995 4524 2182 4596 plexus
2214 4532 2297 4579 est
2324 4525 2590 4582 Rabanus
2610 4524 2695 4580 his
2713 4525 2892 4580 verbis
2921 4544 2932 4575 :
2965 4527 3155 4580 Tertia:
3179 4525 3322 4580 horta
3351 4527 3590 4594 ofﬁcium

1998 4597 2115 4650 ideo
2136 4599 2217 4665 ﬁt,
2244 4599 2375 4666 quia
2396 4601 2557 4654 tertia
2578 4598 2709 4650 hora
2736 4597 2937 4652 Christi
2947 4598 3128 4665 passio
3158 4599 3336 4666 erepit,
3363 4612 3476 4651 cum
3493 4612 3590 4665 per

1996 4669 2296 4722 Judiecrum
2342 4668 2555 4737 linguas
2599 4672 2725 4721 tunc
2760 4669 3018 4723 Dominus
3063 4669 3350 4734 cruci/imus
3395 4670 3489 4737 est:
3519 4668 3621 4718 Et.

1992 4743 2114 4807 post
2147 4734 2578 4794 resum‘ecticnem
2604 4738 2716 4805 ejus
2744 4739 2801 4790 in
2821 4739 2908 4791 die
2929 4740 3247 4807 Pentecostes
3276 4737 3435 4807 tertia
3465 4734 3594 4807 hora

1997 4804 2233 4878 Spiritus
2259 4814 2469 4863 sanctus
2497 4804 2655 4877 super
2690 4808 2948 4878 apostolos
2987 4806 3256 4860 descendit
3282 4805 3493 4878 (bibit
3530 4804 3596 4878 de

1997 4873 2238 4935 Institut.
2254 4880 2438 4940 Cleric,
2466 4895 2510 4933 c.
2535 4873 2579 4932 4'
2590 4884 2628 4941 ).
2653 4873 2981 4932 Similiteret
3001 4878 3278 4943 Rupertus
3301 4873 3595 4930 Tuitiensis

2001 4951 2094 5005 lib.
2141 4964 2163 5004 ι
2198 4948 2267 5003 de
2305 4948 2474 5003 divin.
2507 4946 2668 5003 Ofﬁc.
2701 4962 2819 5016 cap.
2872 4952 2903 5001 3
2947 4962 2960 4999 :
2994 4948 3156 5007 Hora,
3198 4944 3393 5017 inquit,
3435 4948 3597 5001 tertia
3670 5006 3675 5015 ι

2002 5020 2212 5089 duplici
2249 5020 2456 5073 ratione
2508 5016 2749 5087 splendet
2794 5018 3037 5085 insignis.
3079 5016 3317 5087 Namque
3345 5019 3441 5073 hac
3469 5018 3598 5073 hora

2003 5092 2260 5148 Dominus
2281 5092 2427 5145 Jesus
2454 5090 2627 5159 spinis
2656 5092 2950 5150 coronatus,
2995 5092 3045 5142 et
3070 5089 3269 5157 linguis
3296 5091 3599 5145 .ludceorum

2005 5164 2291 5230 cruciﬁxus
2315 5165 2411 5224 est,
2435 5161 2606 5230 juncta
2633 5159 2770 5214 illud
2797 5178 2812 5214 :
2842 5160 2976 5216 Filii
3000 5159 3288 5223 hominum,
3318 5161 3497 5215 dentes
3520 5176 3599 5215 eo-

2005 5249 2125 5289 rum
2152 5248 2322 5295 arma,
2346 5236 2398 5287 et
2432 5233 2663 5300 sagittae,
2691 5235 2742 5286 et
2766 5230 2951 5299 lingua
2977 5248 3149 5285 comlm
3176 5232 3388 5299 gladius
3418 5235 3601 5285 cattus

2010 5304 2194 5371 (Psal.
2218 5308 2358 5368 va).
2388 5303 2668 5364 Videlicet,
2693 5304 2821 5372 quia
2841 5303 3016 5358 Pilato
3023 5303 3321 5372 judicante,
3342 5303 3493 5356 illum
3517 5305 3604 5370 ﬁr-

2008 5378 2289 5430 maverunt
2328 5374 2436 5429 sibi
2470 5388 2754 5429 sermonem
2806 5389 3032 5443 nequam
3052 5416 3068 5438 ,
3118 5375 3462 5443 pertinaciter
3498 5373 3605 5426 cla—

2009 5447 2206 5502 mando
2238 5465 2253 5500 :
2285 5445 2539 5514 Cruciﬁge
2584 5447 2825 5514 cruciﬁge
2870 5448 3014 5512 (Luc.
3066 5448 3225 5508 x111).
3252 5446 3323 5514 Et
3363 5444 3605 5511 Spiritus

2010 5520 2107 5589 qui
2124 5520 2180 5571 in
2196 5513 2554 5572 remissionem
2571 5513 2901 5589 peccatorum
2917 5532 3021 5571 non
3048 5517 3230 5582 fuerat
3247 5513 3427 5589 datus,
3445 5516 3600 5589 gnte—

2018 5581 2187 5659 quam
2214 5591 2362 5644 Iesus
2384 5592 2515 5643 esset
2538 5581 2883 5655 gloriﬁcatus,
2924 5581 3083 5657 super
3117 5586 3410 5660 miscentem
3437 5581 3610 5660 Eccle-

2011 5651 2151 5717 sium
2171 5661 2228 5713 in
2245 5661 2413 5728 igneis
2434 5651 2632 5727 linguis
2652 5651 2866 5725 effusus
2880 5651 3049 5719 estfet
3061 5658 3142 5728 est
3155 5651 3428 5728 impletum
3451 5651 3611 5728 disci-

2055 5732 2158 5785 ulis
2171 5718 2493 5799 promissum
2512 5718 2736 5785 "Domini
2755 5718 2980 5782 dicentis
3004 5744 3022 5799 :_
3053 5727 3155 5799 Vos
3176 5718 3353 5799 autem
3365 5718 3614 5799 baptiia—

2055 5747 2493 5799 uuspromissum
2519 5747 2734 5785 uomnn
2755 5747 2980 5782 awemw
3004 5747 3019 5779 Ξ
3062 5747 3155 5779 γυδ
3176 5747 3353 5795 uultu!"
3368 5747 3613 5783 vuyomu—

2009 5747 2206 5856 {limini
2225 5802 2434 5870 Spiritu
2451 5802 2627 5855 sancto
2647 5814 2749 5853 non
2766 5801 2883 5866 post
2909 5795 3102 5850 multos
3123 5792 3213 5842 hos
3236 5786 3347 5838 dics
3360 5784 3503 5844 (Λετ-
3530 5785 3613 5847 1),
