4052 6200
390 252 493 307 119
1171 275 1204 312 o

1737 248 2012 305 JOANNIS
2047 246 2350 306 CASSIANI

3593 255 3700 309 {20

389 381 445 430 et
469 370 703 429 irridens
726 370 933 428 diceret
971 386 1069 428 eos
1105 378 1291 426 musto
1320 370 1578 443 repletos,
1603 379 1753 428 stans
1790 374 1985 429 Petrus
2006 375 2062 440 Α
2093 374 2287 436 occide,
2326 378 2378 429 et
2413 375 2679 431 manduca
2708 378 2854 444 (Act.
2875 380 2958 443 χ).
2987 374 3151 449 Quod
3180 389 3274 432 vas
3300 383 3541 449 quatuor
3585 375 3703 432 ini-

392 467 451 522 in
479 464 665 522 medio
700 480 893 543 eorum
918 466 998 522 ait
1027 483 1042 519 :
1088 467 1216 522 Viri
1241 466 1503 522 Israelita:
1534 470 1586 520 et
1608 468 1708 536 qui
1728 467 1991 523 habitatis

389 560 676 617 Jerusalem
722 561 977 623 universi,
1008 559 1103 613 hoc
1146 559 1292 614 vobis
1336 562 1522 613 notum
1560 561 1654 623 sit,
1694 564 1746 615 et
1771 561 1993 615 auribus

387 656 652 725 percipite
673 654 832 709 verba
848 670 967 708 mea
995 672 1012 708 :
1038 656 1156 711 Non
1182 656 1341 717 enim,
1371 656 1511 709 sicut
1534 669 1625 710 vos
1645 657 1993 719 existimatis,

395 748 458 803 hi
476 748 616 803 ebrii
632 751 778 811 sunt,
796 762 915 801 cum
934 749 1007 801 sit
1025 748 1155 801 hora
1177 747 1292 802 diei
1308 749 1467 802 tertia
1489 766 1506 815 ;
1530 747 1624 802 sed
1642 747 1735 803 hoc
1758 752 1836 802 est
1853 748 1998 817 quod

395 842 602 897 dictum
626 845 719 909 est
738 856 838 911 per
867 841 1185 911 prophetam
1204 841 1315 896 Joel
1347 860 1364 896 :
1389 844 1461 898 Et
1484 843 1588 897 erit
1615 844 1671 896 in
1692 844 1995 897 novissimis

394 935 600 997 diebus,
640 936 776 989 dicit
800 936 1073 997 Dominus,
1100 934 1393 1002 effundam
1416 935 1482 988 de
1503 936 1716 1005 Spiritu
1733 951 1844 990 meo
1860 978 1877 999 ,
1898 950 1994 991 su-

386 1044 486 1100 per
504 1043 708 1083 omnem
726 1043 953 1091 carnem,
977 1031 1028 1081 et
1045 1028 1442 1098 prophetabunt
1464 1028 1573 1097 ﬁlii
1588 1030 1771 1091 vestri,
1799 1032 1849 1082 et
1863 1028 1994 1097 ﬁlia:

392 1126 615 1188 vestrae;
644 1125 696 1175 et
723 1121 944 1190 juvenes
973 1123 1140 1175 vestri
1181 1122 1408 1176 visiones
1436 1120 1732 1191 videbunt,
1771 1124 1823 1175 et
1847 1135 1993 1176 senes

393 1218 560 1271 vestri
588 1217 795 1271 somnia
840 1216 1200 1271 somniabunt.
1245 1217 1317 1271 Et
1366 1215 1582 1286 quidem
1618 1230 1779 1286 super
1817 1230 1993 1270 servos

394 1326 533 1367 meos
562 1314 612 1365 et
640 1325 799 1380 super
825 1311 1052 1364 ancillas
1087 1325 1229 1365 meas
1266 1312 1325 1364 in
1356 1310 1544 1365 diebus
1569 1311 1683 1367 illis
1706 1309 1993 1378 effundam

395 1405 462 1460 de
486 1405 701 1475 Spiritu
742 1419 874 1468 meo,
915 1407 966 1459 et
999 1403 1395 1474 prophetabunt
1430 1403 1590 1469 (Act.
1619 1416 1691 1458 II.
1718 1403 1847 1458 Joel.
1886 1405 1985 1468 ιι).

2095 468 2193 525 tiis
2218 467 2285 524 de
2311 468 2455 525 cmlo
2478 471 2864 541 summissum,
2901 486 3016 527 non
3051 468 3203 527 aliud
3239 484 3405 544 quam
3441 472 3698 543 Evange-

2099 558 2237 616 lium
2276 560 2565 634 designare
2591 561 2885 620 manifeste
2933 562 3303 636 cognoscitur.
3353 561 3513 618 Licet
3553 562 3707 619 im

2101 653 2467 727 quadriformi
2520 656 2992 728 evangelistarum
3032 656 3348 713 narratione
3381 653 3706 713 distinctum

2102 756 2337 822 quatuor
2392 749 2641 807 videatur
2676 749 2876 807 habere
2913 749 3183 822 principia
3235 768 3250 805 :
3298 764 3473 806 unum
3511 756 3702 806 tamen

2102 838 2382 910 Evangelii
2406 854 2608 911 corpus
2642 847 2765 907 est;
2791 838 3037 911 ejusdem
3068 839 3279 896 scilicet
3320 837 3522 895 Christi
3551 839 3700 895 nati-

2099 934 2327 990 vitatem
2356 936 2561 1007 pariter
2596 949 2661 991 ac
2683 933 2969 1005 deitatem,
3004 934 3277 991 miracula
3305 947 3546 1007 quoque,
3574 948 3704 1006 pas-

2098 1029 2421 1101 sionemque
2444 1027 2833 1101 complectens.
2868 1026 3107 1085 Pulchre
3127 1035 3314 1085 autem
3338 1042 3453 1083 non
3489 1027 3569 1083 ait
3589 1026 3703 1082 lin-

2099 1131 2273 1192 teum,
2298 1122 2394 1180 sed
2413 1124 2569 1195 quasi
2596 1123 2850 1179 linteum.
2879 1123 3137 1179 Linteum
3163 1122 3365 1195 quippe
3389 1120 3701 1179 mortiﬁca-

2098 1217 2270 1273 tionis
2310 1215 2579 1273 indicium
2622 1224 2707 1273 est
2736 1217 2971 1282 (Psalm.
3020 1220 3156 1283 xv).
3196 1214 3476 1284 Quoniam
3523 1214 3699 1286 igitur

2097 1325 2250 1367 mors
2270 1309 2578 1367 Dominica
2596 1309 2867 1382 passionis
2891 1324 3003 1365 non
3026 1307 3289 1365 humanm
3313 1314 3531 1364 natura:
3555 1306 3697 1379 lege,

2094 1402 2190 1461 sed
2231 1404 2467 1476 propria:
2508 1404 2806 1460 voluntatis
2841 1402 3063 1460 subitur
3095 1401 3325 1460 arbitrio
3343 1441 3359 1468 ,
3389 1400 3548 1473 quasi
3593 1399 3702 1456 lin-

398 1498 537 1570 Quaa
564 1497 748 1553 omnia
781 1496 917 1552 hora
951 1497 1113 1552 tertia
1143 1495 1393 1552 videmus
1426 1494 1670 1568 impleta,
1708 1494 1991 1566 sanctique
2092 1504 2245 1555 teum
2272 1497 2493 1555 dicitur.
2523 1500 2779 1556 Mortuus
2799 1498 2949 1554 enim
2973 1495 3275 1554 secundum
3304 1509 3551 1564 carnem,
3584 1508 3704 1551 non

394 1590 631 1663 Spiritus
657 1589 1009 1645 vaticinatum
1033 1605 1129 1662 per
1152 1588 1443 1662 prophetas
1468 1588 1763 1645 adventum
1792 1587 1987 1644 eodem
2094 1598 2179 1647 est
2208 1589 2513 1649 secundum
2538 1592 2797 1664 spiritum
2827 1598 3090 1648 mortuus
3115 1611 3128 1647 :
3154 1590 3284 1663 quia
3314 1604 3416 1646 nec
3437 1586 3699 1645 derelicta

397 1693 645 1755 tempore
688 1698 851 1754 super
896 1683 1177 1756 apostolos
1220 1696 1560 1739 commeasse
1603 1682 1826 1748 (Coloss.
1876 1684 1983 1743 ιι).
2030 1733 2079 1796 Β
2102 1692 2185 1740 est
2220 1685 2405 1742 anima
2429 1685 2545 1757 ejus
2568 1684 2625 1740 in
2645 1684 2886 1754 inferno,
2913 1699 3017 1741 nec
3042 1699 3172 1741 caro
3197 1682 3316 1756 ejus
3346 1681 3485 1740 vidit
3508 1696 3708 1738 corm-

397 1780 418 1796 ..
462 1778 609 1796 πη-
663 1783 842 1796 ---ιω
891 1784 1034 1796 ___..-
1080 1774 1426 1796 ,μμηημμ
1455 1774 1629 1796 Lua-
1720 1775 1995 1796 n-_,____
2105 1778 2338 1796 _-.__-,-,
2415 1780 2484 1796 π-
2513 1793 2704 1796 μω-
3285 1777 3432 1796 μμ,
3467 1776 3697 1796 Mm“

395 1780 422 1808 ³
462 1778 614 1832 Hora
659 1783 846 1830 autem
888 1784 1039 1831 sexta
1080 1774 1429 1831 immaculata
1455 1774 1668 1843 hostia,
1719 1775 1995 1832 Dominus
2030 1774 2079 1796 ”
2102 1778 2368 1851 ptionem.
2415 1780 2487 1835 Et
2513 1793 2706 1835 rursus
2750 1796 2763 1833 :
2809 1780 2973 1837 Nemo
3009 1777 3257 1848 (inquit)
3284 1777 3432 1832 tollet
3457 1776 3704 1831 animam

394 1877 583 1925 noster
609 1876 770 1940 atque
794 1867 1043 1925 Salvator
1073 1867 1289 1925 oblatus
1318 1875 1401 1925 est
1449 1868 1634 1936 Patri,
1665 1882 1994 1941 crucemque
2099 1888 2272 1928 meam
2292 1888 2326 1927 a
2348 1888 2471 1941 me;
2516 1873 2612 1929 sed
2634 1888 2724 1942 ego
2741 1887 2882 1943 pono
2921 1887 3037 1928 eam
3081 1888 3115 1927 a
3138 1873 3361 1942 meipso.
3389 1872 3703 1926 Potestatem

395 1978 495 2035 pro
534 1963 707 2019 totius
732 1961 922 2018 mundi
945 1962 1120 2019 salute
1147 1962 1520 2019 conscendens
1543 2002 1560 2032 ,
1581 1961 1807 2018 humani
1836 1976 1998 2034 gene-
2106 1968 2267 2023 habeo
2290 1982 2489 2038 ponere
2513 1983 2650 2032 eam,
2676 1971 2727 2023 et
2746 1970 3059 2037 potestatem
3086 1968 3277 2021 iterum
3314 1965 3478 2021 habeo
3498 1979 3702 2021 sumere

394 2054 471 2112 ris
486 2062 702 2128 peccata
735 2054 899 2112 diluit
929 2075 941 2111 :
972 2063 1028 2111 et
1057 2050 1086 2088 ⁵
1108 2055 1417 2128 exspolians
1440 2055 1776 2128 principatus
1813 2070 1878 2112 ac
1896 2071 1995 2128 po-

398 2157 624 2206 testates
647 2148 892 2206 traduxit
917 2149 1093 2222 palam
1115 2191 1131 2215 .
1156 2151 1551 2223 universosque
1574 2165 1675 2207 nos
1704 2150 1993 2221 obnoxios,

394 2252 557 2317 atque
588 2244 915 2301 constrictos
972 2243 1249 2301 insolubili
1303 2243 1652 2318 chirographi
1698 2243 1887 2301 debito
1928 2245 1995 2301 li-

2104 2063 2430 2127 eam(.loan.
2471 2064 2584 2126 x.).
2616 2062 2679 2115 ln
2721 2059 2828 2115 hoc
2872 2059 3057 2131 itaque
3096 2059 3525 2132 Evangeliorum
3572 2071 3701 2113 vase

2104 2154 2320 2211 coalitus
2345 2152 2643 2224 destinato,
2695 2151 2750 2209 id
2783 2159 2866 2209 est
2888 2193 2904 2220 ,
2932 2167 2963 2207 a
2991 2152 3202 2224 Spiritu
3242 2159 3434 2208 sancto
3465 2148 3691 2223 perscri-

2103 2255 2232 2319 pto,
2258 2261 2453 2303 omnes
2473 2253 2663 2317 gentes
2697 2259 2820 2316 qua
2850 2243 3136 2317 quondam
3163 2252 3316 2301 extra
3345 2243 3483 2317 legis
3509 2242 3701 2299 obser-

387 2337 619 2406 beravit,
648 2337 847 2393 tollens
881 2337 939 2394 id
973 2338 1043 2394 de
1079 2337 1288 2407 medio,
1332 2346 1389 2394 et
1427 2339 1606 2395 crucis
1631 2354 1745 2395 sua:
1770 2337 1994 2412 alﬁgens
2099 2342 2340 2398 vantiam
2370 2341 2583 2413 positae,
2612 2338 2955 2396 habebantur
2979 2336 3308 2404 immundae,
3343 2352 3441 2408 per
3466 2335 3703 2392 creduli-

394 2440 626 2504 tropaeo.
657 2429 867 2487 Eadem
898 2447 1115 2504 quoque
1135 2431 1269 2488 hora
1300 2433 1464 2489 Petro
1498 2432 1555 2489 in
1584 2448 1807 2491 excessu
1834 2448 1989 2489 men-
2099 2443 2271 2492 tatem
2314 2433 2441 2491 ﬁdei
2467 2432 2827 2498 conﬂuentes,
2856 2440 2919 2488 ut
2945 2430 3016 2487 ab
3058 2429 3336 2487 idolorum
3363 2427 3517 2485 cultu
3545 2428 3697 2484 salu-

396 2525 469 2581 tis
490 2525 706 2581 vocatio
730 2524 975 2598 gentium
1000 2525 1250 2581 omnium
1278 2540 1375 2598 per
1400 2525 1829 2583 submissionem
1848 2526 1994 2583 vasis
2100 2528 2271 2584 briter
2326 2524 2689 2584 immolentur
2739 2526 2923 2592 [Fort.
2975 2521 3356 2593 avertantur],
3411 2528 3579 2593 atque
3624 2518 3704 2576 ad

393 2617 707 2689 Evangelici
738 2616 901 2673 delati
928 2616 1144 2674 caelitus
1168 2660 1184 2687 ,
1215 2627 1271 2674 et
1298 2617 1608 2691 puriﬁcatio
1626 2620 1987 2693 omnigenum
2096 2623 2396 2679 salutarem
2420 2635 2604 2676 escam
2632 2617 2947 2692 proﬁciant,
2979 2619 3141 2674 Petro
3177 2614 3525 2689 puriﬁcante,
3564 2627 3699 2670 voce

392 2712 759 2769 animantium
783 2712 840 2768 in
863 2711 1058 2769 eodem
1083 2713 1541 2784 consistentium,
1567 2712 1747 2771 delata
1770 2714 1839 2771 ad
1865 2730 1991 2771 eum
2096 2716 2389 2773 Dominica
2415 2711 2753 2770 deferuntur.
2794 2715 2819 2746 ε
2850 2714 3001 2768 Hora
3024 2726 3153 2767 vero
3181 2725 3330 2766 nona
3362 2707 3578 2766 inferna
3605 2722 3701 2780 pe-

393 2822 525 2864 voce
568 2806 829 2864 divinitus
866 2807 1160 2878 revelatur,
1186 2806 1401 2865 dicente
1424 2809 1474 2865 ei
1510 2829 1522 2864 :
1561 2810 1761 2879 Surge,
1800 2813 1989 2874 Petre,
2094 2817 2340 2876 netrans,
2370 2804 2777 2865 inextricabiles
2814 2804 3004 2862 tartari
3042 2804 3295 2861 tenebras
3323 2802 3702 2861 coruscatione

1483 2971 1739 3027 ALARDI
1776 2971 2007 3028 GAZrEl
2043 2967 2603 3027 COMMENTARIUS.

465 3124 489 3153 ³
516 3121 684 3177 Hora:
712 3122 891 3198 sextae
927 3120 1037 3177 duo
1062 3122 1351 3198 peculiaria
1370 3123 1560 3198 tangit
1596 3130 1943 3198 sacramenta
1968 3164 1986 3198 ε
2016 3128 2062 3191 C
2092 3135 2329 3192 suosque
2343 3126 2898 3198 posterospergesum
2937 3114 3071 3198 ligni
3100 3113 3281 3198 vetiti,
3301 3111 3496 3198 ‘Adam
3530 3118 3701 3198 aiter:-

397 3192 510 3248 sive
532 3192 815 3266 mysteria,
841 3183 1075 3266 alterum
1104 3193 1294 3249 itidem
1321 3193 1389 3250 ad
1412 3183 1731 3250 Passionem
1761 3183 1987 3249 Domini
2025 3183 2062 3191 ⁷
2095 3207 2183 3248 na:
2213 3183 2381 3266 morti
2426 3183 2736 3266 reddiderat
2764 3183 3054 3266 obnoxios,
3089 3186 3247 3258 juxta
3270 3183 3592 3266 decretum,
3624 3190 3684 3266 et

397 3254 645 3338 spectans
668 3302 685 3331 ,
729 3254 961 3320 alterum
1007 3263 1076 3319 ad
1114 3266 1475 3338 vocationem
1530 3266 1779 3338 gentium
1830 3269 1991 3338 Petro
2099 3262 2436 3320 sententiam
2474 3259 2578 3338 Dei
2605 3258 2837 3338 dicentis
2865 3278 2879 3313 :
2908 3254 3244 3338 Quacumque
3266 3257 3393 3310 hora
3416 3254 3704 3338 comederi-

394 3323 643 3406 apostolo
672 3323 795 3417 ’ρει-
819 3351 929 3417 _vas
962 3350 991 3390 e
1028 3334 1182 3417 calo
1202 3323 1795 3417 demissumfplenum
1833 3335 1990 3391 omni
2100 3338 2193 3417 tis,
2222 3338 2388 3389 morte
2405 3332 2899 3417 .m‘oriemini‘lGen.
2924 3323 3018 3417 ἰι)ἐ
3039 3323 3565 3417 Traducereautem
3589 3323 3697 3417 hoc

395 3395 594 3476 genere
632 3395 955 3462 animalium
997 3406 1410 3480 adumbratam,
1449 3395 1936 3480 et'denuntiatam
1972 3424 1987 3462 :
2100 3395 2224 3462 loco
2258 3419 2372 3480 pro_
2402 3400 2630 3457 infamia
2646 3399 2923 3480 __afﬁcere,
2965 3408 3020 3454 et
3062 3399 3210 3453 velut
3233 3395 3592 3480 .exemplum,
3642 3401 3697 3480 et

396 3463 634 3546 quorum
672 3484 977 3548 utrumque
1015 3477 1186 3548 etiam
1232 3493 1263 3533 a
1313 3463 1570 3548 Patribus
1603 3477 1890 3548 astruitur,
1938 3485 1995 3532 et
2101 3463 2481 3548 spectaculum
2505 3470 2765 3548 omnibus
2784 3463 3086 3548 proponere
3104 3468 3344 3524 sumitur
3361 3486 3396 3548 _:.
3418 3463 3699 3548 quomodo

397 3541 1059 3623 commendatur,_iisdem
1086 3547 1219 3623 locis
1237 3562 1402 3618 supra
1425 3547 1606 3623 citatis
1634 3564 1649 3600 :
1679 3546 1775 3602 ubi
1802 3541 1997 3602 omnes
2105 3541 2163 3601 iii
2193 3541 2829 3623 triumphis-perhuer
2861 3541 3231 3623 circumagere
3254 3541 3507 3623 captivos
3526 3541 3702 3623 victo-

398 3618 772 3675 indubitanter
793 3606 1074 3674 afﬁrmant
1090 3606 1372 3675 Christu'm
1397 3617 1541 3672 circa
1560 3617 1757 3673 horam
1773 3623 1992 3673 sextam
2102 3632 2191 3672 res
2226 3606 2405 3672 solen't
2436 3631 2450 3667 :
2487 3606 2562 3668 ita
2598 3612 2853 3669 Christus
2876 3612 3054 3667 victor
3097 3606 3152 3666 in
3196 3606 3360 3666 cruce
3397 3606 3695 3663 diabolicis

397 3688 903 3746 fuissecruciﬁxum
922 3690 1003 3744 :in
1024 3688 1185 3760 cujus
1198 3688 1528 3760 memoriam
1550 3686 1796 3744 ofﬁcium
1814 3690 1996 3760 Sexta;

395 3760 564 3816 fuerit
591 3761 922 3816 institutum.
955 3757 1110 3815 Nam
1130 3758 1263 3814 illud
1308 3760 1499 3831 plane,
1524 3767 1798 3831 et‘aperte
1828 3757 1997 3815 refert

395 3831 635 3887 Joannes
662 3831 987 3902 evangelista
1027 3845 1145 3900 cap.
1187 3829 1322 3886 χωρ’
1355 3833 1550 3894 :Erat,
1591 3829 1792 3901 inquit,
1818 3833 1992 3886 Para-

393 3918 536 3957 sceve
563 3903 795 3965 Pascha,
819 3904 949 3956 hora
986 3903 1143 3969 quasi
1163 3905 1366 3955 sea-ta:
1404 3904 1455 3955 et
1493 3902 1644 3955 dia-it
1661 3902 1870 3956 Pilatus
1893 3904 1993 3956 Ju-

397 3974 534 4028 daeis
565 3992 582 4027 :
622 3976 752 4028 Ecce
796 3988 893 4027 rem
920 3977 1106 4027 vester.
1138 3973 1232 4028 Illi
1257 3976 1434 4027 autem
1457 3972 1799 4027 clamabunt:
1830 3973 1991 4035 Tolle,

393 4045 539 4107 tolle,
566 4046 814 4114 cruciﬁge
841 4059 976 4099 eum.
1010 4045 1077 4099 Et
1096 4044 1258 4114 paulo
1282 4050 1406 4115 post
1438 4059 1451 4097 :
1482 4046 1625 4099 Tunc
1648 4044 1860 4098 dimisit
1878 4058 1996 4098 eum

392 4116 621 4186 illis,ut
637 4118 1049 4186 cruciﬁgeretur.
1090 4114 1287 4185 Quam
1307 4114 1631 4186 sententiam
1659 4122 1994 4186 praterhsu-

394 4185 676 4255 pradictos
699 4184 967 4252 auctores,
996 4195 1051 4241 et
1078 4184 1328 4243 austrum
1360 4185 1448 4241 hic
1476 4184 1821 4251 Cassianum,
1838 4184 1993 4240 alios-

397 4254 506 4325 que
514 4254 871 4327 innumeros,
888 4258 1126 4311 Ecclesia
1165 4258 1221 4311 in
1243 4257 1420 4312 crucis
1448 4256 1655 4321 ofﬁcio,
1672 4264 1726 4312 et
1739 4255 1992 4327 precibus

398 4322 724 4395 conﬁrmat(
743 4325 881 4381 Vide
898 4329 1046 4379 Joan.
1069 4330 1368 4381 Durantum
1383 4328 1479 4381 ubi
1494 4330 1712 4395 supra).
1739 4322 1989 4381 Alterum

399 4394 569 4466 etiam
595 4395 921 4465 mysterium
945 4395 1001 4449 in
1017 4395 1317 4466 vocatione
1335 4394 1604 4466 gentium,
1626 4395 1774 4466 quod
1797 4397 1862 4450 B.
1893 4397 1993 4450 Pe-

397 4473 487 4520 tro
519 4465 574 4520 in
605 4463 828 4521 eicessu
855 4465 1058 4536 mentis
1086 4466 1264 4536 posito
1298 4463 1433 4536 hora
1470 4472 1618 4521 sexta
1643 4463 1991 4536 demonstra-

399 4544 522 4609 tum
543 4543 645 4609 est,
672 4536 885 4609 egregie
909 4535 1013 4609 hoc
1054 4535 1175 4609 laco
1201 4535 1501 4607 explicatur
1550 4536 1689 4609 :_cui
1730 4544 1785 4592 et
1819 4535 1989 4592 iidem

400 4606 765 4679 astipulantur
805 4606 1109 4679 Cyprianus
1145 4606 1212 4663 de
1248 4606 1388 4662 orat.
1423 4606 1718 4663 Dominica
1764 4627 1777 4662 :
1814 4610 1986 4671 Hora,

398 4679 598 4751 inquit,
639 4683 793 4735 serta
830 4683 1018 4736 Petrus
1059 4682 1117 4734 in
1165 4682 1359 4734 tectum
1409 4680 1652 4749 superius
1682 4679 1987 4743 ascendens,

394 4753 546 4820 signo
566 4754 797 4823 pariter,
826 4756 877 4806 et
899 4767 1018 4806 voce
1056 4753 1156 4806 Dei
1179 4751 1439 4823 monentis
1470 4753 1761 4805 instructus
1801 4754 1898 4813 est,
1930 4756 1992 4805 ut

396 4822 575 4879 omnes
611 4824 686 4878 ad
720 4826 953 4893 gratiam
983 4824 1177 4878 salutis
1218 4822 1545 4886 admitteret,
1573 4836 1693 4893 cum
1717 4822 1782 4877 de
1805 4837 1991 4877 emun-

396 4894 599 4965 dandis
623 4892 911 4963 gentilibus
947 4899 1072 4949 ante
1095 4895 1383 4965 dubitaret.
1423 4896 1495 4948 Et
1529 4894 1587 4948 S.
1620 4892 1991 4965 Hieronymus

397 4964 456 5018 in
480 4979 600 5035 cap.
638 4978 701 5035 vi
728 4966 1014 5023 Danielis.:
1048 4967 1232 5028 Sexta,
1281 4964 1361 5021 ait
1379 5005 1394 5031 ,
1422 4965 1595 5018 volens
1618 4967 1804 5020 Petrus
1831 4964 1990 5035 eome-

395 5033 563 5095 dere;
585 5034 659 5087 ad
686 5037 976 5089 orationem
1015 5037 1254 5091 ascendit
1282 5037 1341 5089 in
1378 5036 1716 5090 cmnaculum.
1756 5037 1840 5089 De
1868 5033 1993 5089 aliis

394 5103 745 5176 hormgsertae
774 5105 1056 5176 mysteriis
1077 5106 1199 5161 vide
1233 5106 1391 5176 plura
1432 5104 1576 5176 apud
1600 5113 1873 5173 auctores,
1893 5104 1987 5176 qui

395 5173 466 5230 de
497 5173 699 5231 ofﬁciis
733 5173 1113 5231 ecclesiasticis
1142 5173 1401 5230 tractant.

470 5239 497 5276 ⁸³
545 5245 720 5301 Verba
768 5246 1027 5316 Apostoli
1071 5245 1141 5301 ad
1193 5246 1547 5301 Colossenses
1598 5262 1610 5298 :
1654 5248 1726 5301 Et
1746 5258 1837 5299 vos
1875 5260 1992 5301 cum

395 5319 603 5371 mortui
622 5319 800 5372 essetis
828 5319 884 5370 in
908 5318 1137 5381 delictis,
1179 5320 1230 5371 et
1260 5318 1529 5387 prceputio
1565 5317 1742 5370 carnis
1780 5319 1988 5387 vestrae,

395 5389 783 5457 conviviﬁcavit
824 5403 943 5442 cum
988 5389 1101 5451 illo,
1135 5386 1340 5443 donans
1366 5388 1512 5442 vobis
1535 5388 1715 5442 omnia
1759 5386 1988 5449 delicta,

396 5458 575 5513 dolens
599 5458 742 5528 quod
764 5459 1017 5514 adversus
1040 5475 1132 5515 nos
1160 5464 1294 5523 erat,
1321 5458 1730 5528 chirographum
1765 5458 1982 5521 decreti,

395 5530 538 5599 quod
560 5533 675 5584 erat
702 5533 1024 5584 contrarium
1048 5532 1220 5593 nobis,
1257 5534 1308 5585 et
1332 5532 1510 5599 ipsum
1547 5528 1675 5582 tulit
1700 5528 1767 5582 de
1790 5529 1985 5592 medio,

394 5601 622 5668 afﬁgens
652 5600 792 5655 illud
821 5604 966 5655 cruci
985 5643 1001 5664 ,
1028 5605 1080 5657 et
1118 5600 1427 5670 exspolians
1445 5600 1786 5669 principatus
1813 5602 1865 5653 et
1891 5614 1989 5669 po-

334 5694 342 5703 ι
394 5675 640 5752 testatas,
657 5672 913 5752 tradugit
938 5673 1255 5752 conﬁdenter
1273 5671 1478 5752 palam,
1504 5670 1842 5752 triumphans
1872 5671 1991 5752 illos

395 5743 455 5798 in
483 5745 760 5823 semetipso
786 5744 1013 5823 (_Coloss.
1034 5740 1294 5823 ιιι-,βω
1342 5740 1753 5823 chirographum
1799 5741 1996 5797 decreti

395 5823 556 5871 vocat
583 5811 883 5887 Apostolus
903 5820 1121 5869 reatum
1142 5812 1323 5880 illum,
1341 5811 1455 5867 sive
1481 5811 1754 5881 debitum,
1778 5826 1887 5884 quo
1909 5827 1991 5879 se,

2024 4504 2075 4565 D

2102 3684 2467 3757 potestatibus
2493 3683 2667 3756 spolia
2696 3682 2955 3757 detraxit,
2985 3690 3042 3738 et
3072 3682 3126 3737 in
3156 3676 3552 3757 sem_etips_q_de
3588 3676 3700 3732 illis

2102 3748 2449 3828 triumphum
2495 3748 2681 3828 agens,
2729 3748 3093 3815 conﬁdenter,
3122 3760 3177 3807 et
3203 3748 3385 3828 palam
3414 3748 3538 3804 illos
3581 3756 3699 3803 tra-

2101 3822 2294 3895 duxit,
2328 3822 2698 3898 ignominiosa
2739 3832 3035 3898 superatos
3063 3822 3323 3898 omnibus
3363 3828 3647 3898 ostentans
3679 3839 3693 3874 :

2103 3892 2379 3967 Quomodd
2393 3897 2756 3968 superioribus
2785 3892 2921 3968 anni
2953 3896 3097 3949 velut
3144 3892 3702 3968 trophorum_circum-

2099 3963 2249 4026 vewit
2279 3963 2587 4043 imperator,
2617 3972 2669 4023 et
2682 3967 2897 4043 populis
2926 3967 3209 4043 ostentavit
3228 3965 3411 4043 ducem
3425 3963 3698 4043 sumentes,

2101 4046 2153 4097 et
2198 4033 2606 4110 Lantgravium,
2651 4033 2730 4094 ait
2747 4033 3024 4110 fAdamus
3064 4034 3322 4101 Sashout,
3373 4033 3595 4104 insigni,
3644 4040 3701 4087 et

2099 4119 2235 4168 noto
2264 4106 2523 4183 omnibus
2550 4106 2822 4180 exemplo.
2915 4175 2959 4183 ﬂ
3174 4176 3186 4183 _
3560 4171 3573 4183 .

2172 4186 2195 4214 °
2241 4185 2327 4239 De
2373 4180 2507 4256 hora
2536 4194 2681 4256 nona
2712 4175 2834 4256 'tres
2872 4175 3037 4234 affert
3064 4176 3366 4256 rationes,
3409 4188 3530 4256 cur.
3556 4175 3704 4256 inter

2100 4251 2269 4308 horas
2296 4251 2593 4307 canonicas
2627 4250 2901 4317 instituta,
2934 4256 2989 4303 et
3022 4247 3207 4304 ofﬁcio
3234 4247 3599 4317 ecclesiastico
3630 4247 3707 4298 sit

2099 4323 2365 4395 illustrata
2376 4364 2398 4395 ._
2412 4320 2659 4395 Primum
2676 4320 2747 4376 ob
2775 4316 3516 4395 memoriamsacratissimze
3533 4328 3694 4395 mor-

2098 4394 2172 4449 tis
2200 4392 2424 4459 Christi,
2460 4399 2515 4447 et
2543 4390 2835 4462 descensus
2863 4390 2980 4462 ejus
3008 4390 3078 4446 ad
3108 4388 3330 4445 inferos.
3366 4388 3509 4443 Nam
3539 4383 3708 4442 Chri-

2100 4472 2246 4519 stum
2276 4463 2411 4519 hora
2435 4477 2575 4517 nona
2590 4461 2655 4532 in
2689 4477 2851 4518 cruce
2869 4461 3172 4532 exspirasse
3206 4466 3478 4532 testantur
3496 4470 3697 4532 omnes

2101 4533 2474 4604 evangelista,
2505 4526 3230 4605 eademqueqejus'animam
3265 4530 3335 4585 ad
3375 4526 3710 4605 inierosdeb

2098 4599 2393 4671 scendisse,
2433 4599 2495 4659 ut
2521 4599 3168 4666 Patres—inde'liberaret,
3191 4609 3450 4658 constans
3477 4607 3570 4671 est
3591 4599 3700 4654 Ec-

2099 4677 2277 4734 clesia;
2319 4668 2564 4731 traditio.
2600 4678 2683 4730 Ita
2725 4690 2791 4731 ex
2833 4674 3103 4729 sententia
3132 4676 3197 4729 B.
3230 4670 3530 4729 Clementis
3559 4668 3699 4725 hora

2097 4744 2247 4804 ncna
2293 4761 2494 4818 preces
2533 4745 2804 4818 facimus,
2848 4744 2997 4817 quod
3036 4752 3157 4818 tum
3199 4743 3587 4818 omn_ia_mota
3646 4748 3709 4795 et

2100 4811 2420 4875 tremefacta
2451 4825 2580 4872 sunt
2623 4811 2882 4872 Domino'
2902 4815 3165 4870 cruciﬁxo
3199 4835 3211 4871 :
3246 4813 3375 4886 quia
3407 4811 3706 4886 horrerent

2099 4889 2389 4960 audaciam
2406 4888 2707 4960 impiorum
2722 4889 2752 4942 J
2760 4886 3066 4960 udaeprum,
3078 4893 3144 4960 et
3159 4881 3556 4960 contumeliam
3577 4881 3712 4960 Do-

2099 4961 2239 5017 mini
2269 4959 2411 5016 ferre
2439 4954 2551 5013 non
2584 4966 2828 5030 possent.
2862 4957 3230 5013 Tertullianus
3257 4954 3349 5011 ubi
3367 4969 3544 5030 supra
3575 4970 3589 5007 :
3617 4956 3710 5030 _In

2100 5048 2215 5110 οςιηι
2243 5023 2960 5110 αξτιιιε.¹ιοταῇέ.οβζθθεαηάιξ
2982 5043 3235 5110 rem
3262 5030 3340 5110 est.
3361 5023 3561 5110 (ἰάῖθειν
3580 5023 3711 5079 θυεμ

2098 5096 2356 5170 tinentia,
2387 5100 2502 5156 sive
2530 5100 2757 5156 afﬂictio
2786 5096 3010 5155 Domini
3037 5096 3409 5164 observanda)
3441 5097 3499 5170 in
3522 5112 3633 5170 qua
3660 5112 3706 5148 α

2097 5178 2252 5248 sexta
2280 5165 2679 5248 contenebratus
2708 5171 2850 5248 orbis
2868 5213 2884 5235 ,
2917 5171 3171 5248 defuncto
3190 5171 3445 5248 Domino,
3479 5165 3717 5248 lugubre

2099 5246 2230 5311 fecit
2259 5245 2519 5313 ofﬁcium,
2542 5247 2605 5296 ut
2633 5246 2756 5296 tunc
2768 5246 2819 5296 et
2838 5257 2931 5296 nos
2943 5238 3709 5313 revertamurgadjucundita-

2101 5308 2223 5377 tem,
2255 5308 2374 5369 cum
2394 5317 2446 5368 et
2463 5313 2692 5368 mundus
2714 5315 2911 5382 recepit
2924 5313 3243 5367 claritatem.
3269 5311 3323 5365 S'.
3351 5308 3660 5382 Cyprianus
3685 5325 3707 5361 :

2101 5390 2173 5442 Et
2208 5387 2481 5446 Dominus,
2508 5383 2705 5455 inquit,
2730 5381 2861 5437 hora
2876 5387 3032 5437 sexta
3059 5385 3367 5451 cruciﬁams,
3399 5381 3474 5455 ad
3499 5393 3710 5455 nonam

2086 5460 2303 5528 peccata
2339 5459 2521 5509 nostra
2548 5452 2807 5523 sanguine
2823 5469 2916 5509 suo
2950 5455 3142 5528 abluit,
3174 5458 3226 5508 et
3248 5456 3311 5507 ut
3330 5452 3608 5528 redimere,
3639 5454 3711 5503 et

2090 5522 2364 5596 viviﬁcare
2399 5540 2492 5580 nos
2523 5522 2733 5595 posset,
2783 5529 2909 5579 tunc
2945 5527 3225 5580 victoriam
3264 5538 3421 5578 suam

2088 5591 2338 5669 perfecit.
2370 5597 2426 5652 S.
2460 5591 2803 5669 Athanasius
2835 5614 2846 5650 :
2879 5599 3030 5652 Nona
3050 5596 3181 5669 hora.
3215 5591 3518 5669 rursumiin
3547 5591 3714 5669 hgm-

2093 5662 2198 5744 nis,
2221 5672 2272 5724 et
2298 5667 2772 5744 gloriﬁcationibus
2811 5669 2952 5744 eris:
2968 5683 3084 5721 cum
3112 5667 3379 5744 lminis,
3403 5667 3454 5719 et
3482 5662 3715 5744 confes-

2094 5742 2240 5794 sione
2280 5736 2612 5809 peccatorum
2640 5742 2884 5801 tuorum,
2916 5741 3018 5793 Deo
3044 5736 3396 5809 supplt't‘abis,
3436 5736 3712 5809 quoniam

2096 5812 2203 5867 hac.
2220 5806 2352 5866 hora
2379 5812 2634 5866 Dominus
2653 5811 2711 5864 in
2725 5825 2880 5865 cruce
2893 5806 3131 5881 pendens
3146 5806 3392 5863 reddidit
3410 5806 3707 5875 spiritum.
