4052 6200
377 192 477 246 123

1714 185 1994 245 JOANNIS
2031 186 2335 245 CASSlANl

3585 186 3688 242 124

375 317 509 375 dum
547 326 661 387 est,
690 332 816 389 quae
839 317 1042 391 jugiter
1068 315 1255 374 offerri
1298 316 1464 373 etiam
1500 315 1558 370 in
1586 314 1753 370 veteri
1777 317 1972 371 Testa-
2001 319 2054 383 Α
2087 331 2119 371 a
2148 312 2329 370 David
2352 313 2570 369 canitur
2595 331 2607 367 :
2633 313 2916 380 Dirigatur
2937 312 3111 366 orat-io
3128 324 3247 364 mea
3264 311 3403 364 sicut
3420 311 3692 366 incensum

374 420 561 469 mento
599 412 715 484 lege
751 411 986 467 Masaiea
1038 410 1398 468 sanciuntur?
1454 407 1790 464 Holocausta
1828 408 1977 464 enim

376 507 647 563 matutina
682 514 739 562 et
778 505 1051 562 sacriﬁcia
1086 503 1393 575 vespertina
1429 501 1643 559 cunctis
1686 500 1889 559 diebus
1923 502 1980 559 in

373 599 600 672 templo,
627 599 753 655 licet
786 597 1106 669 ﬁguralihus
1135 595 1352 663 hostiis,
1373 594 1542 651 etiam
1569 609 1635 649 ex
1659 609 1725 651 eo
1743 594 1979 667 probare

2087 412 2146 465 in
2173 412 2450 480 conspectu
2478 412 2596 475 tuo;
2624 407 2847 466 elwatio
2880 420 3138 460 manuum
3168 420 3426 469 mearum,
3473 407 3689 473 sacriﬁ-

2085 505 2226 558 cium
2264 504 2625 573 vespertinum
2648 500 2880 566 (Psalm.
2913 499 3068 567 (ιιι).
3093 499 3215 570 Quo
3253 497 3311 552 in
3349 496 3471 553 loco
3491 496 3562 553 de
3591 496 3690 554 illo

2085 610 2306 667 quoque
2336 611 2464 651 vero
2515 593 2784 652 sacriﬁcio
2811 592 3121 665 vespertino
3164 592 3430 648 sacratius
3460 591 3693 664 intelligi

377 708 670 766 possumus
705 692 1075 750 indesinenter
1112 690 1297 747 oblata
1323 692 1516 758 (Num.
1548 693 1797 758 xxvm),
1830 688 1978 761 quod
2085 696 2288 760 potest,
2312 687 2463 760 quod
2490 687 2573 744 vel
2593 701 2813 759 vespere
2837 702 2870 743 a
2901 684 3146 743 Domino
3170 684 3449 767 salvatore
3471 699 3696 742 canan-

1474 812 1729 867 ALARDI
1767 812 1992 867 GAZEI
2030 809 2589 868 COMMENTARIUS.

380 928 672 985 Psalmista
692 940 853 980 versu
879 926 971 982 illo
998 926 1167 983 citato
1184 928 1282 993 ;'et
1308 925 1611 982 secundum
1640 942 1768 982 eum
1791 926 1985 982 Isodo-

382 1014 493 1077 rus.
516 999 623 1054 Cur
647 1004 837 1077 autem
854 996 1125 1077 propheta
1140 1005 1292 1077 optet
1310 996 1620 1077 orationem
1647 1013 1807 1077 suam
1827 997 1985 1077 simi-

383 1070 495 1125 lem
524 1083 642 1124 esse
661 1068 930 1141 sacriﬁcio
951 1068 1258 1141 vespertino
1273 1068 1463 1141 potius
1491 1068 1981 1141 quamtmatutino,

386 1155 512 1196 cum
542 1147 659 1194 tam
702 1140 909 1195 oblatio
931 1138 1511 1211 thymiamatisquam
1544 1139 1675 1211 agni
1718 1139 1983 1211 mactatio

386 1211 541 1267 ﬁeret
578 1224 737 1265 mane
767 1218 821 1265 et
864 1209 1074 1280 vesperi
1105 1209 1285 1280 (unde
1313 1209 1403 1264 hic
1430 1209 1605 1265 etiam
1626 1210 1896 1265 matutina
1930 1217 1985 1265 et

385 1280 691 1350 vespertina
728 1279 993 1336 sacriﬁcia
1022 1281 1234 1336 cunctis
1262 1279 1453 1336 diebus
1480 1280 1663 1336 oblata
1691 1280 1982 1347 perhiben-

384 1351 799 1423 tur)-rationem
821 1351 1007 1423 reddit,
1023 1351 1410 1423 Bellarminus,
1436 1351 1521 1408 vel
1539 1351 1667 1423 quia
1682 1350 1826 1406 hunc
1845 1350 1987 1422 psal-

388 1438 545 1478 mum
599 1422 797 1477 cecinit
838 1422 1015 1478 David
1051 1422 1122 1477 ad
1180 1437 1497 1489 vesperam,
1546 1422 1609 1477 nt
1648 1423 1789 1478 solet
1817 1423 1988 1477 etiam

387 1493 632 1549 Ecclesia
681 1493 937 1564 eumdem
969 1493 1240 1564 psalmum
1269 1492 1324 1547 in
1348 1492 1601 1564 vesperis
1638 1507 1834 1549 canere
1851 1511 1873 1564 γε
1902 1492 1989 1564 vel

389 1565 517 1635 quia
556 1563 883 1619 sacriﬁcium
918 1562 1295 1635 vespertinum
1323 1562 1562 1635 nobilius
1598 1572 1737 1630 erat,
1767 1563 1895 1635 quia
1929 1562 1991 1617 ﬁ-

389 1632 670 1715 guraerat
696 1634 952 1715 sacriﬁcii
976 1632 1163 1689 crucis
1178 1674 1192 1699 ,
1217 1632 1367 1715 quod
1387 1633 1456 1689 ad
1481 1649 1761 1715 vesperam
1784 1632 1990 1715 factum

388 1704 489 1761 est.
516 1706 703 1760 Altera
727 1706 889 1770 ratio,
905 1721 1002 1759 cur
1025 1704 1388 1775 vespertinam
1410 1704 1602 1775 orandi
1627 1704 1823 1759 horam
1847 1704 1992 1759 colat

390 1775 662 1841 Ecclesia,
709 1776 799 1830 hic
842 1774 1172 1839 insinuatur,
1213 1774 1483 1830 memoria
1522 1774 1773 1830 videlicet
1818 1789 1993 1830 casum

388 1846 718 1913 Dominicae,
734 1861 902 1915 quam
920 1860 1139 1916 vespere
1161 1845 1643 1916 Dominusnoster
1660 1847 1689 1900 J
1697 1860 1821 1900 esus
1836 1845 1990 1902 Chri-

388 1925 507 1974 stus
530 1932 657 1971 cum
677 1916 880 1971 sanctis
900 1915 1165 1987 apoStolis
1186 1915 1499 1982 celebravit,
1523 1932 1587 1971 ex
1610 1931 1747 1987 pane
1767 1931 1993 1972 carnem

392 2003 572 2053 suam,
599 1996 657 2042 et
686 2003 750 2059 ex
784 1988 909 2042 vino
938 1986 1266 2059 Sanguinem
1309 2002 1473 2059 suum
1504 1986 1833 2059 mirabiliter
1859 2002 1996 2059 con-

390 2058 603 2123 ﬁciens,
643 2065 697 2111 et
728 2058 782 2112 in
814 2057 1139 2128 perpetuum
1177 2074 1243 2113 ac
1262 2057 1520 2128 solemne
1540 2058 1807 2114 Ecclesia
1825 2057 1993 2113 sacri-

393 2129 581 2184 ﬁcium
607 2127 922 2183 instituens.
959 2128 1122 2183 Unde
1163 2127 1409 2184 Isidorus
1434 2127 1527 2182 ubi
1552 2143 1718 2199 supra
1745 2132 1842 2184 :In
1866 2144 1995 2183 novo

389 2215 594 2269 quoque
614 2201 936 2253 Testamento
950 2214 1161 2268 vespere
1174 2202 1427 2255 Dominus
1440 2203 1490 2252 et
1501 2201 1771 2261 Salvator,
1789 2216 1998 2253 canan-

393 2271 536 2324 tibus
578 2271 869 2337 Apostolis,
898 2272 1215 2337 mysterium
1241 2272 1330 2325 sui
1370 2272 1600 2339 corporis
1639 2274 1688 2323 et
1716 2272 1994 2338 sanguinis

395 2340 657 2401 tradidit,
697 2345 759 2394 ut
797 2344 1006 2410 tempus
1035 2343 1212 2410 ipsum
1241 2342 1496 2408 sacriﬁcii
1520 2356 1794 2410 vesperum
1820 2345 1993 2395 osten-

393 2411 540 2466 deret
570 2413 778 2481 swculi.
824 2409 1008 2481 Tertia
1034 2409 1279 2481 denique,
1302 2410 1443 2466 ratio
1482 2420 1566 2466 est
1602 2409 1866 2466 memoria
1885 2451 1903 2480 ,
1942 2419 1996 2465 et

393 2480 702 2537 recordatio
721 2480 974 2537 sacriﬁcii
999 2480 1500 2552 cruenti,hocest,
1531 2482 1842 2538 Dominica:
1867 2497 1993 2552 pas-

392 2552 585 2623 sionis,
617 2566 739 2621 quze
769 2560 988 2623 postero
1019 2551 1129 2619 die,
1160 2561 1222 2609 ut
1248 2550 1338 2607 hic
1364 2551 1588 2623 dicitur,
1620 2552 1689 2608 ad
1713 2550 1993 2623 vesperam

397 2622 542 2679 facta
566 2630 677 2690 est,
710 2622 901 2693 inqua
944 2623 1217 2679 Dominus
1242 2625 1401 2679 Jesus
1425 2622 1679 2680 summus
1705 2622 1989 2691 sacerdos,

2092 937 2212 999 ctus
2240 944 2362 999 cap.
2404 926 2727 999 lGRegulae,
2756 922 2849 982 ubi
2879 931 3091 997 septem
3112 924 3277 982 horas
3302 924 3554 999 diurnas,
3576 925 3692 980 sive

2093 944 2212 985 ctus
2240 944 2303 985 ca
2351 972 2362 982 .
2404 944 2727 999 Iouegulae,
2756 944 2849 982 um
2879 944 3091 997 septem
3113 944 3277 982 noras
3302 944 3336 981 α

2093 997 2278 1055 ofﬁcia
2305 944 2506 1055 giurna
2535 1004 2966 1054 commemorat.
3334 996 3337 1001 ’

2163 1072 2194 1124 J
2197 1086 2289 1125 am
2307 1070 2457 1141 quod
2477 1070 2546 1125 ad
2568 1069 2990 1141 rationem,iseu
3010 1071 3254 1141 formam
3267 1067 3435 1141 ofﬁcii
3462 1069 3698 1141 Vesper-

2092 1140 2197 1197 tini
2224 1137 2442 1214 attinet,
2475 1140 2623 1212 quod
2652 1147 2850 1214 quarto
2871 1139 3382 1214 locoquanrebatur,
3410 1138 3468 1214 in
3494 1137 3695 1214 primis

2092 1210 2417 1267 meminisse
2430 1209 2648 1281 oportet
2662 1209 2808 1282 quod
2827 1227 2889 1265 su
2897 1209 3109 1282 periere
3126 1212 3266 1267 libro
3283 1209 3473 1282 retulit
3485 1211 3695 1282 Auctor

2095 1282 2220 1348 (lib.
2255 1296 2329 1351 ιι,
2350 1298 2396 1337 c.
2428 1279 2539 1337 4‘et
2561 1284 2647 1348 5),
2671 1279 2789 1337 non
2816 1279 3058 1340 humana
3089 1281 3423 1347 inventione,
3456 1279 3553 1351 sed
3575 1293 3695 1351 cce-

2094 1352 2851 1443 !ites.aese'is°.mssisteri2
2875 1355 3021 1443 seu!
3066 1356 3261 1443 ιξεττθξ
3292 1350 3699 1443 fama}?

2094 1423 2373 1489 stitutuni,
2410 1432 2472 1478 ut
2504 1423 2561 1478 in
2599 1423 2852 1494 Vesperis
2875 1423 3171 1481 duodecim
3202 1423 3400 1494 psalmi
3430 1436 3698 1494 caneren-

2096 1502 2207 1549 tur.
2253 1494 2423 1565 Cujus
2463 1491 2833 1549 institutionis
2881 1495 3142 1551 meminit
3179 1491 3349 1549 etiam
3394 1491 3697 1565 concilium

2099 1563 2442 1620 Turonicum
2476 1565 2630 1635 (Cap.
2667 1568 2766 1633 19)
2793 1573 2923 1620 ante
2950 1582 3129 1621 annos
3157 1564 3309 1620 mille
3336 1563 3694 1635 celebratum.

2101 1636 2213 1691 Cur
2241 1643 2430 1692 autem
2459 1632 2493 1691 a
2520 1632 2596 1691 Di
2631 1635 2951 1706 Benedicto,
2980 1645 3037 1692 et
3063 1636 3207 1704 aliis,
3236 1650 3353 1691 non
3380 1632 3700 1706 duodecim,

2019 1727 2066 1789 Β
2101 1706 2198 1789 sed
2244 1706 2429 1789 multo
2460 1707 2798 1789 pauciores,
2840 1704 3001 1789 puta“
3017 1716 3274 1788 quatuor,
3326 1704 3425 1789 vel.
3455 1705 3701 1789 quinque

2102 1778 2432 1850 dumtaxat,
2457 1775 2516 1832 in
2551 1775 2877 1850 Yesgpertino
2907 1775 3093 1850 ofﬁcio
3124 1775 3429 1850 praescripti
3466 1775 3699 1850 fuerint,

2100 1863 2326 1903 causam
2357 1843 2524 1903 fuisse
2554 1843 2761 1904 ibidem
2791 1849 3111 1906 notavimus
3124 1843 3156 1914 ’(
3172 1850 3208 1902 l.
3239 1863 3308 1913 ιι,
3339 1843 3384 1902 ὁ.
3417 1849 3518 1916 6),
3550 1843 3702 1917 quod

2098 1918 2159 1973 in
2186 1919 2368 1974 locum
2389 1958 2405 1983 ,
2431 1927 2505 1990 et
2543 1919 2719 1974 veluti
2753 1920 3264 1990 compensationem
3292 1915 3701 1990 dicti_nunieri,

2100 1989 2539 2061 Completorium
2564 1998 2756 2061 postea
2787 1987 2955 2046 fuerit
2982 1990 3323 2061 institutum,
3352 1987 3588 2061 etrhoris
3613 2002 3700 2042 ca-

2102 2060 2320 2131 nonicis
2341 2060 2783 2131 superadditum,
2804 2069 2866 2117 ut
2885 2069 3043 2117 notat
3064 2060 3391 2131 Radulphus
3410 2060 3700 2131 ,Tungren-

2102 2130 2179 2185 sis
2205 2129 2476 2203 de‘Canb.
2509 2131 2725 2203 obseth
2766 2147 2993 2203 propos.
3035 2136 3124 2201 l4,
3164 2129 3500 2203 Bel—larmino
3527 2129 3696 2203 etiam

2103 2200 2467 2272 approbante.
2515 2197 2784 2259 Secundo'
2798 2197 3043 2260 notanda
3088 2197 3152 2258 ι).
3186 2200 3469 2257 Benedicti
3496 2197 3705 2272 consti-

2102 2271 2248 2327 tutio
2274 2271 2342 2328 de
2365 2271 2552 2328 ofﬁcio
2580 2276 2964 2343 Vesperarum.
3008 2275 3343 2343 Vespertina,
3377 2271 3703 2343 inquittsy-

2102 2345 2268 2398 naais
2282 2348 2514 2412 quatuor
2520 2342 2746 2412 psalmis
2762 2358 2881 2396 cum
2892 2342 3205 2413 antiphbnis
3225 2347 3357 2413 term
3364 2344 3559 2395 inetur.
3577 2342 3708 2413 Post

2103 2429 2231 2482 quos
2256 2415 2487 2482 psalmos
2519 2414 2670 2467 lectio
2699 2414 2977 2467 recitando
3004 2418 3101 2468 est.
3147 2412 3274 2468 Inde
3310 2412 3706 2480 responsorium

2103 2485 2539 2546 Ambrosianum,
2560 2499 2761 2546 versus,
2780 2486 3047 2537 canticum
3063 2484 3130 2538 de
3149 2483 3464 2551 Evangelia,
3482 2482 3499 2534 ι
3506 2482 3704 2551 itania,

2105 2560 2155 2609 et
2183 2558 2353 2610 oratio
2379 2557 2675 2617 Dominica,
2704 2558 2754 2608 et
2774 2558 2911 2623 ﬁant
2939 2557 3118 2610 Missa:
3142 2548 3398 2623 (Capf17
3431 2548 3707 2621 Regulae).

2106 2628 2177 2680 Et
2209 2641 2329 2696 cap.
2360 2625 2611 2696 sequenti
2645 2644 2657 2679 :
2696 2628 2928 2694 Vespera
2977 2629 3154 2679 autem
3195 2623 3453 2696 quotidie
3473 2626 3710 2696 quatuor

397 2694 652 2767 idemque
685 2691 1067 2767 verusagnus
1102 2694 1486 2750 immaculatus
1514 2695 1756 2767 seipsum
1793 2692 1996 2767 obtulit
2098 2691 2832 2767 psalmbrum'modidatione
2864 2700 3129 2767 canatur,
3168 2691 3274 2767 etc.
3326 2691 3543 2762 Quibus
3569 2691 3705 2748 locis

398 2769 517 2821 Deo
546 2765 697 2819 Patri
723 2764 1173 2836 prepitiationem
1203 2781 1302 2836 pro
1324 2765 1556 2836 peccatis
1575 2764 1798 2836 nostris,
1822 2766 1914 2836 qui
1940 2773 1996 2836 et

397 2837 456 2891 in
480 2851 642 2908 cruce
672 2835 941 2908 pependit;
970 2852 1141 2908 usque
1177 2835 1249 2894 ad
1289 2835 1602 2908 vesperam,
1627 2852 1735 2907 qua
1767 2835 1901 2908 hora
1927 2835 1996 2891 de

397 2922 559 2978 cruce
595 2904 878 2974 deposuus
916 2904 1140 2978 fuit,:ut
1160 2916 1316 2963 notat
1340 2904 1517 2978 glossa
1541 2906 1599 2978 in
1621 2904 1740 2978 cap.
1769 2923 1785 2961 ι
1807 2906 1874 2978 de
1897 2908 1999 2961 Ce-

394 2977 591 3034 lebrat.
626 2978 781 3033 Miss.
817 2981 885 3033 Et
913 2978 968 3032 in
999 2975 1185 3034 efﬁcio
1221 2975 1412 3034 Crucis
1440 2977 1588 3033 canit
1615 2975 1854 3032 Ecclesia
1880 2995 1895 3031 :
1921 2981 1998 3033 De

397 3066 547 3105 cruce
561 3049 849 3118 deponitur
869 3049 1003 3102 hora
1021 3052 1343 3119 respertina.
1363 3051 1433 3102 D.
1450 3048 1744 3119 Gregorius
1762 3047 1998 3104 Nazian-

400 3136 520 3176 zen.
548 3127 689 3175 orat.
719 3124 790 3175 42
822 3119 878 3173 in
904 3118 1141 3189 Pascha,
1182 3128 1480 3189 utrumque
1508 3118 1841 3175 sacriﬁcium
1873 3134 1995 3189 spe-

401 3200 558 3246 ctans
579 3209 592 3244 :
617 3194 679 3247 In
707 3190 1018 3245 swculm‘um
1041 3193 1164 3259 ﬁne,
1195 3190 1396 3260 inquit,
1418 3192 1621 3248 Christi
1638 3192 1821 3260 passio
1840 3192 2000 3244 conti-

399 3265 481 3331 git
511 3281 526 3316 :
554 3277 766 3330 vespere
790 3277 996 3330 quoque
1018 3264 1225 3332 peccati
1252 3262 1499 3317 videlicet
1525 3262 1805 3331 caliginem
1832 3262 2002 3332 discu-

406 3336 565 3395 tiens,
595 3334 881 3403 discipulis
910 3331 1310 3388 Sacramentum
1336 3335 1614 3404 impertiit.
1640 3332 1807 3389 Addit
1830 3331 2004 3387 Isido-

403 3419 500 3460 rus
537 3418 703 3474 supra
727 3422 738 3457 :
766 3404 996 3459 Proinde
1024 3406 1079 3458 in
1107 3406 1374 3467 honorem,
1400 3420 1462 3459 ac
1484 3406 1795 3459 memoriam
1823 3407 2005 3457 tanto-

401 3491 523 3530 rum
541 3479 989 3529 sacramentorum
1013 3477 1068 3528 in
1091 3476 1175 3529 his
1200 3476 1518 3544 temporibus
1541 3474 1725 3529 adesse
1749 3490 1840 3528 nos
1861 3474 2005 3528 decet

402 3548 505 3603 Dei
522 3547 902 3615 conspectibus,
935 3550 984 3599 et
1003 3560 1293 3614 personare
1316 3547 1372 3598 in
1393 3546 1505 3614 ejus
1527 3546 1776 3607 cultibus,
1798 3545 2007 3615 oratio-

403 3632 533 3671 num
545 3614 852 3671 nostrarum
869 3618 957 3671 illi
974 3618 1297 3684 sacriﬁcium
1318 3617 1627 3682 offerentes,
1647 3620 1808 3685 atque
1825 3616 1882 3668 in
1893 3614 2007 3683 ejus

408 3688 664 3742 laudibus
706 3688 918 3756 pariter
954 3688 1302 3741 exsultantes.
1329 3686 1455 3741 Jam
1488 3700 1616 3742 vero
1646 3684 1714 3741 de
1752 3692 2008 3756 tempore

405 3758 714 3828 canonico,
737 3756 851 3812 sive
874 3756 1122 3828 legitimo
1152 3759 1543 3828 Vesperarum,
1583 3756 1698 3811 sive
1725 3772 1832 3826 qua
1872 3756 2008 3828 hora

408 3831 668 3899 Vespera:
687 3825 1045 3899 decantandaa
1072 3828 1204 3899 sint,
1232 3825 1347 3899 non
1368 3827 1604 3882 minima
1633 3825 2009 3882 controversia

409 3896 629 3955 estIDe
662 3914 771 3968 qua
801 3896 1065 3953 videndus
1093 3898 1238 3953 inter
1261 3897 1399 3955 alios
1421 3902 1663 3953 Joannes
1702 3900 2008 3964 Durantus,

407 3969 500 4041 qui
525 3968 592 4025 de
617 3968 702 4025 his
727 3976 980 4041 accurate
1004 3968 1225 4041 scripsit
1247 3971 1341 4041 (L.
1367 3984 1443 4024 ιιι
1462 3969 1530 4024 de
1552 3969 1726 4041 Ritib.
1750 3969 1947 4041 Eccles.
1966 3970 2006 4032 ).

405 4036 577 4098 Porro
588 4040 906 4096 communis
929 4048 1010 4095 est
1034 4036 1327 4112 sententia,
1352 4040 1741 4112 Vespertinum
1759 4036 2010 4112 ofﬁcium

412 4121 542 4168 ante
569 4113 702 4169 solis
723 4124 984 4168 occasum
1009 4110 1402 4168 celebrandum
1418 4108 1558 4179 esse,
1582 4110 1743 4167 sicuti
1769 4108 2011 4165 Ecclesia

411 4186 667 4239 Romana
698 4184 973 4240 celebrare
1009 4183 1313 4239 consuevit.
1351 4181 1514 4253 Quod
1538 4190 1654 4238 tam
1684 4181 2012 4238 auctoritate

413 4261 469 4325 et
497 4254 846 4325 antiquitate,
878 4270 1048 4325 quam
1071 4256 1284 4325 ratione
1320 4253 1541 4325 probari
1570 4261 1767 4324 potest.
1809 4255 2013 4325 Aucto-

414 4323 577 4376 ritate
614 4330 733 4376 tum
778 4324 858 4392 B._
883 4322 1298 4392 Chrysostomi,
1321 4322 1438 4392 'qui
1477 4322 1596 4378 loco
1635 4339 1802 4392 supra
1843 4323 2011 4392 citato

415 4391 609 4448 scribit
644 4389 950 4446 monachos
972 4389 1209 4461 quatuor
1238 4392 1294 4445 in
1322 4389 1503 4462 partes
1527 4392 1679 4446 diem
1704 4389 2011 4462 dispartiri,

2105 2764 2290 2839 partes
2310 2767 2480 2822 ofﬁcii
2510 2766 2821 2839 vespertini
2847 2765 3053 2839 diserte
3073 2764 3483 2839 exprimuntur,
3503 2777 3709 2833 nempe

2105 2835 2341 2909 quatuor
2379 2835 2848 2909 psalmi,'Lectio,
2890 2836 2931 2891 i.
2971 2852 3021 2892 e.
3062 2835 3402 2909 capitulum,
3433 2848 3708 2909 responso-

2104 2905 2270 2972 rium,
2296 2905 2410 2963 sive
2431 2923 2662 2978 parvum
2680 2907 2793 2978 sive
2810 2922 3079 2978 magnum
3098 2929 3112 2974 ;
3134 2905 3575 2978 Ambrosianum,
3595 2905 3632 2959 i.
3654 2919 3706 2960 e.

2106 2976 2458 3050 hymnuswab
2498 2977 2830 3050 Ambrosio,
2870 2976 2952 3033 vel
2980 2979 3051 3050 ab
3079 2978 3189 3033 alio
3229 2976 3300 3050 ad
3334 2976 3708 3050 imitationem

2111 3045 2398 3105 A'mbrosii
2445 3048 2787 3118 compositus
2820 3053 2956 3120 (qua
2994 3049 3065 3105 de
3103 3063 3165 3104 re
3196 3047 3319 3104 vide
3352 3045 3706 3120 Badulphum

2109 3120 2491 3191 Tungrensem
2512 3134 2743 3191 propos.
2782 3123 2845 3174 13
2865 3118 2921 3174 et
2954 3122 3056 3189 14)
3089 3134 3326 3191 είυρνειιε,
3358 3118 3395 3172 i.
3425 3132 3710 3191 e.parvus

2107 3188 2410 3248 versiculus
2429 3188 2533 3262 qui
2551 3188 2672 3262 poét
2697 3190 2969 3262 hymnum
2996 3190 3242 3262 canitur;
3273 3197 3329 3245 et
3353 3190 3614 3262 canticum
3641 3188 3710 3243 de

2110 3260 2509 3332 Evangelioﬁi.
2552 3260 2610 3317 'e.
2648 3260 2928 3318 canticum
2968 3264 3032 3317 B.
3087 3260 3315 3327 Mariae,
3353 3261 3664 3332 Magni/ient
3686 3300 3702 3322 ,

2110 3331 2339 3403 quodin
2362 3332 2658 3403 Evangelio
2677 3333 2997 3389 continetur
3015 3336 3170 3399 (Luc.
3194 3347 3242 3398 1,
3265 3335 3398 3396 46);
3423 3339 3477 3384 et
3492 3331 3705 3393 litania,

2112 3403 2149 3459 i.
2183 3419 2232 3459 e.
2265 3406 2428 3473 Kyrie
2456 3404 2669 3473 eleison,
2701 3412 2755 3458 et
2783 3404 2970 3459 Oratio
2996 3404 3292 3465 Dominica,
3325 3404 3489 3457 Pater
3514 3405 3709 3465 noster,

2113 3479 2165 3530 et
2190 3478 2328 3544 ﬁant
2354 3475 2561 3544 Missa,
2597 3472 2636 3526 i.
2666 3488 2728 3544 e.
2749 3474 3073 3544 Orationes,
3105 3472 3710 3544 ait-Iurrecrematus,

2112 3542 2313 3615 nempe
2342 3542 2617 3615 collectae.
2652 3543 2822 3599 Addit
2855 3560 2983 3601 vero
3011 3542 3381 3614 Smaragdus:
3415 3542 3712 3615 Quodaliis

2115 3619 2174 3670 in
2204 3614 2328 3671 locis
2359 3614 2496 3669 dicit
2529 3618 2636 3670 :Et
2660 3617 2975 3684 completum
2998 3620 3109 3681 est;
3145 3616 3244 3669 hac
3272 3616 3331 3668 in
3352 3614 3611 3676 clausula,
3642 3616 3715 3668 Et

2114 3689 2293 3743 Missa:
2314 3687 2445 3748 sint,
2477 3684 2633 3739 dicit.
2665 3685 2943 3742 Orationes
2971 3689 3111 3741 enim
3131 3687 3321 3754 ofﬁcii,
3354 3700 3473 3753 quae
3501 3701 3535 3738 a
3562 3684 3714 3738 nobis

2115 3758 2385 3827 completa:
2402 3759 2548 3827 sunt,
2571 3760 2677 3811 Deo
2695 3761 2820 3810 sunt
2834 3760 3033 3820 missa,
3061 3758 3195 3826 quia
3216 3759 3273 3809 in
3297 3756 3449 3809 illius
3466 3756 3714 3809 honorem

2114 3833 2241 3884 sunt
2269 3828 2560 3881 celebratae.
2591 3828 2772 3883 Aliter
2795 3830 3080 3891 orationes,
3102 3829 3212 3882 sive
3234 3827 3492 3888 Collectw,
3514 3841 3636 3894 qua:
3660 3827 3718 3879 in

2115 3903 2221 3968 ﬁne
2234 3914 2418 3953 cursus
2437 3914 2472 3951 a
2490 3898 2760 3952 sacerdote
2782 3898 3057 3962 dicamur,
3072 3900 3272 3960 missa,
3291 3896 3328 3951 i.
3349 3913 3397 3952 e.
3415 3901 3522 3953 Deo
3535 3901 3719 3968 trans-

2116 3966 2295 4025 missa:
2312 3973 2588 4023 vocantur.
2613 3971 2666 4025 Λ
2686 3970 2955 4024 sacerdote
2969 3972 3110 4024 enim
3124 3971 3437 4029 mittuntur,
3454 3966 3548 4021 sed
3561 3983 3595 4020 a
3609 3971 3717 4023 Deo

2117 4044 2480 4110 accipiuntur.
2514 4042 2651 4096 Hinc
2680 4044 2730 4095 et
2751 4041 2924 4094 levita
2945 4040 3013 4106 (i.
3046 4056 3091 4095 e.
3119 4040 3367 4103 diaconi)
3386 4039 3719 4093 solemnitate

2118 4114 2310 4181 aliqua
2341 4114 2398 4165 in
2424 4112 2658 4167 Ecclesia
2686 4112 2965 4173 celebrata,
2994 4112 3197 4165 eleuata
3218 4124 3338 4164 voce
3372 4128 3387 4163 :
3424 4111 3522 4171 Ite,
3550 4111 3720 4181 Missa

2116 4180 2236 4238 'est’:
2252 4183 2451 4252 populo
2478 4183 2731 4243 clamant,
2762 4183 2856 4236 hoc
2876 4186 2972 4244 est,
2992 4183 3311 4237 Solemnitas
3334 4184 3412 4234 est
3437 4180 3714 4252 completa,

2119 4259 2168 4333 et
2188 4250 2600 4333 perfacerdotis
2630 4253 3133 4333 ministerium.ij
3164 4256 3272 4333 Deo
3305 4256 3381 4332 est
3406 4252 3593 4306 missa.
3628 4250 3719 4333 §ic

2121 4320 2258 4395 ipse.
2284 4322 2472 4395 Tertio
2485 4321 2842 4395 _observanda
2871 4331 2955 4379 est
2977 4320 3294 4395 differentia
3322 4321 3466 4395 inter
3484 4320 3718 4395 saecula:-

2118 4390 2208 4449 res
2247 4400 2301 4448 et
2343 4391 2660 4464 religiosos,
2710 4394 3020 4464 praesertim
3068 4392 3505 4464 Benedictinos,
3534 4390 3721 4464 quoad

415 4471 469 4518 et
482 4462 848 4536 _V_espertinas
871 4454 1089 4536 Laudes
1117 4471 1310 4533 quarta
1323 4454 1394 4517 ‘et
1419 4470 1699 4532 postrema
1727 4454 1883 4533 parte
1900 4454 2011 4536 diei
2036 4461 2086 4523 D
2121 4478 2423 4536 numerum
2447 4454 2801 4536 psalmorum
2851 4464 2912 4519 in
2947 4464 3228 4536 Vesperis,
3268 4479 3393 4535 quae
3435 4454 3605 4518 etiam
3647 4461 3721 4536 ad

417 4532 889 4613 celebrare,_qu.te.
911 4532 1151 4613 quidem:
1166 4540 1447 4613 postrema
1480 4547 1608 4613 pars
1646 4532 1761 4588 non
1787 4539 1869 4588 est
1897 4532 2015 4613 ipse

416 4604 692 4660 terminus
719 4602 1075 4675 indivisibilis
1093 4602 1229 4675 diei,
1257 4604 1353 4675 qui
1373 4602 1491 4675 esti
1501 4618 1592 4675 pse
1613 4618 1840 4659 occasus
1858 4602 2013 4675 solis,

418 4674 516 4732 sed
546 4683 629 4732 est
654 4675 893 4744 spatium
922 4674 1105 4747 trium
1122 4672 1407 4747 horarum,
1428 4672 1660 4747 ab'bora
1683 4690 1848 4747 nona
1864 4674 2017 4747 (qua:

417 4747 583 4803 nobis
607 4754 690 4803 est
716 4746 878 4802 tertia
896 4744 1308 4818 pomeridiana)
1330 4760 1499 4818 usque
1525 4744 1596 4802 ad
1626 4746 1797 4802 ﬁnem
1819 4744 2019 4818 duode-

417 4819 614 4885 cimzc,
647 4826 702 4874 et
751 4816 1210 4890 solis—occasum,
1265 4816 1569 4890 secundum
1617 4816 2012 4890 veteremdiei

420 4891 798 4962 partitionem,
849 4890 1009 4947 sicuti
1050 4890 1170 4962 aliae
1191 4887 1387 4962 partes
1417 4888 1827 4962 tribus_itidem
1865 4887 2017 4962 horis

420 4959 751 5032 constabant
768 5002 783 5026 ,
805 4969 867 5015 ut
894 4977 1039 5032 saepe
1061 4959 1273 5018 dictum
1298 4969 1396 5018 est.
1420 4959 1660 5032 Proinde
1678 4969 1861 5017 totum
1884 4960 2018 5017 illud

417 5031 665 5111 spatium
678 5032 867 5111 ‘trium
897 5031 1164 5111 horarum
1196 5041 1320 5104 post
1348 5048 1556 5088 nonam
1590 5031 2016 5111 (sive_tertiam)

424 5098 597 5171 usque
617 5098 697 5174 a'd
724 5101 858 5174 satis
887 5098 1236 5171 occubitum',
1268 5111 1355 5174 est
1390 5098 1611 5174 tempus
1638 5103 1932 5174 antiquum
1964 5098 2021 5174 et

425 5169 761 5243 canonicum
790 5172 1159 5242 VeSperarum
1195 5169 1392 5228 :Tum
1423 5169 1796 5240 Theodoreti,
1825 5173 1921 5243 qui
1960 5172 2019 5227 in

423 5238 678 5314 Historia
695 5238 1013 5314 sanctorum
1033 5245 1269 5314 Patrum
1293 5258 1413 5313 cap.
1443 5247 1477 5299 2
1506 5243 1573 5299 de
1596 5238 2020 5314 Julian'oiejus-

424 5326 531 5383 que
547 5308 710 5383 sociis
741 5311 857 5368 ham
877 5312 1070 5368 scribit
1095 5332 1106 5368 :
1131 5315 1273 5369 Ante
1299 5308 1535 5369 occasum
1560 5318 1737 5369 autem
1761 5308 2019 5369 solis'om-

423 5380 514 5437 nes
528 5384 584 5435 in
598 5380 801 5437 atrium
818 5384 1211 5446 conveniebant,
1231 5388 1281 5438 et
1295 5384 1514 5453 hymnos
1525 5388 1846 5453 vespertinas
1857 5384 2022 5439 simul

423 5455 645 5524 Domino
676 5454 994 5522 offerebant.
1025 5457 1169 5509 Tum
1198 5455 1448 5524 demum,
1479 5463 1541 5512 ut
1569 5455 1706 5511 alios
1733 5455 2016 5523 omittam,

428 5523 603 5595 nostri
632 5525 902 5592 Cassiani,
944 5524 1035 5595 qui
1067 5525 1173 5581 hoc
1204 5526 1380 5592 libro,
1413 5523 1467 5581 et
1496 5526 1784 5595 Speciatim
1822 5527 1879 5582 in
1917 5526 2021 5583 hoc

425 5611 545 5666 cap.
565 5594 633 5651 de
656 5596 884 5652 Diurnis
910 5597 1099 5665 Horis,
1127 5596 1241 5653 sive
1256 5604 1315 5652 ut
1341 5596 1503 5654 habet
1526 5594 1741 5665 titulus,
1760 5597 1829 5655 de
1848 5599 2023 5655 Cano-

422 5666 550 5742 nico
579 5666 905 5742 diurnarum
935 5667 1198 5725 horarum
1233 5666 1426 5736 modo,
1463 5684 1526 5742 ex
1559 5667 1805 5737 professo
1829 5685 2018 5742 agens,

426 5740 815 5811 Vespertinam
846 5740 988 5796 inter
1016 5755 1108 5796 eas
1135 5747 1405 5808 recenset,
1437 5738 1579 5795 sicut
1607 5747 1659 5796 et
1685 5743 1753 5797 D.
1790 5738 2022 5798 Benedi-

2123 4550 2348 4607 morum
2374 4534 2798 4607 instructionem
2828 4534 3093 4606 pertinet;
3117 4551 3287 4607 quam
3307 4539 3550 4591 Joannes
3568 4534 3724 4589 Bele-

2123 4606 2253 4662 thus
2276 4604 2529 4662 Durandi
2559 4604 2905 4663 abbreviator
2926 4608 3001 4664 ita
3030 4604 3260 4678 exponit
3288 4624 3301 4661 :
3324 4609 3385 4662 In
3410 4607 3660 4678 Vesperis
3687 4621 3725 4659 a

2124 4678 2274 4733 nobis
2292 4680 2577 4732 cantantur
2594 4681 2830 4748 quinque
2843 4681 3064 4748 psalmi,
3081 4677 3180 4747 qui
3194 4692 3379 4733 sumus
3394 4677 3720 4747 imperfecti,

2118 4753 2341 4819 propter
2367 4750 2606 4818 quinque
2628 4764 2812 4804 sensus
2835 4769 2851 4803 :
2872 4754 2934 4803 ut
2952 4750 3200 4804 videlicet
3219 4749 3361 4819 quod
3370 4764 3471 4818 per
3484 4749 3725 4817 quinque

2122 4835 2304 4876 sensus
2342 4835 2609 4889 corporeos
2637 4823 2971 4876 commissum
2990 4826 3088 4884 est,
3111 4836 3213 4891 per
3231 4822 3464 4890 quinque
3481 4820 3725 4889 psalmo-

2120 4908 2241 4947 rum
2255 4894 2550 4947 cantionem
2558 4894 2776 4961 penitus
2790 4893 3123 4946 dimittatur.
3146 4892 3393 4947 Monachi
3404 4906 3524 4944 vero
3542 4892 3603 4943 in
3621 4904 3724 4961 quo

2122 4979 2178 5019 se
2192 4965 2536 5033 perfectiores
2552 4964 2856 5026 ostendunt,
2872 4967 3082 5017 tantum
3093 4967 3330 5032 quatuor
3338 4962 3544 5016 dicunt.
3566 4960 3726 5029 Quid-

2127 5034 2264 5102 quid
2309 5036 2449 5087 enim
2487 5033 2816 5102 quad-ratum
2859 5039 2957 5096 est,
3002 5036 3060 5088 in
3094 5049 3477 5103 quamcumque
3512 5037 3723 5102 partem

2123 5108 2386 5167 vertatur,
2415 5120 2620 5174 semper
2647 5109 2824 5160 manet
2849 5105 3012 5168 idem,
3038 5108 3252 5174 ﬁrmum
3282 5122 3345 5159 ac
3363 5104 3615 5159 solidum.
3632 5103 3726 5159 Ad

2127 5175 2365 5229 eumdem
2392 5190 2519 5230 sane
2552 5175 2768 5231 modum
2809 5178 3079 5247 perfectus
3109 5191 3432 5247 quocumque
3459 5177 3565 5230 loco
3584 5218 3601 5239 ,
3633 5178 3730 5230 aut

2126 5261 2456 5315 quocumque
2498 5251 2745 5317 temnere,
2794 5263 2998 5317 semper
3031 5248 3201 5312 idem,
3247 5252 3410 5318 atque
3438 5247 3731 5318 immobilis

2124 5322 2421 5389 permanet.
2447 5318 2594 5389 llaec
2624 5318 2738 5373 ille.
2764 5321 2834 5374 Et
2870 5318 3135 5375 hactenus
3175 5319 3243 5374 de
3270 5317 3554 5389 VeSperis,
3594 5317 3729 5373 satis

2129 5388 2339 5460 prolixe
2366 5387 2613 5458 quidem,
2643 5390 2953 5445 necessario
2982 5398 3171 5446 tamen
3202 5405 3301 5460 pro
3326 5387 3542 5446 ratione
3561 5404 3728 5459 argu-

2128 5458 2326 5521 menti,
2349 5472 2414 5512 ex
2437 5474 2547 5529 quo
2576 5466 2695 5515 tota
2726 5460 2895 5516 ofﬁcii
2925 5458 3303 5528 ecclesiastici,
3335 5477 3432 5517 seu
3463 5458 3726 5516 horarum

2128 5529 2697 5603 canonicarumtratio
2722 5540 2776 5587 et
2808 5531 3169 5601 intelligentia
3189 5532 3496 5603 dependet:
3529 5546 3726 5602 quam-

2127 5601 2321 5729 tobrem
2361 5601 2551 5731 Ιῗὶςὲοτὶ
2591 5603 2824 5659 minime
2862 5603 3155 5662 molestam
3185 5601 3327 5661 hanc
3355 5601 3725 5677 prolixitatem

2152 5688 2247 5730 ore
2275 5688 2378 5730 con
2460 5688 2515 5731 ο.

2152 5688 2247 5730 ore
2275 5688 2515 5731 οοιιιιαο.
