4052 6200
375 153 471 207 125

889 151 979 206 DE
1013 151 1496 210 C(ENOBIORUM
1533 153 1780 211 INSTIT.
1820 155 1950 212 LIB.
1992 155 2083 212 lll.
2122 185 2196 198 —
2232 157 2322 212 DE
2359 155 2634 212 DlURNIS
2671 153 3154 212 ORATIONIBUS.

3573 161 3674 214 l26

367 275 518 334 tibus
559 273 826 347 apostolis
875 275 1150 346 traditur,
1210 291 1337 333 cum
1397 277 1646 334 initiaret
1697 277 1960 336 Ecclesiae
1987 283 2041 346 Α
2070 281 2320 344 cxvm).
2349 281 2415 334 Et
2433 294 2692 336 rursum:
2713 281 3102 336 Prmenerunt
3114 280 3260 336 oculi
3285 282 3395 335 mei
3407 281 3482 336 ad
3509 285 3560 337 te
3581 281 3674 337 di-

371 376 714 427 sacrosancta
752 369 1050 442 mysteria;
1079 370 1161 426 vel
1193 369 1344 440 quod
1367 371 1486 444 ipse
1515 369 1605 427 die
1635 379 1856 442 postem
1885 386 1965 430 sa-

371 463 638 520 criﬁcium
669 463 1068 535 vespertinum,
1115 463 1175 522 in
1208 464 1317 520 ﬁne
1357 465 1570 524 scilicet
1607 465 1964 534 saeculorum,

370 557 670 614 elevatione
697 571 972 615 manuum
998 573 1224 614 suarum
1255 573 1354 630 pro
1377 558 1554 616 salute
1577 559 1756 618 totius
1773 559 1967 616 mundi

369 650 586 708 oblatus
618 659 704 708 est
737 653 907 709 Patri.
951 655 1089 726 Qua
1136 653 1388 709 extensio
1431 669 1708 712 manuum
1745 651 1868 726 ejus
1909 654 1970 710 in

371 744 616 817 patibulo
649 747 788 802 satis
818 747 1042 818 proprie
1076 746 1314 803 elevatio
1341 755 1714 818 nuncupatur.
1763 748 1970 804 Omnes

363 835 510 894 enim
529 853 636 896 nos
660 839 720 894 in
747 837 964 898 inferno
987 839 1260 912 jacentes,
1288 839 1524 896 elevavit
1544 839 1616 896 ad
1647 839 1838 908 caelos,
1869 855 1963 897 se-

369 931 614 988 cundum
664 933 1060 1003 promissionis
1097 932 1216 1003 ejus
1255 933 1606 999 sententiam,
1660 933 1896 990 dicentis
1949 953 1962 990 :

373 1024 506 1081 Cum
551 1026 827 1082 multatus
867 1027 1026 1092 fuero
1051 1010 1102 1080 α’
1121 1030 1284 1089 term,
1320 1027 1497 1080 omnia
1522 1027 1741 1084 traham
1779 1027 1854 1081 ad
1887 1041 1970 1083 me

369 1119 551 1189 ipsum
583 1119 776 1189 (Joan.
805 1133 916 1176 x1v
935 1119 1024 1188 )._‘
1045 1119 1131 1173 De
1157 1118 1430 1174 matutina
1460 1132 1590 1175 vero
1617 1117 1968 1175 solemnitate

360 1212 544 1270 etiam
569 1212 704 1270 illud
727 1227 830 1270 nos
849 1212 1088 1280 instruit,
1109 1209 1256 1282 quod
1282 1210 1340 1267 in
1358 1211 1480 1283 ipsa
1499 1210 1748 1283 quotidie
1765 1211 1970 1268 decan-

367 1306 484 1362 tari
531 1305 671 1362 solut
714 1325 726 1360 :
770 1310 929 1368 Deus,
967 1308 1108 1361 Deus
1144 1319 1316 1369 meus,
1358 1305 1434 1360 ad
1473 1305 1618 1362 tede
1653 1305 1766 1361 luce
1801 1303 1971 1374 vigilo

371 1399 608 1470 (Psalm.
652 1399 840 1470 Lxu).
882 1401 954 1454 Et
993 1419 1014 1454 ε
1052 1401 1116 1454 In
1155 1401 1446 1468 matutinis
1481 1400 1782 1456 meditabor
1823 1403 1881 1454 in
1921 1404 1972 1456 te

362 1492 381 1563 (
398 1493 539 1573 Ibid.
553 1494 593 1564 ).
617 1495 688 1550 Et
710 1511 723 1548 :
746 1496 994 1550 Praeveni
1012 1497 1068 1549 in
1084 1497 1404 1550 maturitate
1419 1499 1469 1550 et
1482 1497 1714 1550 clamavi
1732 1494 1964 1566 (Psalm.

2072 373 2265 436 luculo,
2292 375 2354 427 ut
2371 372 2662 428 meditarer
2679 374 2889 443 eloquia
2911 377 3007 428 tua
3033 373 3238 444 (Ibid).
3264 374 3326 428 In
3345 371 3434 428 his
3455 388 3674 445 quoque

2073 465 2228 524 horis
2261 466 2432 522 etiam
2459 465 2550 522 ille
2576 467 2934 538 Evangelicus
2967 465 3362 538 paterfamilias
3389 467 3674 538 operarios
3757 515 3765 522 .

2075 559 2344 616 conduxit
2380 559 2435 614 in
2471 559 2687 616 vineam
2715 575 2874 616 suam
2903 560 3118 626 (Matth.
3161 564 3287 628 xx).
3323 561 3406 616 Ita
3435 559 3588 624 enim
3617 569 3672 617 et

2077 653 2174 709 ille
2194 653 2378 727 primo
2403 667 2568 708 mane
2590 651 2924 710 conduxisse
2953 651 3284 710 describitur
3313 671 3326 708 :
3350 655 3498 726 quod
3523 662 3672 712 tem-

2079 763 2181 820 pus
2233 746 2490 820 designat
2541 747 2876 802 matutinam
2935 753 3185 802 nostram
3246 746 3598 804 solemnitam
3655 769 3668 806 :

2077 839 2282 898 deinde
2302 839 2487 908 tertia,
2521 837 2649 895 inde
2680 847 2858 907 sexta,
2889 847 3015 910 post
3046 839 3166 896 haec
3197 855 3364 908 nona,
3393 841 3464 898 ad
3489 850 3674 898 extre-

2078 949 2236 990 mum
2259 927 2286 966 ¹³
2315 933 2626 1004 undecima,
2663 934 2720 990 in
2753 950 2862 1007 qua
2883 934 3176 992 lucernalis
3201 935 3315 1004 [AL
3351 936 3668 1007 lucernaris]

2077 1023 2216 1082 hora
2241 1026 2514 1100 signatur.

2685 1137 2929 1194 CAPUT
2971 1139 3064 1193 ιν.

2076 1240 2420 1303 Matutinam,
2441 1255 2601 1308 quam
2619 1255 2712 1295 nos
2717 1243 2912 1310 prima!
2929 1241 3072 1296 hora!
3088 1241 3471 1296 solemnitatem
3485 1243 3677 1311 appel-

2151 1311 2344 1374 lamus,
2373 1327 2478 1365 non
2503 1313 2732 1380 antiqua
2755 1313 3046 1368 traditione
3067 1316 3349 1376 statutam,
3378 1313 3473 1368 sed
3499 1317 3676 1368 nostra

2152 1384 2386 1451 tempore
2402 1381 2749 1436 adinrentam
2772 1399 2900 1438 esse.

2149 1494 2447 1552 Sciendum
2485 1503 2673 1552 tamen
2711 1493 2853 1552 hanc
2897 1497 2922 1528 θ
2961 1495 3317 1565 Matutinam,
3365 1510 3488 1568 quae
3528 1510 3674 1552 nunc

1459 1618 1717 1674 ALARDI
1753 1619 1975 1674 GAZIEI
2013 1617 2574 1675 COMMENTARIUS.

431 1741 458 1771 ³
483 1739 617 1810 Post
633 1735 1290 1810 ofﬁciumAVespertinum
1309 1747 1650 1810 memoratur
1667 1738 1759 1794 hic
1783 1739 1962 1795 obiter
1989 1743 2038 1806 Β
2069 1735 2268 1810 diebus
2303 1736 3221 1810 inaequales,1hoc_est,_longiores,
3245 1737 3329 1792 vel
3359 1737 3668 1810 breviores;

363 1808 638 1880 Matutine
666 1807 1148 1880 solemnitas,’_sive
1177 1811 1516 1880 Matutinum
1543 1809 1814 1878 ofﬁcium,
1852 1825 1962 1880 quo

363 1879 594 1952 nomine
631 1878 852 1935 Laudes
889 1879 996 1934 hoc
1036 1878 1160 1934 loco
1206 1879 1606 1952 intelliguntur.
1653 1883 1785 1952 Has
1813 1878 1964 1936 enim

363 1950 848 2023 pleriqueveteres
860 1957 1058 2023 vocant
1076 1950 1436 2021 Matutiuum,
1457 1951 1570 2007 sive
1589 1951 1924 2008 Matutinam
1947 1970 1961 2006 :

363 2019 591 2094 etinter
615 2021 781 2077 horas
817 2019 1442 2094 diurnasannumerant
1479 2041 1499 2094 ελ
1523 2023 1680 2094 cujus
1707 2035 1966 2094 magnam

367 2090 722 2160 afﬁnitatem,
751 2099 806 2146 et
843 2091 1183 2164 analogiam,
1223 2107 1392 2164 quam
1415 2090 1753 2164 habet'cum
1785 2090 1970 2147 ofﬁcio

369 2165 768 2235 Vesperarum,
806 2161 1131 2235 Badulphus
1152 2161 1488 2230 Tuhgrensis
1513 2177 1732 2235 propos.
1762 2167 1852 2235 14
1875 2177 1972 2217 ex-

367 2231 543 2307 plicat
580 2234 638 2289 in
668 2235 826 2307 hunc
840 2231 1071 2288 modum
1101 2251 1115 2286 :
1144 2235 1361 2307 vigilia:
1387 2231 1808 2307 simt'canonicce
1834 2233 1974 2307 herle

357 2299 460 2376 per
485 2321 574 2372 se;
604 2320 708 2360 non
731 2305 984 2359 habentes
1010 2319 1134 2358 eum
1157 2299 1285 2358 aliis
1301 2303 1639 2373 parilitatem
1670 2323 1686 2358 :
1706 2305 1800 2359 sed
1822 2299 1966 2360 Lau-

360 2375 476 2439 des,
499 2380 551 2431 et
582 2377 820 2446 Vespera:
847 2377 985 2429 inter
1000 2389 1056 2430 se
1074 2393 1092 2428 :
1117 2376 1244 2430 item
1262 2377 1468 2439 Prima,
1491 2381 1541 2429 et
1561 2375 1968 2446 Completorium

362 2449 507 2502 inter
524 2461 580 2502 se
601 2465 618 2500 :
640 2451 691 2501 et
715 2447 913 2508 Tertia,
936 2445 1122 2509 Sexta,
1143 2450 1195 2500 et
1207 2447 1358 2502 Nona
1372 2448 1514 2500 inter
1530 2461 1586 2501 se
1600 2445 1792 2500 habent
1805 2449 1966 2516 pari-

363 2517 596 2580 litatem,
620 2522 671 2572 et
697 2517 930 2572 similem
953 2517 1234 2587 ofﬁciandi
1253 2517 1512 2579 ordinem,
1537 2521 1699 2586 atque
1723 2517 1960 2572 modum.

361 2589 517 2656 Quod
547 2593 732 2642 autem
765 2587 992 2650 Laudes,
1029 2592 1080 2642 et
1117 2588 1360 2658 Vespera
1386 2588 1560 2642 simili
1583 2588 1740 2642 modo
1775 2588 1966 2642 debent

359 2661 621 2730 ofﬁeiari,
647 2659 902 2730 habemus
921 2658 1027 2713 duo
1043 2659 1179 2728 jura
1201 2660 1384 2730 posita
1403 2660 1461 2712 in
1480 2659 1717 2719 Decretis
1739 2661 1803 2711 12
1829 2659 1962 2730 dist.

360 2728 482 2800 cap.
516 2731 718 2785 ultimo
755 2733 805 2784 et
833 2728 901 2784 de
928 2731 1246 2786 Consecrat;
1283 2729 1417 2784 dist.
1462 2731 1492 2782 5
1521 2744 1640 2798 cap.
1664 2728 1962 2800 Convenit.

360 2799 609 2857 Primum
629 2805 706 2856 est
727 2800 940 2856 concilii
954 2801 1344 2862 Braccarensis,
1367 2799 1511 2869 quod
1532 2801 1611 2854 sic
1637 2799 1774 2853 dicit
1797 2817 1814 2852 :
1834 2799 1970 2854 Pla-

363 2874 481 2926 cuit
507 2873 752 2926 omnibus
776 2873 1044 2926 com-muni
1063 2886 1346 2934 consensu,
1379 2874 1442 2924 ut
1471 2885 1610 2924 unus
1637 2874 1801 2940 atque
1828 2870 1970 2925 idem

363 2942 650 3013 psallendi
685 2943 814 2998 ordo
851 2944 910 2996 in
949 2943 1258 3005 Matutinis,
1285 2941 1369 2996 vel
1416 2942 1746 3012 Vespertinis
1773 2943 1971 3011 ofﬁciis

362 3018 626 3076 teneatur,
654 3017 704 3068 et
731 3028 834 3068 non
857 3013 1116 3078 diversae;
1141 3029 1205 3066 ac
1233 3014 1472 3082 privitie,
1503 3029 1672 3082 neque
1703 3015 1971 3067 monaste-

2073 1807 2220 1864 sicut
2253 1807 2448 1862 omnes
2478 1807 2622 1862 inter
2649 1822 2710 1862 se
2741 1807 2862 1862 dies
2896 1807 3192 1877 inaiq'uales
3227 1816 3376 1876 sunt,
3407 1817 3460 1864 et
3495 1807 3672 1866 multo

2073 1878 2252 1951 magis
2291 1877 2524 1951 diversis
2559 1878 2688 1951 anni
2726 1877 3092 1951 temporibus,
3131 1886 3261 1947 puta
3301 1877 3358 1933 in
3395 1886 3586 1951 aestate
3619 1888 3673 1935 et

2072 1946 2289 2074 hﬁe'me.
2324 1950 2512 2030 Itaque
2537 1948 2714 2021 prima
2736 1946 2872 2004 hora
2897 1946 3186 2004 dicebatur
3207 1963 3330 2020 quae
3349 1958 3468 2004 erat
3491 1949 3674 2020 prima

2075 2036 2108 2074 a
2177 2027 2303 2074 ortu
2329 2019 2490 2074 solis:
2520 2019 2781 2074 secunda.
2810 2034 2933 2074 aute
2959 2027 3078 2074 erat
3111 2019 3355 2074 secunda
3379 2019 3448 2074 ab
3475 2020 3674 2074 eodem

2075 2019 2146 2076 ab
2174 2027 2303 2090 portu
2329 2019 2490 2086 solis;
2520 2019 2781 2090 secunda,
2810 2034 2933 2090 quae
2959 2027 3078 2074 erat
3111 2019 3355 2076 secunda
3379 2019 3448 2075 ab
3475 2019 3676 2076 eodem

2079 2089 2215 2147 solis
2250 2098 2469 2156 exortu,
2501 2099 2556 2162 et
2581 2089 2662 2146 sic
2693 2089 2952 2162 deinceps
2984 2090 3211 2156 (Bellar.
3245 2091 3343 2146 lib.
3382 2106 3413 2162 ι
3435 2092 3502 2146 de
3536 2095 3668 2162 Bon.

2081 2162 2406 2233 0pcr.gcap.
2448 2161 2552 2233 ιι).
2589 2163 2672 2218 Ex
2710 2161 3064 2233 consequenti
3105 2169 3345 2233 extrema
3384 2161 3496 2217 diei
3535 2161 3673 2233 hora

2080 2229 2198 2288 erat
2232 2229 2583 2300 duodecima,
2615 2248 2744 2289 cum
2778 2229 3188 2304 qua—coincidit
3227 2231 3522 2304 undecima
3553 2231 3672 2304 jam

2074 2310 2264 2375 exacta
2295 2323 2306 2357 :
2329 2319 2440 2374 quo
2465 2304 2634 2360 modo
2656 2303 2808 2375 apud
2823 2303 3151 2360 Matthecum
3171 2303 3462 2375 undecima
3483 2303 3673 2360 intelli

2073 2373 2239 2445 gitur.
2281 2373 2430 2446 Nam
2454 2444 2461 2446 _
2481 2373 2764 2446 operarios
2805 2375 2930 2432 illos
2972 2375 3108 2446 hora
3149 2373 3441 2446 undecima
3480 2383 3670 2432 exacta

2073 2443 2290 2515 operari
2323 2443 2578 2516 coepisse,
2610 2453 2676 2517 et
2699 2461 2872 2517 usque
2895 2447 2952 2501 in
2981 2445 3143 2517 ﬁnem
3169 2443 3512 2517 duodecima
3535 2461 3668 2517 ope-

2073 2523 2224 2588 ratos
2243 2515 2575 2588 esseaperte
2599 2515 2877 2588 colligitur
2905 2533 2972 2588 εις
3003 2515 3110 2572 illis
3139 2516 3320 2572 verbis
3346 2536 3375 2588 εγ
3392 2520 3469 2573 Hi
3488 2515 3670 2588 mnis-

2073 2587 2204 2641 simi
2230 2602 2340 2640 una
2364 2585 2495 2640 hora
2522 2585 2785 2653 fecerunt.
2816 2585 3046 2644 Confert
3073 2603 3199 2643 vero
3228 2587 3520 2644 Cassianus
3546 2587 3669 2642 ofﬁ-

2074 2655 2223 2729 cium
2259 2656 2660 2729 AVespertinum
2708 2673 3047 2729 cumropere
3098 2659 3338 2725 illorum,
3390 2658 3484 2729 qui
3535 2657 3672 2729 hora

2076 2724 2680 2798 undecima—vocantur
2716 2728 2774 2783 in
2814 2724 3032 2784 vineam
3076 2743 3098 2798 :7
3129 2724 3334 2798 Itaque
3369 2724 3672 2798 secundum

2076 2795 2218 2852 hanc
2256 2796 2520 2869 horarum
2566 2798 3014 2869 supputationem
3055 2797 3124 2869 ab
3165 2795 3296 2869 ortu
3335 2799 3490 2863 solis,
3531 2797 3668 2869 hora

2080 2867 2422 2940 vespertina,
2456 2884 2554 2924 seu
2591 2867 2900 2940 veiipertini
2933 2868 3122 2940 ofﬁcii,
3167 2875 3250 2924 est
3285 2867 3421 2923 hora
3459 2868 3664 2940 duode-

2076 2937 2222 2994 cima
2250 2939 2507 2995 inchoata
2535 2954 2631 2996 seu
2657 2937 2903 3006 currens,
2934 2949 2998 2996 ut
3023 2939 3235 2995 dictum
3265 2947 3368 3008 est,
3396 2937 3477 2994 vel
3507 2939 3674 2996 unde-

2079 3011 2222 3065 cima
2236 3010 2355 3082 jam
2371 3019 2582 3082 exacta,
2603 3011 2660 3066 in
2679 3011 2773 3068 illo
2787 3011 2906 3067 loco
2924 3008 3172 3082 Matthaei
3192 3009 3490 3082 designata.
3508 3009 3672 3068 Unde

359 3084 994 3178 rMumfmsuetudines
1012 3099 1132 3178 cum
1147 3084 1517 3178 Ecclesiast'ua
1531 3083 1719 3178 regqu
1729 3085 1840 3138 sint
1857 3097 1972 3152 per-
2003 3115 2049 3178 Ο
2080 3089 2134 3178 ξι
2158 3081 2464 3178 lucernarisI
2485 3081 2640 3178 diluta.
2659 3091 2762 3151 est,
2789 3081 3286 3178 eolquodvlucernae
3311 3089 3445 3137 tunc
3460 3097 3669 3178 ‘accen-

357 3157 573 3210 mimice.
584 3155 1022 3208 Ubimatutinum
1031 3155 1270 3222 ofﬁcium
1278 3151 1719 3222 appellant,qu
1728 3151 1972 3208 vocamus

360 3227 603 3284 Laudes.
629 3225 923 3292 Utrobique
939 3239 1060 3291 ergo
1074 3223 1226 3277 debet
1243 3238 1353 3277 esse
1377 3223 1519 3276 idem
1539 3225 1666 3277 ordo
1676 3223 1970 3292 psallendi,

362 3297 505 3365 quia
519 3295 676 3348 ambo
686 3293 940 3349 similiter
954 3294 1291 3365 inchoantur.
1313 3293 1600 3362 Utrobique
1607 3298 1730 3348 sunt
1740 3297 1976 3364 quinque

355 3364 586 3437 psalmi,
593 3367 694 3435 qui
701 3365 983 3437 utrobique
991 3364 1176 3437 debent
1189 3364 1383 3437 habere
1391 3365 1628 3434 quinque
1635 3365 1972 3437 antiphonas.

373 3435 672 3506 Utrobique
689 3436 943 3491 dicuntur
961 3435 1277 3505 capitulum,
1296 3436 1558 3504 hymnus,
1573 3451 1772 3499 versus,
1800 3436 1977 3491 Canti-

361 3523 480 3564 cum
499 3523 619 3562 cum
641 3506 974 3576 antiphonis,
996 3507 1167 3560 oratio
1190 3507 1302 3561 sive
1320 3507 1534 3562 collecta
1561 3523 1681 3562 cum
1704 3509 1973 3562 memoriis

359 3579 634 3634 similibus
641 3620 654 3632 .
673 3580 754 3648 De,
763 3577 1137 3649 monachorum
1151 3578 1526 3633 consuetudine
1536 3578 1654 3633 ideo
1665 3579 1818 3642 dicit,
1837 3579 1972 3649 quia

363 3652 423 3704 in
444 3650 781 3705 Benedictino
808 3649 985 3718 ofﬁcio
1007 3648 1082 3702 ad
1103 3649 1315 3704 Laudes
1343 3652 1468 3703 sunt
1490 3651 1724 3719 quinque
1741 3648 1964 3719 psalmi,

360 3725 415 3792 et
437 3721 510 3775 ad
532 3723 790 3790 Vesperas
808 3724 1017 3792 tantum
1037 3724 1287 3792 quatuor.
1307 3722 1379 3774 Et
1398 3721 1604 3776 Laudes
1625 3723 1682 3774 in
1695 3722 1968 3792 principio

360 3791 556 3847 habent
583 3792 854 3862 psalmum
885 3791 1145 3846 directum
1184 3809 1200 3845 :
1232 3791 1376 3845 alias
1411 3793 1468 3844 in
1495 3793 1674 3860 ofﬁcio
1702 3792 1959 3861 pariliter

361 3861 750 3932 inofﬁciantur.
783 3863 1081 3932 Secundum
1109 3866 1185 3915 est
1211 3863 1423 3915 concilii
1451 3862 1794 3928 Agathensis,
1825 3861 1968 3930 quod

358 3935 441 3988 sic
459 3931 594 3987 dicit
616 3951 633 3986 :
657 3934 906 3988 Convenit
925 3931 1166 3985 ordinem
1187 3931 1431 3984 Ecclesiae
1449 3932 1517 3984 ab
1537 3932 1776 3986 omnibus
1790 3947 1971 4000 (squa-

361 4004 492 4059 liter
513 4002 798 4058 custodiri.
837 4001 984 4070 Unde
1011 4000 1358 4054 statuendum
1389 4005 1486 4061 est,
1523 4005 1585 4053 ut
1611 4003 1749 4054 sicut
1773 4001 1970 4070 ubique

351 4068 1185 4145 postiantiphonas,_collationes
1215 4070 1284 4145 ab
1309 4071 1588 4145 episcopis,
1613 4071 1704 4145 vel
1711 4068 1974 4145 presbyte-

352 4141 444 4200 ris
469 4144 744 4202 dicantur,
769 4147 820 4196 et
844 4141 1036 4210 hymni
1057 4143 1334 4204 matutini,
1369 4141 1453 4196 vel
1475 4143 1766 4212 vespertini
1785 4141 1973 4196 diebus

355 4213 612 4271 omnibus
641 4213 1002 4276 decantentur,
1030 4216 1084 4267 et
1107 4214 1166 4267 in
1191 4213 1522 4267 conclusione
1549 4213 1970 4276 Matutinarum,

359 4289 770 4353 missarumque
787 4287 912 4353 post
931 4283 1171 4352 hymnos,
1193 4285 1433 4353 capitula
1455 4283 1729 4348 dicantur,
1753 4287 1806 4338 et
1824 4283 1974 4353 plebs

2079 3151 2360 3224 derentur,
2379 3151 2467 3224 ad
2495 3153 2741 3209 ofﬁcium
2770 3151 2978 3210 scilicet
3007 3153 3417 3224 VeSpertinum,
3444 3152 3671 3224 lumine

2081 3221 2188 3279 diei
2231 3223 2537 3291 deﬁciente,
2572 3224 2628 3279 in
2657 3224 2792 3280 locis
2821 3221 3136 3291 praesertim
3151 3223 3580 3291 obscurioribus,
3612 3233 3674 3282 ut

2083 3295 2262 3367 solent
2285 3309 2404 3349 esse
2422 3295 2702 3367 oratoria:
2727 3295 2871 3367 uude
2891 3305 2948 3351 et
2964 3296 3146 3367 ipsum
3173 3295 3420 3352 ofﬁcium
3446 3297 3673 3366 Vesper-

2085 3364 2287 3438 tinum,
2333 3373 2428 3420 aut
2463 3381 2589 3438 pars
2634 3365 2900 3438 ejusdem,
2947 3364 3298 3438 lucernarum
3339 3382 3372 3438 a
3417 3364 3669 3438 Patribus

2083 3434 2319 3508 subinde
2347 3434 2676 3507 appellatur:
2693 3439 2775 3493 De
2801 3453 2910 3508 quo
2935 3439 3004 3493 D.
3030 3437 3267 3493 Basilius
3293 3436 3366 3493 ad
3388 3437 3676 3508 Amphilo-

2081 3505 2228 3562 cium
2249 3505 2467 3578 capf29
2491 3529 2502 3564 :
2540 3509 2727 3563 Visum
2752 3505 2848 3572 est,
2876 3508 3076 3579 inquit,
3102 3509 3355 3564 Patribus
3374 3505 3570 3565 nostris
3597 3509 3672 3564 be-

2078 3580 2322 3648 neﬁcium
2349 3581 2645 3648 vespertini
2668 3580 2884 3634 luminis
2907 3596 3012 3634 non
3033 3580 3246 3634 silent-io
3273 3583 3556 3650 suscipere,
3579 3581 3672 3634 sed

2081 3652 2376 3716 statimfut
2399 3653 2680 3720 apparuit,
2708 3650 2912 3719 gratias
2933 3666 3108 3719 agere.
3128 3651 3207 3706 At
3231 3653 3484 3719 quisnam
3503 3652 3673 3718 fuerit

2075 3720 2582 3776 auctorlucemaria:
2602 3724 2904 3790 gratiarum
2921 3723 3168 3785 actionis,
3191 3721 3363 3776 dicere
3377 3737 3481 3775 non
3493 3737 3672 3789 possu-

2075 3806 2216 3846 mus.
2238 3792 2375 3846 Haec
2413 3790 2672 3855 Basilius,
2700 3792 2982 3848 insinuans
3005 3807 3120 3847 non
3145 3790 3387 3856 aliunde,
3412 3805 3578 3860 quam
3605 3806 3672 3846 ex

2076 3861 2380 3932 apostolica
2411 3861 2705 3918 traditione
2731 3861 2876 3918 hunc
2907 3877 3122 3918 morem
3149 3868 3456 3932 acceptum,
3491 3869 3548 3917 et
3571 3861 3667 3932 ob-

2077 3931 2376 4004 servatum.
2407 3935 2518 4004 Ded
2541 3932 2734 4004 eodem
2765 3941 2818 3988 et
2861 3937 2932 3990 D.
2963 3933 3392 4004 Chrysostomus
3440 3931 3496 3986 in
3516 3931 3667 4004 psal.

2079 4017 2219 4058 cxvr
2233 4018 2278 4058 ιι
2296 4003 2372 4058 ita
2395 4002 2589 4072 scribit
2612 4021 2624 4056 :
2644 4005 2736 4059 Ad
2754 4005 2876 4058 solis
2891 4002 3150 4066 occasum,
3167 4003 3309 4072 quod
3325 4004 3489 4056 etiam
3504 4003 3671 4072 lucerg

2080 4075 2296 4126 narium
2331 4071 2686 4142 appellamus,
2717 4073 2979 4128 orandum
3006 4079 3114 4138 est;
3145 4075 3276 4142 quia
3315 4075 3447 4142 tunc
3465 4071 3543 4142 ob,
3561 4072 3676 4126 diei

2081 4140 2383 4212 transitum
2391 4140 2495 4196 Deo
2509 4145 2716 4209 gratias
2737 4145 2969 4211 agimus.
2995 4145 3064 4196 D.
3087 4140 3422 4212 Epiphanius
3436 4141 3672 4212 psalmos

2083 4211 2384 4267 lucernales
2425 4219 2606 4280 vocat,
2647 4212 2738 4282 qui
2765 4219 2889 4282 post
2923 4212 3058 4268 solis
3095 4211 3351 4268 occasum
3379 4211 3500 4268 cani
3527 4228 3666 4270 con—

2082 4291 2375 4354 sueverant
2413 4283 2716 4354 (compend.
2749 4285 2971 4354 Doct._l.
3013 4298 3114 4352 ιιι,
3145 4285 3206 4339 in
3239 4287 3394 4354 ﬁne).
3428 4287 3498 4340 D.
3534 4287 3668 4342 item

357 4356 625 4426 completa
647 4343 888 4410 oratione
911 4343 989 4409 ad
1009 4343 1284 4426 vesperam
1307 4355 1376 4409 ab
1395 4357 1636 4425 episcopo
1661 4343 1978 4426 dimittatur
2084 4343 2458 4426 Hieronymus
2488 4353 2542 4426 in
2554 4343 2806 4424 .epistola
2832 4343 2921 4411 ad.
2939 4343 3151 4412 Laetam
3184 4343 3326 4412 inter
3355 4343 3468 4412 alia
3494 4355 3668 4414 docu-

355 4425 482 4484 cum
505 4426 884 4482 benedictione.
911 4427 1048 4482 Haec
1075 4425 1170 4481 ibi.
1197 4427 1285 4494 Et,
1315 4441 1535 4496 esi-pone,
1564 4425 1743 4496 inquit
1766 4425 1972 4481 Radul-

354 4497 523 4570 phus,
543 4502 665 4568 post
685 4498 1027 4570 antiphonas,
1055 4497 1116 4551 id
1141 4501 1238 4559 est,
1257 4501 1381 4566 post
1399 4498 1634 4570 psalmos
1654 4498 1973 4570 antiphona-

358 4568 460 4624 tim
475 4569 647 4624 dictos
673 4570 732 4622 in
748 4568 1048 4635 Laudibus,
1067 4573 1118 4623 et
1145 4569 1410 4637 Vesp‘eris,
1433 4569 1756 4636 collationes,
1790 4569 1850 4623 id
1868 4572 1966 4632 est,

357 4641 632 4702 lectiones,
653 4654 790 4710 quas
813 4640 1058 4709 capitula
1072 4640 1426 4710 nominamus.
1451 4641 1748 4710 ﬂuensque
1770 4639 1972 4710 Radul-

359 4710 528 4782 phus,
573 4707 892 4766 vir’doctus
916 4717 973 4765 et
1009 4717 1325 4782 accuratus.
1357 4707 1518 4782 Quod
1558 4707 1746 4765 autem
1775 4709 1829 4782 in
1866 4709 1972 4765 hoc

358 4779 558 4838 nostro
609 4788 765 4853 textu
811 4788 1012 4853 agatur
1047 4779 1113 4836 de
1165 4795 1228 4836 ea
1275 4779 1549 4853 Matutina
1597 4780 1968 4850 solemnitate,

356 4867 535 4924 quam
563 4851 804 4924 Laudes
841 4850 1602 4924 appellamus,_manifestum
1649 4859 1732 4906 est
1773 4867 1840 4924 ex
1880 4867 1970 4920 eo,

353 4920 516 4990 duod
543 4923 682 4978 dicit
705 4922 764 4978 in
791 4920 1178 4993 ipsa'quotidie
1199 4920 1480 4977 decantari
1501 4924 1676 4977 solere
1697 4921 1970 4992 psalmum

357 4995 522 5051 illum
554 5011 570 5048 :
603 4999 942 5071 Memoris,
975 4993 1051 5071 od
1077 4997 1128 5071 te_
1153 4993 1219 5047 de
1241 4993 1355 5071 luce
1387 4993 1572 5071 vigilo,
1599 4993 1694 5071 qui
1725 4993 1971 5064 psalmus

353 5065 738 5122 communiter
758 5065 814 5120 in
833 5061 1037 5120 Ofﬁcio
1047 5062 1303 5130 solemni,
1316 5070 1413 5119 aut
1431 5061 1631 5120 festivo
1651 5061 1988 5121 deéantatur-

357 5136 445 5203 ad
464 5136 703 5203 Laudes,
728 5143 791 5191 ut
823 5143 1020 5190 notum
1051 5141 1153 5190 est.

433 5200 462 5240 δ
485 5200 818 5278 Lucernaris
842 5205 978 5278 hora
1006 5203 1308 5278 secundum
1333 5204 1587 5278 Dionysii
1611 5203 1971 5278 paraphrasin

359 5277 501 5348 liora
546 5277 853 5348 vespertina
912 5276 1260 5348 intelligitur,
1311 5292 1438 5348 qua:
1481 5275 1589 5348 per
1614 5275 1970 5348 undecimam

360 5346 560 5404 horam
597 5345 742 5421 apud
759 5345 1445 5421 hlatthaeum'designa'tur.
1467 5345 1802 5421 Dividebant
1815 5348 1967 5421 enim

357 5427 593 5488 veteres,
627 5417 686 5474 ut
713 5419 931 5475 dictum
955 5427 1058 5487 est,
1084 5417 1267 5476 totum
1296 5417 1446 5475 diem
1474 5418 1544 5474 ab
1569 5426 1694 5476 ortu
1722 5419 1857 5475 solis
1879 5434 1970 5475 us-

359 5504 468 5563 que
498 5490 568 5547 ad
599 5505 858 5563 occasum
888 5491 944 5546 in
981 5490 1278 5563 duodecim
1323 5490 1573 5563 aequales
1589 5497 1791 5563 partes,
1831 5506 1968 5562 quas

363 5558 532 5634 horas
565 5561 935 5634 appellabant,
967 5561 1113 5634 sicut
1153 5558 1406 5619 Christus
1431 5558 1882 5634 apud’Joannem
1911 5577 1964 5634 c.

361 5645 432 5704 ιιι
459 5632 605 5704 dixit
635 5652 647 5686 :
677 5635 858 5704 Nonne
883 5633 1163 5689 duodecim
1189 5638 1312 5688 sunt
1340 5632 1483 5688 horai
1516 5634 1667 5704 diei?
1695 5648 1820 5704 quae
1844 5633 1966 5704 qui-

357 5701 493 5759 dem
520 5703 677 5761 horae
703 5703 896 5761 eodem
925 5704 1012 5762 die
1045 5704 1282 5777 asquales
1307 5711 1486 5774 erant,
1516 5701 1748 5763 diversis
1778 5701 1966 5761 tamen

2082 4433 2270 4501 menta
2287 4424 2354 4482 de
2375 4424 2724 4501 institutione
2741 4426 3362 4501 ﬁliaigvirguncularDeo
3379 4427 3628 4486 dicenda:
3652 4445 3666 4483 :

2081 4498 2382 4561 Assuescat,
2413 4496 2612 4570 inquit,
2635 4514 2850 4554 accensa
2873 4496 3085 4554 lucerna
3106 4499 3326 4555 reddere
3349 4501 3668 4570 sacriﬁcium

2075 4571 2455 4640 vespertinum.
2483 4569 2734 4640 Denique
2764 4570 3007 4626 Isidorus
3029 4571 3085 4625 in
3123 4571 3333 4641 Regula
3373 4569 3671 4626 monacho-

2076 4655 2200 4695 rum
2225 4656 2346 4711 cap.
2388 4647 2422 4696 6
2465 4657 2478 4692 :
2511 4642 2574 4695 1n
2596 4645 2913 4710 vespertinis
2939 4643 3160 4711 ofﬁciis,
3183 4644 3362 4709 primo
3403 4643 3671 4711 Lucerna-

2078 4713 2243 4780 rium,
2265 4709 2456 4766 deinde
2469 4712 2670 4780 psalmi
2681 4709 2816 4774 duo,
2836 4709 3201 4782 responsorius
3213 4725 3369 4782 unus,
3395 4714 3445 4764 et
3453 4709 3666 4782 loudes,

2077 4783 2327 4851 hymnus,
2356 4787 2517 4850 atque
2541 4783 2712 4836 oratio
2739 4779 2965 4836 dicenda
2993 4786 3088 4836 est.
3116 4783 3196 4834 Ex
3222 4779 3427 4851 quibus
3443 4779 3536 4833 SS.
3567 4779 3667 4834 Pa-

2079 4847 2227 4908 trum
2251 4847 2584 4922 testimoniis
2603 4851 2921 4922 colligimus
2941 4848 3340 4922 Lucernarium
3361 4847 3432 4902 ad
3454 4856 3670 4906 nostras

2079 4925 2349 4992 Vesperas
2387 4920 2678 4992 pertinere,
2708 4918 2876 4992 atque
2908 4921 2985 4976 ita
3013 4919 3223 4976 dictum
3259 4935 3290 4975 a
3319 4918 3671 4992 lucernarum

2077 4990 2427 5118 accensiione.
2457 4993 2532 5044 At
2566 4990 2634 5048 de
2663 4990 2750 5047 his
2776 4990 3042 5048 hactenus
3069 5005 3132 5046 ex
3159 4991 3448 5048 occasione
3487 4991 3670 5050 lucer-

2078 5079 2229 5118 naris
2277 5078 2426 5118 IOI‘tB.

2078 5079 2229 5120 naris
2257 5078 2426 5118 llOI‘tB.

2148 5137 2169 5160 °
2186 5135 2270 5190 De
2290 5133 2565 5190 Matutina
2579 5132 2949 5206 solemnitate,
2969 5149 3135 5206 quam
3150 5151 3298 5192 nunc
3317 5134 3562 5192 Primam
3581 5153 3670 5194 vo-

2079 5206 2511 5278 camus,merito
2531 5204 2771 5278 dubitari
2793 5213 2971 5278 potest
2989 5204 3127 5262 Sitne
3147 5207 3290 5276 paris
3301 5207 3666 5278 antiquitatis,

2077 5285 2133 5334 et
2151 5276 2399 5334 e'usdem
2421 5276 2783 5332 institutionis
2793 5276 2928 5332 cum
2953 5279 3166 5334 caeteris
3184 5278 3338 5334 horis
3357 5276 3454 5334 seu
3474 5277 3670 5336 ofﬁciis

2077 5294 2484 5402 ecclesiasticis.
2511 5350 2656 5402 Nam
2685 5348 2978 5402 Cassianus
2999 5347 3105 5402 hoc
3139 5349 3260 5402 loco
3285 5363 3536 5402 expresse
3563 5349 3669 5402 do-

2077 5347 2484 5404 ecclesiasticis.
2511 5350 2656 5404 Nam
2685 5348 2978 5405 Cassianus
2999 5347 3105 5404 hoc
3139 5349 3260 5405 loco
3285 5363 3536 5418 expresse
3563 5349 3669 5406 do-

2075 5428 2162 5476 cet
2191 5419 2332 5476 hanc
2362 5419 2718 5488 Matutinam,
2746 5435 2870 5490 quae
2898 5419 3218 5476 observatur
3263 5421 3318 5475 in
3349 5419 3670 5490 Occidentis

2075 5491 2319 5547 maxime
2343 5491 2686 5563 regionibus,
2708 5487 3048 5563 canonicam
3069 5490 3434 5563 iunctionem,
3468 5487 3525 5543 id
3556 5497 3660 5556 est,

2075 5563 2387 5634 orationem
2410 5560 2692 5634 '(loquitur
2715 5561 2900 5634 procul
2921 5561 3090 5618 dubio
3119 5561 3188 5618 de
3212 5561 3397 5634 Prima
3423 5560 3559 5614 hora
3585 5574 3670 5612 ca-

2073 5633 2446 5706 nonica),_suo
2473 5631 2742 5706 tempore,
2766 5641 2823 5706 et
2847 5633 2900 5688 in
2921 5647 3022 5688 suo
3043 5631 3398 5706 mouasteljip.
3423 5636 3672 5706 ulnam?"

2073 5711 2178 5774 ret,
2223 5695 2664 5774 Bethleemitiéo,
2694 5695 3014 5776 priusquam
3045 5703 3102 5760 in
3132 5699 3441 5758 Massiliam
3478 5695 3670 5750 Galliae
