4052 6200
423 318 525 373 129

936 315 1025 370 DE
1052 311 1543 370 C(ENOBIORUM
1579 311 1826 368 INSTIT.
1866 311 1993 368 ιω.
2034 311 2126 368 ιιι.
2166 340 2238 353 -
2274 313 2364 369 DE
2403 312 2675 370 DlUllNlS
2712 312 3195 373 ORATIONIBUS.

3630 322 3732 377 130

417 455 508 498 res
538 438 756 513 querela
787 437 990 506 delata,
1025 438 1306 496 decremm
1335 446 1421 496 est
1439 438 1511 495 ab
1533 437 1616 494 eis
1653 437 1871 495 diutino
1897 445 2016 495 tra-
2045 441 2100 504 Α
2126 438 2327 506 Sextae,
2373 438 2533 496 trinaa
2571 455 2679 495 con
2701 438 2956 496 fessionis
2993 440 3246 512 exemplo
3285 449 3527 499 statutus
3552 451 3658 512 est,
3685 455 3741 502 et

418 541 570 591 ctatu
596 540 651 589 et
671 532 1077 589 consultatione
1109 532 1367 600 sollicita,
1391 540 1455 589 ut
1486 546 1659 605 usque
1678 531 1747 587 ad
1778 531 1912 588 solis
1934 546 2033 588 ore

2137 548 2339 589 somno
2361 531 2624 605 deinceps
2642 532 2832 600 linem,
2852 541 2908 590 et
2930 532 3157 590 initium
3183 535 3512 607 operationi,
3526 537 3738 609 aequali

430 636 572 697 tum,
613 642 723 700 quo
743 626 866 699 jam
894 628 1014 684 sine
1050 625 1357 684 offensione
1391 626 1477 682 vel
1522 626 1686 683 lectio
1721 626 1924 698 parari,
1947 625 2034 683 vel
2136 626 2306 683 simul
2329 625 2712 683 moderamine
2734 625 2993 683 facerent.
3019 628 3124 697 Qui
3150 636 3312 701 typus
3333 628 3461 686 licet
3484 645 3551 685 ex
3575 646 3736 688 oeca-

432 736 573 793 opus
599 736 871 777 manuum
907 728 1091 793 posset
1117 720 1350 787 assumi,
1376 717 1542 777 fessis
1580 719 1908 790 corporibus
1945 735 2031 776 re-

2139 719 2301 776 sione
2315 718 2564 775 videatur
2574 720 2851 787 inventus,
2868 727 2923 776 et
2931 722 3136 778 recenti
3152 724 3422 779 memoria
3437 738 3535 793 pro
3550 740 3713 781 causa
3718 764 3738 796 ,

432 812 674 870 factione
698 828 979 882 concessa,
1000 810 1217 869 invitati
1246 820 1374 885 post
1409 811 1534 869 haec
1561 811 1849 883 religionis
1874 810 2035 884 hujus
2133 828 2304 885 quam
2324 812 2588 883 diximus,
2620 821 2858 870 statutus
2884 824 3177 885 appareat;
3210 824 3401 872 tamen
3429 815 3587 873 illum
3627 833 3739 873 nu—

433 909 782 966 observantia
798 911 981 966 cuncti
1002 909 1209 981 pariter
1219 923 1251 965 e
1261 908 1380 965 suis
1397 909 1587 965 stratis
1605 914 1994 980 consurgerent
2016 926 2030 962 :

429 1020 500 1062 ac
521 1004 696 1062 tribus
719 1004 947 1076 psalmis
965 1012 1023 1060 et
1039 1002 1384 1060 orationibus
1401 1001 1706 1069 celebratis,
1726 1000 2028 1058 secundum

433 1097 664 1155 modum
698 1098 796 1171 qui
838 1097 1141 1170 antiquitus
1176 1097 1232 1153 in
1259 1094 1642 1153 observatione
1679 1096 1905 1164 Tertiae,
1949 1095 2031 1150 vel

2137 922 2556 979 merum,quem
2566 906 2819 979 designat
2838 908 3032 965 beatus
3042 908 3269 976 David,‘
3284 925 3625 981 quamquam
3636 912 3741 983 spi-

2137 1001 2353 1057 ritalem
2363 1016 2582 1072 quoque
2594 999 3740 1065 habeatintellectum,secundumlitteram

2137 1092 2589 1150 manifestissime
2607 1094 2867 1171 supplet:
2894 1088 2921 1126 δ
2941 1097 3147 1166 Septies
3176 1100 3234 1150 in
3255 1097 3346 1152 dic
3376 1097 3591 1153 laudem
3615 1099 3743 1154 dixi

1529 1262 1788 1319 ALARDI
1823 1263 2050 1319 (ΞΛΖᾸΞΙ
2086 1261 2642 1319 COMMENTARIUS.

510 1415 639 1495 {De
658 1411 1187 1495 spiritalinintellectu
1214 1427 1319 1495 seu.
1342 1411 1576 1495 mystico
1600 1412 1830 1495 numeri
1844 1420 2026 1485 septe-

430 1484 577 1566 narii
597 1491 765 1557 agunt
788 1486 857 1539 D.
892 1484 1125 1539 Basilius
1142 1484 1343 1565 homil.
1370 1484 1428 1540 11
1462 1486 1750 1551 Hexaem.,
1790 1484 2023 1566 Gregor.

426 1556 766 1610 Nazianzen.
792 1562 932 1610 orat.
963 1560 1057 1612 94.
1082 1555 1312 1609 Hieron.
1334 1570 1387 1611 c.
1413 1570 1445 1606 v
1470 1559 1665 1612 Amos.
1689 1561 2027 1612 Augustinus

427 1571 766 1610 naznanzen.
792 1571 932 1610 orat.
963 1571 1057 1619 94,
1084 1571 1312 1625 uieron.
1334 1571 1387 1611 c.
1413 1571 1445 1606 v
1470 1571 1665 1622 mnos,
1689 1571 2026 1627 augusnnus

427 1625 529 1697 lib.
559 1640 631 1697 xi
653 1627 721 1680 de
747 1625 968 1681 Civitat.
1010 1642 1133 1695 cap.
1170 1630 1261 1692 3|,
1286 1634 1343 1697 et
1372 1625 1672 1697 Gregorius
1698 1626 1799 1697 lib.
1844 1626 2026 1697 primo

428 1694 731 1751 Moralium
759 1711 880 1767 cap.
922 1701 980 1751 11
1017 1694 1187 1762 εἴη,
1218 1704 1273 1751 et
1293 1696 1434 1752 libro
1456 1694 1625 1753 x'xxv
1652 1696 1829 1767 capite
1849 1694 1890 1752 '6
1908 1704 1965 1752 et
1992 1702 2024 1750 7

428 1767 611 1834 (Vide
631 1768 939 1824 Navarrum
954 1770 1013 1822 in
1038 1769 1320 1825 Commeru.
1337 1768 1405 1822 de
1417 1769 1628 1825 Oratio.
1652 1773 1705 1823 ct
1726 1770 1887 1823 Horis
1904 1783 2022 1823 can.

2135 1412 2203 1469 de
2242 1414 2552 1487 nocturnis,
2584 1421 2647 1470 ut
2696 1415 2813 1485 ipse
2842 1414 3148 1487 proﬁtetur.
3194 1414 3363 1473 Unde
3406 1415 3737 1487 precedenti

2134 1484 2641 1560 capiteenumerat
2677 1484 2926 1560 primum
2954 1496 3069 1543 tres
3099 1486 3262 1560 horas
3303 1484 3440 1543 tunc
3468 1487 3739 1560 temporis

2133 1556 2481 1628 celebriores,
2528 1556 2728 1628 nempe
2776 1557 3025 1614 Tertiam
3051 1598 3067 1624 ,
3105 1558 3329 1614 Sextam
3376 1566 3436 1615 et
3473 1556 3736 1625 Nonam;

2132 1626 2332 1699 deinde
2366 1626 3067 1699 subjungit‘vespertinum
3097 1628 3449 1696 sacriﬁcium,
3497 1628 3602 1685 hoc
3628 1637 3735 1697 est,

2136 1695 2389 1753 oflicium
2404 1695 2774 1767 vesperarum
2789 1695 2807 1764 ξ
2825 1715 2892 1754 ac
2903 1699 3133 1755 demum
3151 1700 3411 1755 meminit
3425 1695 3734 1765 Matutinm,

2136 1767 2197 1822 in
2225 1783 2332 1837 qua
2358 1768 2578 1823 canitur
2608 1769 2854 1837 psalmus
2887 1786 2903 1823 :
2939 1774 3098 1833 Deus,
3127 1774 3266 1826 Deus
3288 1787 3458 1833 meus,
3492 1771 3567 1825 ad
3588 1776 3641 1826 te
3668 1772 3737 1825 de

427 1826 592 1911 ius).
633 1838 983 1911 Quamquam
1021 1838 1303 1911 spritalem
1351 1839 1692 1911 intellectum
1735 1853 2028 1910 possumus
2058 1826 2107 1888 B
2284 1839 2474 1906 vigilo,
2507 1826 2669 1911 quod
2700 1838 2851 1911 ﬁtin
2882 1826 3182 1895 Laudibus.
3213 1842 3355 1896 Cum
3398 1826 3529 1911 ergo
3562 1840 3734 1897 horas

427 1908 600 1980 etiam
634 1907 882 1980 accipere
924 1924 1031 1980 pro
1054 1907 1313 1979 ﬁgurato,
1364 1926 1475 1979 quo
1511 1907 2028 1980 scilicet‘numerus

431 1978 694 2051 deﬁnitus
732 1972 833 2051 pro
872 1972 1158 2051 indeﬁnito
1193 1972 1459 2046 sumitur;
1488 1978 1639 2051 quod
1689 1977 1944 2051 frequens
1970 1979 2029 2035 in

432 2049 895 2121 Scriptura,’_nam
923 2049 1061 2106 illud
1094 2052 1300 2120 Septies
1335 2054 1394 2105 in
1419 2049 1683 2106 dieidem
1710 2049 2029 2121 acsaipius,

433 2119 702 2193 quotidie,
734 2119 1066 2193 frequenter,
1104 2119 1177 2193 ut
1192 2121 1447 2193 superius
1488 2119 1899 2193 indicavimus;'
1920 2136 2031 2192 quo

431 2190 604 2247 etiam
624 2190 790 2247 modo
810 2190 1103 2262 exponitur
1118 2190 1300 2262 illud:
1334 2194 1554 2261 Semper
1582 2192 1703 2245 laus
1726 2190 1840 2260 ejus
1864 2190 2031 2262 inore

429 2278 549 2344 meo
564 2263 734 2344 (.Psal.
759 2260 1020 2344 xxxiii),
1035 2261 1170 2344 quia
1178 2260 1515 2344 septenarius
1532 2269 1622 2344 est
1632 2276 1893 2317 numerus
1911 2260 2028 2344 plef

433 2332 706 2388 nitudinis
733 2341 790 2389 et
827 2332 1218 2399 universitatis,
1246 2332 1305 2388 ut
1331 2332 1500 2389 iidem
1533 2335 1721 2388 Patres
1745 2341 2027 2399 exponunt

433 2410 457 2469 (
478 2405 615 2461 Vide
639 2406 795 2471 infra
820 2405 918 2458 lib.
936 2419 1055 2461 vm
1071 2419 1190 2473 cap.
1218 2405 1334 2469 12).
1368 2406 1436 2459 D.
1459 2402 1792 2475 Augustinus
1814 2402 1936 2459 loco
1957 2402 2028 2458 ci-

431 2482 554 2531 tato
586 2491 600 2529 :
631 2478 810 2538 Totus,
843 2474 1046 2546 inquit,
1067 2476 1245 2544 impar
1257 2476 1469 2545 primus
1486 2488 1739 2546 numerus
1759 2475 2026 2529 ternarius

431 2550 532 2609 est,
557 2549 700 2600 totus
723 2561 833 2616 par
857 2544 1265 2616 quatemarius,
1279 2562 1347 2601 ea:
1370 2546 1571 2615 quibus
1590 2544 1795 2599 duobus
1811 2549 2029 2613 quater-

430 2619 628 2696 narius
899 2618 1023 2696 Ideo
1042 2631 1150 2696 pro
1164 2618 1409 2696 uiiiverso
1436 2631 1581 2696 sape
1598 2616 2032 2696 ponitur,‘sicuti

431 2693 512 2742 est
543 2706 559 2742 :
584 2710 611 2735 ι
637 2688 842 2757 Septies
870 2688 1026 2742 cadet
1033 2686 1238 2755 justus,
1270 2691 1320 2741 et
1341 2690 1622 2757 resurget:
1643 2705 1671 2735 ι)
1701 2686 1877 2757 idest,
1904 2701 2033 2754 quo-

695 2755 761 2813 ue
784 2758 1053 2821 ceciderit,
1077 2773 1183 2813 non
1200 2758 1423 2828 peribit.
1447 2756 1597 2824 Quod
1613 2771 1720 2828 non
1735 2755 1802 2809 de
1828 2757 2035 2828 iniqui-

434 2827 783 2893 tatibusjsed
809 2830 875 2883 de
901 2827 1337 2883 tribulationibus
1359 2828 1433 2881 ad
1451 2827 1814 2882 humilitatem
1831 2827 2034 2895 perdu-

434 2901 674 2955 centibus
696 2900 934 2968 intelligi
966 2900 1170 2965 voluit;
1197 2903 1249 2953 et
1293 2922 1317 2946 ι
1350 2900 1555 2968 Septies
1584 2899 1644 2951 in
1681 2897 1772 2951 die
1799 2897 2031 2952 laudabo

434 2974 489 3025 te
513 2989 531 3025 :
560 2994 584 3020 ι
612 2970 757 3040 quod
774 2972 915 3025 alibi
932 2972 1042 3025 alio
1059 2970 1213 3025 modo
1235 2969 1441 3024 dictum
1459 2973 1537 3024 est
1558 2987 1581 3040 7:
1608 2989 1632 3014 ι
1664 2968 1880 3040 semper
1908 2968 2028 3021 laus

433 3044 550 3111 ejus
580 3038 640 3095 in
660 3057 751 3096 ore
771 3057 903 3096 meo.
941 3065 966 3089 ν
998 3045 1070 3097 Et
1092 3041 1267 3095 multa
1289 3039 1597 3109 huiusmodi
1623 3040 1682 3093 in
1708 3038 1914 3093 divinis
1939 3054 2030 3091 au-

432 3112 776 3167 ctoritatibus
788 3115 1151 3181 reperiuntur,
1165 3113 1222 3164 in
1230 3112 1423 3179 quibus
1433 3111 1763 3179 septenarius
1772 3124 2026 3165 numerus

428 3197 535 3252 pro
562 3183 820 3251 cujusque
846 3184 928 3235 rei
949 3183 1296 3236 universitate
1313 3184 1445 3250 poni
1465 3181 1615 3235 solet.

476 3246 538 3331 _b
573 3254 695 3306 Hoc
714 3252 1019 3331 Psalmistaa
1036 3251 1213 3330 elogio
1241 3260 1300 3305 et
1324 3251 1573 3331 exemplp
1597 3248 2025 3331 comprobantur

439 3328 499 3376 et
524 3321 982 3376 commendantur
1008 3320 1251 3375 maxime
1280 3335 1468 3390 preces
1492 3320 1615 3375 illa;
1649 3322 1940 3390 solemnes,
1970 3330 2025 3376 et

438 3390 647 3446 divinae
666 3390 855 3446 laudes
870 3391 929 3446 in
948 3390 1192 3446 Ecclesia
1212 3389 1478 3446 instituta;
1507 3395 1669 3461 (quas
1682 3389 1843 3446 horas
1865 3406 2026 3447 canoo

435 3462 596 3518 nicas
621 3467 923 3533 vocamus).
949 3461 1211 3533 Quamvis
1224 3462 1379 3533 enim
1404 3476 1501 3533 per
1518 3476 1815 3533 numerum
1844 3470 2022 3532 septe-

435 3533 657 3604 narium
685 3532 741 3588 in
761 3533 856 3589 illo
876 3531 1140 3604 versiculo
1160 3532 1294 3588 nihil
1313 3531 1461 3588 aliud
1482 3532 1623 3604 signi
1631 3531 1839 3604 licetur,
1859 3531 2025 3604 quam

437 3603 805 3676 frequentatio
832 3604 1008 3660 laudis
1024 3602 1262 3676 divinae;
1287 3602 1566 3676 quomodo
1583 3602 1902 3674 intelligitur
1920 3602 2027 3659 fre-

473 3674 607 3731 uens
629 3675 834 3746 lapsus,
857 3691 986 3731 eum
1011 3674 1214 3731 dicitur
1228 3674 1488 3731 Proverh.
1518 3689 1667 3730 xxiv
1693 3694 1705 3727 :
1727 3676 1932 3746 Septies
1970 3678 2029 3730 in

478 3749 528 3801 ie
548 3744 696 3801 cadit
711 3747 927 3817 justus;
964 3755 1148 3802 tamen
1172 3762 1285 3802 non
1326 3746 1447 3817 sine
1472 3761 1638 3801 causa
1669 3761 1731 3800 ex
1761 3744 1869 3817 hoc
1906 3745 2026 3817 loco

439 3817 677 3873 Ecclesia
701 3815 881 3873 usum.
899 3818 1161 3873 horarum
1189 3816 1578 3873 canonicarum
1620 3816 1919 3872 instituisse
1947 3815 2029 3871 vi-

433 3886 613 3944 detur.
648 3891 784 3943 Nam
815 3904 942 3944 cum
973 3888 1042 3943 ad
1088 3887 1456 3958 imitationem
1484 3895 1602 3942 tam
1647 3886 1722 3958 pii
1768 3894 1823 3941 et
1850 3888 2025 3958 sancti

433 3959 582 4039 regis
611 3958 769 4039 vellet
788 3959 933 4015 ﬁlios
957 3974 1087 4039 suos
1113 3957 1569 4039 frequentissime
1580 3956 1754 4039 Deum
1781 3956 2023 4039 laudare,

431 4027 648 4101 septem
673 4029 839 4085 horas
868 4028 1069 4081 merito
1097 4027 1421 4151 designavit,
1459 4027 1658 4096 quibus
1687 4027 1890 4091 clerici,
1929 4043 2025 4083 seu

434 4099 811 4160 ecclesiastici.
850 4097 1052 4153 divinis
1089 4096 1234 4151 laudi
1276 4110 1342 4150 ns
1376 4103 1664 4161 vacarent;
1693 4104 1813 4149 tum
1845 4096 1915 4151 ad
1941 4113 2025 4152 ex-

437 4169 774 4240 pressiorem
795 4167 948 4240 illius
959 4166 1200 4240 exempli
1220 4166 1610 4240 imitationem,
1631 4173 1751 4240 tum
1773 4165 1856 4240 o_h_
1865 4176 2031 4240 septe-

434 4236 581 4295 narii
608 4238 823 4310 numeri
852 4236 1241 4310 perfectionem
1279 4245 1335 4293 et
1361 4236 1651 4310 mysticam
1679 4236 2033 4310 signiﬁcatio-

432 4325 589 4378 nem,
619 4308 690 4366 de
728 4325 833 4381 qua
849 4306 1032 4381 :infra.
1065 4309 1209 4365 Hinc
1251 4311 1321 4364 D.
1363 4306 1696 4381 Ambrosius
1721 4306 1819 4381 lib.
1848 4323 1939 4363 vu
1973 4308 2030 4362 in

435 4384 675 4443 Lucam,
708 4378 764 4437 in
804 4378 939 4437 illud
966 4396 1090 4452 cap.
1122 4385 1181 4435 11
1211 4400 1222 4436 :
1258 4382 1388 4448 Quis
1408 4382 1643 4435 vestrum
1670 4379 1870 4434 habens
1898 4381 2035 4433 ami-

434 4468 574 4516 cum,
588 4460 706 4523 etc.
734 4454 815 4515 Si,
845 4452 1047 4523 inquit,
1068 4452 1160 4506 ille
1168 4452 1365 4523 David,
1384 4452 1583 4507 scilicet
1599 4456 1709 4505 tam
1722 4454 1958 4513 sanctus,
1972 4454 2037 4523 iet

476 4526 538 4578 ui
562 4522 721 4592 regni
734 4528 851 4578 erat
876 4518 1277 4578 necessitatibus
1293 4518 1616 4593 ‘occupatus,
1650 4524 1843 4592 septies
1867 4523 1925 4575 in
1947 4522 2037 4576 die

435 2760 692 2829 tiescumq

458 4571 1502 4657 HM'MinBEiEEEJL'MJLRRf;
1511 4571 1922 4663 uisimus
1938 4571 2033 4647 {cii
2064 4571 2112 4633 D

433 4667 653 4735 criﬁeiis
670 4681 877 4735 semper
893 4667 1151 4727 intentus,
1172 4665 1306 4735 quid
1322 4680 1414 4719 nos
1435 4666 1612 4730 facere
1625 4667 1847 4733 oportet,
1861 4665 1960 4732 qui
1979 4679 2035 4718 eo

435 4737 677 4807 amplius
726 4752 919 4805 rogare
953 4736 1219 4798 debemus,
1251 4751 1355 4804 quo
1394 4736 1731 4807 frequentius
1759 4736 1940 4807 carnis
1970 4750 2033 4807 ac

436 4804 630 4863 mentis
654 4804 970 4876 fragilitate
986 4808 1353 4875 delinquimus
1367 4809 1395 4859 7
1412 4804 1501 4876 Sic
1519 4804 1877 4876 Ambrosius_(
1896 4806 2033 4876 Vide

438 4879 638 4941 Basil,
666 4874 826 4933 scrin.
860 4884 880 4932 1
916 4877 983 4931 de
1026 4874 1207 4933 Instit.
1257 4874 1528 4944 Monach).
1582 4876 1783 4930 Verum
1822 4874 1890 4930 de
1930 4874 2035 4930 hoc

436 4948 751 5019 septenario
776 4962 1006 5019 numero
1042 4948 1302 5019 horarum
1333 4944 1721 5019 canonicarum
1748 4944 1876 5019 dum
1904 4954 2035 5001 sunt

436 5015 745 5076 sententiae.
766 5018 1028 5088 Quidam,
1041 5026 1096 5073 et
1115 5016 1229 5089 fere
1238 5015 2035 5089 antiquiores,complecmntur

438 5089 544 5146 hoc
568 5085 813 5146 numero
825 5085 1180 5144 solummodo
1207 5085 1634 5150 horas—diurnas,
1654 5085 1762 5142 hoc
1783 5094 1886 5151 est,
1910 5101 2035 5157 qua:

442 5160 681 5217 interdiu
709 5159 972 5216 celebrari
1001 5168 1098 5215 aut
1122 5157 1339 5215 recitari
1367 5158 1563 5223 solent,
1592 5173 1787 5228 nempe
1814 5157 2033 5213 Matuti-

443 5246 591 5299 nam,
615 5231 731 5287 sive
750 5229 966 5287 Laudes
989 5230 1302 5297 matutinas,
1328 5230 1594 5295 Primam,
1617 5228 1883 5294 Tertiam,
1904 5230 2036 5284 Sex-

447 5310 582 5370 tam,
600 5305 842 5380 Nonam,
863 5304 1130 5380 Vespera
1148 5309 1204 5356 et
1227 5299 1681 5380 Completorium.
1707 5298 1932 5380 Vigilias
1946 5315 2037 5380 au-

441 5381 575 5434 tem.
594 5373 711 5429 sive
729 5371 1351 5443 ofﬁcium‘nocturnum,
1371 5371 1516 5443 quod
1544 5371 1843 5441 improprie
1860 5372 2037 5443 Matu-

442 5444 585 5524 tiuas
598 5444 956 5524 appellamus,
973 5441 1403 5524 abhocpumero
1411 5448 1729 5524 separautet
1738 5441 2036 5524 separatim

442 5511 871 5586 collocant,quia
883 5514 1031 5586 diem
1041 5514 1358 5586 intelligunt
1372 5512 1475 5586 arti
1483 5512 1715 5586 ﬁcialem
1730 5511 1901 5586 inillo
1917 5527 2037 5567 ver-

442 5585 613 5657 siculo
623 5584 917 5657 signiﬁcari
927 5607 940 5650 ;
956 5584 1051 5657 qui
1064 5584 1325 5657 nimirum
1343 5585 1411 5640 ab
1423 5599 1619 5657 aurora
1633 5584 1826 5655 incipit
1844 5589 2036 5657 (quam

444 5656 584 5713 Galli
598 5657 742 5728 aube
744 5658 822 5711 du
827 5655 1132 5728 jourfquasi
1143 5655 1662 5728 albescentemdiem
1676 5655 2035 5728 nuncupant),

446 5733 500 5780 et
514 5723 1222 5783 nocteadventante'linitur.‘
1238 5726 1693 5790 lnhuncmodum
1712 5723 2035 5782 hauddubie

448 5796 740 5868 Cassianus
777 5796 928 5853 hunc
962 5814 1262 5854 numerum
1302 5797 1583 5853 intellixit.
1612 5797 1742 5868 Agit
1766 5796 1935 5868 enim
1976 5795 2035 5868 i_n

446 5865 555 5923 hoc
572 5866 711 5925 libro
733 5868 801 5925 de
825 5868 1039 5926 diurnis
1064 5869 1280 5937 ofﬁciis,
1304 5869 1443 5925 sicut
1460 5864 1741 5940 superio‘re
1763 5866 1906 5923 libro
1925 5864 2037 5938 egit

2136 1908 2386 1981 diurnas,
2405 1921 2502 1962 seu
2522 1906 2708 1981 ofﬁcia
2727 1907 2949 1981 diurna,
2969 1924 3065 1981 sex
3082 1918 3389 1981 enumeret,
3421 1906 3619 1981 quibus
3646 1912 3735 1968 di-

2135 1978 2214 2035 cit
2232 1978 2288 2033 in
2303 1978 2407 2034 hoc
2419 1978 2599 2049 capite
2614 1977 3025 2049 superadditam
3038 1978 3207 2035 fuisse
3219 1980 3387 2035 aliam
3400 1977 3737 2038 matutinam

2137 2048 2575 2122 solemnitatem,
2610 2048 2674 2122 id
2686 2048 2792 2122 est,
2822 2049 3093 2117 Primam,
3115 2058 3177 2122 ut
3195 2066 3458 2106 numerus
3485 2060 3737 2122 septena-

2138 2120 2255 2176 rius
2283 2136 2315 2175 a
2338 2120 2627 2192 Psalmista
2644 2120 2963 2192 designatus
2983 2121 3203 2192 proprie
3222 2129 3279 2176 et
3306 2120 3625 2178 secundum
3648 2124 3737 2179 lit-

2138 2199 2316 2246 teram
2334 2190 2705 2262 compleretur
2723 2209 2738 2258 ;
2759 2190 3107 2262 consequens
3125 2199 3209 2246 est
3225 2232 3242 2257 ,
3263 2199 3327 2246 ut
3346 2192 3581 2262 vigilias,
3613 2195 3733 2251 sive

2135 2269 2441 2317 nocturnos
2452 2269 2601 2317 extra
2614 2260 2765 2317 hunc
2777 2260 3149 2331 septenarium
3166 2260 3537 2332 posueritISed
3553 2266 3734 2322 multo

2135 2332 2338 2387 clarius
2354 2340 2410 2387 et
2422 2333 2734 2400 expressius
2762 2340 2953 2388 noster
2975 2335 3051 2387 D.
3079 2332 3412 2389 Benedictus
3440 2332 3594 2390 hunc
3614 2352 3726 2392 nu-

2133 2418 2355 2459 merum
2369 2402 2439 2457 ad
2456 2402 2639 2474 ofﬁcia
2653 2401 2854 2458 diurna
2874 2403 3165 2459 dumtaxat
3183 2403 3371 2459 retulit
3390 2420 3510 2474 cap.
3539 2411 3605 2460 16
3623 2408 3733 2463 Be-

2133 2474 2294 2546 gulaa.
2318 2474 2477 2545 cujus
2494 2473 2688 2546 titulus
2698 2476 2806 2537 esti:
2826 2475 3072 2546 Qualiter
3093 2475 3284 2546 divina
3312 2473 3734 2546 cperaperdiem

2136 2544 2375 2614 agantur
2390 2544 2407 2610 ξ
2423 2544 2695 2617 enititulo
2718 2544 3060 2617 respondens
3072 2544 3207 2600 dicit
3225 2563 3238 2599 :
3264 2548 3332 2601 Ut
3340 2544 3431 2600 ait
3443 2544 3728 2617 propheta,

2143 2637 2168 2662 ι
2187 2618 2393 2685 Septies
2422 2617 2480 2668 in
2498 2615 2586 2669 die
2600 2615 2961 2670 laudemdimi
2974 2616 3095 2675 tibi.
3114 2638 3139 2663 ιο
3164 2618 3272 2683 Qui
3287 2615 3620 2687 septenarius
3639 2634 3731 2672 sa-

2139 2690 2320 2740 cratus
2338 2700 2594 2739 numerus
2624 2702 2657 2738 a
2685 2687 2837 2740 nobis
2873 2688 2950 2740 sic
2984 2688 3318 2755 implebitur,
3340 2690 3392 2741 si
3418 2690 3723 2752 Matutine,

2140 2758 2356 2817 Prima,
2378 2758 2591 2818 Tertia,
2612 2756 2811 2818 Sextis,
2830 2758 3011 2818 Nonae,
3026 2759 3264 2826 Vesperi,
3288 2758 3734 2827 Completoriique

2142 2830 2374 2897 tempore
2385 2830 2581 2897 nostra
2592 2828 2867 2897 servitutis
2896 2828 3081 2894 ofﬁcia
3095 2828 3480 2896 persolvamus,
3509 2832 3642 2897 quia
3663 2830 3730 2884 de

2142 2841 2374 2951 lemma
2385 2841 2867 2908 nosirteservuuus
2896 2841 3081 2894 onicia
3095 2841 3480 2909 persolvamus,
3509 2845 3642 2897 quia
3663 2841 3730 2884 ae

2138 2897 2223 2950 his
2337 2896 2607 2951 isdiurms
2620 2896 3048 2965 dwitPropheta,
3069 2920 3092 2942 ι
3114 2898 3320 2966 Septies
3340 2914 3396 2951 in
3415 2899 3734 2952 dielaudem

2135 2968 2264 3021 diri
2270 2968 2392 3021 tibi.
2406 2990 2429 3014 ι
2448 2966 2951 3023 Namdenocturnis
2962 2967 3171 3035 vigiliis
3188 2968 3329 3021 idem
3344 2970 3457 3037 ipse
3468 2969 3734 3037 Propheta

2133 3040 2250 3093 ait:
2291 3060 2313 3085 ι
2349 3038 2532 3095 Media
2569 3042 2714 3092 nocte
2739 3039 3025 3105 surgebam
3058 3038 3133 3091 ad
3168 3039 3519 3107 conﬁtendum
3549 3040 3672 3093 tibi.
3702 3062 3726 3087 ιο

2132 3111 2277 3177 Ergo
2316 3110 2401 3164 his
2431 3108 2754 3178 imparibus
2784 3109 3085 3175 referamus
3114 3109 3301 3164 laudes
3331 3110 3574 3165 Creatori
3608 3126 3732 3165 nos-

2064 3188 2109 3253 C
2142 3183 2223 3234 tro
2232 3180 2612 3253 superjudicia
2625 3179 3005 3253 justitigsuce,
3022 3179 3082 3232 id
3094 3184 3188 3253 est,
3206 3182 3508 3253 Matutinis,
3523 3182 3728 3245 Prima,

2146 3253 2349 3313 Tertia,
2378 3252 2566 3313 Sea-ta,
2597 3252 2787 3312 Nona,.
2820 3252 3075 3319 Vespera,
3108 3251 3471 3320 Completorio,
3506 3256 3560 3305 et
3586 3257 3731 3308 nocte

2132 3336 2419 3394 surgamus
2434 3322 2510 3394 ad
2523 3320 2876 3394 conﬁtendum
2892 3323 2958 3375 ei.
2985 3321 3211 3394 HmeD.
3232 3320 3584 3394 Benedictus,
3603 3338 3729 3394 quae

2134 3391 2566 3463 totidemiverbis
2584 3391 2829 3463 citantur
2844 3406 2910 3446 ex
2934 3390 3171 3446 concilio
3203 3391 3499 3463 Agatheusi
3522 3390 3638 3448 lih.‘
3652 3409 3728 3451 ιιι

2134 3462 2434 3529 DecretaL,
2466 3461 2560 3517 tit.
2590 3462 2669 3533 de
2697 3462 2952 3533 celebrat.
2982 3461 3286 3525 Missurum,
3317 3478 3438 3533 cap.
3479 3471 3527 3519 1.
3559 3464 3727 3522 Juxta

2134 3548 2302 3604 quem
2330 3548 2558 3589 sensum
2582 3531 2870 3588 fatendum
2901 3539 2983 3586 est
3010 3540 3134 3588 octo
3156 3548 3273 3589 esse
3303 3531 3466 3591 horas
3486 3537 3727 3592 canoni-

2135 3619 2248 3671 cas,
2280 3620 2519 3673 quarum
2539 3618 2651 3658 una
2672 3611 2939 3658 nocturna
2957 3604 3226 3660 versiculo
3248 3604 3340 3660 illo
3358 3607 3728 3664 commenda-

2134 3682 2225 3731 tur
2249 3693 2262 3730 :
2288 3677 2469 3731 Media
2491 3678 2641 3746 nocte
2655 3676 2961 3743 surgebam,
2986 3682 3091 3729 etc.
3113 3676 3333 3746 Septem
3355 3676 3480 3733 alia:
3509 3677 3725 3736 diurna:

2134 3746 2315 3826 altero.
2329 3745 2597 3826 versiculo
2613 3744 2922 3826 designatae
2935 3762 2949 3798 :
3207 3750 3263 3803 in
3276 3748 3366 3801 die
3376 3748 3592 3826 laudem
3603 3750 3733 3826 diui

2135 3817 2273 3883 tibi;
2302 3817 2360 3871 in
2383 3816 2473 3872 die
2488 3815 2759 3871 nimirum
2781 3815 3075 3880 artiﬁciali,
3100 3824 3163 3872 ut
3188 3826 3403 3872 vocant.
3430 3821 3601 3873 Porro
3629 3820 3728 3875 alii

2132 3894 2250 3942 tam
2280 3895 2623 3942 nocturnum
2653 3885 3119 3958 quaquiurnnm
3150 3886 3400 3958 ofﬁcium
3419 3891 3731 3958 septenario

2131 3973 2368 4030 numero
2388 3966 2584 4030 putant
2604 3956 3087 4030 comprehensum.
3115 3959 3310 4029 Itaque
3324 3956 3497 4030 diem‘
3510 3967 3735 4016 natura-

2138 4028 2245 4083 lem
2277 4028 2574 4097 signilicari
2604 4028 2818 4092 volunt,
2844 4035 2898 4081 et
2924 4028 3250 4096 nocturnos,
3287 4028 3403 4084 sive
3430 4038 3736 4087 nocturnas

2138 4098 2376 4170 vigilias.
2402 4100 2568 4154 simul
2588 4097 3035 4170 cum_Laudibus
3069 4113 3167 4167 pro
3187 4113 3298 4153 una
3332 4099 3467 4153 hora
3495 4115 3732 4167 compu-

2139 4168 2259 4222 tant
2279 4170 2455 4232 (Beda
2490 4172 2550 4222 in
2586 4169 2679 4221 lib.
2709 4168 2775 4221 de
2802 4168 3149 4223 Meditatione
3175 4172 3326 4223 Pass.
3350 4170 3571 4235 Christ.;
3599 4173 3731 4228 Isid.

2141 4239 2237 4292 lib.
2261 4254 2281 4293 ι
2300 4239 2536 4311 dleﬂc.
2565 4238 2758 4311 Eccles.
2777 4256 2792 4303 ;
2810 4237 3021 4311 Bubon.
3170 4252 3218 4293 ιι
3242 4239 3310 4293 de
3326 4241 3499 4295 Instit.
3521 4242 3733 4311 Cleric.;

2142 4311 2365 4377 Rupert.
2391 4309 2484 4362 lib.
2513 4323 2536 4363 1
2554 4308 2621 4361 de
2644 4309 2794 4361 diur.
2818 4308 2998 4377 0fﬁc.,
3033 4308 3217 4364 Glossa
3233 4311 3291 4363 in
3308 4326 3355 4365 c.
3390 4317 3411 4366 1
3438 4312 3506 4367 de
3534 4308 3734 4370 Celebr.

2142 4381 2323 4436 Missa-
2336 4384 2373 4444 ).
2397 4379 2698 4436 Secundum
2720 4395 2877 4448 quem
2899 4379 3134 4443 modum,
3161 4380 3241 4435 ait
3255 4383 3729 4451 Turrecrematus,

2143 4465 2319 4528 omnes
2346 4451 2779 4528 horw‘canonica'
2797 4451 3128 4528 reducuntur
3162 4452 3237 4508 ad
3254 4469 3535 4528 numerum
3561 4462 3736 4528 septe-

2142 4524 2380 4585 narium,
2402 4524 2505 4593 qui
2521 4526 2597 4578 est
2611 4537 2864 4577 numerus
2878 4527 3120 4578 sacratus
3138 4542 3155 4589 ;
3177 4528 3228 4578 et
3249 4527 3327 4580 sic
3342 4527 3483 4581 illud
3501 4524 3736 4583 Dav—idi-

2142 4609 2310 4668 εφη-ς
2345 4616 2370 4641 σι
2393 4595 2598 4668 Septies
2616 4596 2672 4648 in
2691 4594 2781 4649 die
2808 4595 3020 4668 laudem
3048 4595 3177 4668 dimi
3202 4596 3326 4660 tibi,
3364 4622 3388 4644 »ι
3411 4599 3739 4668 intelligitur

2143 4665 2211 4738 de
2239 4665 2329 4719 die
2358 4666 2624 4738 naturali,
2644 4669 2695 4719 et
2724 4666 2974 4738 unaqlaus
2993 4668 3057 4734 ﬁt
3085 4667 3143 4719 in
3169 4671 3320 4738 nocte
3352 4665 3655 4738 artiﬁciali,
3688 4673 3740 4723 et

2144 4736 2272 4790 aliis
2299 4751 2395 4791 sea:
2413 4738 2472 4790 in
2488 4737 2577 4790 die
2596 4737 2765 4790 noctis
2797 4736 3053 4805 ejusdem,
3084 4737 3285 4790 scilicet
3303 4736 3508 4799 Prima,
3538 4742 3737 4801 Tertia,

2142 4808 2333 4870 Sexta,
2346 4810 2520 4868 Nona,
2555 4807 2864 4868 Undecima,
2888 4822 3009 4875 qua:
3033 4810 3112 4875 est
3143 4808 3401 4875 Vespera,
3446 4811 3496 4859 et
3526 4809 3737 4862 Duode-

2142 4879 2303 4939 cima,
2326 4893 2449 4946 quae
2473 4880 2551 4930 est
2579 4874 3006 4945 Completorium.
3032 4874 3126 4929 Sic
3158 4874 3249 4927 ille
3273 4874 3525 4930 alludens
3551 4877 3617 4932 ad
3654 4878 3739 4933 Io-

2144 4962 2275 5001 cum
2308 4947 2467 5000 illum
2501 4946 2746 5000 Matthazi
2770 4961 2880 5011 xx,
2900 4946 2967 4999 de
2988 4958 3100 5012 quo
3115 4958 3302 5012 supra.
3321 4947 3598 5002 Caeterum
3627 4947 3732 5005 hu-

2145 5016 2231 5086 ius
2263 5015 2521 5090 difﬁculte
2534 5015 2606 5090 tis
2644 5012 3083 5090 decisio_pen_d_et
3110 5012 3182 5068 ab
3211 5030 3273 5069 ea
3302 5017 3635 5090 quaestione,
3664 5038 3737 5077 an

2144 5083 2407 5141 nocturni
2437 5084 2758 5141 dividantur
2785 5100 2816 5139 a
2848 5083 3131 5140 Laudibus
3161 5083 3489 5155 matutinis?
3518 5083 3661 5148 Nam
3691 5093 3738 5150 si

2144 5163 2451 5212 nocturnos
2466 5154 2780 5233 dividamus
2796 5171 2827 5211 a
2840 5154 3146 5233 Laudibus,
3166 5154 3540 5233 proculdubio
3558 5164 3740 5233 plures

2144 5234 2278 5283 sunt
2296 5243 2464 5296 quam
2486 5234 2694 5295 septem
2718 5226 2867 5283 horae
2881 5226 3183 5284 canonicis}
3205 5229 3261 5286 Si
3291 5247 3417 5287 vero
3435 5226 3741 5292 nocturnos

2147 5297 2448 5375 iungamus
2491 5313 2631 5375 cum
2674 5298 2981 5375 Laudibus,
3021 5315 3137 5375 non
3166 5310 3333 5375 erunt
3359 5303 3467 5358 nisi
3503 5314 3734 5375 septem.

2146 5369 2386 5425 Proinde
2429 5384 2559 5446 eum
2599 5370 2847 5446 Duranto
2885 5370 3143 5446 existimo
3185 5369 3578 5446 distinguenda
3619 5393 3743 5433 esse

2144 5448 2414 5511 tempora.
2434 5440 2563 5495 Fuit
2582 5442 2733 5512 enim
2754 5441 2936 5512 quoad
2963 5450 3271 5499 nocturnos
3294 5440 3442 5501 varia
3466 5448 3738 5504 Ecclesia-

2143 5528 2271 5587 r_um
2302 5511 2649 5587 consuetudo
2681 5511 3030 5587 (Radulphus
3076 5516 3368 5587 Tungrens.
3408 5532 3621 5587 propos.
3680 5524 3743 5573 ιιι

2144 5583 2417 5640 deCanon.
2434 5583 2761 5648 observant.;
2775 5586 3048 5638 Durantus
3059 5585 3126 5637 de
3145 5588 3312 5640 Ritib.
3325 5583 3527 5643 Ecclesi
3542 5589 3640 5643 lib.
3666 5603 3741 5644 ιιι

2144 5668 2264 5725 cap.
2290 5660 2350 5725 3;
2378 5654 2632 5710 Bellum.
2656 5654 2749 5708 lib.
2773 5670 2786 5707 l
2812 5654 2878 5709 de
2899 5654 3015 5709 bon.
3045 5656 3143 5722 0p.
3189 5670 3231 5725 c.
3263 5662 3374 5718 ιι).
3395 5656 3743 5725 Quibusdam

2146 5723 2214 5796 in
2243 5723 2386 5796 locis
2405 5725 2551 5796 apud
2574 5731 2927 5796 veterestres
2954 5723 3439 5796 nocturnitribus
3463 5726 3746 5796 distinctis

2144 5793 2318 5865 horis,
2340 5794 2393 5850 id
2415 5791 2517 5862 est,
2549 5796 2728 5851 tribus
2757 5794 2959 5865 vigiliis
2983 5793 3272 5865 nocturnis
3300 5791 3740 5865 celebrabaptur.

2143 5859 2314 5922 Unde
2335 5868 2398 5921 Ι).
2414 5859 2786 5937 Hieronymus
2801 5859 2858 5918 ἱῖι
2872 5863 3029 5933 epist.
3054 5862 3126 5916 ad
3149 5859 3510 5913 Eustochium
3532 5860 3743 5929 (Epist.
