4052 6200
310 317 405 373 131
1645 313 1925 371 JOANNIS
1962 313 2270 371 CASSIANI

3507 320 3609 374 132

307 444 579 513 tibisuper
585 442 804 512 judicia
813 443 1340 513 justitiatuw(Psal.
1357 440 1899 506 cxvm).Hacenim
1928 443 1980 507 Α
2010 438 2174 495 simas
2202 439 2420 513 regulas
2458 443 2679 497 Patrum
2716 438 2903 499 violari
2929 440 3227 513 patiuntur,
3264 440 3490 499 minime
3528 443 3610 499 vi-

309 535 517 608 adjecta
547 536 921 604 solemnitate,
943 535 1144 607 septies
1166 535 1286 590 sine
1309 532 1484 590 dubio
1510 533 1903 605 spiritales-hos

309 637 614 687 conventus
644 631 705 686 in
731 630 820 686 die
846 628 1128 696 facientes,
1167 626 1369 699 septies
1399 627 1457 682 in
1486 642 1548 682 ea
1583 625 1771 682 laudes
1800 629 1903 682 Do-

310 726 467 782 mino
496 725 677 781 dicere
702 721 1155 795 comprobamur.
1190 722 1441 792 Denique
1469 736 1600 776 cum
1631 719 1721 776 hic
1748 718 1901 777 idem

310 827 470 891 typus
490 819 555 875 de
575 818 799 875 Oriente
813 814 1112 888 precedens
1128 815 1415 887 hucusque
1429 815 1594 871 fuerit
1610 814 1903 871 utilissime

308 920 658 985 propagatus,
693 912 750 968 in
781 910 1069 966 nonnullis
1097 926 1251 966 nunc
1279 924 1456 981 usque
1487 926 1583 981 per
1609 909 1902 966 Orientem

310 1004 696 1078 antiquissimis
731 1003 1099 1071 monasteriis,
1126 1018 1252 1075 quae
1272 1017 1619 1075 nequaquam
1647 1002 1900 1059 vetustis-

2009 532 2170 589 detur
2192 533 2482 591 admissus.

2639 646 2879 702 CAPUT
2911 645 2977 699 V.

2012 734 2166 803 Quod
2178 738 2303 804 post
2325 739 2623 792 matutinas
2643 736 2923 864 oratioziest
2931 737 3007 791 ad
3024 752 3265 792 somnum
3288 740 3488 793 reverti
3503 752 3610 792 non

2676 823 2808 864 onor
2833 823 2896 862 ea
2927 848 2941 863 .

2676 823 2941 878 oporteat.

2082 910 2253 983 Cujus
2295 910 2657 966 solemnitatis
2703 912 2840 967 ratio
2878 924 2978 967 cur
3014 918 3213 967 statiua
3253 911 3343 980 sit,
3392 912 3470 967 vel
3519 911 3611 967 in-

2010 1011 2169 1059 venta
2217 1004 2275 1058 in
2312 1003 2412 1060 hac
2453 1004 2752 1076 provincia,
2789 1003 3035 1060 nonnulli
3076 1004 3414 1076 ignorantes,
3458 1007 3484 1037 ³
3522 1019 3609 1060 ex-

1411 1144 1665 1199 ALARDI
1699 1145 1922 1200 GAZASI
1960 1144 2516 1201 COMMENTARIUS.

305 1278 424 1340 22),
452 1273 723 1333 Noctibus,
746 1269 942 1341 inquit,
974 1270 1053 1324 bis
1075 1274 1254 1338 terque
1271 1269 1618 1341 surgendum.
1646 1271 1719 1341 Et
1742 1283 1897 1339 aper-

309 1337 420 1399 tius
443 1343 586 1398 hunc
608 1337 1140 1411 morem'amiquitus
1161 1337 1303 1411 apud
1335 1337 1626 1411 nonnullos
1640 1337 1901 1411 observa-

309 1424 427 1470 tum
456 1414 679 1468 tradunt
721 1409 998 1481 Rupertus
1045 1410 1138 1465 lib.
1188 1409 1212 1465 I
1253 1410 1321 1465 de
1359 1409 1568 1481 Ofﬁciis
1596 1409 1813 1481 divinis,
1844 1417 1900 1464 et

308 1488 364 1542 S.
395 1485 634 1539 Thomas
667 1484 785 1537 lect.
817 1479 852 1537 6
878 1483 929 1537 in
959 1496 1074 1553 cap.
1116 1495 1218 1553 xw
1256 1480 1464 1553 prioris
1482 1480 1547 1535 ad
1573 1479 1894 1553 Corinthios.

310 1556 460 1611 Alibi.
490 1570 617 1609 vero
659 1555 911 1608 nocturni
940 1550 1130 1608 omnes
1160 1550 1342 1617 simhl,
1373 1550 1468 1606 sed
1492 1551 1763 1621 praecipue
1792 1566 1900 1606 me-

309 1627 393 1682 dia
419 1634 579 1681 nocte
605 1624 861 1680 celebrari
890 1623 1159 1690 solebant,
1180 1622 1334 1693 juxta
1358 1621 1488 1677 illud
1513 1638 1527 1674 :
1552 1621 1733 1677 Media
1754 1625 1901 1693 nocte

307 1700 590 1767 surgebam
613 1697 687 1749 ad
704 1696 1059 1767 conﬁtendum
1070 1695 1173 1748 tibi
1182 1692 1344 1758 (Psal.
1361 1707 1433 1747 cx
1444 1698 1611 1767 viti).
1628 1694 1745 1767 Hoc
1755 1692 1899 1767 enim

313 1762 527 1839 tempus
561 1762 918 1839 praescribunt
941 1766 1036 1839 SS.
1069 1767 1254 1839 Patres
1280 1762 1526 1839 superius
1550 1762 1719 1839 citati.
1759 1762 1896 1817 Alibi

307 1833 539 1908 denique
556 1833 808 1892 nocturni
820 1851 956 1908 cum
982 1833 1259 1889 Laudibus
1269 1834 1554 1908 matutinis
1564 1833 1894 1908 junguntur,

311 1918 365 1963 et
411 1903 468 1962 iri
506 1917 696 1979 quarta
727 1906 923 1979 vigilia,
972 1920 1096 1975 quae
1137 1912 1190 1959 et
1220 1905 1498 1979 Matutina
1524 1903 1735 1979 dicitur,
1758 1903 1901 1979 cele-

311 1973 553 2034 brantur.
590 1981 764 2048 Atque
785 1973 947 2048 hunc,
978 1973 1096 2048 esse
1124 1975 1617 2048 antiquum‘usum‘
1648 1973 1900 2048 Ecclesiae

309 2054 475 2105 Rom.
516 2044 747 2105 testatur
790 2046 1098 2103 Amalarius
1127 2045 1185 2100 in
1229 2044 1540 2116 praefatione
1568 2044 1684 2098 libri
1717 2044 1784 2099 de
1814 2061 1903 2099 or-

312 2120 436 2176 dine
459 2119 851 2190 Antiphonarii,
872 2117 962 2172 ubi
988 2118 1132 2172 inter
1148 2115 1246 2190 alia
1268 2115 1435 2190 refert
1449 2130 1520 2190 se
1545 2116 1903 2183 interrogasse

309 2185 598 2263 magistros
617 2191 870 2263 licclesite
894 2192 1058 2263 Rom.
1085 2188 1308 2263 an_inter
1318 2185 1380 2263 of
1380 2186 1563 2263 licium
1570 2195 1900 2263 nocturnum

311 2271 366 2317 et
404 2256 748 2326 matutinum,
782 2260 837 2315 id
865 2268 970 2327 est,
1016 2258 1251 2323 Laudes,
1281 2257 1502 2327 aliquod
1549 2256 1901 2312 interstitium

312 2347 429 2388 esse
444 2333 711 2409 _del_)erct,_
733 2339 1139 2409 et_resp_onsum
1166 2344 1302 2409 esseJ
1330 2329 1575 2409 nullum,
1604 2327 1699 2383 sed
1724 2328 1897 2409 conti:

310 2419 420 2459 nuo
442 2402 776 2458 inchoandas
795 2400 1008 2457 Laudes
1034 2415 1128 2472 per
1149 2400 1475 2472 versiculum
1501 2418 1511 2449 ε
1536 2404 1694 2460 Deus,
1727 2402 1785 2452 in
1806 2400 1903 2472 ad-

299 2476 568 2545 jutorium
602 2490 777 2528 meum
806 2469 1168 2545 intendeinui
1198 2471 1687 2545 igit‘ur‘nocturnos
1718 2469 1898 2545 media

311 2540 468 2601 nocte
498 2545 788 2616 separatim
817 2559 846 2597 a
884 2542 1162 2616 Laudibus
1197 2540 1513 2616 recitabant,
1543 2540 1652 2616 _vel_
1674 2541 1902 2616 seorsim

313 2610 757 2687 unumquemque
779 2622 1112 2687 nocturnum
1134 2612 1186 2667 in
1209 2611 1380 2667 tribus
1405 2611 1584 2687 noctis
1604 2610 1812 2687 vigiliis,
1832 2611 1902 2666 ad

312 2687 481 2742 instar
503 2682 823 2743 militarium
853 2685 1226 2750 excubiarum,
1254 2682 1693 2754 pronuntiabant,
1723 2682 1903 2754 plures

312 2758 497 2829 utique
518 2773 682 2829 quam
705 2765 923 2829 septem
945 2755 1105 2809 horas
1140 2751 1427 2829 canonicas
1442 2751 1747 2829 habebant.
1790 2753 1902 2809 Ubi

309 2824 438 2884 vero
473 2824 726 2883 nocturni
766 2824 926 2882 simul
965 2834 1016 2880 et
1055 2827 1309 2881 continue
1344 2824 1559 2879 recitari
1595 2832 1901 2894 emperunt,

311 2900 456 2971 quod
501 2899 661 2971 hodie
698 2899 897 2970 passim
930 2905 983 2951 et
1022 2897 1222 2967 ubique
1253 2896 1366 2971 lie‘ri
1407 2896 1565 2971 solet,
1597 2895 1666 2948 ita
1708 2902 1898 2971 ut_no-

309 2964 563 3026 cturnum
580 2964 822 3026 ofﬁcium
839 2978 891 3023 et
911 2964 1223 3023 Nocturnos
1242 2976 1296 3020 et
1308 2965 1520 3019 Laudes
1540 2964 1897 3033 comprehen-

310 3042 422 3121 dat,
469 3050 684 3121 septem
703 3041 986 3121 dumtaxat
1028 3046 1161 3121 sunt
1202 3037 1352 3090 horai
1393 3037 1899 3121 canqpieepzntque

307 3112 379 3167 ita
391 3105 721 3166 concilianda
734 3118 864 3165 sunt
882 3123 1005 3178 quis
1026 3108 1079 3161 in
1098 3116 1387 3176 utramque
1409 3114 1612 3176 partem
1627 3120 1655 3159 a
1668 3105 1900 3161 diversis

310 3182 634 3236 afferuntur.

379 3256 404 3284 ⁸
432 3250 592 3320 Quod
645 3248 920 3320 superiore
966 3247 1108 3320 libro
1157 3246 1300 3320 (cap.
1360 3252 1423 3301 12
1475 3251 1528 3320 et
1575 3246 1668 3320 13)
1707 3246 1897 3320 docuit

307 3318 556 3393 exemplo
588 3318 831 3393 veterum
874 3318 1291 3393 monachorum,
1323 3326 1375 3373 et
1413 3318 1634 3393 optimis
1670 3319 1895 3393 rationi:

307 3393 409 3449 bus
444 3389 790 3448 conﬁrmavit
835 3407 944 3445 non
993 3390 1182 3446 dicere
1228 3389 1528 3461 monachos
1582 3389 1895 3461 perfectioni

308 3464 587 3520 studentes
626 3472 748 3533 post
794 3464 1012 3518 Missam
1051 3471 1394 3524 nocturnam,
1429 3459 1611 3533 idest,
1649 3461 1893 3515 ofﬁcium

309 3530 663 3599 nocturnum,
697 3549 885 3589 rursus
932 3533 1000 3588 ad
1030 3533 1229 3587 lectum
1281 3547 1338 3586 se
1376 3530 1639 3597 conferre,
1674 3540 1769 3586 aut
1796 3546 1889 3585 so-

310 3623 441 3661 mno
482 3606 779 3676 indulgere,
822 3603 919 3659 sed
962 3603 1193 3676 orationi
1232 3604 1412 3676 potius
1453 3617 1517 3656 ac
1564 3601 1895 3676 meditationi

307 3693 495 3732 vacare
533 3685 587 3732 et
617 3672 925 3746 invigilare;
960 3674 1013 3728 id
1039 3689 1197 3746 nunc
1233 3672 1394 3746 docet
1431 3681 1560 3746 post
1596 3672 1892 3727 matutinas

306 3748 521 3803 Laudes
568 3743 755 3802 multo
790 3746 963 3816 magis
1002 3744 1403 3816 observandum
1456 3762 1468 3797 :
1512 3743 1742 3816 ideoque
1785 3758 1893 3816 eos

347 3818 621 3890 erstringit
658 3813 1166 3890 acrepr'ehendit.”
1207 3814 1565 3890 qui_expletis
1602 3813 1894 3868 matutina-

347 3835 621 3890 ersmngit
668 3835 733 3873 ac
778 3835 1145 3888 reprenenalt,
1207 3835 1299 3885 qu1
1337 3835 1565 3885 expletis
1603 3835 1894 3868 matuuna-

306 3835 447 3946 ﬂbus
480 3889 716 3962 hymnis,
750 3886 947 3962 idest,
981 3886 1273 3962 Laudibus,
1308 3885 1506 3962 iterum
1546 3892 1895 3962 revertuntur

305 3962 373 4017 ad
409 3955 711 4025 somnum,
735 3967 789 4014 et
821 3959 1018 4013 idcirco
1062 3956 1165 4012 has
1208 3956 1422 4011 Laudes
1464 3956 1535 4010 ita
1576 3955 1894 4025 tempestive

305 4041 361 4117 et
397 4045 740 4117 praepropere
784 4029 1036 4117 expedire
1078 4028 1352 4117 festinant,
1395 4036 1459 4082 ut
1494 4026 1560 4081 iis
1588 4026 1813 4117 expletis
1842 4034 1896 4117 et

306 4096 567 4159 absolutis
611 4096 806 4157 iterum
832 4096 1134 4156 dormiendi
1174 4097 1398 4154 facultas
1431 4105 1698 4168 suppetat.
1733 4096 1895 4168 Quod

302 4175 522 4246 quidem
566 4173 870 4229 institutum
904 4171 1182 4246 amplexus
1229 4170 1395 4246 etiam
1439 4169 1654 4246 videtur
1686 4170 1894 4246 i_)._Be-

303 4241 569 4301 ﬁedictus.
596 4249 735 4300 Nam
760 4260 876 4314 cap.
906 4250 940 4299 8
963 4243 1189 4311 Regulae
1221 4241 1425 4307 statuit,
1452 4245 1516 4294 ut
1540 4241 1728 4314 hiemis
1754 4243 1890 4314 tem-

298 4332 446 4386 pore,
472 4317 532 4369 id
563 4320 660 4386 est,
700 4331 734 4367 a
760 4311 999 4367 kalendis
1038 4314 1344 4368 Novembris
1376 4327 1544 4386 usque
1586 4311 1661 4365 ad
1686 4312 1894 4386 Pascha

295 4384 467 4456 j'umta
481 4385 956 4456 considerationem
970 4386 1198 4456 rationis
1225 4388 1411 4456 octava
1431 4384 1565 4456 hora
1586 4384 1754 4456 noctis
1776 4396 1895 4456 sur-

305 4452 474 4532 gatur
499 4474 514 4509 :
532 4461 594 4509 ut
616 4454 819 4532 modice
837 4454 1069 4532 amplius
1089 4453 1155 4532 de
1177 4453 1355 4532 media
1370 4454 1546 4532 nocte_[
1556 4452 1636 4532 Al.
1662 4452 1895 4532 dimidia

308 4520 476 4594 nocte]
499 4529 783 4595 pausetur,
824 4530 875 4578 et
905 4520 1028 4591 jam
1068 4523 1269 4595 digesti
1301 4520 1744 4595 surgantsouod
1769 4536 1894 4595 vero

306 4603 473 4652 restat
492 4593 614 4666 post
626 4596 863 4665 vigilias,
895 4610 930 4647 a
946 4594 1216 4666 fratribus
1236 4594 1334 4662 qui
1350 4593 1601 4662 psalterii
1620 4593 1703 4645 vel
1723 4593 1896 4666 lectio-

304 4685 433 4723 num
457 4664 672 4737 aliquid
698 4666 967 4735 indigent,
995 4665 1337 4737 meditationi
1355 4665 1705 4737 inserviatur.
1728 4664 1894 4737 ᾼΡα-

302 4743 427 4797 scha
452 4734 631 4794 autem
648 4734 914 4808 usquead
931 4736 1272 4806 supradictas
1291 4734 1548 4808 kalendas
1563 4734 1889 4797 Novembris,

300 4816 375 4867 sic
403 4806 887 4883 temperetur'hora
923 4808 1237 4883 vigiliarum
1275 4806 1733 4883 agendarum,ut
1768 4821 1893 4875 par-

302 4878 522 4939 vissimd
543 4883 826 4939 intervallo
850 4886 985 4950 (quo
1017 4881 1224 4947 fratres
1251 4878 1325 4931 ad
1354 4880 1652 4932 necessaria
1674 4883 1892 4932 natura;

303 4961 522 5032 exeant)
551 4955 834 5032 custodito,
872 4968 998 5006 more
1021 4952 1284 5032 Matutini
1313 4950 1441 5032 lqui
1464 4950 1893 5032 incipienteluce

303 5020 681 5103 agendisunt)
711 5026 1121 5103 subsequantur.
1143 5020 1407 5103 .Iu_cuji_is
1421 5020 1607 5102 capitis
1626 5020 1765 5103 haud
1798 5035 1891 5103 pa-

301 5090 423 5151 rtim
466 5094 696 5149 difficilis
736 5103 793 5148 et
822 5090 1004 5163 paucis
1040 5092 1155 5147 noti
1188 5090 1563 5163 elucidatione,
1592 5107 1690 5161 pro
1729 5091 1890 5160 hujus

302 5167 403 5222 loci
442 5161 860 5236 opportunitate,
905 5178 1016 5217 non
1052 5164 1149 5236 abs
1188 5178 1245 5236 re
1289 5171 1384 5217 aut
1424 5161 1889 5236 institutonostro

301 5232 536 5292 alienum
575 5235 738 5290 fuerit
775 5233 1172 5303 aliquantulum
1220 5232 1521 5303 immorari,
1556 5240 1610 5286 et
1654 5232 1891 5303 singulas

305 5246 536 5292 atienum
575 5246 738 5290 tuerit
775 5246 1172 5303 auquantutum
1220 5248 1521 5297 immorari,
1556 5246 1610 5286 et
1654 5246 1888 5355 singulas

305 5308 425 5378 ejus
455 5314 635 5378 partes
663 5304 824 5377 paulo
849 5305 1106 5378 attentius
1130 5311 1182 5357 et
1205 5302 1539 5378 enucleatius
1563 5317 1750 5378 expeti
1776 5316 1888 5378 ere,

302 5371 357 5434 et
384 5371 678 5448 explicare:
704 5378 765 5430 In
800 5374 986 5448 primis
1023 5373 1245 5448 adverte
1274 5372 1423 5448 quod
1454 5374 1532 5448 de
1559 5371 1782 5448 agendis
1809 5371 1887 5448 vi-

303 5442 471 5521 giliis,
505 5448 617 5503 sive
666 5442 969 5521 nocturnis,
1002 5447 1078 5521 _B.
1135 5442 1303 5499 Pater
1339 5442 1618 5521 duplicem'
1661 5442 1891 5497 instituit

301 5516 597 5581 rationem,
643 5520 940 5573 secundum
988 5516 1122 5571 duas
1175 5525 1373 5585 partes,
1428 5516 1483 5568 in
1524 5528 1657 5585 quas
1710 5522 1887 5568 totum

300 5607 502 5647 annum
533 5590 732 5661 divisit,
759 5587 1001 5661 videlicet
1023 5602 1051 5640 a
1086 5586 1341 5661 kalendis
1362 5585 1697 5661 Novembris
1720 5599 1889 5653 usque

302 5664 368 5719 ad
398 5660 624 5724 Pascha,
653 5655 770 5716 et'a
800 5658 1056 5713 Paschate
1081 5673 1250 5728 usque
1279 5657 1345 5711 ad
1376 5655 1632 5728 kalendas
1654 5657 1890 5728 Novem-

302 5736 430 5789 bris.
480 5737 556 5789 De
603 5731 878 5787 Laudibus
907 5745 1036 5784 vero
1077 5727 1316 5784 dicendis
1341 5743 1504 5782 unam
1538 5727 1887 5783 solummodo

301 5804 540 5877 disponit
573 5805 865 5869 rationem,
909 5801 1173 5877 videlicet,
1211 5808 1273 5854 ut
1296 5798 1605 5877 incipiente
1650 5797 1801 5877 luce,
1836 5796 1890 5853 id

303 5869 404 5944 est,
459 5878 561 5933 sub
616 5889 833 5942 aurora,
897 5872 978 5928 vel
1031 5871 1349 5943 crepusculo
1401 5870 1503 5926 diei
1573 5869 1890 5943 regulariter

1932 1804 1980 1866 B

2008 1276 2259 1340 agantur,
2301 1275 2415 1323 tam
2444 1268 2497 1323 in
2544 1267 2742 1333 hieme,
2773 1283 2939 1340 quam
2980 1268 3035 1323 in
3072 1275 3279 1325 aestate.
3320 1270 3389 1324 Et
3425 1269 3609 1340 priore

2007 1339 2226 1409 quidem
2263 1347 2533 1409 tempore,
2563 1355 2763 1409 nempe
2790 1339 3003 1405 hiemis,
3037 1349 3229 1395 monet
3254 1339 3444 1394 octava
3472 1341 3606 1397 hora

2006 1410 2181 1465 noctis
2224 1409 2565 1481 surgendum
2602 1425 2741 1476 esse,
2772 1419 2851 1481 ut
2896 1412 3059 1480 paqu
3102 1410 3337 1480 amplius
3384 1410 3607 1468 dimidia

2006 1490 2165 1552 nocte
2212 1480 2488 1550 pausetur,
2529 1488 2634 1535 etc.
2682 1480 2789 1536 Sed
2827 1482 3095 1552 quaeritur
3138 1480 3421 1551 quomodo
3448 1484 3607 1545 ,acci-

2010 1551 2200 1621 pieuda
2227 1553 2299 1605 sit
2335 1551 2438 1605 ista
2480 1560 2671 1607 octava
2705 1551 2864 1619 hora,
2893 1566 3022 1607 cum
3056 1566 3249 1607 omnes
3274 1561 3464 1608 noctes
3491 1566 3604 1609 non

2006 1621 2116 1676 sint
2139 1621 2398 1693 aequales,
2425 1621 2597 1677 immo
2626 1637 2819 1678 omnes
2851 1623 3165 1693 inaequales,
3199 1623 3340 1678 sicut
3370 1632 3425 1678 et
3452 1623 3605 1679 dies?

2007 1692 2328 1762 Respondet
2351 1694 2821 1760 Turrecrematus,
2858 1692 3003 1763 quod
3027 1710 3147 1747 cum
3174 1695 3228 1751 S.
3271 1697 3432 1749 Pater
3460 1695 3607 1750 dicat

2009 1764 2141 1817 hora
2178 1767 2365 1817 octava
2405 1765 2739 1832 surgendum
2777 1779 2906 1826 esse,
2947 1769 3009 1819 ut
3039 1766 3242 1820 modice
3269 1767 3505 1834 amplius
3539 1767 3607 1821 de

2008 1835 2185 1887 media
2197 1839 2345 1888 nocte
2352 1839 2633 1903 pausetur,
2647 1840 2831 1905 aperte
2849 1836 3101 1904 designat
3114 1836 3259 1905 quod
3269 1842 3458 1890 octava
3472 1838 3608 1891 hora

2006 1907 2079 1958 sit
2092 1910 2215 1973 post
2237 1906 2471 1959 mediam
2498 1912 2733 1973 noctem;
2766 1910 2816 1961 et
2838 1922 2936 1976 per
2958 1921 3297 1976 consequens,
3330 1908 3476 1976 quod
3500 1922 3607 1962 non

2007 1978 2190 2029 veniat
2222 1977 2529 2045 accipienda
2557 1978 2849 2032 secundum
2877 1978 3119 2032 ordinem
3155 1978 3417 2032 horarum
3439 1981 3607 2033 noctis

2008 2047 2290 2115 cujuslibet
2315 2049 2532 2110 mensis,
2553 2049 2648 2102 sed
2666 2049 2955 2103 secundum
2980 2050 3465 2118 proportionemad
3480 2054 3609 2104 tem-

2002 2132 2109 2186 pus
2140 2117 2496 2177 kalendarum
2523 2121 2831 2175 Novembris
2862 2138 2879 2173 :
2910 2117 3096 2174 ethoc
3114 2124 3195 2174 est
3217 2121 3362 2189 quod
3390 2125 3606 2175 sanctus

2010 2191 2173 2242 Pater
2200 2189 2350 2249 dicit,
2376 2189 2549 2257 juxta
2577 2192 3051 2246 considerationem
3087 2192 3339 2253 rationis,
3375 2196 3606 2257 sumpta

2011 2207 2173 2242 mter
2200 2207 2350 2249 dicit,
2376 2207 2549 2257 juxta
2577 2207 3051 2246 considerationem
3087 2207 3339 2253 rationis,
3375 2207 3497 2244 sum
3538 2207 3606 2245 τω

2011 2260 2209 2313 scilicet
2248 2275 2283 2312 ιι
2314 2260 2559 2315 kalendis
2595 2262 2926 2318 Novembris.
2977 2266 3051 2316 Ita
3076 2260 3192 2315 ille.
3235 2264 3445 2317 Verum
3490 2207 3607 2317 ἔξω

2014 2329 2330 2401 obscuriora
2382 2338 2534 2398 sunt,
2581 2347 2747 2401 quam
2793 2342 2854 2387 ut
2897 2331 3064 2386 cuivis
3116 2332 3247 2386 satis
3288 2339 3507 2401 pateant
3552 2339 3608 2387 et

2014 2347 2330 2384 ouscunora
2382 2347 2534 2398 sunt,
2620 2348 2747 2398 uam
2793 2347 2854 2387 ut
2897 2347 3064 2386 CUIVIS
3116 2347 3247 2386 satis
3288 2347 3507 2401 pateant
3552 2347 3606 2387 et

2012 2400 2359 2454 satisfaciant.
2418 2347 2652 2456 Proinde
2701 2402 2999 2467 notandum
3041 2401 3109 2456 de
3160 2401 3308 2455 horis
3371 2401 3606 2467 inaequa-

2014 2470 2157 2553 libus
2212 2470 2304 2553 hic
2352 2472 2460 2553 agi,
2518 2480 2586 2553 et.
2622 2487 2685 2525 ex
2750 2472 2833 2553 his
2891 2470 3221 2553 sumendum
3264 2470 3437 2553 .hujus
3492 2470 3602 2553 loci

2014 2486 2154 2525 unus
2214 2486 2304 2524 mc
2352 2486 2460 2595 agi,
2518 2486 2574 2526 et
2622 2487 2685 2525 ex
2750 2486 2833 2526 nis
2891 2486 3221 2526 sumendum
3277 2486 3437 2553 nujus
3493 2486 3602 2526 loci

2012 2541 2363 2613 intellectum.
2449 2557 2542 2596 ora
2573 2542 2847 2613 inaequalis
2878 2551 2957 2597 est
2982 2557 3110 2613 pars
3132 2541 3453 2613 duodecima
3488 2549 3606 2597 tam

2012 2612 2115 2667 diei
2145 2627 2321 2694 quam
2334 2613 2523 2694 noctis
2561 2613 2869 2694 artiﬁcialis.
2908 2612 3266 2694 Dividehatur
3299 2612 3444 2694 enim
3471 2612 3608 2694 olim

2049 2682 2217 2738 navis
2246 2682 2540 2754 artificialis
2566 2683 2702 2750 dies,
2736 2692 2790 2737 et
2825 2684 3079 2754 quaelibet
3102 2699 3233 2749 nox,
3264 2691 3326 2737 ut
3352 2684 3607 2754 superius

2049 2699 2217 2738 navis
2246 2699 2535 2737 aruuciaus
2566 2699 2702 2750 dies,
2736 2699 2790 2737 et
2825 2699 3079 2754 quaelibet
3102 2699 3233 2749 nox,
3264 2699 3326 2737 ut
3352 2699 3605 2753 superius

2011 2699 2216 2810 dictum
2265 2763 2368 2820 est,
2418 2754 2472 2807 in
2515 2753 2804 2808 duodecim
2848 2754 3136 2824 particulas
3177 2754 3416 2823 aequales
3464 2753 3605 2824 inter

2016 2840 2094 2896 se,
2137 2840 2257 2896 quae
2297 2824 2448 2880 hora:
2487 2825 2784 2896 inaequales
2820 2823 2875 2878 et
2915 2824 3217 2896 antiquaria
3241 2823 3606 2894 Scriptoribus

2011 2894 2289 2951 dicuntur.
2348 2894 2883 2966 Antiqnaa'quidem,
2935 2895 3190 2967 quoniam
3232 2897 3374 2967 apud
3412 2910 3607 2951 omnes

2009 2966 2260 3037 antiquos
2278 2980 2467 3020 earum
2502 2981 2633 3027 usus
2659 2967 2882 3037 exstitit.
2927 2966 3227 3036 lnzequales
3251 2975 3460 3031 autem,
3484 2981 3592 3037 non

2008 3038 2154 3106 quod
2189 3037 2342 3092 liora:
2371 3037 2530 3091 unius
2573 3036 2679 3091 diei
2721 3038 2799 3091 vel
2830 3037 3006 3091 noctis
3045 3037 3183 3091 inter
3223 3053 3282 3092 se
3312 3044 3491 3091 essent
3518 3036 3599 3090 in-

2008 3108 2267 3179 aequales,
2292 3108 2395 3162 hoc
2418 3109 2563 3179 enim
2601 3106 2804 3179 falsum
2833 3117 2933 3174 est,
2957 3122 3085 3162 cum
3110 3108 3415 3179 quamlibet
3453 3106 3598 3179 diem

1936 3170 2328 3233 Cac‘noctem
2383 3178 2785 3248 ingduodecim
2843 3170 3020 3247 partes
3067 3170 3302 3248 aequales
3350 3177 3598 3233 distribui

2005 3249 2337 3317 dixerimus;
2380 3246 2478 3303 sed
2506 3249 2631 3320 quia
2667 3249 2802 3304 dum
2832 3246 2947 3303 dies
2982 3246 3285 3303 artiﬁciales
3323 3257 3593 3320 etinoctes

2003 3320 2111 3374 sint
2140 3320 2469 3392 inaequales,
2512 3319 2747 3390 exceptis
2787 3320 3148 3392 mquinoctiis,
3183 3320 3338 3392 horae
3370 3319 3471 3392 diei
3517 3320 3599 3392 vel

2003 3390 2179 3461 noctis
2228 3388 2490 3461 longioris
2532 3388 2770 3461 majores
2815 3388 2948 3445 sunt
2974 3390 3126 3445 horis
3160 3391 3268 3445 diei
3301 3390 3383 3444 vel
3427 3388 3601 3445 noctis

2006 3460 2282 3532 brevioris.
2325 3460 2466 3515 Nam
2497 3471 2557 3516 ut
2601 3460 2656 3515 in
2696 3461 3184 3532 hiemelongiores
3209 3469 3343 3532 sunt
3389 3469 3599 3532 noctes,

2005 3531 2077 3585 ita
2124 3540 2179 3587 et
2213 3540 2392 3602 partes
2429 3546 2640 3597 earum,
2672 3532 2724 3586 id
2762 3541 2866 3595 est,
2888 3530 3050 3586 horas
3075 3531 3365 3587 duodecim
3397 3530 3600 3602 longio-

2005 3618 2090 3656 res
2119 3601 2236 3673 esse
2263 3610 2479 3672 oportet
2502 3617 2665 3673 quam
2693 3603 2745 3657 in
2775 3611 2961 3657 testate
2986 3622 2998 3656 τ
3026 3611 3079 3657 et
3102 3611 3317 3668 contra,
3339 3617 3448 3672 quo
3479 3601 3599 3657 lon-

2004 3673 2182 3743 giores
2204 3672 2413 3728 diurnae
2436 3674 2488 3726 in
2518 3672 2729 3733 testate,
2756 3688 2822 3727 eo
2855 3673 3131 3728 breviores
3165 3682 3469 3728 nocturnae.
3506 3673 3602 3728 His

2005 3744 2154 3799 horis
2184 3744 2543 3815 inaequalibus
2583 3745 2874 3798 utebantur
2895 3744 3093 3810 Judaei,
3122 3753 3183 3799 ut
3200 3760 3264 3797 ex
3292 3744 3457 3799 sacris
3485 3743 3601 3815 Lit-

2005 3816 2133 3886 teris
2170 3813 2405 3886 constat,
2450 3815 2691 3886 itemque
2738 3815 2995 3884 Romani,
3038 3823 3092 3869 et
3132 3816 3273 3886 Itali,
3316 3824 3377 3886 et
3412 3813 3599 3886 omnis

2004 3884 2116 3941 fere
2154 3885 2464 3957 antiquitas,
2498 3894 2559 3940 ut
2601 3884 2659 3940 et
2697 3886 2971 3950 Historiae,
3008 3894 3061 3939 et
3098 3885 3219 3940 libri
3251 3884 3598 3940 Mathemati-

2003 3972 2193 4011 corum
2217 3964 2484 4011 testantur
2502 3957 2666 4021 (Vide
2677 3958 2761 4010 hic
2781 3957 3080 4025 Smaragdi
3094 3958 3593 4023 Commentarium},

2004 4029 2213 4082 Horam
2262 4027 2430 4099 igitur
2456 4036 2721 4099 octavam
2766 4027 2942 4082 noctis
2984 4028 3230 4099 intelligit
3250 4030 3330 4099 1).
3372 4026 3600 4099 Beuedi:

2003 4107 2144 4163 ctus,
2178 4097 2306 4168 quae
2330 4098 2611 4154 nocturnis
2649 4098 2796 4154 horis
2831 4099 2898 4151 ab
2928 4113 3123 4153 occasu
3159 4097 3290 4153 solis
3323 4113 3497 4168 usque
3527 4097 3597 4154 ad

2004 4169 2120 4240 ejus
2146 4179 2396 4224 exlirtum
2430 4169 2781 4240 computatis,
2813 4170 3004 4240 quovis
3036 4179 3301 4240 tempore,
3333 4183 3596 4224 numera-

2004 4239 2097 4311 tur
2118 4249 2328 4306 octava,
2360 4248 2414 4293 et
2447 4239 2673 4311 proinde
2704 4239 2961 4311 secunda,
2994 4249 3088 4295 aut
3129 4240 3286 4309 tertia
3325 4248 3450 4311 post
3477 4255 3598 4295 me-

2005 4310 2149 4381 diam
2192 4309 2454 4375 noctem:
2498 4310 2609 4364 sive
2643 4309 2748 4364 illae
2779 4310 2929 4365 hora“:
2976 4311 3250 4381 longiores
3286 4309 3415 4376 sint,
3449 4318 3511 4366 ut
3544 4310 3599 4366 in

2003 4380 2207 4445 hieme,
2242 4382 2355 4435 sive
2384 4380 2676 4446 breviores,
2708 4388 2769 4435 ut
2807 4382 2861 4436 in
2899 4380 3097 4438 aestate
3118 4385 3211 4447 (In
3237 4398 3357 4451 cap.
3408 4388 3471 4437 16
3498 4385 3599 4438 Re-

2005 4454 2166 4520 gulce,
2205 4455 2264 4505 in
2291 4453 2685 4524 ﬁne)g._Verum
2723 4452 2809 4507 hic
2848 4454 3083 4508 occurrit
3122 4453 3289 4524 altera
3337 4452 3594 4524 objectio,

2003 4539 2164 4593 quam
2204 4531 2387 4577 movet
2421 4522 2564 4576 idem
2603 4525 3051 4579 Turrecrematus
3087 4523 3196 4578 alio
3226 4523 3346 4579 loco
3385 4522 3597 4579 {Vide-

2004 4599 2119 4658 tur,
2143 4593 2338 4663 inquit,
2368 4594 2511 4647 illud
2539 4594 2683 4663 quod
2707 4594 2940 4650 dicitur:
2972 4617 2996 4642 α
3029 4595 3209 4650 Media
3235 4598 3386 4649 nocte
3411 4611 3598 4663 surge-

2005 4664 2316 4728 bam(Psal.
2349 4674 2607 4729 cxvni),
2646 4688 2670 4712 υ
2702 4674 2835 4732 etc.,
2865 4667 3225 4721 contradicere
3248 4666 3478 4734 ei,qu
3505 4666 3600 4719 di-

2003 4740 2145 4790 ctum
2174 4740 2251 4790 est
2268 4738 2326 4789 in
2355 4737 2589 4807 capitulo
2611 4740 2814 4797 octavo,
2848 4738 2993 4806 quod
3008 4738 3194 4791 hiemis
3223 4742 3452 4807 tempore
3475 4751 3597 4791 sur-

2003 4808 2235 4876 gendum
2250 4812 2327 4861 est
2354 4808 2429 4860 ad
2438 4808 2655 4875 vigilias
2670 4812 2857 4861 octava
2883 4809 3037 4869 hora,
3070 4812 3132 4862 ut
3146 4808 3349 4862 modice
3362 4808 3596 4876 amplius

1999 4880 2177 4933 media
2202 4883 2350 4932 nocte
2368 4883 2655 4948 pausetur.
2682 4880 3068 4947 Respondetur,
3091 4879 3235 4948 quod
3259 4878 3494 4933 medium
3513 4880 3597 4932 in-

2000 4953 2084 5002 ter
2122 4951 2315 5019 aliqua
2350 4949 2552 5003 dicitur
2588 4949 2793 5003 duobus
2820 4951 2991 5003 modis
3025 4968 3041 5003 :
3074 4954 3173 5004 aut
3208 4965 3305 5019 per
3331 4950 3596 5018 aequalem

1999 5021 2320 5074 distantiam
2346 5023 2711 5081 terminorum,
2738 5024 2837 5074 aut
2860 5037 2956 5091 per
2974 5023 3427 5091 interpositionem
3452 5022 3595 5073 inter

2001 5094 2271 5146 terminos.
2307 5091 2564 5145 Medietas
2592 5092 2760 5144 noctis
2797 5094 2857 5144 in
2893 5092 3034 5146 dicto
3075 5092 3349 5161 Prophetas
3394 5091 3597 5145 dicitur

1998 5163 2255 5215 medietas
2292 5175 2393 5231 per
2428 5164 2882 5231 interpositionem
2922 5165 3063 5216 inter
3097 5167 3285 5232 partes
3324 5167 3594 5217 extremas

1996 5234 2163 5286 noctis
2195 5251 2211 5286 :
2242 5233 2533 5286 secundum
2567 5248 2733 5301 quam
2760 5232 2929 5288 medii
2955 5234 3219 5288 rationem
3255 5249 3375 5287 cum
3403 5238 3594 5288 octava

1998 5303 2131 5355 hora
2165 5305 2432 5374 surgitur,
2458 5304 2637 5357 media
2659 5308 2808 5358 nocte
2835 5307 3100 5372 surgitur.
3128 5306 3260 5359 Haec
3284 5305 3394 5359 ille.
3426 5303 3597 5374 Cujus

1998 5374 2285 5446 sententiae
2306 5373 2636 5446 suffragatur
2665 5376 2719 5430 S.
2744 5374 2983 5446 Thomas
3005 5390 3081 5432 tu
3109 5385 3247 5445 part.
3288 5392 3343 5444 q.
3369 5380 3459 5434 51,
3485 5381 3591 5428 art.

1997 5445 2203 5527 4,.ιξιιξ.
2228 5461 2504 5527 εχρρηίᾞε
2529 5448 2692 5527 verba
2726 5445 2976 5527 Gregorii
3011 5452 3029 5509 (
3233 5448 3388 5527 21in
3412 5449 3594 5527 Evan-

1999 5514 2383 5583 gel.)dicentis
2416 5516 2692 5571 Christum
2729 5514 2904 5571 media
2931 5526 3091 5571 nocte
3120 5517 3442 5577 surrexisse,
3470 5515 3544 5569 ait
3577 5532 3591 5567 :

1997 5589 2114 5642 Non
2141 5588 2356 5656 quidem
2382 5592 2531 5641 nocte
2555 5588 2730 5642 divisa
2752 5591 2810 5641 in
2834 5589 2972 5643 duas
3001 5592 3185 5658 partes
3213 5588 3468 5657 aequales,
3500 5586 3595 5639 sed

1995 5658 2153 5724 inf-ra
2190 5663 2411 5713 noctem.
2441 5660 2585 5713 Illud
2612 5661 2772 5721 enim,
2813 5659 3010 5729 inquit,
3051 5660 3348 5713 diluculum
3386 5662 3438 5712 et
3464 5672 3597 5726 pars

1996 5731 2184 5792 noctis,
2217 5735 2267 5783 et
2295 5744 2426 5799 pars
2449 5730 2562 5783 diei
2589 5730 2701 5784 dici
2721 5734 2913 5799 potest,
2942 5734 3163 5800 propter
3183 5730 3597 5784 convenientiam

1997 5816 2161 5869 quam
2201 5802 2360 5855 habet
2404 5817 2523 5855 cum
2553 5805 2797 5869 utroque.
2839 5802 2925 5856 Sic
2943 5799 3011 5857 ’S.
3054 5802 3311 5856 Thomas.
3359 5799 3599 5853 Causam

1999 5887 2124 5926 vero
2153 5886 2437 5943 assignans
2483 5874 2548 5925 ι).
2583 5868 2907 5928 Benedictus
2947 5886 3046 5926 cur
3084 5880 3301 5927 tantum
3331 5868 3597 5941 temporis
