4052 6200
346 235 426 288 l33

842 233 932 290 DE
968 232 1451 291 CENOBIORUM
1485 233 1730 291 INSTIT.
1773 235 1903 291 LIB.
1941 235 2031 293 llI.
2069 266 2142 278 —
2180 238 2268 294 DE
2306 239 2578 298 DIURNIS
2613 239 3094 300 ORATIONIBUS.

3523 250 3624 305 134

339 362 476 436 pletis
503 359 796 418 matutinis
837 359 1062 432 hymnis
1097 360 1302 416 iterum
1331 367 1683 417 revertuntur
1711 359 1784 418 ad
1817 376 1913 418 so-
1942 365 1994 428 Α
2022 377 2308 436 emergens
2337 365 2587 436 quaedam
2632 365 2995 424 redundantia
3032 367 3337 425 humorum
3389 379 3618 429 natura-

337 466 534 526 mnuln,
563 453 620 510 in
649 451 808 510 illam
840 467 1067 510 causam
1095 453 1458 510 nihilominus
1485 453 1811 522 incidentes,
1841 453 1915 512 ob

337 561 479 622 quam
511 549 972 620 compescendam
1013 548 1131 606 hac
1159 565 1192 605 a
1235 547 1547 606 seniOrib'us
1579 547 1787 604 nostris
1829 563 1920 605 so-

335 643 571 700 lemnitas
610 643 864 701 instituta
893 651 996 702 est.
1029 643 1126 701 Illa
1152 659 1400 717 namque
1435 643 1576 700 hora
1623 658 1750 700 eam
1797 657 1919 698 con-

337 754 600 797 summare
631 737 902 799 festinant
924 781 940 809 ,
971 756 1076 814 qua
1103 737 1599 813 ne‘gligentioribus
1625 739 1918 810 minusque

332 832 561 890 sollicitis
589 849 815 890 rursum
844 831 1160 890 dormiendi
1191 831 1458 890 reddatur
1487 831 1720 889 occasio.
1755 829 1918 903 Quod

334 923 658 982 omnimodis
693 925 807 982 fieri
855 942 970 983 non
1011 935 1258 1000 oportet,
1289 927 1432 983 sicut
1461 926 1516 982 in
1546 925 1728 983 libello
1757 940 1916 996 supe-

332 1019 450 1078 riori
481 1020 852 1078 describentes
883 1022 1264 1096 Egyptiorum
1295 1021 1548 1094 synaxim
1590 1021 1802 1094 plenius
1823 1035 1916 1076 ex—

331 1115 639 1186 posuimus,
692 1130 760 1170 ne
791 1115 1234 1186 purificationem
1272 1121 1525 1190 noetram
1573 1113 1917 1172 confessione

330 1207 552 1280 supplici
600 1215 656 1264 et
701 1206 1040 1264 antelucanis
1069 1207 1410 1264 orationibus
1440 1207 1765 1279 acquisitam
1787 1249 1804 1277 ,
1834 1207 1916 1263 vel

2022 456 2160 513 lium
2209 457 2446 530 polluat,
2499 459 2580 515 vel
2632 459 2815 516 illusio
2873 470 3194 534 corrumpat
3230 461 3492 533 inimici,
3545 465 3627 522 vel

2023 558 2170 608 certe
2211 552 2560 610 intercedens
2587 553 2754 610 etiam
2785 555 2904 628 puri
2937 571 3000 612 ac
3030 555 3300 630 simplicis
3326 559 3508 615 somni
3542 574 3629 617 re-

2024 643 2186 702 fectio
2217 647 2585 720 interrumpat
2633 647 2859 720 spiritus
2887 650 3060 706 nostri
3091 651 3392 717 fervorem,
3432 669 3497 710 ac
3539 662 3626 711 te-

2017 729 2268 811 ‘pefactos
2295 742 2476 798 somni
2505 751 2726 814 torpore
2749 758 2843 814 per
2870 751 3053 800 totum
3085 744 3194 800 diei
3217 748 3456 818 spatium
3483 747 3628 804 iner-

2022 840 2107 889 tes
2139 832 2396 906 deinceps
2427 835 2764 908 ignavosque
2801 835 3067 892 traducat.
3097 837 3260 906 Quod
3291 839 3528 912 Aigyptii
3555 856 3626 896 ne

2021 924 2332 995 incurrant,
2364 926 2620 998 equidem
2661 943 2790 984 cum
2829 929 3041 986 soleant
3082 931 3248 986 certis
3293 934 3630 1004 temporibus

2025 1019 2191 1076 etiam
2221 1028 2348 1076 ante
2395 1020 2668 1094 gallorum
2716 1030 2945 1078 cantum
2997 1039 3358 1098 consurgere,
3397 1031 3422 1058 ³
3461 1028 3628 1085 Missa

2025 1114 2291 1171 canonica
2321 1113 2592 1172 celebrata
2615 1156 2628 1181 ,
2661 1131 2834 1188 usque
2863 1116 2932 1172 ad
2962 1117 3144 1174 lucem
3185 1112 3214 1152 δ
3244 1128 3368 1191 post
3398 1119 3518 1178 haec
3546 1121 3626 1177 vi-

2024 1208 2181 1282 gilias
2209 1208 2535 1278 extendunt;
2583 1218 2647 1266 ut
2675 1225 2769 1266 eos
2797 1211 3187 1283 superveniens
3235 1213 3329 1268 lux
3359 1214 3631 1271 matutina

1421 1351 1679 1407 ALARDI
1718 1351 1946 1407 ΟΑΖᾸΞΙ
1981 1351 2540 1408 COMMENTARIUS.

330 1473 480 1531 detur
504 1473 838 1545 pausationi,
871 1472 1057 1545 idest,
1087 1473 1256 1545 quieti
1289 1481 1343 1528 et
1369 1489 1614 1540 sommo,
1643 1473 1781 1530 dicit
1822 1495 1836 1530 :
1863 1478 1925 1528 ut

321 1545 430 1616 jam
458 1543 678 1616 digesti,
702 1543 760 1616 id
788 1551 894 1616 est,
927 1543 1047 1614 jam
1067 1543 1312 1616 decoctis
1339 1545 1480 1601 cibis
1506 1553 1672 1616 atque
1700 1545 1927 1615 deposi-

332 1611 396 1672 tis
414 1611 648 1672 leviores
675 1611 862 1672 effecti
891 1611 1216 1687 aigravitate
1247 1615 1527 1687 ciborum,
1557 1611 1790 1687 surgant
1809 1631 1929 1687 per-

330 1687 510 1760 vigiles
545 1694 602 1741 et
638 1684 976 1760 alacresad:
999 1684 1250 1760 ofﬁcium
1295 1684 1546 1760 divinum
1577 1684 1928 1760 devoteper-j

330 1755 594 1830 agendum
613 1799 630 1824 ,
655 1758 812 1831 juxta
842 1755 975 1812 illu'd
999 1760 1071 1813 D.
1096 1758 1418 1831 Hieronymi
1445 1760 1664 1828 (Epist.
1691 1764 1758 1822 4)
1779 1755 1814 1812 ’ξ
1836 1758 1930 1814 Ad

332 1828 618 1884 orationem
651 1828 756 1884 tibi
781 1833 930 1884 nocte
962 1832 1222 1898 surgenti,
1259 1828 1366 1884 non
1403 1831 1692 1899 indigestio
1716 1833 1930 1899 rnatum

331 1903 516 1983 (acuat,
545 1900 642 1954 sed
671 1902 932 1983 inanitas.
963 1892 1434 1983 sequiture‘ouod
1458 1892 1580 1983 vero
1597 1904 1766 1954 restat
1785 1892 1931 1983 (sei-

332 1971 450 2027 lieet
478 1969 770 2041 temporis)
793 1974 913 2040 post
952 1969 1196 2040 uigilias,
1227 1970 1283 2026 id
1313 1979 1418 2036 εει,
1443 1977 1775 2026 nocturnum
1803 1969 1931 2025 ofﬁ-

331 2043 498 2111 cium,
529 2058 565 2096 a
601 2043 890 2112 fratribus,
916 2045 1014 2110 qui
1031 2043 1281 2112 psalterii
1299 2042 1381 2095 uel
1411 2043 1692 2112 lectionum
1715 2041 1932 2110 aliquid

331 2114 589 2182 indigent,
624 2111 678 2166 id
715 2120 818 2179 est,
844 2127 976 2180 opus
1005 2111 1202 2167 habent
1219 2111 1434 2182 aliquid
1461 2113 1712 2182 psalterii
1735 2113 1818 2166 uel
1855 2112 1932 2166 le-

331 2187 556 2240 ctionum
581 2183 766 2252 legere,
799 2185 1142 2253 perscrutari
1167 2187 1266 2237 aut
1302 2184 1603 2253 prouidere,
1631 2182 1710 2238 ait
1736 2183 1935 2253 Turre-

327 2261 614 2318 crematus,
635 2251 994 2308 meditationi
1017 2251 1362 2315 inserviant},
1405 2251 1461 2308 id
1491 2259 1610 2324 est,
1645 2252 1934 2324 impenda-

334 2333 436 2380 tur.
472 2323 586 2380 Ubi
625 2324 964 2395 Smaragdus
1010 2324 1193 2380 Abbas
1234 2331 1288 2378 et
1329 2324 1553 2395 Regula:
1598 2323 1864 2395 interpres
1916 2340 1930 2377 :

333 2399 438 2452 Non
465 2397 572 2458 hic,
607 2394 806 2465 inquit,
830 2394 1086 2458 domire,
1113 2396 1249 2450 sicut
1267 2394 1490 2464 quidam
1511 2395 1721 2458 uolunt,
1745 2394 1932 2450 beatus

330 2468 666 2530 Benedictus,
699 2467 794 2520 sed
819 2467 1062 2534 uigilare
1088 2465 1280 2536 jubet;
1319 2481 1422 2520 non
1473 2467 1529 2520 in
1575 2465 1762 2520 lectulo
1807 2480 1935 2521 sane

331 2541 588 2608 quiescere
605 2579 622 2600 ,
663 2537 758 2608 sed
793 2537 1136 2608 meditationi
1161 2536 1314 2606 jubet
1344 2538 1617 2591 inservire.
1659 2537 1933 2608 Scriptum

328 2607 398 2664 est
425 2611 570 2664 enim
611 2626 628 2662 :
659 2611 720 2663 In
742 2607 932 2662 lectulo
956 2623 1070 2662 meo
1095 2609 1334 2677 quasivi,
1365 2611 1417 2662 et
1445 2621 1550 2661 non
1569 2609 1751 2662 inveni
1777 2607 1932 2661 illum

331 2681 511 2745 (Cant.
535 2693 609 2735 ιιι
628 2679 667 2743 ).
697 2679 813 2734 Non
831 2681 968 2732 enim
986 2679 1044 2732 in
1063 2679 1248 2733 lectulo
1271 2678 1569 2733 carnalium
1594 2677 1933 2746 voluptatum

329 2752 554 2806 dilectus
597 2750 838 2806 Christus
870 2751 1157 2812 inuenitur,
1188 2749 1282 2804 sed
1318 2751 1376 2802 in
1405 2748 1675 2803 laboribus
1715 2749 1929 2812 sanctis,

330 2823 568 2877 excubiis
609 2821 777 2875 sacris
807 2822 858 2874 et
899 2821 1096 2876 crebris
1125 2819 1492 2886 orationibus;
1529 2835 1634 2874 non
1657 2821 1714 2873 in
1764 2821 1938 2873 somni

329 2897 556 2964 torpore,
578 2893 673 2946 sed
693 2891 1087 2964 inuigiliarum
1100 2893 1358 2964 oratione,
1381 2895 1431 2945 et
1451 2892 1709 2964 orationis
1731 2891 1936 2964 inueni-

330 2959 427 3033 tur—
459 2963 872 3033 compunctiane.
919 2963 1062 3033 Haec
1091 2961 1430 3033 Smaragdus
1451 3003 1470 3029 ,
1513 2961 1715 3033 citans_
1736 2959 1934 3033 deinde

327 3032 474 3089 hunc
515 3031 769 3105 Cassiani
796 3033 978 3105 locum
1005 3031 1106 3105 ,Ain
1137 3048 1264 3105 quo-
1287 3031 1588 3105 iiersamur.
1624 3031 1934 3105 Subscribit

326 3105 497 3160 etiam
543 3107 621 3184 S._
641 3101 996 3184 Hildcgandis
1025 3103 1082 3158 in
1123 3099 1521 3184 eapllicatione-
1543 3102 1802 3184 Regulae,
1835 3102 1930 3184 ubi

1957 1801 2006 1863 B

2032 1482 2212 1548 ctemi;
2242 1491 2354 1548 non
2383 1483 2568 1531 tamen
2597 1474 2720 1532 ideo
2749 1473 3146 1548 damnandum,
3165 1490 3291 1532 cum
3315 1475 3630 1548 hujusmodi

2033 1547 2390 1618 accidentalia
2433 1555 2912 1618 pro_temporum,
2956 1547 3226 1612 locorum,
3265 1563 3332 1604 ac
3373 1547 3632 1618 persona:

2034 1633 2158 1688 rum
2189 1615 2503 1688 diversitate
2531 1615 3034 1688 facile—mutentur;
3066 1615 3389 1688 praesertim'
3411 1633 3538 1673 cum
3576 1616 3633 1674 id

2040 1687 2244 1759 factum
2290 1687 2546 1759 videatur
2577 1687 2810 1758 duplici,
2861 1703 3032 1759 eaque
3068 1687 3569 1759 ’provida‘ratione
3615 1707 3628 1742 :

2039 1757 2220 1830 primo
2251 1758 2323 1812 ob
2352 1757 2749 1830 prolinitatem,
2782 1773 2880 1812 seu
2909 1757 3274 1830 augmentum
3309 1757 3479 1813 divini
3511 1757 3633 1830 offi-

2039 1827 2136 1893 cii,
2166 1827 2472 1899 praesertim
2507 1827 2834 1899 lectionum,
2864 1827 3316 1899 antiphonarum,
3364 1837 3502 1895 etc.,
3535 1829 3634 1884 ad-

2039 1897 2184 1971 ditis
2202 1897 2426 1971 insuper
2454 1901 2516 1952 B.
2550 1897 2824 1971 Virginis,
2854 1913 2956 1954 nec
2983 1897 3094 1954 non
3123 1897 3517 1971 defunctorum
3551 1899 3635 1956 of-

2040 1970 2200 2036 ficiis,
2250 1969 2556 2040 multisque
2598 1969 2962 2040 psalmorum,
2993 1969 3352 2040 orationum,
3397 1984 3636 2024 comme-

2037 2041 2414 2097 morationum
2443 2038 2947 2112 appendicibus,ret
2975 2039 3365 2112 additamentis
3386 2040 3451 2096 de
3465 2055 3635 2112 novo,

2040 2121 2095 2168 et
2137 2126 2395 2168 successu
2439 2110 3056 2182 temporisinstitutis,
3116 2110 3319 2182 quibus
3358 2110 3638 2180 explendis

2040 2182 2390 2253 commodius
2441 2190 2496 2236 et
2529 2181 2808 2237 salubrius
2855 2181 3036 2238 visum
3067 2181 3182 2248 est,
3227 2182 3537 2253 praesertim
3561 2183 3636 2253 in

2039 2252 2236 2310 diebus
2281 2251 2758 2324 _solemnioribus,
2813 2253 3194 2324 tempestivius
3231 2251 3408 2324 'quam
3451 2252 3635 2309 media

2039 2333 2202 2396 nocte
2229 2322 2300 2396 ad
2329 2333 2634 2396 nocturnos
2662 2322 3209 2396 surgere;:secundo,
3232 2322 3299 2378 ex
3330 2324 3433 2378 hac
3464 2325 3634 2396 etiam

2041 2395 2388 2457 diversitate,
2426 2403 2480 2466 et
2519 2394 2784 2466 varietate
2807 2395 2945 2450 illud
2973 2395 3340 2466 sequitur,.ut
3381 2394 3634 2466 assidue,

2042 2475 2097 2538 e_t
2125 2467 2396 2522 omnibus
2434 2465 2586 2521 horis
2607 2473 2732 2538 tam
2763 2465 3261 2538 nocturniis’quam
3281 2465 3492 2538 diurnis
3523 2465 3640 2521 lau-

2043 2536 2204 2593 detur
2234 2539 2406 2600 Deus,
2439 2544 2494 2591 et
2525 2536 2674 2591 nulla
2703 2551 2830 2606 pars
2858 2537 3040 2592 noctis
3065 2535 3112 2591 a'
3140 2535 3298 2592 laude
3325 2536 3507 2592 divina
3539 2553 3634 2592 va-

2045 2615 2153 2680 cet,
2187 2623 2316 2680 eum
2335 2606 2428 2661 alii
2461 2606 2596 2680 alias
2634 2606 2815 2661 noctis
2843 2615 3023 2678 partes
3059 2607 3375 2680 vigiliasque
3403 2607 3640 2680 sibidc-

2051 2677 2298 2748 legerint,
2331 2691 2432 2732 nec
2477 2677 2646 2748 ullam
2677 2677 2867 2732 earum
2901 2677 3635 2748 prorsus'prmtermiserint;

2044 2747 2176 2819 nam
2199 2748 2367 2803 multi
2393 2755 2539 2819 certe
2557 2747 2662 2802 hoc
2681 2755 2952 2819 tempore,
2973 2747 3069 2819 qui
3105 2747 3360 2819 privatim
3385 2748 3638 2803 officium

2043 2818 2300 2884 recitant,
2328 2817 2567 2890 primam
2595 2817 2776 2890 noctis
2805 2817 3117 2890 observant
3137 2818 3410 2888 vigiliam;
3441 2833 3640 2874 secun-

2044 2890 2176 2947 dam
2205 2897 2260 2946 et
2307 2887 2532 2945 tertiam
2570 2888 2836 2960 Religiosi
2881 2887 2996 2960 fere
3045 2887 3342 2960 occupant;
3379 2897 3640 2960 quartam

2043 2961 2418 3018 communiter
2488 2957 2750 3031 ecclesiae
2790 2957 3129 3016 cathedrales
3178 2957 3250 3031 ξεῖ
3305 2957 3639 3031 collegiatze;

2042 3041 2208 3104 atque
2237 3031 2312 3104 ita
2335 3031 2381 3104 si
2411 3045 2523 3104 non
2550 3031 2620 3104 ab
2651 3028 2885 3104 iisdem,
2927 3037 3076 3086 certe
3101 3046 3133 3086 a
3163 3029 3400 3104 diversis
3411 3028 3526 3104 Dei
3561 3029 3644 3104 fa-

2043 3100 2212 3160 mulis
2245 3102 2432 3160 laudes
2458 3101 2659 3174 divina:
2685 3100 2922 3174 singulis
2946 3101 3230 3157 nocturnis
3257 3100 3454 3174 vigiliis
3494 3102 3643 3174 cele-

322 3191 391 3232 ex
428 3174 732 3245 praemissis
759 3171 1006 3243 ejiisdem
1028 3171 1208 3245 verbis
1231 3172 1434 3245 infert:
1467 3171 1776 3245 Notandum
1785 3171 1938 3242 quod
1972 3177 2017 3239 C
2053 3175 2298 3242 brentur,
2338 3181 2421 3245 ut
2483 3171 2800 3245 observavit
2862 3171 3126 3245 Thomas
3149 3171 3477 3245 _Waldensis
3540 3172 3636 3245 lih.

321 3243 444 3301 tam
464 3248 528 3299 in
552 3247 758 3305 (estate,
785 3258 949 3310 quam
974 3245 1033 3296 in
1057 3244 1241 3305 hieme,
1269 3244 1467 3297 scilicet
1492 3245 1551 3296 in
1571 3243 1742 3296 tribus
1760 3243 1940 3298 lectio-

317 3319 514 3376 nibus,
542 3318 592 3367 et
623 3314 786 3366 etiam
805 3327 922 3366 cum
949 3328 1056 3367 una
1087 3313 1306 3374 dicitur,
1348 3313 1552 3379 fratres
1578 3327 1670 3366 nec
1694 3317 1818 3382 post
1845 3329 1944 3368 no-

316 3392 566 3446 cturnos,
596 3397 690 3437 nec
703 3387 826 3452 post
851 3385 1164 3446 matutinos,
1195 3383 1268 3438 ad
1292 3383 1482 3436 lectum
1511 3383 1586 3436 ad
1605 3384 1947 3452 pausandum

315 3456 581 3513 redibant
607 3472 624 3508 :
651 3453 748 3508 sed
767 3455 846 3507 ita
870 3459 994 3524 post
1015 3454 1248 3508 mediam
1275 3458 1476 3508 noctem
1505 3459 1790 3508 nocturnas
1810 3457 1947 3524 rigi-

319 3530 430 3583 lias
462 3528 957 3596 utroquetempore
995 3525 1376 3596 temperabant,
1416 3524 1558 3595 quod
1586 3525 1794 3581 Laudes
1821 3527 1944 3596 jam

321 3601 627 3659 cantantes,
651 3595 1039 3651 illucescentem
1074 3595 1216 3651 diem
1261 3597 1520 3650 riderent.
1557 3599 1628 3651 Et
1658 3611 1760 3666 pro
1801 3595 1943 3652 recto

319 3669 586 3740 disposito
605 3671 1026 3740 temperamento
1054 3683 1157 3722 non
1183 3667 1578 3740 gravabantur;
1608 3667 1702 3721 sed
1738 3668 1942 3736 gaude-

323 3739 481 3804 bant,
514 3739 648 3808 quia
675 3740 840 3792 etiam
869 3739 1123 3808 amplius,
1153 3755 1316 3808 quam
1344 3739 1522 3793 media
1550 3742 1716 3800 nocte,
1739 3753 1944 3808 pausa—

321 3815 472 3866 tione
499 3809 672 3878 facta,
703 3812 755 3863 et
776 3809 972 3864 deinde
991 3825 1235 3872 ematssa,
1259 3811 1408 3864 homo
1421 3812 1605 3878 postea
1627 3809 1865 3878 uigilans
1885 3813 1942 3864 in

321 3882 537 3937 uiribus
564 3882 678 3934 suis
702 3894 804 3948 pro
829 3880 914 3935 his
937 3881 1144 3949 vigiliis
1171 3895 1274 3935 non
1306 3879 1643 3942 debilitatur,
1661 3885 1723 3935 ut
1735 3881 1944 3949 pradi-

319 3958 474 4008 ctum
493 3956 592 4006 est.
618 3951 752 4006 Haec
773 3949 885 4006 ille.

397 4019 756 4092 Porrorquod
787 4019 859 4075 ad
889 4021 1119 4077 alteram
1141 4019 1272 4092 anni
1304 4027 1540 4088 partem,
1555 4033 1762 4092 nempe
1784 4027 1940 4092 φειδ-

319 4100 468 4160 tem,
500 4088 723 4154 attinet,
745 4105 916 4161 quam
946 4107 978 4148 a
1008 4091 1272 4146 Paschate
1311 4103 1482 4160 usque
1504 4089 1573 4144 ad
1602 4088 1944 4161 supradictas

319 4159 598 4220 kalendas
631 4159 958 4219 Novembris
989 4161 1236 4218 extendit
1267 4159 1453 4215 noster
1485 4161 1550 4213 D.
1588 4159 1942 4230 Benedictus,

318 4235 547 4300 statuit,
581 4234 768 4290 horam
796 4235 1112 4302 vigiliarum
1147 4231 1478 4303 agendarum
1501 4233 1580 4286 sic
1615 4247 1724 4303 esse
1757 4235 1946 4302 tempe-

318 4307 586 4370 randam,
619 4304 675 4360 id
711 4309 818 4375 est,
852 4301 952 4375 pro
983 4301 1200 4360 ratione
1231 4301 1494 4375 temporis
1523 4301 1692 4358 modo
1729 4301 1946 4358 accele-

317 4377 593 4442 randam,
613 4373 782 4430 modo
803 4373 1132 4432 ta'rdandam
1162 4381 1253 4430 :ut
1272 4373 1578 4428 brevissimo
1594 4375 1846 4444 temporis
1866 4375 1945 4428 in-

317 4449 574 4510 tervallo,
588 4463 691 4517 quo
701 4446 906 4514 fratres
916 4447 992 4502 ad
999 4447 1260 4517 requisita
1267 4449 1478 4517 natura:
1491 4450 1704 4508 arceant,
1717 4447 1947 4515 interpo-

2051 3259 2297 3301 xxxvm
2317 3243 2382 3298 de
2397 3243 2790 3300 Saeramental.
2815 3258 2934 3314 cap.
2961 3247 3048 3298 24.
3064 3242 3200 3299 Vide
3221 3245 3530 3300 Navarrum
3545 3243 3639 3300 lib.

2053 3314 2120 3370 dc
2140 3317 2295 3372 Orat.
2329 3329 2448 3384 cap.
2473 3321 2504 3370 3
2533 3323 2586 3384 et
2604 3319 2658 3369 4.

2127 3387 2152 3417 ⁸
2188 3383 2453 3458 Hoc_est_,
2491 3383 2674 3458 ollieio
2703 3383 3038 3458 matutinali,
3085 3393 3488 3458 seunocturno
3519 3400 3643 3458 per-

2053 3463 2198 3527 acto,
2220 3462 2280 3527 et
2306 3453 2552 3527 dimissis
2573 3455 2856 3527 fratribus,
2874 3464 2937 3512 ut
2955 3471 3117 3527 supra
3151 3453 3367 3527 dictum
3399 3464 3497 3511 est.

2124 3519 2152 3558 δ
2175 3519 2237 3582 id
2258 3534 2360 3594 est,
2393 3525 2575 3597 adhuc
2605 3519 2931 3597 pervigilant
2961 3519 3300 3582 in'oratione
3321 3535 3373 3582 et
3405 3526 3643 3583 medita-

2051 3597 2222 3670 tione,
2247 3596 2576 3670 De__quibus
2603 3596 2812 3670 vigiliis
2829 3598 3140 3670 spontaneis
3167 3613 3469 3670 earumque
3497 3597 3646 3670 mul-

2051 3668 2226 3740 tiplici
2247 3667 2532 3740 utilitate,
2567 3667 2876 3740 praesertim
2913 3669 2984 3724 ad
3013 3668 3325 3724 custodiam
3353 3667 3643 3740 castitatis,

2051 3739 2176 3812 qna
2201 3739 2485 3812 bic'etiam
2509 3739 2956 3812 commendatur,
2971 3740 3250 3812 nonnulla
3277 3749 3404 3794 sunt
3428 3739 3518 3794 hic
3540 3755 3642 3795 an-

2051 3809 2294 3882 notanda
2313 3811 2405 3867 SS.
2427 3811 2658 3866 Patrum
2680 3809 2942 3882 suffragia
2971 3809 3101 3866 huic
3120 3809 3244 3866 loco
3259 3817 3644 3864 consentanea.

2049 3881 2105 3936 S.
2123 3881 2366 3937 Hilarius
2381 3881 2434 3936 in
2451 3882 2735 3936 Psalmum
2759 3881 2946 3937 cxvii!
2979 3900 2991 3935 :
3019 3903 3042 3929 α
3060 3884 3258 3937 Memor
3283 3882 3377 3947 fui
3390 3885 3536 3935 nocte
3549 3896 3647 3934 no-

2049 3954 2206 4006 minis
2237 3954 2339 4015 tui,
2371 3954 2608 4007 Domine.
2643 3974 2666 4001 ο
2698 3953 2809 4008 Scit
2849 3953 3114 4021 Propheta
3145 3955 3394 4006 nocturno
3425 3955 3654 4021 tempore

2051 4023 2227 4076 diuini
2241 4037 2348 4077 esse
2375 4039 2410 4076 a
2428 4023 2578 4078 nobis
2607 4024 2835 4076 nominis
2848 4022 3260 4086 recordandum;
3275 4023 3373 4075 scit
3401 4025 3514 4075 tum
3530 4036 3650 4073 ma-

2053 4093 2198 4146 asime
2233 4091 2530 4146 custodiam
2558 4094 2660 4148 Dei
2675 4093 2803 4160 legis
2819 4107 2852 4144 a
2872 4092 3020 4144 nobis
3039 4107 3146 4146 esse
3164 4092 3515 4151 retinendam,
3533 4105 3650 4144 cum

2052 4162 2343 4230 subrepunt
2381 4165 2557 4215 animo
2584 4164 2812 4230 impura:
2850 4162 3176 4230 cupiditates
3197 4203 3210 4223 ,
3247 4175 3364 4214 cum
3393 4162 3646 4215 vitiorum

2051 4233 2266 4287 stimuli
2289 4247 2385 4302 per
2401 4247 2577 4286 recens
2595 4235 2928 4302 assumptum
2947 4231 3118 4285 cibum
3146 4245 3331 4301 corpus
3347 4234 3642 4300 exagitant,

2054 4306 2170 4357 tum
2203 4301 2301 4357 Dei
2323 4317 2510 4357 nomen
2560 4301 2950 4357 recordandum
2989 4306 3097 4366 est,
3139 4307 3254 4358 tum
3303 4304 3652 4359 custodienda

2054 4374 2142 4429 lem
2179 4373 2293 4444 ejus
2321 4377 2420 4436 est,
2444 4373 2767 4444 pudicitiam
2788 4416 2802 4436 ,
2834 4375 3230 4437 continentiam,
3275 4376 3516 4430 timorem
3555 4377 3654 4430 Dei

2051 4449 2308 4500 statuens.
2331 4447 2490 4502 Novit
2512 4445 2607 4500 hoc
2633 4447 2906 4516 praecipue
2922 4450 3158 4516 tempore
3177 4448 3460 4502 Dominum
3487 4462 3650 4502 oran-

312 4522 454 4609 περ,
473 4515 846 4609 Μαῆηέηίιλὰ
857 4520 964 4609 est,
983 4515 1520 4609 matutinaeLaudes1
1535 4518 1820 4609 incipienie
1833 4517 1946 4599 luce
1975 4546 2025 4609 Β
2053 4516 2204 4609 dum,
2220 4515 3076 4609 deprecandumpi‘mnerendum,
3099 4517 3438 4609 dicens‘nlibi
3457 4537 3485 4609 τι
3501 4541 3522 4565 α
3543 4520 3652 4600 La_-

316 4589 743 4659 subsequantur.
765 4589 978 4658 Quibus
996 4587 1178 4645 verbis
1193 4587 1420 4659 innuere
1433 4585 1656 4659 videtur
1673 4587 1744 4642 ob
1766 4587 1944 4659 brevi-

314 4656 763 4716 tatem—noctium
775 4656 892 4716 isti
899 4675 1088 4715 varum
1101 4674 1213 4714 non
1224 4656 1392 4712 modo
1405 4656 1760 4713 breviandum
1773 4658 1943 4714 etiam

314 4729 584 4787 officium
614 4741 978 4797 nocturnum,
1010 4739 1073 4786 ut
1102 4729 1190 4795 ﬁt;
1213 4727 1311 4784 sed
1342 4726 1475 4800 illud
1489 4727 1656 4783 etiam
1673 4727 1943 4800 temporis

311 4800 693 4876 iptersti‘tium
703 4801 876 4876 ,quod
887 4797 1447 4876 absojutis-nocturnis
1457 4807 1755 4876 supererat,
1771 4797 1946 4876 usque

313 4872 466 4929 dum
501 4869 856 4929 illucescente
891 4871 982 4928 die
1014 4870 1231 4942 Laudes
1261 4869 1671 4942 inchoarentur.
1709 4873 1788 4925 Ex
1817 4869 1940 4942 qui-

313 4943 434 5016 bus
448 4942 748 5016 colligitur
779 4943 962 5016 primo
993 4941 1208 5016 Laudes
1235 4939 1564 5016 antiquiius,
1587 4948 1658 5016 et
1678 4955 1742 4994 ex
1763 4939 1944 4996 vetere

312 5009 703 5087 institutoﬁt
731 5009 942 5087 Regula
963 5013 1133 5087 etiam
1170 5016 1238 5068 D.
1271 5009 1552 5087 Benedicti
1584 5009 1749 5066 fuisse
1777 5026 1809 5066 a
1839 5026 1949 5068 no-

317 5085 556 5166 cturnis
587 5085 774 5157 aliquo
803 5083 1068 5166 tamporis
1088 5083 1693 5166 intervallasepalatas,
1715 5089 1948 5166 etposse

315 5151 962 5238 etiamnum_:separari;
1017 5153 1320 5238 praesertim
1357 5152 1423 5238 in
1456 5151 1654 5238 'o'i‘iieio
1705 5151 1945 5238 privato;

317 5241 462 5283 cum
498 5227 614 5283 sint
641 5222 918 5294 distincta:
947 5222 1120 5294 hora,
1150 5224 1410 5282 distincta
1454 5222 1655 5294 officia,
1688 5231 1750 5278 ut
1787 5239 1943 5294 supe-

318 5297 450 5354 rius
483 5299 700 5354 dictum
733 5293 818 5354 est
855 5316 867 5353 :
909 5296 1054 5353 unde
1084 5293 1140 5352 et
1160 5303 1442 5352 nocturnae
1478 5293 1696 5356 vigiliae,
1732 5293 1948 5350 Laudes

319 5384 470 5426 vero
497 5369 788 5426 matutina:
819 5376 873 5424 et
900 5367 1138 5436 diurnae,
1157 5375 1322 5438 atque
1362 5365 1502 5422 inter
1532 5364 1697 5422 horas
1725 5364 1951 5422 diurnas

322 5451 647 5497 censentur
681 5440 962 5508 (Durand.
997 5439 1092 5494 lib.
1125 5454 1166 5493 v
1207 5441 1384 5496 Ratio.
1427 5454 1544 5508 cap.
1587 5443 1619 5494 3
1648 5441 1701 5492 et
1739 5443 1806 5502 «ις
1839 5439 1946 5494 Ra-

324 5512 538 5584 dulph.
573 5513 642 5569 de
678 5527 806 5584 eam
831 5511 1040 5569 Observ.
1069 5525 1282 5582 propos.
1323 5514 1422 5584 id;
1453 5511 1653 5584 Nar-ar.
1699 5508 1944 5584 deﬂrat.

321 5596 375 5652 ο.
423 5579 530 5652 34)
557 5603 571 5640 :
605 5583 872 5650 secundo,
901 5597 1011 5638 non
1041 5579 1514 5652 esserregularem,
1546 5579 1602 5636 id
1633 5586 1732 5644 cst,
1759 5582 1947 5651 Regu-

323 5651 403 5711 la:
443 5651 1046 5718 nostrmconformem,
1079 5661 1136 5709 et
1164 5651 1611 5718 consentaneum,
1643 5666 1806 5718 quem
1826 5666 1950 5706 mo-

321 5723 408 5780 do
442 5727 760 5797 sequimur,
793 5725 962 5797 ritum
992 5731 1048 5779 et
1074 5739 1288 5780 morem
1315 5722 1570 5795 surgendi
1605 5722 1946 5797 adnnoctur-

321 5810 470 5866 nos,
496 5792 599 5855 seu
639 5795 965 5864 Matutinas,
995 5803 1059 5852 ut
1084 5810 1378 5864 vocamus,
1405 5792 1531 5852 ante
1563 5792 1805 5850 mediam
1842 5808 1948 5850 no-

2050 4587 2182 4642 tabo
2205 4602 2304 4658 per
2321 4589 2560 4656 singulas
2587 4587 2759 4643 nectes
2785 4589 2974 4643 lectum
3001 4604 3193 4644 meum.
3227 4611 3250 4636 υ
3272 4591 3385 4646 Νοη
3407 4593 3485 4644 est
3498 4591 3648 4658 peri-

2050 4659 2224 4713 culoso
2248 4663 2628 4714 nocturnarum
2656 4660 2968 4728 vigiliarum
2996 4662 3102 4714 otio
3132 4663 3341 4714 animus
3387 4661 3648 4714 relaman-

2051 4729 2171 4792 dus,
2197 4729 2290 4785 sed
2317 4731 2376 4784 in
2403 4730 2748 4792 orationibus,
2771 4731 2828 4783 in
2855 4731 3336 4800 deprecatio-nibus,
3367 4733 3424 4783 in
3441 4730 3648 4794 confes-

2051 4801 2286 4882 sionibus
2301 4805 2634 4882 peccatorum
2670 4801 3006 4882 occupandus
3037 4804 3140 4882 est;
3171 4804 3234 4854 ut
3261 4815 3378 4880 cum
3411 4800 3645 4882 maxime

2052 4873 2283 4940 corporis
2300 4868 2450 4924 uitiis
2469 4868 2804 4939 oportunitas
2833 4870 3019 4929 datur,
3048 4873 3163 4921 tum
3177 4871 3449 4938 praecipue
3466 4868 3650 4922 eadem

2055 4943 2192 5020 uitia
2207 4941 2404 5020 divinis
2424 4940 2557 5020 legis
2568 4940 2942 5020 recordatione
2955 4939 3304 5020 frangantur.
3328 4941 3382 4994 S.
3412 4937 3653 5020 Ambrof

2049 5011 2174 5066 sius
2205 5009 2260 5065 in
2287 5007 2544 5064 eumdem
2568 5008 2768 5064 Psalmi
2789 5007 3121 5064 versiculum
3160 5027 3172 5063 :
3202 5010 3331 5066 Cum
3363 5025 3558 5072 somno,
3599 5014 3650 5064 et

2057 5081 2169 5136 cibo
2197 5082 2403 5148 ferrent
2430 5094 2669 5150 corpora,
2707 5084 2832 5134 tunc
2873 5081 3036 5134 etiam
3071 5082 3218 5149 vigor
3247 5083 3438 5136 mentis
3467 5096 3648 5150 sopore

2057 5152 2304 5214 laxatur,
2334 5165 2513 5206 somno
2545 5151 2846 5214 resolvitur,
2879 5155 3004 5206 tunc
3034 5152 3221 5222 irrepit
3247 5155 3452 5223 impuri
3483 5151 3648 5206 libido
3696 5156 3702 5162 '

2055 5223 2381 5285 concubitus,
2409 5225 2531 5277 tunc
2557 5237 2702 5278 mens
2731 5223 3102 5293 perturbatur,
3135 5228 3186 5278 et
3213 5226 3513 5294 squalorem
3541 5224 3648 5294 im-

2055 5294 2342 5348 munditiis
2360 5308 2465 5348 non
2492 5298 2720 5356 teretur,
2753 5295 3018 5348 castitatis
3040 5293 3270 5364 pur-itas,
3281 5311 3386 5350 non
3409 5293 3651 5350 conside-

2053 5371 2233 5428 ratur,
2248 5365 2528 5436 pudicitia:
2548 5366 2722 5436 gloria
2746 5381 2850 5420 non
2869 5371 3183 5421 recensetur.
3199 5369 3321 5423 Nom
3338 5371 3453 5422 erat
3468 5379 3650 5436 quan-

2055 5437 2122 5492 do
2157 5437 2324 5492 .ludas
2349 5437 2616 5507 prodidit,
2650 5437 2864 5506 quando
2893 5438 3074 5492 Petrus
3103 5440 3341 5506 negavit.
3365 5437 3462 5493 Illo
3483 5439 3654 5507 igitur

2051 5511 2324 5580 pracipue
2346 5505 2572 5580 tempore
2586 5505 3009 5580 justiﬁeationes
3025 5509 3131 5580 Dei!
3143 5505 3323 5580 animo
3349 5505 3650 5580 retexenda:

2053 5577 2200 5643 sunt,
2216 5577 2507 5650 relegendo
2534 5579 2825 5642 mandata,
2858 5586 2963 5634 etc.
2988 5579 3044 5634 S.
3079 5578 3456 5650 Hieronymus
3484 5577 3655 5648 epist..

2059 5655 2145 5718 10,
2177 5650 2246 5706 ad
2264 5647 2489 5708 Furiam
2513 5667 2527 5704 :
2550 5651 2816 5707 Ardentes
2839 5650 3042 5705 diaboli
3066 5647 3308 5718 sagitta,
3323 5647 3650 5718 jejunibmm

2055 5726 2108 5776 et
2135 5717 2470 5792 uigiliarum
2507 5725 2684 5792 rigore
2713 5717 3235 5792 restringendce.’F.t
3263 5717 3420 5788 epist.
3465 5723 3533 5792 23
3576 5719 3648 5774 ad

2056 5787 2419 5848 Eustochium
2443 5813 2455 5848 :
2491 5787 2582 5850 Ad
2609 5795 2904 5848 orationem
2922 5787 3036 5844 tibi
3046 5789 3112 5843 de
3129 5793 3277 5842 nocte
3289 5787 3525 5850 surgenti
3541 5801 3645 5840 non
