4062 6196
437 167 537 220 135
1685 168 1691 173 ’
1774 158 2055 217 JOANNIS
2089 158 2394 217 CASSIANI
2762 208 2767 215 .
3643 163 3745 218 £36

432 288 491 345 in
539 287 643 344 hoc
671 285 885 344 fervore
925 286 1151 358 spiritus
1176 285 1416 358 reperiat
1441 284 1803 351 constitutos,
1828 298 1895 341 ac
1931 299 2029 356 per
2054 287 2109 352 Α
2136 299 2396 341 auroram
2432 283 2594 342 ﬁnire
2621 282 2823 352 solent,
2847 281 3107 340 similiter
3123 280 3397 355 hodieque
3423 281 3744 354 decantant,

430 390 614 438 totum
642 380 751 438 diei
780 388 1002 453 tempus
1029 377 1392 436 ferventiores
1422 376 1884 449 sollicitioresque
1929 393 2031 434 cu-
2139 377 2197 435 id
2232 386 2349 449 est,
2374 377 2746 436 centesimum
2775 375 3262 450 quadragesimum
3298 384 3559 434 octavum
3596 378 3744 449 psal-

432 475 670 543 stodiat,
713 481 1050 546 prmparatos
1090 487 1186 529 eos
1241 470 1546 542 suscipiens
1591 468 1666 527 ad
1702 469 2030 526 conﬂictum
2138 487 2322 540 mum,
2349 473 2509 546 cujus
2522 473 2747 530 initium
2775 479 2879 538 est,
2904 472 3152 529 Laudate
3176 473 3728 544 Dominumdecalis,

434 578 490 626 et
516 577 709 626 contra
753 568 1013 624 diurnam
1045 564 1251 622 diaboli
1301 563 1756 620 colluctationem
1807 570 2036 619 noctur-
2140 572 2195 620 et
2235 564 2478 637 reliquos
2520 565 2617 637 qui
2654 572 2998 637 sequuntur;
3044 563 3568 638 quinquagesimum
3612 581 3743 625 vero

436 678 636 719 narum
676 661 937 717 exercitio
967 659 1283 733 vigiliarum
1325 672 1391 714 ac
1417 655 1646 729 spiritali
1674 654 2034 712 meditatione
2139 658 2443 731 psalmum,
2478 666 2535 714 et
2566 658 2973 731 sexagesimum
3005 657 3337 727 secundum,
3375 666 3431 716 et
3459 659 3738 733 octogesi-

438 757 706 813 ﬁrmatos.

1041 845 1283 903 CAPUT
1326 846 1417 901 VI.

471 964 621 1033 Quod
660 964 802 1018 nihil
829 965 904 1018 sit
932 978 969 1016 a
1007 962 1307 1018 senioribus
1330 962 1678 1014 immutatum
1706 960 1773 1016 de
1800 962 2029 1033 antiquo

540 1034 729 1090 ordine
740 1035 1095 1104 psalmorum,
1113 1048 1233 1088 cum
1248 1033 1524 1087 matutina
1549 1036 1874 1088 statueretur
1892 1031 2028 1087 sole-

539 1108 762 1161 mnitas.

504 1219 646 1277 Illud
686 1234 904 1292 quoque
940 1232 1102 1274 nosse
1152 1216 1418 1273 debemus
1464 1215 1605 1272 nihil
1647 1232 1679 1273 a
1719 1214 2031 1273 senioribus

435 1315 636 1371 nostris
653 1314 748 1386 qui
764 1316 791 1345 ³
816 1312 957 1368 hanc
971 1309 1228 1368 eamdem
1246 1308 1585 1366 matutinam
1609 1308 2027 1365 solemnitatem

431 1407 561 1464 addi
577 1406 775 1464 debere
794 1412 1145 1473 censuerunt,
1164 1402 1233 1461 de
1255 1403 1483 1474 antiqua
1514 1403 1861 1475 psalmorum
1891 1418 2029 1459 con-

431 1500 724 1557 suetudine
749 1500 1110 1556 immutatum
1146 1516 1161 1555 :
1192 1498 1289 1556 sed
1325 1499 1521 1556 eodem
1549 1499 1742 1556 ordine
1776 1500 2026 1568 Missam,

441 1610 552 1666 quo
586 1594 761 1665 prius,
794 1594 851 1649 in
881 1592 1171 1648 nocturnis
1202 1591 1559 1648 conventibus
1595 1599 1857 1664 perpetuo
1887 1592 2030 1648 cele-

2132 768 2291 809 mum
2322 767 2532 808 nonum
2558 793 2575 820 ,
2601 755 2627 785 °
2660 752 2791 808 huic
2819 751 3044 808 novella
3071 751 3410 808 solemnitati
3465 753 3740 811 novimus

2134 845 2308 903 fuisse
2335 844 2648 918 deputatos.
2679 844 2927 916 Denique
2951 859 3049 917 per
3076 844 3294 900 Italiam
3319 843 3588 918 hodieque
3606 861 3743 903 con-

2135 940 2438 997 summatis
2481 937 2900 997 matutinalibus
2947 938 3170 1011 hymnis
3237 940 3734 1013 quinquagesimus

2137 1033 2386 1104 psalmus
2430 1033 2488 1089 in
2542 1031 2814 1090 universis
2853 1030 3100 1088 ecclesiis
3152 1032 3386 1100 canitur,
3432 1033 3584 1104 quod
3621 1049 3740 1091 non

2136 1125 2361 1183 aliunde
2387 1141 2560 1199 quam
2590 1124 2787 1183 exinde
2814 1133 3059 1181 tractum
3087 1139 3206 1181 esse
3232 1140 3344 1182 nou
3371 1125 3589 1183 dubito.

2709 1241 2953 1300 CAPUT
2983 1244 3106 1317 vn.

2137 1357 2368 1433 Quodei
2391 1359 2493 1427 qui
2504 1357 2857 1433 ad‘diurnam
2876 1360 3196 1433 orationem,
3215 1362 3507 1433 antequam
3523 1363 3740 1430 primus

2206 1431 2438 1497 ﬁniatur
2467 1429 2714 1499 psalmus
2734 1470 2751 1492 ,
2781 1444 2889 1484 non
2926 1432 3250 1492 occurrerit,
3305 1429 3607 1485 oratorium
3649 1435 3742 1487 in-

2210 1500 2374 1554 troire
2390 1514 2501 1573 non
2520 1500 2678 1573 liceat
2694 1518 2711 1553 :
2735 1501 2794 1553 in
2808 1502 3085 1573 nocturnis
3104 1503 3286 1554 autem
3302 1516 3469 1572 usque
3488 1502 3562 1557 ad
3578 1505 3741 1573 ﬁnem

2207 1570 2433 1625 secundi
2450 1571 2661 1640 psalmi
2678 1571 2964 1626 veniabilis
2990 1585 3142 1625 mora
3170 1572 3263 1627 sit.

430 1687 675 1743 bratam.
711 1685 928 1742 Etenim
957 1678 984 1717 δ
1024 1682 1263 1756 hymnos
1301 1699 1441 1755 quos
1472 1683 1530 1738 in
1563 1683 1666 1739 hac
1694 1684 1917 1755 regione
1952 1682 2024 1739 ad
2057 1698 2106 1760 Β
2208 1688 2262 1742 Is
2286 1701 2415 1742 vero
2444 1685 2540 1759 qui
2570 1686 2627 1743 in
2645 1687 2853 1757 Tertia,
2872 1687 3057 1757 Sexta,
3088 1686 3174 1744 vel
3200 1690 3382 1757 Nona,
3414 1688 3739 1762 priusquam

429 1780 762 1836 matutinam
796 1792 1057 1849 excepere
1084 1776 1528 1844 solemnitatem,
1567 1775 1626 1831 in
1658 1776 1765 1831 ﬁne
1791 1784 2027 1833 noctur-

429 1887 625 1929 narum
655 1870 996 1945 vigiliarum,
1026 1884 1160 1941 quas
1181 1877 1306 1941 post
1340 1868 1615 1941 gallorum
1644 1877 1870 1925 cantum
1901 1876 2029 1926 ante

2133 1776 2380 1849 psalmus
2405 1786 2624 1851 emptus
2648 1778 2889 1847 ﬁniatur,
2913 1779 2986 1836 ad
3013 1781 3322 1836 orationem
3352 1796 3463 1837 non
3483 1796 3739 1839 occurre-

2135 1870 2230 1938 rit,
2262 1871 2493 1929 ulterius
2523 1861 2551 1905 ἀ
2573 1873 2883 1929 oratorium
2915 1874 3144 1931 introire
3165 1888 3278 1931 non
3306 1873 3492 1945 audet,
3521 1890 3625 1933 nec
3655 1890 3742 1933 sc-

1531 2020 1785 2078 ALARDI
1821 2022 2047 2078 GAZJEI
2084 2021 2646 2081 COMMENTARIUS.

426 2165 714 2235 indigestio
742 2169 952 2219 ructum
975 2164 1170 2231 faciat,
1189 2162 1284 2218 sed
1300 2164 1560 2218 inanitas.
1582 2164 1652 2219 Et
1669 2162 1832 2234 paulo
1853 2172 1979 2235 post
2012 2182 2025 2219 :

429 2239 558 2292 Esto
581 2236 767 2291 cicada
799 2237 1062 2297 noctium,
1091 2236 1216 2289 lava
1247 2250 1348 2305 per
1365 2235 1611 2303 singulas
1639 2239 1814 2290 noctes
1840 2235 2032 2292 lectum

428 2312 601 2370 tuum,
608 2308 853 2375 vigila,et
858 2309 959 2376 ﬁas
969 2308 1105 2361 sicut
1110 2320 1301 2376 passer
1312 2306 1369 2376 in
1376 2305 1681 2368 solitudine,
1689 2306 1864 2376 psalle
1874 2309 2033 2376 spiri-

430 2382 508 2441 tu,
528 2374 702 2448 psalle
723 2381 775 2432 et
790 2374 967 2431 sensu.
987 2374 1227 2432 Joannes
1241 2374 1524 2448 Climacus
1544 2374 1734 2433 Gradu
1754 2382 1850 2432 19:
1880 2374 2033 2446 Vigi-

430 2445 550 2503 lans
573 2449 755 2504 oculus
778 2450 967 2518 expiat
985 2452 1240 2510 mentem,
1269 2445 1581 2501 immodicus
1603 2461 1818 2502 somnus
1842 2445 2032 2503 obtun-

378 2557 383 2562 ι
428 2520 531 2582 dit,
570 2524 621 2575 et
645 2521 1145 2574 eaccecatanimam.
1164 2518 1400 2587 Pervigil
1411 2519 1698 2572 monachus
1716 2519 2033 2586 fornicatio-

425 2592 512 2645 nis
538 2592 817 2657 inimicus;
838 2590 1218 2644 somniculosus
1238 2603 1360 2643 vero
1386 2588 1782 2643 contubernalis
1800 2589 1915 2660 ejus
1928 2594 2027 2646 est.

434 2662 650 2731 Vigilice
678 2661 981 2715 incendium
1002 2660 1243 2715 libidinis
1256 2661 1548 2728 frangunt,
1571 2664 1736 2729 atque
1751 2676 1785 2714 a
1808 2663 2030 2716 somniis

426 2733 671 2787 liberant.
694 2733 957 2799 Suffusus
983 2732 1230 2800 lacrgmis
1253 2731 1454 2793 oculus,
1481 2734 1826 2800 tenerumque
1848 2747 1937 2786 cor
1956 2733 2031 2787 ad

424 2805 513 2858 sui
524 2803 822 2859 custodiam
837 2807 1067 2858 erectum
1076 2804 1417 2871 cogitationes
1437 2803 1743 2856 cautissime
1758 2801 2026 2866 observat,

423 2875 562 2929 cibos
596 2876 837 2941 fornacis
862 2876 921 2927 in
951 2888 1152 2928 morem
1178 2874 1467 2935 consumit,
1489 2874 1766 2941 passiones
1793 2872 2026 2939 edomat,

423 2946 669 3014 linguam
680 2959 763 2999 res
771 2946 984 3013 tringit,
997 2949 1048 2998 et
1058 2945 1324 3013 reprimit,
1334 2944 1938 3012 fugatquephantasma
1945 2949 2022 2999 ta.

430 3017 683 3084 Vigilans
707 3016 995 3069 monachus
1018 3016 1264 3082 piscatur
1300 3014 1673 3085 cogitationes,
1707 3028 1903 3084 easque
1923 3031 2026 3085 per

426 3087 884 3155 tranquillitatem
907 3087 1075 3139 noctis
1096 3085 1356 3152 facillime
1385 3088 1437 3139 et
1465 3084 1821 3147 considerare,
1857 3089 1909 3140 et
1930 3084 2027 3140 ea-

418 3172 546 3226 pere
568 3160 761 3226 potest.
783 3158 883 3212 Dei
897 3158 1110 3209 amator
1136 3156 1444 3219 monachus,
1468 3170 1595 3209 mea:
1620 3159 1681 3210 ut
1702 3170 1861 3210 sonus
1885 3157 2026 3212 tuba

420 3229 768 3297 increpuerit,
794 3228 870 3281 ad
897 3229 1195 3280 orationem
1218 3241 1437 3290 vacans,
1458 3227 1612 3280 laetus
1634 3230 1685 3280 et
1710 3228 1909 3281 hilaris
1934 3227 2020 3281 di-

422 3302 495 3353 cit
524 3318 540 3352 :
565 3302 732 3367 Euge,
756 3300 921 3367 euge!
944 3298 1227 3366 Negligens
1245 3313 1367 3352 vero
1395 3317 1411 3351 :
1449 3300 1544 3352 Va:
1573 3299 1726 3359 mihi,
1751 3313 1830 3352 ea:
1857 3299 2026 3354 mihi!

422 3372 655 3425 Divitias
684 3370 930 3437 agricola:
957 3385 1024 3423 ea:
1052 3384 1183 3422 area
1206 3373 1256 3422 et
1282 3369 1543 3423 torculari
1581 3368 1872 3437 colligunt;
1914 3385 2024 3424 mo-

2141 2179 2248 2222 nus
2274 2167 2435 2240 epist.
2466 2170 2589 2233 l2],
2619 2166 2700 2240 ab
2713 2165 2982 2240 Probam:
3010 2170 3073 2224 In
3097 2169 3348 2232 oratorio,
3379 2168 3584 2239 inquit,
3600 2186 3739 2240 prce-

2139 2241 2222 2292 ter
2249 2239 2482 2310 orandi,
2505 2244 2557 2293 et
2576 2239 2856 2308 psallendi
2878 2240 3080 2310 cultum
3101 2242 3317 2309 penitus
3346 2241 3484 2294 nihil
3507 2239 3735 2310 agatur,

2138 2313 2203 2363 ut
2226 2311 2434 2363 nomini
2448 2309 2589 2379 huic
2617 2312 2691 2379 et,
2715 2324 2878 2378 opera
2896 2309 3110 2377 jugiter
3140 2313 3382 2379 impensa
3408 2309 3736 2366 concordent.

2138 2379 2209 2433 Et
2236 2378 2728 2451 rursusin_Re_gula
2747 2394 2865 2451 cap.
2894 2384 2928 2434 5
2958 2396 2972 2432 :
2998 2382 3060 2434 In
3086 2378 3324 2451 oratOrio
3344 2396 3495 2434 nemo
3522 2382 3741 2451 aliquid

2138 2453 2291 2517 agat,
2314 2450 2425 2502 nisi
2452 2448 2512 2501 id
2533 2448 2609 2501 ad
2635 2449 2782 2518 quod
2807 2449 3017 2516 factum
3043 2453 3122 2503 est
3153 2468 3169 2503 :
3195 2449 3339 2504 unde
3364 2454 3415 2504 et
3432 2448 3628 2506 nomen
3640 2468 3740 2506 ac-

2137 2521 2303 2593 cepit.
2325 2519 2436 2575 Ubi
2469 2518 2634 2593 Hugo
2672 2534 2705 2573 a
2744 2520 2803 2574 S.
2838 2519 3056 2574 Victore
3082 2519 3548 2593 _scite_annotavi_t
3587 2522 3741 2593 quod

2137 2588 2415 2645 Dominus
2440 2588 2852 2660 universorum,
2879 2605 2996 2660 non
3016 2589 3199 2660 solum
3223 2588 3292 2643 de
3319 2591 3565 2660 personis
3600 2588 3739 2648 reti-

2138 2660 2262 2716 nuit
2285 2660 2391 2715 sibi
2411 2659 2628 2731 aliquos
2653 2657 2721 2731 ad
2749 2658 3206 2731 ministrantium,
3230 2667 3294 2731 ut
3321 2657 3616 2718 ministros
3638 2665 3741 2719 Ec-

2138 2730 2457 2795 clesiaa;sed
2481 2729 2536 2786 et
2559 2729 2628 2786 de
2648 2729 2815 2799 rebus
2838 2729 3083 2786 decimas
3105 2729 3173 2785 ad
3198 2730 3586 2788 ministrorum
3609 2748 3738 2790 sus-

2142 2802 2508 2882 tentationem
2532 2818 2565 2882 ,ξ
2592 2800 2689 2882 ,ᾶθ
2724 2799 3070 2882 temporibus
3095 2801 3223 2882 dies.
3250 2801 3550 2882 solemnes;
3589 2811 3644 2882 e_t
3669 2804 3739 2861 de

2138 2872 2274 2954 locis
2292 2873 2475 2954 aliqua
2490 2871 2604 2954 _sihi
2635 2871 2943 2954 specialiter
2968 2871 3460 2954 appropriavit,_ad
3488 2873 3734 2954 servien-

2133 2942 2270 2998 dum
2288 2942 2432 3013 sibi;
2487 2942 2633 3013 inter
2679 2957 2804 3013 quae
2831 2950 2913 2997 est
2950 2942 3285 3010 oratorium,
3331 2943 3388 2999 id
3433 2952 3536 3009 est,
3577 2944 3732 3001 locus

2134 3013 2377 3069 orationi
2401 3011 2712 3068 dedicatus:
2730 3016 2798 3068 D.
2826 3014 3206 3083 Augustinum
3234 3023 3451 3069 secutus
3471 3017 3528 3071 Β.
3550 3017 3733 3072 Bene-

2132 3083 2316 3141 dictus
2351 3100 2474 3154 cap.
2518 3088 2587 3139 52
2618 3083 2846 3156 Regula:
2878 3104 2891 3140 :
2926 3085 3265 3148 Oratorium,
3298 3084 3635 3156 inquit,qhoc
3660 3090 3738 3143 sit

2132 3156 2277 3225 quod
2299 3156 2527 3227 dicitur;
2553 3171 2646 3227 nec
2659 3154 2962 3227 quidquam
2988 3156 3067 3208 ibi
3084 3156 3248 3227 aliud
3273 3154 3593 3227 geratur(id
3625 3165 3732 3224 est,
3838 3172 3845 3175 '

2132 3224 2350 3299 agatur,
2373 3225 2461 3282 vel
2490 3224 2615 3299 ﬁat)_
2630 3230 2731 3299 aut
2755 3226 3020 3281 condatur
3048 3225 3134 3291 (id
3158 3234 3259 3299 est,
3289 3224 3612 3299 reponatur,
3641 3228 3729 3299 vel

2131 3296 2534 3365 constituatur)
2567 3297 2646 3352 ait
2687 3298 3160 3352 Turrecrematus.
3193 3298 3257 3351 In
3304 3296 3546 3351 oratorio
3575 3297 3726 3354 enim

2131 3383 2248 3423 non
2283 3368 2463 3439 modo
2493 3367 2934 3439 nihilagendum
2966 3375 3066 3439 est,
3094 3366 3301 3439 nisiad
3341 3366 3490 3439 quod
3516 3365 3727 3425 factum

421 3442 585 3494 nachi
604 3432 878 3495 cero'suas
916 3454 1059 3509 opes,
1092 3444 1143 3493 et
1168 3441 1475 3502 scientiam,
1504 3432 1821 3507 vespertinis
1844 3432 2026 3494 mami-
2060 3432 2105 3496 C
2133 3447 2253 3494 est:
2281 3437 2378 3509 sed
2396 3437 2565 3492 etiam
2588 3432 2724 3509 nihil
2748 3432 3131 3509 reponendum
3158 3436 3229 3493 ad
3242 3432 3548 3509 custodiam
3568 3478 3583 3505 ,
3613 3439 3720 3495 nisi

421 3528 523 3573 me,
548 3513 923 3579 nocturnisque
948 3510 1300 3572 orationibus,
1340 3514 1391 3564 et
1413 3511 1589 3563 animi
1614 3512 2019 3565 exercitationi-

424 3582 519 3636 bus
550 3586 896 3651 congregant.
936 3582 1118 3636 Finita
1146 3580 1233 3634 die
1269 3580 1535 3646 veriditor,
1580 3580 1870 3635 monachus
1898 3596 2021 3637 vero

412 3654 721 3722 psalmodia
744 3654 922 3721 ﬁnita,
952 3651 1189 3722 residens
1212 3655 1485 3721 computat
1509 3651 1900 3722 lucrumJitec
1919 3653 2015 3708 SS.

420 3721 643 3789 Patres;
686 3731 741 3780 et
770 3724 919 3793 plura
956 3721 1109 3793 apud,
1148 3724 1318 3793 Joan.
1360 3724 1674 3793 Durantum
1711 3721 1892 3793 videre
1937 3732 2021 3779 est

419 3795 541 3865 (lib.
576 3810 648 3851 ur
676 3810 722 3849 c.
750 3790 838 3860 4).
871 3790 1012 3865 Vide
1041 3792 1209 3848 etiam
1235 3790 1677 3865 inleriqsqnotata
1701 3790 1772 3865 ad
1807 3808 1928 3864 cap.
1959 3800 2015 3850 8.

489 3869 512 3898 ³
541 3866 722 3935 Quam
753 3880 901 3920 nunc
925 3862 1190 3928 Primam,
1219 3877 1319 3935 seu
1336 3861 1602 3935 ofﬁcium
1629 3862 1830 3935 Primae
1858 3861 2018 3935 voca—

417 3933 1065 4008 mus,'ut_distingu_atur
1092 3950 1125 3989 a
1171 3934 1481 4008 Laudibus,
1511 3933 1853 4008 qui_a_prima
1880 3933 2017 4008 hora

417 4007 524 4063 diei
555 4003 894 4075 artiﬁcialis;
902 4006 1012 4062 sive
1032 4012 1156 4075 post
1174 4005 1306 4061 solis
1323 4012 1508 4060 ortum
1529 4003 1796 4075 celebrari
1822 4003 2013 4075 debet,

416 4086 478 4133 ut
494 4074 713 4135 indicat
729 4074 967 4139 hymnus
990 4097 1002 4131 :
1030 4074 1151 4132 Iam
1172 4077 1305 4131 lucis
1325 4080 1442 4130 orto
1460 4076 1654 4139 sidere,
1672 4074 1727 4131 id
1753 4082 1837 4131 est
1856 4077 1971 4132 sole
1996 4096 2009 4132 :

415 4150 658 4221 itemque
680 4146 905 4205 collecta
934 4152 1093 4211 Deus,
1124 4150 1224 4221 qui
1247 4148 1322 4203 ad
1353 4150 1683 4221 principium
1711 4146 1874 4221 hujus
1900 4148 2017 4203 diei

415 4234 510 4273 nos
534 4217 834 4299 pervenire
837 4221 1036 4299 fecisti,
1058 4226 1162 4299 etc.
1197 4220 1332 4299 Quae
1354 4217 1588 4299 quidem
1638 4218 1845 4299 Prima,
1879 4233 2011 4299 cum

415 4304 481 4344 ex
501 4289 778 4358 sententia,
796 4291 1022 4343 Patrum
1048 4287 1119 4358 ad
1136 4287 1589 4358 reliquas—horas,
1615 4287 1729 4343 sive
1756 4288 2009 4343 horarias

415 4374 599 4427 preces
633 4357 878 4415 Cassiani
930 4356 1131 4427 saeculo
1161 4356 1345 4412 addita
1381 4356 1619 4427 fuisset,
1652 4365 1715 4412 ut
1761 4358 2009 4427 superius

415 4426 629 4485 dictum
672 4436 785 4494 est,
812 4426 1176 4482 nihilominus
1208 4434 1395 4482 tamen
1432 4434 1740 4481 statuerunt
1782 4426 1869 4482 .illi
1909 4444 2014 4484 no-

416 4508 617 4555 cturno
644 4498 829 4554 oflicio
853 4498 989 4553 nihil
1021 4496 1249 4552 omnino
1281 4495 1716 4561 detrahendum;
1748 4497 1842 4553 sed
1861 4513 2014 4554 eum-

413 4571 541 4642 dem
568 4571 907 4642 psalmorum
937 4582 1259 4642 numerum,
1284 4576 1339 4622 et
1356 4567 1616 4642 ordinem
1646 4582 1763 4642 esse
1782 4569 2016 4642 retinen-

413 4637 585 4698 dum.‘
625 4644 695 4697 Et
742 4640 848 4695 hoc
876 4648 990 4706 est,
1022 4638 1170 4710 quod
1201 4637 1291 4693 hic
1340 4638 1568 4701 dicitur,
1611 4639 1790 4693 eodem
1824 4640 2012 4695 ordine

412 4716 635 4771 Missam
665 4712 730 4777 (i.
762 4728 811 4768 e.
836 4708 1129 4777 Ofﬁcium)
1153 4712 1211 4764 in
1234 4711 1506 4765 nocturnis
1526 4710 1866 4765 conventibus
1886 4726 2014 4782 per-

405 4791 572 4857 petuo
602 4786 942 4841 celebratam.

482 4851 508 4888 δ
534 4857 783 4912 Psalmos
810 4855 900 4910 hic
938 4858 1095 4909 vocat
1126 4850 1382 4923 hymnos,
1412 4859 1475 4908 ut
1503 4865 1568 4906 ex
1589 4850 1768 4907 verbis
1808 4867 2005 4909 conse—

410 4928 708 4998 quentibus
735 4926 1069 4998 liquet,__nec
1116 4922 1440 4998 incongrue.
1492 4924 1635 4998 Nam
1667 4923 2000 4998 Psalterium

410 4993 558 5066 apud
610 4993 884 5066 Hebraéos
922 4995 1071 5066 liber_
1114 4993 1466 5066 Hymnorum
1495 4993 1850 5066 inscribitur.
1900 4994 2010 5051 Sed

407 5063 718 5140 Dionysius
740 5065 916 5140 _vertit
953 5063 1202 5140 Psalmos
1259 5080 1358 5140 pro
1400 5063 1647 5140 faciliore
1696 5065 2007 5140 intellectu;

407 5134 851 5209 quandoquidem
883 5135 1095 5209 usitato
1108 5134 1553 5209 merelloquendi
1576 5136 1783 5206 Hymni
1809 5136 2004 5192 Eccle-

406 5203 614 5265 siastici
643 5203 675 5264 a
704 5205 939 5263 Psalmis
966 5203 1241 5260 Davidicis
1265 5203 1689 5277 distinguantur,
1723 5214 1783 5261 ut
1811 5215 2007 5263 notum

408 5287 508 5335 est.
761 5312 773 5317 -ν

477 5352 501 5383 ⁸
528 5349 729 5405 Prima:
757 5346 902 5420 apud
925 5346 1076 5418 ipsos
1102 5359 1293 5402 recens
1329 5345 1621 5415 institute,
1661 5353 1724 5402 ut
1751 5348 2006 5420 superius

406 5428 733 5475 annotatum
744 5461 756 5474 .
1104 5430 1109 5433 ’

475 5480 502 5524 δ
534 5489 776 5548 Oratorii
803 5489 1006 5545 oblivio
1036 5487 1236 5544 merito
1264 5487 1426 5544 nobis
1455 5486 1769 5558 objiciatur,
1795 5487 1841 5543 si
1872 5488 2005 5545 illud

404 5562 624 5618 silentio
680 5569 1089 5632 printereamus.
1113 5558 1367 5632 Proinde
1403 5558 1644 5632 notanda
1706 5558 2006 5632 inprimis

403 5634 498 5689 SS.
539 5628 764 5689 Patrum
794 5632 1001 5704 elogia,
1032 5630 1233 5702 quibus
1269 5628 1498 5704 oratorii
1545 5645 1753 5704 usum,
1777 5628 2005 5704 institu-

396 5703 724 5778 tionemque
752 5700 1065 5777 exponunt,
1087 5709 1141 5759 et
1170 5700 1587 5758 commendant.
1624 5703 1694 5757 D.
1727 5701 2003 5774 Augusti-

2036 4807 2086 4870 D

2173 3508 2284 3565 uod
2321 3508 2574 3563 divinum
2624 3507 2839 3562 cultum
2890 3507 3174 3578 pertineat.
3225 3507 3482 3578 Secundo
3526 3517 3729 3565 notan-

2173 3525 2284 3565 uoo
2321 3525 2574 3563 omnum
2624 3525 2839 3562 cultum
2890 3525 3174 3578 pertineat.
3225 3525 3482 3563 Secunoo
3526 3525 3728 3565 nomn-

2129 3525 2267 3635 gum
2288 3578 2617 3651 Ahujuﬁsmodi
2649 3579 2854 3651 locum,
2883 3576 3208 3651 quoﬁdeles
3236 3577 3322 3651 ad
3349 3578 3645 3651 orandum,
3669 3589 3728 3635 et

2128 3647 2553 3706 sacriﬁcandum
2594 3647 2916 3705 convenire"
2933 3648 3141 3715 solent,
3193 3648 3354 3704 variis
3388 3665 3454 3705 ac
3499 3649 3729 3707 diversis

2128 3728 2253 3777 tum
2267 3721 2416 3801 apud
2439 3718 3001 3801 Grmcos,._tumqapud
3019 3719 3247 3801 Latinos
3265 3720 3587 3801 nominibus
3609 3736 3730 3778 esse

2127 3789 2463 3863 appellatum
2495 3807 2509 3844 :
2542 3806 2573 3845 e
2602 3789 2804 3862 quibus
2833 3789 3025 3846 tamen
3055 3789 3172 3845 haec
3196 3791 3508 3858 usitatiora,
3539 3799 3594 3846 et
3630 3807 3729 3848 ce-

2129 3862 2361 3943 lebriora
2372 3868 2678 3943 noscuntur
2703 3860 2979 3943 :ecclesia,
3006 3862 3313 3943 oratorium
3336 3861 3574 3943 ,_domus
3598 3862 3724 3943 Dei,

2125 3942 2183 3988 et
2215 3933 2602 3995 Dominicum,
2628 3931 2879 3999 basilica,
2908 3932 3201 4001 templum,
3220 3933 3620 3988 sanctuarium.
3642 3936 3728 3990 De

2124 4005 2360 4061 nomine
2408 4002 2657 4060 ecclesia:
2694 4001 3006 4059 Walfridus
3033 4001 3261 4058 Strabus
3292 4002 3389 4058 lib.
3425 4002 3492 4058 de
3535 4002 3728 4061 Rebus

2125 4076 2331 4132 Eccles.
2369 4091 2489 4146 cap.
2523 4081 2557 4131 6
2600 4093 2613 4129 :
2642 4075 2896 4137 Ecclesia,
2919 4073 3124 4146 inquit,
3152 4075 3392 4131 Granum
3416 4090 3602 4129 nomen
3620 4080 3722 4138 est,

2121 4152 2173 4201 et
2190 4145 2585 4208 interpretatur
2614 4147 2932 4207 convocatio,
2963 4145 3045 4198 vel
3072 4148 3385 4208 conventus,
3413 4161 3530 4199 cum
3552 4148 3623 4200 sit
3643 4148 3731 4201 vel

2119 4216 2386 4286 generalis
2414 4220 2723 4286 sanctorum
2755 4216 2936 4268 unitas
2973 4216 3031 4268 in
3067 4231 3178 4269 una
3204 4216 3338 4284 ﬁde,
3370 4220 3421 4270 et
3448 4217 3729 4272 dilectione

2118 4285 2442 4356 conjuncta:
2470 4285 2615 4340 unde
2639 4300 2788 4348 una,
2820 4288 2871 4339 et
2914 4286 3175 4341 catholica
3211 4287 3414 4342 dicitur
3441 4288 3674 4343 Ecclesia
3706 4307 3725 4343 :

2116 4358 2199 4412 vel
2216 4357 2555 4426 singulorum
2573 4357 2795 4410 societas
2813 4361 3002 4410 sancta
3025 4357 3256 4428 locorum
3278 4376 3295 4411 :
3316 4357 3460 4412 unde
3471 4363 3521 4413 et
3541 4359 3730 4414 multa:

2122 4428 2384 4482 dicuntur
2402 4428 2666 4499 Ecclesia.
2702 4429 2899 4499 Tamen
2920 4429 3102 4499 etiam
3141 4430 3261 4498 ipsa
3289 4428 3492 4491 domus,
3525 4432 3583 4483 in
3612 4445 3728 4499 qua

2122 4499 2197 4553 ad
2223 4499 2413 4553 divina
2440 4499 2523 4553 vel
2545 4497 2820 4561 discenda,
2849 4498 2932 4552 vel
2950 4497 3517 4554 celebranda’convenit
3536 4497 3728 4555 multi-

2125 4569 2256 4624 tudo
2276 4570 2538 4640 ﬁdelium,
2565 4569 2779 4641 ecclesia
2803 4573 3040 4623 vocatur.
3066 4571 3272 4641 Horum
3301 4571 3547 4641 emempla
3570 4572 3724 4641 Apo-

2118 4640 2287 4695 stolus
2318 4642 2586 4703 insinuat,
2618 4640 2795 4694 dicens
2826 4658 2842 4693 :
2887 4642 2956 4696 Ut
2994 4640 3265 4695 exhiberet
3291 4641 3400 4695 sibi
3432 4640 3725 4709 gloriosam

2119 4712 2417 4775 ecclesiam,
2483 4727 2590 4765 non
2640 4710 2914 4766 habentem
2983 4712 3251 4766 maculam
3298 4728 3467 4781 neque
3524 4728 3726 4781 rugam

2122 4783 2339 4852 (Ephes.
2375 4786 2455 4847 ν).
2486 4785 2578 4845 Et,
2608 4782 2756 4838 Sicut
2778 4784 2837 4835 in
2871 4783 3116 4835 omnibus
3148 4783 3373 4838 ecclesiis
3412 4788 3727 4839 sanctorum

2117 4853 2272 4908 doceo
2293 4853 2628 4921 (Ibid.)..Et,
2650 4853 2897 4908 Mulieres
2926 4855 2985 4906 in
3008 4853 3224 4907 ecclesia
3253 4857 3465 4908 taceant
3489 4854 3663 4917 (Ibid.
3678 4858 3719 4919 ).

2116 4928 2188 4980 Et
2209 4925 2382 4979 multa
2397 4924 2479 4978 his
2504 4924 2724 4978 similia.
2760 4925 3134 4993 Unusquisque
3148 4926 3311 4978 etiam
3330 4925 3611 4980 electorum
3630 4925 3728 4980 do-

2116 5010 2237 5050 mus
2274 4999 2325 5050 et
2351 4996 2606 5065 templum
2642 4995 2741 5050 Dei
2767 4994 2985 5055 dicitur.
3028 4997 3167 5049 sicut
3193 4996 3482 5065 Apostolus
3510 5001 3561 5050 et
3602 5012 3721 5061 suo,

2117 5071 2168 5120 et
2180 5067 2488 5135 prophetico
2515 5067 2794 5137 conﬁrmat
2816 5065 3053 5134 ememplo
3082 5084 3099 5120 :
3129 5067 3421 5137 Templum,
3448 5070 3721 5137 inquiens,

2115 5134 2214 5191 Dei
2237 5134 2484 5191 sanctum
2512 5139 2609 5197 est,
2631 5134 2776 5205 quod
2803 5137 2926 5189 estis
2948 5151 3058 5199 vos,
3089 5138 3225 5191 sicut
3248 5134 3388 5192 dicit
3415 5134 3677 5194 Dorninus
3704 5158 3721 5193 :

2115 5210 2249 5277 quia
2275 5207 2607 5268 inhabitabo,
2638 5211 2689 5260 et
2714 5206 3067 5279 inambulabo
3085 5209 3143 5261 in
3170 5208 3314 5262 robis
3342 5228 3358 5263 :
3385 5212 3457 5264 Et
3476 5211 3714 5279 reliqua.

2112 5282 2185 5335 Et
2213 5281 2403 5333 Petrus
2435 5296 2451 5331 :
2488 5279 2593 5333 Vos
2612 5282 2888 5345 tamquam
2918 5278 3124 5347 lapides
3151 5281 3280 5343 civi,
3313 5278 3719 5349 supertediﬁca-

2114 5352 2254 5403 mini
2276 5350 2466 5405 domus
2493 5349 2765 5418 spiritales
2784 5389 2800 5411 ,
2828 5355 2931 5404 etc.
2967 5350 3116 5405 Sicut
3141 5365 3266 5419 ergo
3307 5352 3522 5405 ecclesia
3552 5353 3609 5404 in
3638 5368 3720 5406 ec-

2118 5421 2301 5483 clesia,
2354 5422 2430 5474 sic
2451 5420 2635 5474 multa:
2672 5419 2890 5482 domus,
2936 5424 2988 5473 et
3014 5421 3214 5490 templa
3243 5423 3303 5475 in
3326 5421 3480 5476 domo
3504 5424 3633 5485 Dei,
3667 5427 3722 5477 et

2114 5492 2308 5561 templo
2331 5493 2667 5561 conveniunt.
2694 5491 2829 5561 Haac
2856 5490 2966 5545 ille.
2992 5492 3163 5546 Porro
3186 5492 3428 5548 ecclesiae
3455 5508 3487 5548 a
3503 5493 3722 5550 Graecis

2113 5559 2260 5631 saepe
2283 5569 2552 5618 vocantur
2577 5559 2828 5630 εὖκτήρια,
2850 5568 2906 5616 et
2922 5575 2954 5616 a
2982 5561 3201 5617 Latinis
3239 5563 3502 5631 oratoria,
3526 5571 3589 5619 ut
3614 5578 3721 5620 su-

2113 5632 2297 5704 perius
2315 5647 2383 5704 ex
2410 5633 2475 5688 D.
2519 5632 2837 5704 Augustino
2861 5639 2916 5687 et
2932 5631 3226 5689 Benedicto
3252 5634 3437 5689 visum
3466 5642 3569 5690 est.
3611 5633 3723 5692 Sed

2114 5702 2168 5759 et
2201 5703 2469 5761 Eusebius
2496 5703 2591 5760 lib.
2620 5702 2682 5760 'u
2719 5702 2930 5759 Ilistor.
2965 5718 3084 5775 cap.
3126 5708 3192 5759 16
3218 5720 3284 5760 ex
3323 5705 3554 5762 Philone
3581 5704 3724 5763 dicit
