4052 6200
403 261 499 315 ι39

1742 257 2023 315 JOANNIS
2057 257 2358 315 CASSIANI

3605 265 3707 319 140

396 384 575 440 sciens
601 400 950 458 nequaquam
978 399 1036 440 se
1067 399 1223 456 posse
1251 382 1475 439 desidiae
1503 397 1618 438 sum
1645 397 1848 439 noxam
1885 383 1994 439 ali-
2020 390 2075 451 Α
2102 382 2470 454 praestitutam
2498 381 2780 439 dilationis
2829 381 3027 439 horam
3068 382 3151 439 vel
3189 383 3478 441 modicum
3518 384 3706 443 tarda-

394 483 480 533 ter
509 477 762 548 expiare;
791 476 889 533 sed
913 492 982 533 ne
1011 477 1070 531 in
1098 492 1160 532 ea
1188 473 1436 548 quidem,
1467 489 1593 547 quae
1619 481 1744 547 post
1764 482 1876 531 tres
1896 475 1995 532 ho-

395 586 485 627 ras
512 571 617 627 erit
652 579 905 627 secutura
933 570 1279 635 solemnitas,
1310 567 1742 637 admittendum,
1765 570 1869 625 nisi
1895 585 1995 642 pro

396 667 722 738 negligentia
751 665 999 737 praesenti
1029 662 1321 719 confestim
1354 679 1478 719 vera
1508 663 1823 720 humilitate
1862 662 1995 719 sub-

397 759 581 815 nixius
626 756 936 814 satisfacere
994 755 1352 811 festinaverit.
1414 757 1477 810 In
1527 756 1815 813 nocturnis
1866 773 1993 813 vero

399 849 788 907 conventiculis
827 862 1001 919 usque
1028 847 1100 905 ad
1130 849 1437 905 secundum
1471 850 1745 923 psalmum
1780 850 1997 922 prabe-

399 953 489 999 tur
516 942 754 999 tardanti
791 942 1007 1010 dilatio,
1040 943 1115 998 ita
1152 941 1465 1013 dumtaxat,
1497 952 1557 1000 ut
1595 953 1894 1016 antequam
1926 945 1996 1000 ti—

397 1037 513 1091 nito
542 1034 737 1091 eodem
765 1036 976 1107 psalmo
1008 1034 1201 1092 fratres
1236 1036 1293 1092 in
1314 1038 1563 1094 oratione
1592 1038 1990 1109 procumbant,

396 1131 756 1203 semetipsum
789 1132 1196 1204 congregationi
1235 1132 1474 1189 inserere
1497 1140 1661 1204 atque
1689 1132 1995 1189 admiscere

399 1223 645 1294 festinet;
693 1225 873 1282 eidem
915 1225 1270 1296 proculdubio
1318 1226 1678 1298 increpationi
1714 1243 1779 1283 ac
1812 1228 1996 1297 poeni-

396 1320 607 1387 tentiae,
655 1335 824 1391 quam
870 1320 1262 1390 praediximus,
1302 1319 1705 1391 subjiciendus,
1760 1320 1807 1375 si
1855 1320 1997 1376 ultra

2106 476 2264 532 verit.

2698 617 2935 673 CAPUT
2973 618 3122 672 VIII.
3358 666 3385 685 ,.

2111 758 2350 825 νίσίιίω,
2383 772 2504 827 qua:
2531 773 2566 810 a
2594 771 2813 826 vespera
2842 758 3169 812 illucescente
3194 758 3413 812 sabbato
3436 758 3707 814 celebran-

2178 833 2284 890 tur,
2323 843 2479 897 quem
2503 829 2758 898 temporis
2781 828 2997 882 modum
3027 832 3257 893 teneant,
3286 829 3370 883 vel
3396 844 3498 899 quo
3520 831 3708 886 ordine

2177 900 2519 954 celebrentur.

2175 1042 2314 1096 Sane
2334 1043 2361 1073 ⁸
2386 1041 2597 1113 vigilias
2625 1055 2752 1112 quae
2780 1039 3014 1113 singulis
3032 1039 3475 1096 hebdomadibus
3492 1034 3562 1097 ab
3585 1056 3706 1098 ves-

2104 1136 2232 1204 pera‘
2285 1134 2630 1190 illucescente
2674 1134 2902 1191 sabbato
2940 1133 3307 1198 celebrantur,
3332 1133 3567 1201 ,idciroo
3613 1151 3705 1192 se-

2104 1229 2289 1283 niores
2321 1227 2545 1284 hiemali
2573 1236 2845 1300 tempore,
2873 1243 2985 1300 quo
3016 1235 3208 1284 noctes
3232 1235 3364 1283 sunt
3396 1227 3702 1300 longiores,

2103 1324 2127 1353 ε
2151 1336 2329 1393 usque
2358 1321 2427 1377 ad
2455 1329 2715 1393 quartum
2742 1322 3012 1394 gallorum
3041 1328 3270 1377 cantum
3298 1336 3395 1394 per
3423 1329 3705 1379 monaste-

1486 1446 1739 1501 ALARDI
1778 1445 2005 1501 GAZEI
2043 1445 2604 1503 COMMENTARIUS.

396 1567 900 1650 [esponsoriorumz
935 1569 1146 1649 Quarta.
1174 1568 1578 1650 estprostratio
1608 1568 1908 1650 in‘terrani
1934 1568 1991 1623 in
2098 1576 2422 1650 repugnant.
2452 1572 2713 1650 Nonnulli
2744 1574 2935 1650 mortis
2960 1571 3311 1650 meditatione
3337 1586 3393 1626 se
3422 1576 3701 1650 egeram,

400 1639 505 1693 line
535 1638 794 1711 horarum
814 1681 828 1704 ,
857 1638 972 1711 sive
997 1638 1413 1711 operis‘divini,
1445 1654 1616 1711 usque
1652 1639 1785 1695 dum
1824 1639 1992 1695 abbas

402 1725 530 1765 eum
561 1710 806 1766 absolvat
834 1709 903 1765 ab
922 1709 1024 1765 hac
1040 1707 1436 1766 satisfactione.
1471 1707 1668 1766 Forma
1693 1718 1880 1765 autem
1910 1726 1989 1765 sa-

2100 1659 2166 1697 επ
2179 1644 2491 1712 Itujusmodi
2500 1644 2924 1697 consideratione
2933 1645 3384 1712 compunctionem
3404 1643 3515 1697 sibi
3528 1646 3706 1712 acqui-

2098 1730 2217 1768 rere
2233 1715 2527 1768 studentes.
2551 1716 2640 1770 Erc
2669 1715 2754 1768 his
2781 1714 3026 1768 omnibus
3044 1715 3217 1783 primi
3232 1714 3335 1775 illi,
3374 1718 3427 1768 et
3446 1716 3705 1783 postremi

398 1780 725 1836 tisfactionis
748 1796 844 1851 pro
863 1780 1068 1835 levibus
1090 1780 1263 1851 culpis
1287 1781 1361 1836 ita
1385 1780 1773 1852 prae'scribitur,
1798 1780 1994 1837 eodem
2024 1787 2071 1849 B
2102 1785 2318 1839 diurnis
2340 1786 2578 1839 excubiis
2593 1787 2868 1849 insistunt,
2885 1780 3109 1839 secundi
3126 1800 3246 1839 vero
3265 1780 3570 1839 monasticw
3580 1786 3706 1840 vitae

396 1854 814 1908 Turrecrema‘to
848 1858 1287 1918 commentante,
1310 1852 1697 1924 etgexplicante
1725 1871 1736 1906 :
1771 1853 1877 1919 Qui
1893 1868 1996 1922 pro

402 1924 599 1980 levibus
621 1924 792 1993 culpis
812 1924 1336 1977 excommunicantur
1346 1922 1421 1987 (id
1442 1922 1545 1986 est,
1562 1927 1995 1993 sequestrantur)

401 1998 612 2049 tantum
653 2011 688 2048 a
711 2009 914 2056 mensa,
958 1995 1015 2047 in
1041 1996 1276 2048 oratorio
1303 1996 1649 2062 satisfaciant
1684 2012 1700 2048 :
1730 1993 1891 2049 sicuti
1929 2010 1998 2049 ex

399 2073 550 2135 parte
579 2064 790 2120 dictum
819 2072 901 2118 est
930 2063 985 2118 in
1021 2063 1193 2135 priori
1220 2062 1421 2131 forma,
1457 2064 1705 2120 videlicet
1730 2072 1791 2120 ut
1825 2064 1993 2130 tales,

398 2133 781 2205 permanentes
809 2143 993 2207 tamen
1018 2133 1075 2188 in
1100 2134 1227 2207 loco
1244 2150 1344 2191 suo
1360 2135 1416 2190 in
1438 2136 1704 2203 oratorio,
1737 2150 1835 2189 nec
1861 2136 2000 2207 psal-

401 2220 555 2277 mum
576 2247 592 2270 ,
629 2220 729 2261 nec
756 2205 1113 2277 antiphonam
1146 2205 1381 2277 debeant
1408 2207 1720 2277 imponere,
1752 2205 1999 2262 neclec-

402 2274 581 2349 tiones
611 2274 893 2349 recitaref
917 2277 1054 2349 Item
1086 2275 1140 2330 in
1186 2276 1295 2332 ﬁne
1327 2274 1588 2349 horarum
1635 2277 1901 2349 projicere
1942 2293 2001 2333 se

404 2346 636 2403 debeant
666 2347 725 2402 in
751 2356 979 2413 terram,
1009 2347 1149 2402 sicut
1177 2348 1427 2419 superius
1462 2357 1543 2404 est
1563 2346 1879 2404 ordinatum
1901 2391 1916 2415 ,
1947 2356 2003 2404 et

402 2433 566 2488 usque
587 2418 661 2473 ad
677 2418 972 2489 jussionem
989 2419 1197 2474 abbatis
1220 2418 1313 2475 hoc
1336 2421 1564 2486 faciant,
1593 2420 1632 2475 i.
1660 2435 1714 2475 e.
1740 2419 2003 2488 impleant

402 2489 696 2563 continue,
719 2506 886 2563 usque
918 2490 1049 2563 dum
1075 2490 1242 2563 abbas
1284 2491 1577 2554 benedicat,
1621 2491 1871 2563 signum,
1917 2491 2000 2547 vel

405 2560 634 2616 verbum
663 2559 1055 2617 benedictionis
1080 2560 1281 2617 dando.
1314 2564 1392 2617 Ita
1413 2559 1867 2618 Turrecrematus
1891 2562 2000 2617 Be-

402 2630 588 2703 gulam
632 2647 927 2702 exponens.

437 2780 449 2785 _
473 2705 495 2734 ¹¹
528 2702 742 2785 Vigiliaa
766 2703 858 2785 hic
874 2712 929 2759 et
953 2704 1165 2785 passim
1175 2710 1447 2785 vol-autin:
1464 2712 1753 2785 nocturnae
1777 2719 1993 2785 preces,

402 2780 457 2828 et
484 2782 812 2846 conventus,
843 2774 901 2829 in
929 2774 1133 2846 quibus
1151 2774 1250 2846 illi,
1275 2782 1329 2829 et
1352 2774 1446 2829 alii
1471 2774 1733 2829 monachi
1774 2775 1995 2846 illorum

402 2846 648 2918 exemplo
680 2844 751 2902 de
786 2844 959 2901 nocte
988 2845 1310 2918 pervigilare
1330 2885 1347 2912 ,
1384 2854 1439 2900 et
1472 2854 1757 2918 tamquam
1795 2845 1998 2918 milites

402 2915 715 2988 spiritales,
747 2932 863 2988 seu
887 2915 1168 2973 custodes'
1193 2931 1357 2988 supra
1403 2915 1617 2988 muros;
1650 2915 1996 2988 Hierusalem

400 2985 682 3041 constituti
714 2986 981 3042 excubare
1017 2988 1214 3042 solent.
1255 2987 1503 3057 HincD.
1538 2985 1997 3057 Hieronymusin

404 3072 526 3127 cap.
575 3072 638 3111 ιν
666 3057 881 3123 Daniel,
906 3072 1168 3112 enarrans
1196 3057 1289 3113 illa
1319 3056 1480 3113 verba
1520 3078 1531 3112 :
1570 3060 1641 3114 Et
1675 3056 1804 3120 ecce,
1840 3059 1993 3127 vigil,

402 3132 455 3183 et
478 3131 697 3182 sanctus
718 3127 784 3182 de
807 3129 931 3183 caelo
960 3128 1255 3183 descendit.
1282 3132 1385 3184 Pro
1411 3128 1586 3198 vigili,
1613 3127 1817 3198 inquit,
1843 3130 1997 3184 Theo-

400 3197 546 3254 dotio
579 3200 758 3268 ipsum
808 3199 1157 3255 Chaldaicum
1196 3201 1418 3255 verbum
1458 3197 1641 3270 posuit
1681 3197 1804 3262 Hir,
1852 3200 1997 3269 quod

398 3284 502 3339 per
525 3272 632 3324 tres
657 3271 866 3324 litteras
895 3272 1027 3333 Ain,
1058 3270 1176 3333 Jod,
1204 3274 1256 3325 et
1278 3274 1379 3327 Res
1409 3273 1686 3326 scribitur.
1714 3272 1997 3340 Signiﬁcat

401 3345 583 3395 autem
606 3342 843 3409 angelos,
869 3342 1015 3411 quod
1037 3356 1242 3412 semper
1257 3343 1483 3411 vigilent
1500 3385 1513 3404 ,
1544 3347 1595 3398 et
1614 3343 1688 3397 ad
1711 3345 1811 3398 Dei
1826 3345 1998 3411 impe-

399 3413 542 3494 rium
561 3412 673 3465 sint
688 3414 895 3494 parati.
932 3413 1081 3468 Unde
1095 3418 1148 3494 et
1169 3414 1483 3494 nos_crebris
1505 3414 2001 3494 pernpctationibus

401 3484 684 3553 imitamur
707 3484 1022 3553 angelorum
1050 3483 1236 3550 ofﬁcia.
1268 3482 1417 3537 Idem
1440 3482 1599 3553 epist.
1629 3488 1720 3548 53,
1747 3483 1817 3538 ad
1837 3482 2003 3552 Ripa-

401 3552 545 3607 rium
567 3572 579 3608 :
606 3552 759 3620 Quod
781 3553 915 3609 dicis
936 3554 1298 3622 Vigilantiam
1311 3552 1529 3622 vigilias
1550 3556 1842 3615 exsecrari,
1861 3555 2001 3620 facit

401 3624 499 3678 hoc
519 3628 706 3679 contra
722 3625 1036 3679 vocabulum
1057 3639 1235 3686 suum,
1258 3628 1321 3678 ut
1347 3625 1475 3679 velit
1493 3625 1725 3679 dormire
1751 3626 2002 3693 Vigilan-

402 3696 533 3758 tius,
590 3699 641 3751 et
676 3711 781 3749 non
819 3696 979 3750 audit
1016 3696 1349 3751 Salvatorem
1386 3695 1683 3750 dicentem:
1727 3697 1850 3751 Sic?
1894 3712 2001 3752 non

402 3768 655 3836 potuistis
678 3782 791 3821 una
810 3767 947 3821 hora
967 3768 1197 3836 vigilare
1214 3770 1452 3820 mecum?
1477 3768 1731 3835 Vigilate,
1752 3771 1803 3820 et
1827 3773 1995 3831 orate,

399 3853 464 3891 ne
495 3840 709 3892 intretis
738 3841 797 3892 in
829 3840 1192 3892 tentationem.
1220 3838 1457 3907 Spiritus
1476 3841 1758 3908 promptus
1782 3842 1886 3903 est;
1908 3842 2002 3894 sed

405 3924 530 3964 caro
552 3911 773 3978 inﬁrma
802 3910 1016 3977 (Matth.
1064 3914 1256 3973 χχιι).
1282 3911 1354 3964 Et
1381 3910 1439 3962 in
1462 3910 1572 3963 alio
1598 3910 1704 3962 loco
1735 3911 2001 3979 propheta

402 3979 658 4051 decantat
684 3999 700 4036 :
733 3981 916 4037 Media
939 3984 1086 4035 nocte
1123 3979 1411 4049 surgebam
1448 3984 1510 4034 ut
1536 3982 1814 4049 conﬁterer
1839 3995 2001 4051 super

390 4050 611 4120 judicia
637 4056 754 4116 tua,
781 4054 1003 4109 Domine
1024 4052 1187 4122 (Psal.
1208 4055 1449 4117 cxvm).
1478 4054 1763 4107 Dominum
1790 4050 2000 4122 quoque

398 4124 457 4175 in
482 4124 773 4193 Evangelio
796 4129 1134 4194 pernoctasse
1170 4124 1391 4193 legimus
1420 4128 1441 4187 (
1465 4125 1588 4178 Luc.
1632 4129 1752 4186 VI):
1781 4128 1832 4176 et
1861 4140 1998 4194 apo-

398 4194 557 4263 stolos
580 4196 786 4249 clausos
815 4211 1023 4250 carcere
1041 4199 1154 4249 tota
1166 4199 1313 4250 nocte
1330 4195 1603 4263 vigilasse,
1620 4198 1691 4249 ut
1716 4195 1825 4248 illis
1841 4196 2000 4263 psal-

402 4262 630 4317 lentibus
674 4269 823 4317 terra
864 4270 1200 4333 quateretur,
1238 4262 1409 4320 custos
1451 4268 1679 4320 carceris
1724 4262 1961 4320 crederet
1980 4309 1995 4329 ,

404 4335 763 4404 magistratus
779 4338 831 4387 et
845 4336 1035 4387 civitas
1051 4338 1378 4388 terrerentur
1397 4337 1540 4399 (Act.
1565 4340 1717 4398 XVI).
1734 4337 1999 4404 Loquitur

401 4403 606 4476 Paulus
625 4422 649 4476 τί
661 4404 910 4476 Orationi
920 4406 1157 4476 insistite
1172 4405 1458 4472 vigilantes
1480 4407 1536 4458 in
1559 4420 1621 4458 ea
1643 4406 1859 4471 (Coloss.
1879 4406 1989 4476 ιγ).

399 4475 472 4529 Et
498 4475 557 4526 in
594 4475 701 4528 alio
732 4475 838 4528 loco
881 4493 898 4527 :
940 4477 1002 4529 In
1026 4475 1226 4541 vigiliis
1262 4476 1575 4543 frequenter
1603 4480 1620 4535 (
1638 4476 1685 4528 Il
1729 4477 1846 4532 Cor.
1878 4475 1988 4543 χι).

401 4546 650 4599 Dormiat
658 4547 842 4618 itaque
851 4532 1332 4618 Vigilantius,etab
1343 4532 1762 4600 eictermintrtore
1772 4532 1997 4618 Egypti
2022 4532 2071 4593 D

399 4630 519 4670 cum
544 4617 818 4691 @ggptiis
836 4616 1107 4671 dormiens
1129 4616 1435 4691 suﬁ’ocetur.
1468 4618 1600 4691 Haec
1630 4619 1693 4691 ι),
1726 4616 1994 4691 Hierony-

399 4702 526 4743 mus
564 4688 968 4757 Scripturarum
1010 4696 1064 4741 et
1090 4690 1471 4757 exemplbrum
1516 4687 1988 4759 locupletissimus.

398 4759 668 4816 Praeclare
695 4759 879 4814 itidem
909 4761 1152 4814 Joannes
1180 4759 1457 4815 Climacus
1494 4776 1666 4829 nuper
1701 4761 1898 4816 citatus
1924 4761 1995 4817 de

401 4830 798 4904 monachorum
847 4830 1075 4904 vigiliis,
1112 4838 1169 4886 et
1206 4831 1492 4886 nocturnis
1526 4831 1796 4887 exercitiis
1825 4831 1995 4887 disse-

398 4916 522 4957 rens
540 4901 595 4956 in
612 4901 756 4958 hunc
781 4901 1009 4959 modum
1034 4922 1046 4957 :
1075 4905 1312 4969 Terrenis
1332 4904 1570 4972 quidem,
1592 4919 1656 4959 ac
1675 4905 1992 4960 mortalibus

400 4974 615 5045 regibus
630 4974 727 5045 qui
735 4978 938 5037 astant,
955 4975 1058 5028 alii
1076 4976 1333 5045 expediti,
1358 4991 1421 5029 ac
1438 4975 1578 5029 nudi
1587 4977 1704 5042 fere
1717 4982 1871 5039 sunt;
1890 4977 1995 5029 alii

399 5044 595 5108 fasces,
627 5043 730 5096 alii
766 5045 993 5113 clypeos,
1043 5043 1159 5098 alii
1177 5047 1388 5113 gladios
1433 5051 1624 5100 tenent.
1674 5050 1771 5102 Est
1810 5051 1992 5102 autem

394 5116 595 5186 uigens,
619 5116 796 5186 atque
820 5116 1257 5184 incomparabilis
1287 5118 1589 5184 primorum
1615 5118 1690 5171 ad
1720 5123 1990 5186 sequentes

396 5183 734 5256 differentia.
767 5185 976 5255 Quippe
1027 5186 1131 5238 alii
1167 5183 1389 5256 proprie
1417 5189 1628 5255 cognati
1663 5183 1804 5255 regis
1846 5204 1986 5251 esse,

396 5260 561 5323 atque
579 5255 1008 5321 familiarissimi
1026 5256 1193 5310 solent
1214 5275 1230 5309 :
1257 5258 1318 5309 hi
1332 5272 1452 5311 vero
1466 5260 1625 5319 servi,
1647 5262 1696 5310 et
1714 5260 1953 5313 ministri
1971 5278 1986 5313 :

395 5331 445 5381 et
460 5326 566 5379 ista
581 5326 799 5399 quidem
815 5329 894 5381 ita
913 5341 967 5381 se
985 5327 1198 5382 habent.
1221 5327 1347 5399 Age
1358 5344 1499 5389 vero,
1511 5328 1636 5395 jam
1650 5343 1742 5382 nos
1757 5345 1985 5399 quoque,

396 5411 630 5467 quonam
656 5397 811 5451 modo
843 5399 902 5452 in
930 5399 1268 5467 vespertinis,
1313 5398 1629 5467 diurnisque
1651 5397 1988 5455 conventibus

392 5474 443 5523 et
471 5468 799 5534 orationibus
823 5470 947 5531 Deo,
971 5472 1021 5522 et
1047 5472 1165 5538 regi
1184 5473 1363 5525 nostro
1390 5471 1712 5532 assist-imus,
1743 5472 1988 5527 solertius

388 5540 758 5609 inspiciamus.
786 5541 1020 5607 Quidam
1043 5542 1184 5594 enim
1216 5542 1272 5594 in
1300 5542 1613 5610 vespertinis
1634 5545 1988 5611 pernoctatio-

388 5612 547 5666 nibus
563 5612 963 5683 eapeditissimi
978 5627 1011 5665 a
1035 5628 1163 5665 cura
1177 5612 1385 5673 mundi,
1402 5628 1574 5681 puras
1598 5613 1672 5667 ad
1690 5617 1984 5669 orationem

390 5683 685 5739 extendunt
710 5698 920 5738 manus.
948 5683 1068 5739 Alii
1101 5698 1215 5737 cum
1253 5684 1583 5753 psalmorum
1625 5685 1985 5755 modulatione

2106 1859 2387 1926 propiores
2414 1861 2571 1922 sunt;
2602 1858 2751 1915 tertii
2766 1872 2889 1910 vero
2906 1858 3219 1922 inferiorem
3242 1855 3518 1909 ambulant
3534 1857 3699 1910 viam.

2111 1929 2313 1983 Verum
2336 1943 2416 2007 etc
2432 1927 2706 2007 devotione
2724 1931 2781 2007 et
2808 1929 3011 2007 virtute
3044 1926 3379 2007 offerentium
3408 1930 3701 2007 Ben-smu-z

2104 2014 2235 2052 nera
2271 2000 2519 2078 suscipit,
2550 2002 2602 2078 et
2637 2000 2893 2078 testimat.
2912 1999 3060 2053 Haec
3084 1995 3172 2053 ille
3206 1995 3276 2052 de
3304 1995 3592 2053 monachis
3618 1996 3703 2052 sui

2104 2068 2895 2217 mwpgbszifomiflubggeente,
2924 2137 2993 2217 id
3033 2145 3147 2217 est,_
3168 2136 3462 2217 inchoante
3499 2152 3541 2217 ει
3576 2151 3702 2217 ves-

2108 2225 2259 2282 pera,
2285 2210 2365 2264 vel
2386 2210 2816 2281 paraphrastice,
2838 2209 3239 2282 utADionysius,
3262 2208 3315 2263 in
3335 2216 3493 2282 nocte
3513 2205 3707 2282 feriam
3800 2250 3809 2257 .

2108 2279 2319 2336 sextam
2351 2279 2608 2352 sequente
2637 2300 2649 2352 ς
2680 2295 2811 2352 nam
2839 2280 3051 2352 sabbati
3071 2279 3563 2352 ’observatioapud
3589 2279 3708 2352 Ele-

2110 2352 2288 2425 brzeos
2324 2367 2357 2406 a
2386 2344 2976 2425 véspera_incipiebat,_
2984 2350 3089 2405 hoc
3115 2358 3198 2404 est
3217 2388 3232 2414 ,
3260 2344 3541 2425 d_e_cide_hte
3566 2348 3709 2417 sole,

2111 2430 2165 2477 et
2194 2423 2253 2477 in
2290 2418 2567 2477 vesneram
2597 2418 2901 2476 desinebat.
2935 2422 3033 2475 Est
3064 2427 3251 2474 autem
3289 2418 3378 2473 hic
3405 2418 3715 2473 observan-

2108 2492 2240 2548 dum
2265 2487 2411 2562 apud
2439 2492 2559 2547 illos
2587 2490 2888 2546 monachos
2904 2498 3021 2562 tam
3041 2490 3242 2562 noctis,
3264 2504 3431 2562 quam
3452 2487 3561 2543 diei
3580 2488 3712 2545 sab-

2108 2563 2279 2619 batini
2302 2558 2626 2632 peculiarem
2646 2603 2663 2629 ,
2685 2570 2739 2617 et
2758 2561 2827 2617 ab
2868 2560 2992 2617 aliis
3024 2558 3298 2616 diversam
3332 2558 3505 2615 fuisse
3533 2574 3712 2616 caere-

2107 2635 2390 2699 moniam,
2455 2642 2511 2688 et
2564 2632 3231 2696 observationemlLem’t.
3290 2634 3511 2695 χχιιι).
3564 2632 3709 2687 Nam

2106 2705 2314 2774 vigilias
2361 2708 2658 2760 nocturnas
2707 2703 2891 2774 multo
2925 2701 3199 2774 longiores
3244 2709 3299 2774 et
3343 2700 3706 2757 solemniores

2104 2771 2410 2842 habebant;
2447 2776 2522 2830 ita
2563 2783 2623 2830 ut
2661 2781 2838 2829 totam
2869 2772 2980 2828 fere
3016 2771 3249 2842 noctem,
3280 2771 3615 2842 insomnem,
3651 2780 3710 2828 et

2105 2847 2429 2918 pervigilem
2466 2846 2755 2918 ducerent,
2799 2844 3001 2918 partim
3060 2841 3302 2918 privatis
3330 2841 3706 2912 orationibus,

2104 2913 2303 2988 partim
2343 2916 2540 2973 ofﬁciis
2593 2913 2910 2988 nocturnis,
2952 2922 3007 2988 et
3052 2913 3335 2988 canonicis
3388 2922 3642 2988 vacantes
3688 2933 3702 2968 :

2103 2984 2318 3044 duabus
2351 2996 2567 3042 tantum
2615 2986 2767 3041 horis
2796 2985 2898 3042 sub
2944 2984 3111 3040 tinem
3154 2984 3334 3040 noctis
3380 2984 3448 3040 ad
3481 2984 3707 3047 brevem

2102 3074 2387 3130 somnum,
2406 3066 2464 3114 et
2485 3057 2725 3130 qnietem
2745 3054 3074 3130 captandam
3095 3055 3200 3130 sibi
3216 3054 3508 3130 concessis,
3523 3071 3707 3130 usque

2105 3129 2239 3186 dum
2259 3125 2458 3185 aurera
2480 3125 2893 3184 adventante‘ad
2915 3126 3216 3181 Matutinos
3236 3125 3497 3197 psalmos,
3518 3125 3574 3181 id
3596 3125 3704 3197 est,

2106 3201 2296 3257 laudes
2318 3201 2621 3256 Matutinas
2657 3206 3002 3254 vocarentur.
3027 3197 3200 3268 Cujus
3224 3196 3492 3268 tationem
3520 3196 3709 3268 reddit

2109 3275 2316 3328 Auctor
2355 3288 2475 3343 cap.
2522 3277 2576 3327 9.
2618 3270 2779 3326 Diem
2806 3284 2932 3343 vero
2971 3267 3201 3343 sabbati
3232 3267 3709 3343 festum_agebant

2108 3358 2263 3398 more
2290 3337 2585 3398 Orientalis
2611 3341 2891 3407 Ecclesiae,
2920 3354 3021 3394 nec
3045 3354 3109 3395 eo
3146 3338 3238 3394 die
3257 3337 3602 3409 jejunabant,
3639 3346 3705 3393 ut

2111 3414 2234 3470 aliis
2261 3413 2473 3477 diebus,
2506 3420 2569 3467 ut
2592 3412 2729 3467 infra
2752 3412 2913 3467 latius
2941 3409 3291 3472 ostendetur(
3312 3411 3438 3480 Cap.
3477 3415 3509 3464 5
3548 3414 3599 3464 et
3625 3414 3702 3475 6).

2176 3487 2199 3516 °
2229 3484 2563 3554 Simpliciter
2591 3483 2733 3538 dixit
2756 3481 3007 3554 superius
3051 3483 3248 3554 :74nte
3265 3482 3548 3554 gallorum
3583 3497 3709 3535 can-

2111 3558 2245 3609 tum.
2273 3551 2480 3623 Etpost
2505 3555 2775 3623 gallorum
2800 3551 3039 3608 cantum.
3079 3551 3186 3606 Hic
3213 3551 3400 3623 addito
3426 3566 3659 3608 numero
3689 3571 3704 3607 :

2117 3628 2291 3695 Usque
2310 3622 2384 3680 ad
2404 3629 2664 3694 quartum
2680 3626 2948 3695 gallorum
2968 3627 3203 3695 cantum.
3232 3622 3398 3693 Cujus
3418 3623 3708 3695 occasione

2108 3693 2317 3768 aliquid
2345 3693 2641 3751 dicendum
2670 3693 2889 3752 videtur
2913 3694 2982 3750 de
3016 3693 3143 3819 galli
3170 3701 3358 3762 cantu,
3383 3708 3475 3748 seu
3497 3693 3707 3765 gallici-

2108 3767 2225 3819 nio.
2256 3767 2479 3819 eiusaue
2507 3767 2747 3819 ratione.
2779 3775 2835 3819 et
2868 3765 3011 3819 signi
3055 3765 3289 3819 catione.
3316 3772 3434 3819 tam
3462 3778 3529 3818 ex
3566 3780 3702 3819 nro-

2108 3765 2225 3839 nio,
2256 3767 2479 3839 ejusque
2507 3767 2747 3839 ratione,
2779 3775 2835 3822 et
2868 3765 3289 3839 significatione,
3316 3772 3434 3839 tam
3462 3778 3529 3818 ex
3565 3780 3702 3839 pro-

2109 3835 2477 3909 fanis,'quam
2509 3854 2572 3893 ex
2602 3837 2772 3909 sacris
2794 3835 3155 3909 auctoribus,
3186 3835 3339 3905 quod
3387 3850 3494 3890 non
3524 3835 3706 3909 solum

2108 3908 2175 3965 ad
2206 3905 2369 3991 hujus
2394 3925 2537 3991 cap"
2557 3908 2652 3991 sed
2679 3917 2735 3964 et
2756 3907 2996 3991 plurium
3041 3905 3708 3991 Scripturgsacrailoco-

2106 3995 2235 4035 rum
2275 3977 2696 4051 intelligentiam
2730 3977 3018 4054 conducat.
3049 3977 3236 4054 igitur
3286 3977 3490 4032 Plinius
3527 3977 3625 4054 l_ib.
3650 3993 3709 4054 Ax

2106 4068 2223 4122 cap.
2260 4058 2323 4107 21
2369 4069 2382 4105 :
2418 4048 2701 4113 Proxime,
2744 4050 2923 4121 inquit
2950 4048 3192 4115 (scilicet
3239 4056 3361 4118 post
3400 4048 3703 4122 pavones),

2108 4120 2339 4192 gloriam
2357 4127 2596 4178 sentiunt
2614 4128 2663 4177 et
2675 4124 2734 4176 hi
2748 4120 2935 4190 vigiles
2954 4122 3369 4192 nocturnaquos
3401 4120 3707 4174 emcitandis

2106 4190 2162 4247 in
2173 4210 2335 4263 opera
2346 4195 2565 4247 mortali
2568 4196 2972 4261 bus,somnoque
2983 4190 3274 4261 rumpenda
3282 4206 3355 4263 na
3363 4194 3487 4245 tura
3497 4192 3702 4263 genuit.

2107 4261 2323 4320 Norunt
2361 4264 2563 4327 sidera,
2603 4269 2654 4318 et
2682 4269 2863 4318 ternas
2891 4264 3235 4332 distinguunt
3275 4262 3435 4315 horas
3462 4261 3707 4316 interdiu

2111 4340 2291 4389 cantu.
2323 4336 2452 4391 Cum
2480 4337 2587 4389 sole
2622 4340 2750 4389 eunt
2789 4335 3057 4396 cubitum,
3103 4339 3411 4402 quartaque
3445 4335 3710 4387 castrensi

2112 4408 2330 4475 vigilia,
2378 4406 2453 4460 ad
2498 4422 2686 4469 curas,
2734 4407 3074 4475 laboremque
3112 4407 3380 4458 revocant.
3425 4405 3529 4459 Nec
3575 4404 3706 4459 solis

2105 4482 2284 4531 ortum
2298 4479 2528 4532 incautis
2543 4480 2837 4547 patiuntur
2858 4478 3122 4547 obrepere,
3141 4475 3387 4544 diemque
3408 4476 3706 4547 venientem

2106 4552 2367 4629 nuntiant
2393 4546 2582 4629 cantu;
2612 4552 2789 4629 ipsum
2817 4564 2956 4629 v_ero_
2966 4546 3186 4629 cantum
3208 4547 3410 4629 plausu
3439 4546 3696 4629 laterum.

2109 4619 2205 4674 Sic
2250 4620 2358 4675 ille.
2400 4620 2591 4675 Cicero
2616 4617 2711 4675 lib.
2749 4634 2797 4675 II
2821 4618 2889 4675 de
2916 4617 3267 4687 Divinatione
3309 4635 3321 4671 :
3366 4618 3704 4673 Democritus

2104 4691 2325 4760 quidem
2361 4694 2576 4761 optimis
2606 4692 2778 4746 verbis
2814 4691 3049 4760 applicat
3078 4705 3174 4744 cur
3198 4693 3325 4743 ante
3362 4688 3530 4741 lucem
3560 4689 3705 4757 galli

2102 4767 2304 4817 canant
2332 4782 2348 4816 :
2388 4764 2617 4832 Depulso
2648 4765 2786 4817 enim
2814 4762 2881 4816 de
2898 4766 3127 4832 pectore,
3159 4765 3211 4814 et
3252 4762 3308 4814 in
3331 4774 3482 4813 omne
3508 4774 3704 4829 corpus

2103 4833 2293 4897 diviso,
2307 4839 2358 4888 et
2376 4834 2677 4903 modiﬁcato
2698 4835 2809 4888 cibo
2833 4837 3022 4888 cantus
3051 4833 3205 4885 edere
3225 4833 3401 4901 quiete
3427 4832 3653 4885 satiatos
3683 4852 3702 4887 :

2102 4908 2202 4974 qui
2216 4905 2435 4975 quidem
2457 4906 2667 4959 silentio
2686 4907 2851 4958 noctis
2877 4909 2974 4970 (ut
2995 4906 3077 4958 ait
3099 4905 3341 4967 Ennius)
3353 4904 3542 4975 favent
3564 4903 3701 4975 fau-

2100 4971 2278 5042 cibus}
2310 4992 2499 5031 rursus
2526 4980 2710 5038 cantu,
2731 4977 3035 5045 plausuque
3053 4978 3305 5044 premunt
3328 4973 3468 5027 alas.
3500 4971 3703 5045 Suidas

2099 5062 2150 5102 γ.
2195 5047 2428 5117 εὖφωνεῖν
2471 5047 2577 5115 [ΑΙ.
2620 5044 2848 5116 εὗφῶνη]
2886 5064 2899 5100 :
2930 5048 3078 5114 Quis,
3110 5045 3316 5117 inquit,
3346 5044 3701 5100 vocalissimus

2099 5122 2192 5172 avi
2198 5121 2344 5173 intra
2356 5119 2494 5173 (edes
2499 5120 2791 5187 persuasit,
2806 5122 2865 5172 ut
2879 5121 3170 5172 nocturnas
3181 5119 3343 5171 horas
3354 5131 3579 5170 numera
3585 5120 3701 5171 ret?

2098 5191 2170 5245 D.
2200 5190 2438 5244 Basilius
2460 5188 2653 5244 homil.
2682 5189 2789 5245 Sin
2809 5189 3158 5243 Hexameron
3185 5207 3198 5243 :
3228 5188 3321 5243 Ad
3343 5203 3507 5256 opera
3526 5189 3691 5255 conﬁ-

2099 5261 2289 5316 cienda
2319 5267 2370 5315 te
2393 5262 2692 5327 familiaris
2720 5277 2781 5315 ac
2814 5260 3101 5317 domestica
3140 5261 3333 5314 excitet
3360 5259 3500 5320 ales,
3527 5262 3699 5315 acuta

2099 5333 2439 5387 inclamitans
2483 5348 2631 5394 voce,
2674 5337 2940 5402 cantuque
2979 5347 3074 5386 suo
3115 5332 3276 5386 solem
3315 5329 3496 5384 adhuc
3539 5330 3699 5399 longe

2097 5403 2465 5458 advenientem
2474 5404 2794 5474 praedicens,
2813 5419 3037 5473 cumque
3052 5403 3350 5457 viatoribus
3360 5402 3719 5474 maneevigi-

2097 5474 2235 5537 lans,
2262 5480 2312 5529 et
2334 5476 2409 5529 ad
2435 5490 2556 5538 suos
2585 5475 2812 5539 labores,
2836 5480 2996 5545 atque
3020 5489 3238 5529 messem
3264 5473 3530 5545 agricolas
3548 5473 3699 5545 edu-

2097 5561 2215 5600 cens
2238 5547 2463 5618 adibus.
2498 5548 2705 5601 Verum
2736 5542 3135 5618 elegantissime
3171 5545 3310 5618 hanc
3346 5543 3485 5618 galli
3522 5542 3695 5614 galli—

2096 5616 2248 5695 nacei
2274 5618 2687 5695 proprietatem
2719 5613 2976 5695 praedicat
3013 5620 3087 5695 Di
3121 5615 3445 5695 Ambrosius
3458 5613 3694 5695 hymno

2091 5686 2422 5760 Matutinali,
2459 5689 2573 5744 sive
2594 5688 2689 5760 qui
2719 5686 2795 5760 ad
2820 5689 3003 5745 laudes
3036 5688 3332 5743 Matutinas
3362 5686 3470 5760 diei
3495 5686 3694 5760 domi-

388 5757 665 5811 assistunt.
697 5755 816 5811 Alii
836 5755 1049 5831 lectioni
1071 5756 1243 5831 magis
1266 5756 1591 5831 utcumbunt.
1627 5756 1860 5824 Quidam
1881 5774 1983 5827 per
2087 5759 2228 5814 nicas
2268 5760 2389 5815 cani
2431 5760 2571 5815 solet
2611 5755 2954 5831 (cujus‘ipse
2998 5766 3192 5815 auctor
3218 5766 3358 5831 teste
3401 5757 3685 5831 etiam_D.

391 5842 523 5897 opus
536 5842 794 5883 manuum
810 5842 878 5883 ea:
894 5828 1209 5895 inﬁrmitate
1227 5827 1463 5881 viriliter
1474 5829 1730 5885 adversus
1740 5845 1979 5885 somnum

2089 5831 2400 5902 Augustino
2429 5830 2522 5887 lib.
2552 5847 2575 5887 ι
2617 5827 3039 5903 Betractzi.cap.
3065 5834 3203 5900 2t),
3249 5829 3443 5901 inquo
3481 5827 3691 5886 multi-
