3996 6198
347 174 448 227 155

1689 176 1971 234 ΙΟΛΝΝΙΞ
2007 176 2313 233 CASSIANI

3552 175 3653 228 156

346 297 576 367 plinam,
623 313 743 354 non
785 306 914 355 ante
945 314 1169 370 prorsus
1201 298 1533 363 admittitur,
1564 315 1733 373 quam
1758 299 1952 358 diebus
1976 305 2029 367 Α
2053 301 2249 358 Sciunt
2280 300 2435 355 enim
2458 314 2589 355 eum
2613 296 2717 354 sub
2746 295 3072 353 monasterii
3108 293 3401 366 disciplina
3434 292 3656 350 diutur-

346 388 558 458 decem,
591 389 673 446 vel
694 406 760 447 eo
791 391 1033 463 amplius
1078 408 1177 464 pro
1215 390 1432 448 foribus
1455 392 1767 460 excubans,
1799 392 1947 450 indi-

348 486 500 542 cium
539 478 958 557 perseverantiae
984 528 999 553 ,
1061 501 1128 542 ac
1165 485 1420 542 desiderii
1476 486 1586 553 sui,
1631 486 1947 559 pariterque

346 576 677 634 humilitatis
733 594 798 635 ac
832 578 1108 651 patientia:
1154 577 1634 635 demonstraverit.
1695 579 1948 650 Cumque

347 673 605 728 omnium
626 673 1073 744 prmtereuntium
1096 671 1331 729 fratrum
1356 673 1588 745 genibus
1603 674 1947 744 provolutus,

347 774 402 821 et
427 764 498 821 ab
527 765 799 821 universis
827 765 895 820 de
924 764 1197 822 industria
1226 764 1503 822 refutatus
1530 773 1693 838 atque
1718 763 1947 838 despec-

344 866 455 927 tus,
480 866 767 929 tamquam
784 860 878 931 qui
902 875 1017 915 non
1040 860 1342 932 religionis,
1361 859 1456 916 sed
1478 860 1816 917 necessitatis
1844 861 1949 917 ob-

346 960 501 1008 tentu
533 953 933 1009 monasterium
961 962 1114 1026 optet
1151 954 1384 1024 intrare;
1409 957 1433 986 ⁸
1474 953 1692 1026 injuriis
1732 968 1950 1025 quoque

346 1053 401 1100 et
440 1046 963 1117 exprobrationibus
996 1048 1190 1103 multis
1222 1045 1485 1115 affectus,
1508 1047 1949 1120 experimentum

343 1139 555 1197 dederit
574 1143 899 1199 constantiae
926 1158 1060 1210 suae,
1086 1144 1369 1216 qualisque
1389 1142 1614 1200 futurus
1641 1144 1711 1199 sit
1736 1145 1790 1198 in
1819 1151 1947 1200 ten-
2010 1210 2017 1213 ν

344 1234 677 1303 tationibus,
739 1235 1158 1308 opprobriorum
1213 1238 1504 1294 tolerantia
1560 1237 1941 1307 declaraverit;

345 1336 508 1399 atque
534 1329 612 1384 ita
641 1327 800 1385 fuerit
828 1329 1113 1403 explorato
1149 1332 1355 1387 mentis
1380 1330 1580 1387 ardore
1609 1339 1900 1403 susceptus
1930 1350 1943 1386 :

346 1418 627 1493 diligentia
655 1437 875 1480 summa
902 1424 1258 1497 perquiritur,
1300 1441 1371 1481 ne
1400 1425 1465 1483 de
1494 1424 1745 1497 pristinis
1782 1423 1950 1479 tacul-

349 1515 559 1572 tatibus
576 1516 693 1572 suis
724 1515 1004 1574 inhaeserit
1030 1518 1081 1574 ei
1121 1518 1203 1575 vel
1234 1519 1401 1575 unius
1426 1519 1649 1575 nummi
1674 1516 1946 1590 contagio.

2053 411 2193 452 num
2219 410 2341 451 esse
2368 409 2485 449 non
2516 408 2698 465 posse,
2721 389 2819 448 sed
2847 405 2917 446 ne
2944 389 3275 446 humilitatis
3288 387 3533 460 quidem,
3559 396 3656 445 aut

2056 486 2388 544 obedientiaa
2430 485 2908 559 apprehensurum
2950 498 3070 541 esse
3102 483 3391 549 virtutem,
3423 496 3528 539 nec
3565 480 3655 538 illa

2055 581 2295 638 cmnobii
2340 587 2658 651 paupertate
2683 594 2749 635 ac
2786 577 3129 635 districtione
3153 582 3477 632 contentum
3506 573 3650 645 fore,

2055 676 2103 732 si
2135 676 2194 730 in
2218 673 2559 730 conscientia
2580 672 2696 745 ejus
2725 673 2973 744 pecunia:
2989 670 3565 745 quantulumcumque
3587 668 3658 726 la-

2054 768 2298 826 titaverit
2341 766 2473 824 :sed
2499 766 2594 823 ubi
2625 767 2869 838 primum
2892 774 3082 822 exorta
3114 763 3277 820 fuerit
3300 763 3539 843 qualibet
3566 779 3660 820 oc-

2058 861 2276 917 casione
2295 860 2628 926 commotio,
2656 852 2683 890 ¹³
2725 858 2922 915 tiducia
2960 858 3117 931 stipis
3148 857 3296 913 illius
3323 858 3654 925 animatum,

2055 954 2320 1009 continuo
2342 952 2420 1025 de
2454 951 2816 1018 monasterio,
2846 946 2996 1007 v'elut
3023 949 3189 1007 funda
3229 958 3470 1019 rotante,
3507 949 3660 1023 fugi-

2057 1054 2265 1102 turum.

2660 1164 2902 1221 CAPUT
2941 1165 3046 1245 Π.

2059 1304 2165 1361 Cur
2190 1303 2476 1372 facultates
2508 1304 2655 1373 ejus,
2701 1304 2800 1374 qui
2832 1303 3051 1372 collegio
3088 1304 3461 1359 monachorum
3489 1305 3657 1359 ascrio

2238 1374 2397 1438 bitur,
2431 1375 2602 1430 nolint
2624 1376 2939 1429 monasterii
2976 1373 3161 1430 usibus
3185 1375 3476 1445 applicari.

2131 1514 2199 1570 Et
2229 1511 2435 1570 idcirco
2463 1514 2487 1545 ο
2506 1527 2576 1569 ne
2601 1511 2797 1569 usibus
2820 1510 3049 1585 quidem
3079 1511 3319 1570 emnobii
3345 1510 3661 1585 profuturas

1440 1654 1698 1710 ALARDI
1737 1652 1967 1708 GAZIEI
2006 1649 2571 1707 COMMENTARIUS.

341 1766 566 1819 Patrum
587 1771 641 1818 et
671 1765 960 1820 communi
985 1766 1332 1823 observantia
1360 1766 1530 1823 fuisse
1557 1767 1827 1823 astrictos.
1860 1768 1946 1822 De
1978 1770 2026 1834 Β
2057 1767 2129 1822 de
2147 1767 2378 1822 claustro
2404 1751 2768 1820 ven'tilaberis.
2802 1766 3062 1823 Caeterum
3088 1765 3288 1819 videris
3307 1766 3566 1835 impotens
3585 1765 3664 1819 ad

342 1836 834 1910 votopaupertatis
862 1836 999 1910 nihil
1024 1838 1335 1910 expressius
1377 1847 1433 1894 et
1467 1838 1809 1894 enucleatius
1835 1837 1943 1893 dici

2056 1836 2431 1907 supportanda
2455 1852 2620 1891 onera
2648 1839 2845 1906 gravia
2871 1836 3170 1905 religionis.
3211 1838 3337 1891 Haec
3363 1840 3415 1890 et
3453 1837 3661 1907 similia

341 1906 522 1974 potuit
596 1919 723 1960 nam
762 1906 912 1979 quod
937 1906 1207 1964 inter'alia
1247 1909 1482 1965 habetur
1506 1924 1569 1965 ca
1615 1953 1626 1963 .
1658 1915 1747 1974 36,
1786 1913 1849 1963 ut
1888 1911 1947 1963 in
2050 1906 2227 1979 potest
2252 1909 2303 1962 ei
2336 1908 2527 1962 dicere.
2554 1907 2645 1964 Sic
2672 1907 2780 1963 ille.
2819 1909 3023 1963 Verum
3053 1914 3114 1962 ut
3141 1907 3231 1962 hic
3261 1907 3414 1961 locus
3455 1906 3658 1978 insigni

341 1976 439 2030 hac
465 1919 748 2035 nuditate.
779 1994 943 2035 quam
980 1995 1161 2034 coram
1188 1985 1314 2035 *Deo
1342 1985 1394 2035 et
1428 1926 1636 2035 anaeg‘s
1675 1981 1791 2035 eius
1816 1995 1948 2035 nro-
2058 1979 2243 2035 aliquo
2272 1977 2572 2033 illustratur
2598 1979 2868 2035 exemplo.
2899 1977 3210 2035 audiamus.
3247 1992 3458 2035 ullaaso.
3485 1979 3658 2034 Joan-

341 1976 439 2050 hac
465 1976 748 2050 nuditate,
779 1976 943 2047 quam
980 1995 1161 2034 coram
1188 1985 1314 2037 ‘Deo
1342 1985 1394 2035 et
1428 1976 1636 2049 angelis
1675 1981 1791 2050 ejus
1813 1995 1948 2050 pro-

340 2048 516 2128 fessus
536 2048 1329 2129 es‘,_adﬁnem_usqueperdures.
1344 2048 1526 2129 Quam
1542 2048 1921 2129 paupertatem
1931 2093 1945 2119 ,

341 2118 455 2173 sive
490 2118 820 2187 nuditatem,
854 2118 1016 2176 docet
1038 2118 1108 2177 ab
1134 2122 1239 2177 illis
1259 2118 1607 2178 strictissime
1635 2118 1808 2178 ﬁxisse
1834 2118 1945 2176 ser;

340 2196 548 2263 vatem,
566 2204 685 2263 cap.
719 2197 750 2247 3
775 2198 829 2245 et
857 2193 1238 2263 sequentibus.
1260 2196 1343 2248 De
1370 2201 1498 2248 voto
1516 2192 1875 2249 continentia:
1892 2199 1949 2247 et

341 2260 628 2327 castitatis,
677 2275 791 2316 non
822 2260 1125 2319 obscurum
1166 2264 1383 2320 exhibet
1410 2263 1795 2318 testimonium
1824 2270 1946 2318 tum

342 2330 402 2385 in
445 2332 536 2387 illa
575 2331 864 2389 collatione
901 2335 1159 2389 monachi
1200 2344 1256 2392 et
1285 2334 1530 2391 hominis
1566 2333 1717 2390 cruci
1762 2331 1945 2400 afﬁxi,

341 2401 531 2477 dicens
571 2405 852 2458 monachos
887 2407 1074 2460 timore
1112 2409 1211 2461 Dei
1250 2408 1414 2477 quasi
1437 2404 1763 2475 quibusdam
1786 2405 1950 2458 clavis

342 2476 641 2543 cruci/imos,
662 2478 904 2544 oportere
928 2492 1033 2530 non
1049 2477 1221 2531 solum
1244 2476 1549 2533 carnalibus
1566 2478 1736 2539 vitiis,
1765 2491 1950 2530 verum

342 2546 503 2599 etiam
530 2547 663 2615 ipsis
693 2547 960 2602 elementis
983 2549 1380 2617 quodammodo
1399 2552 1636 2602 mortuos
1660 2548 1944 2617 essetCap.

342 2621 410 2691 3ft
437 2621 490 2671 et
518 2620 631 2684 35),
654 2624 786 2684 etc.;
803 2624 926 2691 tum
954 2616 1011 2672 in
1032 2633 1098 2691 eo
1119 2619 1268 2690 quod
1298 2618 1718 2691 diligentissime
1737 2616 1810 2673 ab
1838 2616 1950 2672 illis

342 2686 694 2761 observatum
724 2687 933 2755 scribit,
958 2694 1022 2744 ut
1036 2686 1281 2759 juniores
1299 2686 1605 2761 prtisertim
1621 2704 1748 2744 suas
1772 2702 1949 2743 omnes

342 2760 716 2827 cogitationes,
748 2761 912 2814 etiam
958 2760 1374 2825 occultissimas,
1423 2766 1475 2816 et
1498 2762 1793 2816 diabolicas
1824 2775 1950 2828 sug-

341 2831 640 2913 gest-ignes;
650 2845 741 2912 seu
766 2833 942 2913 ignita
951 2831 1152 2913 jacula
1173 2832 1773 2913 sepioripatefacerent
1786 2832 1944 2899 (Cap.

341 2905 377 2954 8
405 2907 457 2954 et
486 2906 567 2973 9.)
593 2901 740 2973 Hinc
767 2903 835 2955 D.
872 2903 1109 2958 Basilius
1137 2904 1190 2973 in
1218 2901 1446 2973 Regulis
1466 2901 1568 2956 fus.
1592 2901 1798 2973 disput.
1818 2916 1942 2969 cap.
1978 2960 1987 2970 ι

345 2974 411 3042 t5
465 2972 609 3042 serio
632 2970 1039 3042 Aadmoneteos
1076 2972 1169 3042 qui
1211 2970 1383 3027 vitam
1419 2970 1786 3042 monasticam
1815 2985 1945 3042 cum

340 3039 675 3113 virginitatis
701 3040 1042 3113 professione
1078 3039 1356 3113 suscipere
1379 3041 1579 3113 nolunt
1607 3042 1835 3097 omnino
1855 3041 1945 3097 di-

2058 1977 2868 2051 aliquo_illustretur_exemplo,
2899 1977 3220 2051 audiamus,
3247 1992 3458 2051 quaeso,
3485 1977 3658 2051 Joan-

2056 2048 2189 2105 nem
2223 2048 2532 2104 Climacum
2558 2048 2625 2104 de
2655 2048 2899 2119 quodam
2920 2048 3387 2104 monasterio'ista
3412 2048 3659 2104 referen-

2058 2129 2167 2177 tem
2194 2119 2416 2189 (Gradu
2443 2123 2513 2186 4)
2546 2120 2940 2190 :fAdmirabar,
2954 2119 3156 2191 inquit,
3177 2135 3273 2189 ego
3297 2121 3411 2174 illic
3420 2134 3659 2190 praesens

2054 2194 2264 2246 naviter
2304 2206 2373 2244 em
2404 2193 2594 2246 sarculo
2638 2193 2961 2246 venientium
2990 2191 3179 2260 ﬁdem,
3208 2196 3260 2245 et
3288 2192 3657 2254 tolerantiam,

2053 2268 2215 2332 atque
2238 2264 2295 2315 in
2309 2263 2623 2330 ignominiis
2648 2267 2699 2317 et
2718 2263 3070 2325 contumeliis,
3103 2267 3153 2317 et
3171 2262 3662 2331 aliquando'etiam

2053 2334 2513 2404 persecutionibus
2548 2334 2965 2403 insuperabilem
2999 2335 3327 2403 patientiam
3344 2375 3360 2397 ,
3388 2349 3526 2402 quas
3554 2349 3663 2387 non

2061 2408 2271 2459 tantum
2301 2403 2370 2456 ab
2397 2404 2620 2466 abbate,
2649 2404 2747 2458 sed
2782 2404 2851 2457 ab
2879 2406 2947 2459 iis
2985 2419 3195 2474 quoque
3222 2406 3319 2473 qui
3349 2405 3496 2472 longe
3516 2405 3665 2471 infe-

2059 2478 2228 2530 riores
2251 2477 2429 2537 erant,
2443 2475 2905 2543 perpetiebantur.
2927 2478 3115 2543 Itaque
3132 2475 3504 2543 adiﬁcationis
3534 2491 3666 2544 gra-

2059 2549 2158 2609 tia,
2191 2544 2481 2615 quemdam
2508 2561 2576 2599 ea:
2604 2546 2877 2612 fratribus
2898 2548 3198 2601 sciscitatus
3228 2561 3376 2607 sum,
3407 2547 3506 2614 qui
3533 2550 3666 2601 ante

2058 2617 2363 2687 quindecim
2382 2632 2553 2671 annos
2571 2618 2628 2669 in
2651 2619 2975 2671 monasterio
2990 2622 3191 2686 egerat,
3214 2617 3557 2686 Abbacyrum
3567 2632 3665 2671 no-

2059 2691 2223 2752 mine,
2242 2702 2396 2757 quem
2423 2689 2663 2741 maa‘ime
2680 2690 2836 2757 afﬁci
2852 2687 3073 2757 injuriis
3096 2688 3214 2754 fere
3233 2688 3303 2741 ab
3321 2688 3565 2742 omnibus
3581 2689 3663 2742 vi-

2056 2760 2268 2823 debam,
2295 2773 2698 2827 nonnumquam
2727 2774 2850 2813 vero
2869 2760 3033 2813 etiam
3061 2774 3095 2812 a
3109 2760 3376 2813 ministris
3390 2774 3458 2813 ex
3476 2773 3660 2813 mensa

2054 2831 2267 2899 fugari.
2306 2833 2443 2886 Erat
2468 2831 2607 2884 enim
2636 2832 2816 2897 frater
2850 2830 2942 2884 ille
2967 2830 3294 2884 naturaliter
3331 2830 3533 2899 lingua:
3561 2831 3665 2884 ali-

2054 2904 2375 2969 quantulum
2391 2903 2738 2956 incontinens.
2754 2901 3000 2957 Dicebam
3010 2903 3203 2971 ‘itaque
3217 2902 3294 2955 ad
3307 2901 3466 2955 illum
3479 2920 3496 2954 :
3519 2901 3663 2968 Quid

2053 2976 2149 3035 est,
2181 2974 2360 3039 frater
2377 2973 2421 3027 Λ
2434 2971 2677 3040 bbacyre,
2708 2973 2852 3041 quod
2883 2976 2932 3025 te
2950 2973 3189 3041 quotidie
3206 2988 3241 3025 a
3260 2987 3439 3025 mensa
3462 2973 3667 3041 expelli

2054 3043 2224 3107 video,
2250 3062 2315 3100 ac
2335 3058 2737 3111 nonnumquam
2766 3044 2998 3097 dormire
3046 3044 3411 3097 incenatum?
3446 3043 3553 3109 Qui
3578 3042 3659 3096 ad

316 3110 645 3207 J'i‘iittendos
691 3125 827 3207 esse.
872 3114 939 3194 Bt
981 3110 1041 3167 in
1067 3110 1338 3207 ι)τὲῳῷἱο
1386 3112 1608 3207 constt“.
1652 3120 1940 3207 monasts‘:
1982 3144 2026 3207 Ο
2055 3113 2165 3207 his?
2192 3118 2273 3170 ita
2307 3114 2585 3207 respopdit
2633 3132 2649 3167 :
2688 3114 2851 3207 Credi?
2876 3115 3049 3177 mihi,
3097 3117 3271 3196 Pater,
3307 3112 3538 3183 probant
3555 3129 3666 3207 ‘me

340 3183 552 3255 Itaque,
584 3181 783 3255 inquit,
810 3184 909 3255 qui
947 3198 982 3236 a
1010 3181 1202 3238 mundi
1227 3185 1456 3239 vinculis
1479 3184 1616 3239 liber
1638 3198 1747 3239 esse
1774 3186 1940 3255 cupit,

342 3254 563 3322 nuptias
573 3253 717 3307 velut
727 3253 944 3322 pedicas
956 3256 1226 3323 quasdam
1237 3257 1389 3324 fugit
1408 3274 1424 3309 :
1453 3256 1536 3310 his
1555 3260 1735 3324 autem
1747 3253 1947 3310 relictis

342 3316 513 3376 vitam
540 3337 695 3397 suam
714 3316 819 3379 Deo
843 3316 1131 3391 consecrat,
1163 3330 1213 3381 et
1237 3316 1539 3381 castitatem
1554 3316 1859 3397 proﬁtetur,
1886 3330 1951 3380 ut

341 3409 509 3467 neque
535 3395 773 3467 facultas
799 3398 909 3465 ipsi
923 3399 995 3450 sit
1021 3400 1373 3453 conversionis
1402 3398 1476 3452 ad
1502 3395 1743 3467 nuptias.
1776 3401 1948 3453 Porro
1988 3402 1999 3415 ‘

342 3462 777 3539 de’obedientia,
808 3462 1034 3539 ejusque
1070 3468 1293 3539 vinculo
1332 3476 1387 3523 et
1423 3462 1810 3539 observatione
1838 3467 1951 3539 agit

344 3535 635 3609 Cassianus
665 3535 775 3592 fere
802 3535 930 3609 toto
950 3535 1055 3593 hoc
1084 3537 1226 3593 libro
1252 3580 1266 3606 ,
1297 3546 1360 3594 ut
1388 3553 1453 3593 ex
1493 3538 1655 3594 dictis
1682 3546 1829 3609 patet
1848 3535 1974 3606 ,‘et'

344 3606 542 3679 clarius
570 3623 633 3663 ex
663 3606 1020 3679 sequentibus
1040 3609 1247 3679 patebit
1273 3627 1286 3663 :
1320 3609 1653 3664 nominatim
1678 3606 1806 3664 vero
1827 3624 1945 3679 cap.

348 3683 413 3732 12
451 3677 610 3733 docet
669 3677 764 3734 eos
801 3677 1066 3736 virtutem
1114 3680 1439 3736 obedientim
1494 3680 1567 3734 ita
1593 3681 1854 3747 coluisse,
1893 3677 1951 3745 et

344 3750 558 3824 cunctis
586 3749 883 3824 virtutibus
913 3750 1238 3824 praetulisse,
1260 3751 1469 3824 utihuic
1487 3750 1797 3824 judicarent
1822 3766 1950 3824 om,-

342 3819 435 3894 nia
474 3820 883 3894 postponenda,
913 3819 980 3878 'et
1006 3822 1259 3894 universa
1277 3819 1566 3894 dispendia
1588 3823 1773 3879 subire
1816 3823 1952 3878 mal-

343 3891 479 3968 lent,
511 3891 681 3963 quam
720 3892 825 3968 hoc
864 3892 1076 3968 bonum
1124 3893 1184 3949 in
1239 3891 1423 3968 aliquo
1461 3893 1681 3949 violare.
1728 3893 1949 3968 Habes,

344 3964 541 4043 lectqr,
581 3965 889 4043 prmipuqs
929 3965 1069 4043 ritus
1098 3973 1154 4020 et
1208 3964 1555 4043 conditiones
1582 3972 1697 4043 tam
1744 3964 1950 4043 proba;

342 4033 508 4106 iionis
533 4033 699 4106 quam
726 4033 1080 4106 professionis
1110 4036 1431 4092 monasticae
1474 4034 1621 4106 apud
1651 4033 1954 4097 monachos

342 4104 980 4180 Tabennensiotas,'sive
1000 4107 1427 4180 Pachomianos,
1456 4104 1792 4177 observatas,
1815 4124 1952 4180 quas

346 4174 734 4249 vide__plenius
756 4174 827 4249 ab
858 4183 1096 4234 Auctore
1123 4178 1445 4249 explicatas.

413 4247 439 4276 ³
466 4246 557 4320 Sic
580 4248 672 4320 DL
685 4248 916 4320 Basilius
929 4264 1049 4318 cap.
1083 4254 1114 4301 7
1138 4246 1251 4305 suae
1271 4249 1519 4320 Regulae,
1548 4258 1601 4305 et
1622 4250 1804 4320 ipsum
1827 4250 1948 4306 imi-

2053 3187 2241 3241 Patres
2259 3188 2382 3248 mei,
2407 3190 2594 3239 utrum
2623 3186 2915 3239 monachus
2940 3199 3048 3238 esse
3078 3186 3324 3254 cupiam;
3353 3198 3460 3237 non
3478 3187 3663 3238 autem

2052 3259 2242 3312 vereid
2250 3261 2482 3326 faciunt.
2500 3257 2671 3323 Quam
2681 3271 2775 3325 ego
2786 3258 2964 3311 Patris
2976 3256 3308 3325 aliorumque
3316 3256 3661 3309 intentionem

2056 3343 2163 3381 non
2195 3332 2472 3398 ignorans,
2518 3328 2781 3381 levissime
2824 3342 2887 3380 ac
2920 3329 3045 3398 sine
3063 3327 3178 3380 ulla
3205 3327 3448 3380 molestia
3473 3329 3655 3398 omnia

2058 3397 2255 3453 tolero:
2278 3405 2328 3455 et
2348 3414 2457 3453 ecce
2473 3398 2733 3452 decimum
2762 3399 3010 3467 quintum
3017 3397 3140 3466 jam
3166 3414 3372 3451 annum
3394 3412 3494 3467 ago
3511 3397 3663 3451 istud

2057 3472 2311 3537 cogitans,
2346 3473 2483 3524 sicut
2521 3470 2708 3537 et‘ipsi
2721 3510 2737 3530 ,
2761 3469 2982 3537 quando
3008 3470 3395 3523 monasterium
3434 3470 3659 3531 intravi,

2057 3540 2319 3595 dimerunt
2347 3540 2499 3601 mihi,
2522 3540 2667 3608 quod
2694 3554 2862 3608 usque
2886 3539 2959 3592 ad
2978 3555 3179 3593 annum
3198 3547 3265 3595 30
3278 3540 3662 3596 Renuntiantes

2052 3613 2285 3680 probare
2302 3614 2550 3666 solerent.
2576 3613 2644 3665 Et
2672 3616 2808 3664 recte
2831 3610 3067 3680 quidem,
3088 3613 3251 3665 Pater
3274 3614 3522 3673 Joannes,
3549 3612 3665 3665 sine

2052 3683 2370 3751 probatione
2397 3684 2537 3736 enim
2560 3696 2756 3734 aurum
2779 3697 2884 3735 non
2909 3684 3205 3751 perﬁcitur.
3222 3683 3321 3737 Hic
3332 3684 3501 3751 igitur
3518 3696 3663 3749 egre-

2057 3755 2177 3821 gius
2209 3755 2531 3822 Abbacyrus
2561 3752 2787 3808 secundo
2815 3768 2958 3806 anno
2978 3757 3271 3822 postquam
3309 3754 3657 3815 adveneram,

2057 3827 2317 3893 migravit
2333 3825 2407 3879 ad
2422 3826 2704 3879 Dominum
2716 3825 2773 3877 in
2791 3826 3110 3877 monasterio
3124 3825 3236 3886 hoc,
3254 3824 3527 3885 Patribus,
3545 3839 3666 3877 cum

2060 3895 2322 3964 deﬁceret,
2354 3895 2530 3950 dicens
2561 3914 2576 3948 :
2613 3896 2832 3951 Gratias
2870 3910 2974 3963 ago
3006 3897 3227 3950 Domino
3267 3899 3318 3947 et
3346 3895 3512 3955 vobis,
3550 3896 3661 3948 Pa-

2061 3969 2185 4029 tres,
2210 3967 2356 4037 quod
2380 3982 2462 4020 me
2481 3966 2554 4020 ad
2577 3967 2806 4020 salutem
2835 3981 3007 4019 meam
3026 3969 3275 4020 tentastis
3292 3965 3501 4037 jugiter
3524 3982 3541 4017 :
3564 3964 3668 4019 hac

2062 4039 2201 4091 enim
2218 4035 2288 4093 ea:
2299 4054 2460 4093 causa
2471 4039 2724 4092 immunis
2736 4053 2769 4090 a
2786 4039 3079 4091 tcntatione
3092 4037 3389 4091 daemonum
3404 4035 3665 4089 hactenus

2058 4112 2255 4163 mansi.
2291 4110 2380 4164 Sic
2408 4109 2517 4163 ille.
3312 4156 3313 4159 η

2128 4171 2157 4210 ¹⁵
2188 4178 2484 4250 Dionysius
2533 4176 2923 4250 Paraphrastes
2967 4194 2979 4229 :
3012 4179 3209 4233 Statim
3248 4178 3314 4231 de
3343 4179 3665 4250 monasterio

2055 4251 2234 4318 fugiet
2255 4248 2529 4303 animatus
2556 4248 2755 4318 ﬁducia
2771 4263 2883 4301 sua:
2897 4252 3156 4318 pecunia,
3176 4250 3323 4302 relut
3340 4248 3517 4315 funda
3535 4264 3663 4318 pro-

344 4320 493 4369 tatus
521 4318 590 4369 D.
644 4316 971 4391 Benedictus
998 4316 1120 4387 cap.
1157 4324 1227 4391 ξε
1255 4338 1265 4371 :
1316 4316 1475 4391 Ergo,
1506 4320 1616 4391 ait,
1642 4316 1708 4373 'si
1732 4323 1947 4376 veniens
2047 4316 2243 4388 jectus.
2269 4319 2527 4391 Sequenti
2553 4316 2699 4390 cap.,
2729 4321 2805 4391 Ne
2832 4316 3153 4387 conﬁdentia
3185 4320 3345 4388 hujus
3376 4316 3665 4373 oblationis

339 4389 761 4459 perseveraverit
784 4388 1031 4457 pulsans,
1053 4392 1104 4442 et
1128 4387 1313 4443 illatas
1337 4390 1444 4443 sibi
1466 4390 1720 4457 injurias,
1753 4395 1803 4443 et
1827 4391 1947 4459 dif-

345 4456 636 4529 ﬁcultatem
668 4456 961 4525 ingressus,
985 4462 1109 4528 post
1136 4464 1393 4527 quatuor,
1416 4456 1779 4529 aut’quinque
1804 4456 1940 4525 dies,

2056 4393 2297 4459 inﬂatus,
2323 4390 2435 4446 etc.
2462 4392 2635 4461 Porro
2664 4390 2843 4457 funda
2873 4391 3019 4445 dicta
3057 4407 3114 4445 eo
3142 4391 3287 4461 quod
3332 4407 3399 4444 ea:
3443 4405 3502 4461 ea
3526 4390 3663 4456 fun-

2056 4462 2262 4516 dantur
2329 4463 2554 4525 lapides,
2606 4460 2661 4516 id
2704 4468 2816 4525 est,
2865 4459 3204 4524 emittantur,
3251 4461 3329 4517 ait
3384 4459 3658 4517 Isidorus.

345 4521 491 4581 visus
518 4529 694 4594 fuerit
715 4521 1265 4603 patientefportare,
1310 4533 1361 4584 et
1386 4521 1671 4600 persistere
1684 4521 1947 4601 petitioni
1978 4521 2309 4603 D.(Etymol.
2331 4521 2424 4589 lib.
2446 4521 2602 4588 xviri
2628 4548 2680 4587 c.
2696 4521 2816 4603 718).
2835 4521 3270 4603 Instrumentum
3286 4533 3419 4588 satis
3438 4539 3661 4603 notum,

345 4612 477 4672 suis,
504 4603 783 4672 annuatur
808 4602 858 4655 ei
884 4604 1167 4669 ingressus,
1196 4610 1298 4672 etc.
1323 4604 1691 4667 (Emversione
1713 4606 1947 4672 Ruﬁni).

346 4671 415 4725 Et
442 4668 602 4735 infra,
633 4679 872 4742 quatuor
899 4668 1243 4727 conditiones
1270 4671 1328 4727 in
1354 4671 1563 4728 novitio
1592 4668 1951 4742 explorandos

345 4741 592 4812 requirit.
634 4741 681 4797 I7.
712 4745 763 4797 si
780 4759 965 4798 revera
989 4748 1156 4800 Deum
1186 4746 1413 4813 quierit;
1447 4748 1498 4798 2.
1527 4746 1578 4798 si
1591 4741 1849 4800 sollicitus
1874 4752 1951 4802 est

345 4814 419 4868 ad
441 4830 573 4884 opus
603 4817 704 4886 Dei
736 4814 910 4886 (quod
936 4816 1156 4885 exponit
1189 4816 1648 4886 _Turrecrematus
1670 4856 1686 4883 ,
1720 4816 1788 4873 ad
1831 4832 1950 4873 ora-

345 4885 715 4959 ticnem,_iad
759 4884 1080 4955 lectionem,
1136 4884 1207 4959 ad
1256 4886 1727 4959 meditationem);
1794 4894 1842 4945 3.
1900 4891 1953 4944 si

345 4956 420 5009 ad
467 4956 859 5020 obedientiam,
908 4957 1246 5029 implendam
1297 4958 1507 5015 scilicet
1559 4956 1830 5015 sollicitus
1893 4968 1948 5015 et

347 5035 662 5101 promptus;
692 5031 745 5092 4,
765 5029 826 5101 _si
866 5030 942 5081 ad
968 5031 1279 5101 opprobria,
1315 5029 1369 5101 id
1397 5037 1514 5098 est,
1541 5030 1948 5101 increpationes

342 5095 507 5171 duras
532 5095 847 5171 tolerandas
866 5095 1164 5171 patienter,
1187 5099 1335 5170 quod
1364 5095 1614 5171 superius
1638 5095 1779 5155 dixit
1811 5119 1825 5155 :
1855 5102 1949 5157 Ad

344 5168 529 5221 illatas
553 5166 811 5236 injurias.
831 5166 940 5223 Ubi
961 5166 1408 5225 Turrecrématus
1432 5166 1943 5235 EConsiderandum,

344 5237 544 5308 inquit,
573 5239 716 5307 quod
741 5239 1127 5311 hospitalarius
1150 5241 1487 5309 probationis
1504 5257 1686 5303 caiisa,
1704 5247 1879 5311 potest
1900 5244 1953 5297 ei

346 5311 442 5377 qui
456 5311 621 5380 recipi
641 5311 778 5380 petit
798 5309 972 5365 dicere
994 5312 1182 5381 aliqua
1197 5313 1382 5375 verba,
1409 5328 1530 5381 qua:
1550 5309 1950 5382 impatientiam

347 5381 552 5453 animos
573 5383 675 5435 cito
700 5385 914 5451 possent
952 5397 1242 5452 provocare
1273 5388 1325 5437 et
1355 5398 1704 5447 commovere;
1726 5388 1908 5453 utpote
1933 5403 1949 5438 :

344 5452 543 5517 frater,
571 5453 702 5520 quid
724 5454 936 5515 scimus,
970 5469 1044 5507 an
1066 5458 1124 5507 tu
1156 5455 1228 5507 sis
1252 5456 1461 5509 servilis
1490 5452 1807 5509 conditionis
1824 5458 1852 5509 ?
1876 5472 1950 5510 an
1992 5484 1999 5495 -

346 5527 599 5591 apostata
626 5525 852 5580 alterius
880 5525 1192 5593 religionis?
1220 5540 1293 5579 an
1308 5528 1670 5597 latrocinium,
1696 5528 1807 5581 sive
1821 5527 1950 5594 fur-

347 5597 461 5667 tum
490 5596 828 5667 commiseris,
883 5599 934 5649 et
990 5598 1180 5649 timore
1217 5597 1292 5650 ad
1321 5613 1414 5651 nos
1452 5612 1591 5652 nunc
1634 5599 1952 5667 confugias?

296 5681 307 5688 '
346 5666 610 5720 Praterea
629 5666 939 5721 dubitamus
960 5668 1100 5738 quod
1113 5681 1291 5736 parva
1312 5671 1537 5723 tentatio
1553 5672 1603 5723 te
1617 5671 1717 5724 cito
1739 5670 1953 5739 dejiciet

346 5752 379 5791 a
394 5741 670 5808 proposito
685 5739 828 5809 quod
842 5753 979 5795 nunc
990 5738 1189 5794 videris
1200 5739 1410 5804 habere,
1424 5744 1475 5796 et
1486 5741 1630 5796 velut
1652 5741 1781 5796 levis
1792 5738 1951 5811 palea

2059 4601 2123 4657 ex
2154 4601 2399 4659 funiculo
2450 4613 2546 4660 aut
2576 4602 2797 4660 fasciola
2828 4601 3140 4659 confectum
3168 4644 3183 4668 ,
3220 4603 3289 4659 ad
3313 4601 3576 4658 rotaudos
3609 4610 3667 4658 et

2052 4673 2338 4746 jactandos
2366 4674 2566 4745 lapides
2609 4692 2621 4729 :
2643 4690 2750 4746 quo
2772 4674 2950 4729 David
2969 4673 3267 4746 superbum
3290 4674 3507 4730 Goliam
3536 4687 3665 4744 pro-

2058 4746 2247 4801 stravit
2275 4745 2324 4817 (Ι
2345 4749 2473 4814 Reg.
2512 4745 2696 4817 xv“).

2127 4820 2152 4849 °
2178 4815 2377 4891 Magno
2402 4815 2757 4887 perlectiOnis
2782 4816 2899 4871 zelo
2914 4816 3173 4872 monachi
3196 4816 3276 4891 illi
3306 4815 3661 4872 Pachomiani

2058 4888 2338 4943 summam
2367 4896 2740 4960 paupertatem
2764 4894 3036 4960 sectantes
3058 4929 3072 4955 ,
3106 4896 3161 4943 et
3187 4888 3303 4960 solo
3341 4898 3505 4960 opere
3540 4901 3663 4941 ma-

2056 4974 2231 5015 nuum
2260 4957 2517 5028 suarum',
2554 4967 2616 5013 ut
2654 4958 2788 5013 alias
2822 4957 3030 5014 dictum
3066 4967 3146 5013 est
3191 4959 3333 5029 (Lib.
3379 4957 3457 5014 iu
3499 4971 3545 5010 c.
3574 4963 3662 5024 3),

2057 5030 2236 5086 vivere
2262 5030 2489 5098 assueti,
2517 5030 2651 5085 nihil
2698 5028 2928 5085 omnino
2968 5028 3245 5100 bonorum
3282 5037 3377 5086 aut
3404 5028 3668 5100 pecunia-

2055 5116 2187 5173 rum
2214 5100 2283 5155 ab
2314 5101 2384 5156 iis
2407 5100 2942 5173 quosrecipiebant,
2972 5099 3157 5173 inferri
3178 5099 3530 5173 monasteriis
3560 5114 3663 5171 pa-

2057 5172 2352 5244 tiebantur,
2389 5187 2459 5226 ne
2483 5171 2714 5244 quidem
2734 5172 3126 5244 communibus
3161 5172 3354 5228 usibus
3381 5171 3661 5244 applican-

2014 5286 2025 5291 -
2059 5241 2229 5315 dum;
2268 5258 2377 5315 quo
2405 5244 2479 5298 sic
2500 5241 2653 5314 operi
2674 5242 2915 5298 manuali
2939 5242 3257 5313 diligentius
3282 5241 3665 5298 incumberent

2063 5313 2300 5381 (Sozam:
2346 5316 2437 5368 lib.
2476 5313 2574 5382 ιη,
2625 5330 2741 5384 cap.
2795 5315 3158 5386 3;Nicephor.
3214 5315 3303 5369 lib.
3352 5329 3453 5381 Ix,
3482 5330 3525 5368 ο.
3568 5318 3665 5380 t4;

2063 5386 2275 5441 Pallad.
2301 5388 2359 5439 in
2390 5388 2604 5448 Lausia,
2621 5400 2740 5455 cap.
2768 5391 2856 5441 38.
2880 5386 3006 5441 Vid.
3034 5387 3161 5443 Coll.
3194 5401 3370 5451 xxrv,
3395 5401 3510 5455 cap.
3535 5387 3662 5455 10):

2103 5471 2173 5511 uo
2202 5455 2425 5527 quidem
2455 5456 2575 5511 solo
2605 5455 2785 5511 vivere
2811 5470 2905 5511 eos
2934 5457 3175 5527 potuisse
3202 5456 3409 5527 liquet;
3440 5455 3667 5527 quando

2058 5470 2173 5581 (quo
2202 5470 2425 5527 quidem
2455 5470 2575 5511 sono
2605 5471 2785 5511 Vivere
2811 5470 2905 5511 eos
2934 5470 3175 5527 potuisse
3204 5470 3409 5583 liquet;
3440 5470 3667 5527 quanao

2097 5526 2484 5599 eiquibusdam
2510 5526 2704 5599 scribit
2732 5528 3026 5584 Cassianus
3045 5529 3221 5599 capite
3287 5528 3468 5583 ecimo
3488 5541 3667 5595 quar-

2058 5606 2116 5670 to
2136 5597 2297 5670 hujus
2328 5598 2470 5666 libri,
2509 5598 2656 5670 quod
2677 5602 2854 5653 tantos
2880 5597 3244 5670 unusquisque
3272 5613 3453 5653 eorum
3479 5599 3666 5670 quoti-

2060 5614 2116 5652 to
2137 5614 2297 5725 mittis
2330 5614 2470 5666 non,
2509 5614 2656 5670 quoa
2677 5614 2854 5653 tantos
2880 5616 3244 5670 unusquisque
3272 5614 3453 5653 eorum
3479 5614 3666 5667 quon-

2060 5669 2148 5723 die
2273 5685 2427 5740 opere
2464 5684 2527 5724 ac
2563 5671 2758 5724 sudore
2795 5673 3018 5741 proprio
3060 5671 3306 5725 redditus
3355 5669 3670 5741 conferebat

2061 5743 2419 5809 monasterio;
2447 5745 2507 5796 ut
2533 5757 2601 5796 ea:
2625 5743 2708 5796 his
2721 5744 2880 5797 suam
2896 5740 3206 5798 sustentare
3227 5757 3334 5797 non
3363 5740 3536 5797 solum
3561 5755 3668 5794 va—
