3996 6198
280 189 379 244 151

701 188 792 243 DE
825 186 1303 255 ΟἝΝΟΒΙΟΒΟᾘ
1346 187 1592 245 lNSTlT.
1634 187 1762 244 LIB.
1801 188 1895 245 IV.
1935 217 2010 230 —
2044 189 2135 245 DE
2170 189 2550 247 lNSTlTUTIS
2587 190 3184 247 RENUNTIANTIUM.

3495 189 3596 243 158

274 272 644 383 ευδοίρεῑέειι
685 324 753 368 eo
790 308 1044 382 pecunias
1085 310 1448 384 acquiescant.
1494 294 1771 382 Primum,
1817 326 1888 368 ne
1913 316 1966 379 Α
1994 327 2123 369 rum
2144 328 2279 385 quae
2315 312 2628 383 intulerant,
2671 330 2902 387 qumque
2942 315 2998 370 in
3034 312 3134 369 Dei
3176 326 3341 385 opere
3383 311 3598 368 fuerant
3635 384 3644 396 1

275 402 601 460 conﬁdentia
634 402 798 477 hujus
824 404 1123 462 oblationis
1154 404 1400 475 inflatus,
1442 419 1788 478 nequaquam
1821 420 1883 463 se

279 497 685 569 pauperioribus
723 486 987 554 fratribus
1009 510 1296 570 coaiquam
1319 497 1601 570 dignetur;
1630 506 1785 565 tum,
1811 514 1883 556 ne
1918 560 1925 563 ,

275 605 370 662 per
394 590 537 647 hanc
557 590 848 648 elationem
870 592 1178 649 nullatenus
1204 591 1275 650 ad
1298 590 1662 649 humilitatem
1677 591 1882 649 Christi

277 682 637 753 descendens,
669 700 798 742 cum
839 683 943 742 sub
970 684 1246 756 disciplina
1274 685 1514 743 emnobii
1544 700 1657 742 non
1700 693 1885 756 potue-

273 774 341 832 rit
377 774 700 847 perdurare,
735 791 987 849 egressus
1025 778 1223 835 exinde
1264 793 1330 834 ea
1365 793 1490 851 qua;
1530 778 1586 835 in
1623 779 1882 852 principio

274 869 690 927 renuntiationis
726 885 842 928 suae
880 870 1109 942 spiritali
1146 870 1362 929 fervore
1403 887 1694 929 succensus
1737 873 1879 930 intu-

271 962 426 1030 lerat,
470 961 772 1035 tepefactus
814 971 1006 1036 postea
1033 978 1147 1021 non
1186 964 1301 1021 sine
1339 963 1531 1036 injuria
1561 966 1881 1023 monasterii

270 1056 533 1130 sacrilego
584 1056 775 1130 spiritu
833 1059 1075 1130 recipere
1111 1065 1273 1131 atque
1322 1060 1538 1131 exigere
1600 1060 1875 1118 moliatur.

270 1151 428 1224 Quod
470 1150 805 1208 omnimodis
832 1151 1102 1210 observari
1144 1152 1361 1221 debere,
1389 1153 1579 1212 multis
1620 1163 1753 1212 sunt
1785 1169 1881 1212 ex-

270 1245 594 1318 perimentis
638 1242 945 1318 frequenter
990 1245 1186 1303 edocti.
1241 1248 1388 1303 Nam
1434 1260 1532 1320 per
1559 1248 1662 1305 alia
1702 1241 1883 1305 minus

268 1345 432 1394 cauta
487 1338 817 1395 monasteria
852 1337 1169 1412 simpliciter
1206 1340 1429 1413 quidam
1474 1341 1708 1413 suscepti
1721 1383 1741 1413 ,
1780 1357 1881 1399 eo-

1989 404 2329 478 dispensata,
2363 423 2491 464 eum
2512 411 2537 442 ³
2574 409 2779 480 ingenti
2817 416 2943 480 post
2982 406 3314 481 blasphemia
3333 399 3361 440 δ
3406 405 3594 464 redhi-

1986 498 2251 558 bitionem
2289 516 2512 575 poscere
2540 510 2904 560 tentaverunt.
3444 514 3449 521 '

2621 639 2862 697 CAPUT
2901 644 2965 696 V.
2988 685 3005 706 ,

1990 732 2099 813 cur
2120 757 2197 820 hi,
2218 760 2318 827 qui
2339 761 2677 830 renuntiant,
2697 762 2932 830 suscepti
2945 762 3003 814 in
3019 760 3356 814 monasteriis
3368 759 3595 828 propria

2021 830 2337 883 vestimenta
2364 829 2656 900 deponant,
2687 836 2739 886 et
2767 832 2836 885 ab
2851 829 3056 886 abbate
3081 831 3205 885 aliis
3231 830 3553 884 induantur.

2061 963 2436 1034 Quamobrem
2479 966 2553 1022 ita
2594 966 2834 1025 nudatur
2881 968 3141 1040 quisque,
3177 982 3306 1024 eum
3347 973 3598 1039 receptus

1985 1055 2180 1127 fuerit,
2210 1060 2363 1115 omni
2393 1060 2616 1132 pristina
2641 1059 2900 1117 facultate
2916 1101 2931 1129 ,
2956 1068 3019 1117 ut
3044 1076 3113 1117 ne
3140 1060 3320 1133 ipsum
3348 1059 3592 1132 quidem,

1985 1166 2095 1223 quo
2140 1162 2363 1225 opertus
2407 1162 2520 1224 est,
2574 1153 2959 1211 indumentum
3003 1155 3204 1211 habere
3251 1155 3598 1227 permittatur

1984 1243 2239 1317 ulterius,
2279 1247 2374 1304 sed
2420 1248 2476 1303 in
2508 1249 2737 1305 concilio
2782 1246 3017 1305 fratrum
3049 1247 3345 1321 productus
3372 1248 3430 1302 in
3473 1262 3592 1303 me-

1984 1343 2138 1401 dium
2159 1346 2182 1376 °
2224 1352 2453 1400 eruatur
2477 1343 2709 1416 prapriis
2736 1384 2753 1413 ,
2793 1357 2860 1400 ac
2897 1358 2994 1416 per
3032 1357 3231 1398 manus
3258 1340 3472 1397 abbatis
3508 1338 3597 1395 in-

1362 1494 1620 1551 ALARDI
1658 1494 1891 1551 (ΞΑΖΑΞΙ
1927 1494 2494 1554 COMMENTARIUS.

270 1636 400 1708 teret
411 1633 766 1702 parvitatem,
795 1648 980 1708 verum
1001 1637 1163 1708 etiam
1181 1634 1370 1708 usibus
1388 1641 1568 1706 posset
1593 1639 1892 1693 exuberare
1914 1643 1964 1705 B
1994 1637 2379 1694 donationibus
2409 1638 2744 1693 novitiorum
2788 1636 3180 1708 contingebant
3200 1677 3216 1703 ,
3250 1606 3357 1708 aut
3375 1634 3594 1690 contin-

267 1705 587 1760 multorum.
617 1708 693 1759 At
719 1719 831 1760 non
863 1705 1053 1762 eadem
1087 1705 1189 1763 fuit
1214 1705 1451 1762 aliorum
1478 1709 1880 1766 monachorum

268 1784 323 1857 ot
345 1774 677 1857 religionum
712 1773 983 1857 institutio
1011 1784 1066 1857 ei
1092 1777 1452 1857 cdosuetudq.
1489 1782 1632 1857 Nom
1652 1781 1725 1857 ab
1751 1780 1881 1857 ipsis

268 1844 860 1921 Ecclesiaz'primordiis
904 1847 1061 1921 primi
1086 1847 1319 1921 religiosi
1359 1849 1661 1918 offerebant
1697 1844 1879 1921 pretia

268 1933 455 1973 rerum
485 1931 711 1990 suarum
748 1918 823 1972 ad
856 1919 1019 1988 pedes
1046 1918 1409 1990 apostolorum
1436 1939 1452 1973 :
1495 1925 1545 1976 et
1584 1918 1719 1976 inde
1737 1922 1877 1976 divi-

266 1990 506 2061 debatur
525 1989 776 2061 singulis,
791 1994 959 2061 prout
975 1989 1308 2061 cuiqueopus
1320 1994 1459 2046 erat.
1476 1997 1604 2047 Act.
1627 2006 1715 2049 ιν.
1736 1993 1881 2048 Talis

267 2060 432 2116 etiam
465 2058 567 2115 fuit
592 2074 753 2131 usus
780 2058 1134 2131 antiquorum
1166 2058 1656 2129 monasteriorum,
1689 2070 1751 2119 ut
1789 2077 1880 2118 re-

266 2131 526 2204 ciperent
560 2128 759 2204 siquid
805 2130 862 2186 in
904 2128 1202 2204 commune
1243 2131 1493 2204 conferre
1530 2133 1759 2204 vellent,
1790 2132 1880 2204 qui

267 2199 529 2258 monachi
555 2199 759 2272 ﬁebant
786 2220 798 2256 :
837 2203 983 2256 unde
1005 2207 1058 2257 et
1081 2218 1136 2258 se
1162 2208 1213 2258 et
1239 2218 1342 2257 sua
1368 2203 1564 2272 offerre
1588 2207 1695 2260 Deo
1729 2199 1879 2259 dice-

267 2273 473 2346 bantur
516 2271 801 2346 :hincfgl)t
847 2273 1189 2346 Augustinus
1217 2289 1336 2345 cap.
1374 2271 1566 2346 {sum
1605 2275 1832 2346 Regulae
1863 2291 1878 2329 :

266 2346 377 2412 Qui
401 2343 618 2413 aliquid
640 2344 917 2399 habebant
937 2343 996 2398 in
1019 2345 1230 2408 saeculo,
1253 2343 1472 2414 quando
1498 2343 1735 2415 ingressi
1752 2351 1881 2401 sunt

265 2416 681 2477 monasterium,
727 2416 959 2470 libenter
988 2416 1154 2469 velint
1188 2416 1328 2470 illud
1350 2431 1460 2470 esse
1497 2432 1790 2472 commune.
1818 2418 1875 2473 S.

266 2486 447 2570 etiarn
469 2485 822 2570 Benedictus,
852 2494 916 2570 ut
941 2486 999 2541 in
1024 2485 1145 2542 Vita
1169 2487 1224 2542 S.
1260 2486 1458 2542 Placidi
1489 2487 1879 2570 legitor,_booa

304 2571 391 2612 nte
420 2554 637 2611 fuerant
666 2556 1064 2613 monachorum
1098 2571 1347 2623 suorum,
1374 2572 1486 2612 non
1523 2554 1734 2613 sinebat
1773 2558 1879 2614 alio

305 2627 523 2693 erivari,
565 2628 834 2699 quamj'ad
878 2642 975 2683 sua
1023 2627 1370 2694 monasteria,
1414 2636 1476 2683 ut
1510 2627 1645 2699 inde
1672 2628 1879 2684 multos

262 2698 366 2770 Dei
390 2698 589 2753 servos
607 2698 747 2753 alere
770 2706 976 2770 posset.
994 2699 1062 2753 Et
1079 2714 1197 2770 cap.
1221 2703 1293 2754 58
1326 2713 1442 2754 suae
1477 2698 1731 2769 Regulae,
1767 2705 1879 2755 sta-

262 2769 372 2825 tuit
387 2784 538 2836 eum,
557 2771 657 2839 qui
675 2769 1041 2840 suscipiendus
1067 2769 1165 2833 est,
1188 2785 1271 2825 res
1292 2772 1343 2824 si
1358 2784 1496 2839 quas
1523 2770 1702 2831 habet,
1717 2772 1877 2840 prius

264 2856 496 2909 erogare
530 2842 891 2911 pauperibus,
921 2844 1021 2895 aut
1054 2843 1207 2909 facta
1245 2841 1551 2896 solemniter
1586 2841 1879 2896 donatione

265 2913 516 2978 conferre
544 2914 886 2967 monasterio.

339 2985 363 3014 ³
393 2983 676 3055 Quaeritur
698 2998 816 3048 cur,
856 2990 911 3038 et
934 2997 1055 3055 quae
1078 2982 1147 3055 sit
1162 2981 1371 3055 pingens
1392 2980 1731 3055 blaSphemia
1749 3021 1762 3042 .
1791 2998 1877 3055 re-

267 3054 646 3132 petere__bona
690 3053 1023 3132 monasterio
1071 3053 1397 3132 collata_?_R.
1432 3053 1664 3132 Duobus
1694 3053 1876 3132 modis

263 3121 321 3178 id
349 3123 578 3195 intelligi
623 3138 823 3195 posse;
885 3129 949 3195 1°_
969 3125 1045 3195 de,
1066 3124 1353 3195 monachis
1388 3122 1677 3195 professis,
1708 3128 1768 3179 2°
1813 3124 1883 3181 de

267 3193 794 3265 novitiis,'nondum
822 3193 1099 3265 professis,
1131 3194 1225 3265 sed
1250 3195 1320 3265 in_
1331 3193 1653 3265 probatione
1677 3195 1882 3265 consti-

263 3263 420 3320 tutis.
472 3262 608 3332 Agit
647 3264 792 3333 enim
823 3262 1048 3319 'Auctor
1077 3263 1132 3317 in
1171 3264 1279 3318 hoc
1308 3262 1447 3317 libro
1479 3264 1786 3333 promiscue
1812 3264 1883 3321 de

262 3334 550 3405 utrisque,
603 3340 663 3387 ut
703 3332 909 3405 dictum
949 3342 1048 3390 est.
1073 3334 1150 3405 Et
1186 3334 1229 3389 si
1267 3332 1491 3405 quidem
1516 3332 1583 3390 de
1621 3333 1882 3405 professis

263 3404 623 3477 intelligatur,
650 3408 732 3459 'ut
778 3404 1026 3461 videntur
1067 3403 1154 3460 illa
1205 3403 1368 3460 verba
1410 3403 1768 3475 praecedentia
1806 3407 1879 3461 si-

264 3474 567 3547 gnificare:
599 3476 728 3543 Qua:
755 3479 809 3531 in
828 3479 1096 3547 pin'ncijn'o
1124 3478 1539 3531 renuntiationis
1563 3492 1695 3540 suae,
1719 3480 1881 3548 spiri-

269 3548 374 3602 tali
411 3549 625 3615 fervore
665 3561 942 3603 succensus
980 3548 1245 3603 intulerat
1287 3555 1541 3603 :certum
1572 3556 1656 3604 est
1680 3564 1880 3605 mona-

267 3616 451 3691 chum
474 3617 613 3691 bona
652 3632 750 3691 sua
785 3619 1123 3691 monasterio
1146 3620 1373 3691 collata,
1405 3626 1470 3691 Aet
1496 3618 1840 3691 incorporata
1862 3661 1877 3688 ,

267 3703 376 3743 non
407 3687 523 3762 sine
546 3688 752 3762 ingenti
785 3688 1143 3762 blasphemia,
1169 3689 1226 3746 id
1254 3697 1359 3758 est,
1401 3689 1618 3762 injuria,
1647 3687 1702 3746 et
1732 3691 1878 3747 irre-

270 3759 512 3832 verentia
544 3759 596 3814 in
620 3761 791 3832 Deum
820 3769 874 3816 et
905 3759 1086 3817 locum
1128 3776 1367 3828 sacrum,
1388 3759 1548 3832 posse
1584 3770 1829 3832 repetere
1862 3782 1882 3828 τό

269 3829 587 3902 praesertim
637 3831 681 3902 si
732 3831 839 3887 hoc
890 3847 952 3887 ex
1007 3840 1331 3902 contemptu
1378 3829 1475 3886 aut
1517 3829 1880 3888 detestatione

266 3901 450 3956 cultus
482 3900 650 3955 divini
679 3909 733 3956 et
769 3901 1042 3972 religionis
1080 3900 1275 3972 faciat,
1308 3908 1371 3972 ut
1415 3902 1676 3969 apostataé
1706 3904 1881 3972 (Vide

266 3972 325 4028 S.
381 3973 480 4027 Th.
509 3976 610 4026 2-2
639 3988 695 4041 q.
740 3978 806 4027 13
843 3969 895 4025 et
921 3975 1049 4041 14);
1076 3969 1225 4040 quod
1264 3970 1471 4041 crimen
1501 3972 1664 4041 etiam
1694 3971 1763 4026 ad
1788 3987 1882 4026 sa-

266 4041 548 4113 crilegium
574 4038 806 4111 pertinet
831 4060 843 4093 :
874 4040 1020 4113 unde
1044 4038 1379 4113 et'superius
1409 4038 1544 4113 dixit
1589 4058 1602 4094 :
1629 4043 1747 4097 Non
1772 4044 1887 4096 sine

507 4114 825 4184 monasterii
842 4111 1100 4184 sacrilego
1120 4111 1320 4184 spiritu
1333 4112 1579 4184 recipere,
1598 4115 1761 4184 atque
1775 4115 1887 4184 eari—

266 4180 390 4251 gére
433 4183 716 4237 moliatur.
754 4181 811 4253 Si
840 4196 972 4253 vero
990 4181 1069 4253 de
1104 4180 1325 4247 novitiis
1353 4180 1598 4253 nondum
1629 4180 1887 4253 professis

264 4264 360 4310 aut
389 4261 529 4309 voto
555 4251 794 4307 astrictis
836 4251 1188 4320 intelligatur;
1228 4259 1324 4308 aut
1364 4252 1612 4309 absolute
1631 4251 1885 4310 donave-

264 4333 391 4397 rant
412 4332 468 4380 et
497 4324 846 4397 contulerant
870 4338 967 4379 sua
998 4322 1152 4397 bona
1178 4322 1517 4397 monasterio
1539 4326 1762 4397 (utpote
1798 4324 1891 4381 sui

256 4395 426 4477 juris,
456 4401 513 4449 et
537 4394 730 4477 liberi),
753 4403 846 4477 aut
866 4394 1272 4477 nonnabsolute,
1294 4395 1388 4477 sed
1409 4395 1511 4449 sub
1535 4394 1877 4477 conditione,
1908 4398 1960 4461 D

262 4465 307 4522 si
354 4474 740 4536 remanerent,
785 4474 838 4521 et
877 4465 1259 4536 profiterentur
1297 4466 1351 4521 in
1391 4468 1724 4523 monasterio
1774 4484 1789 4521 :
1833 4467 1878 4522 si

263 4537 559 4611 absolute,
581 4539 772 4611 procul
803 4536 973 4611 dubio
998 4536 1190 4611 ingens
1216 4552 1311 4593 seu
1340 4552 1537 4611 magna
1568 4547 1689 4593 erat
1730 4536 1878 4594 blas-

266 4607 520 4681 phemia,
545 4606 600 4663 id
631 4618 735 4677 est,
760 4609 979 4681 injuria,
1006 4606 1084 4681 et'
1102 4606 1470 4681 irreverentia,
1496 4606 1669 4664 immo
1696 4616 1751 4664 et
1789 4624 1875 4665 sa-

264 4679 559 4752 crilegium
589 4680 795 4751 praprii
815 4679 1081 4752 nominis,
1108 4679 1251 4752 bona
1268 4681 1395 4752 _Deo
1418 4687 1755 4744 consecrata,
1785 4688 1881 4735 aut

262 4749 472 4822 dicata,
495 4749 741 4822 exemplo
764 4751 991 4808 Ananiae
1020 4750 1124 4806 sibi
1161 4749 1431 4805 vindicare
1454 4759 1551 4805 aut
1573 4765 1876 4821 reposcere.

265 4821 438 4893 Quod
466 4821 978 4878 multiscanonibus
1000 4822 1291 4877 confirmat
1314 4822 1712 4893 Grati‘anusrn,
1739 4827 1882 4893 (με,

265 4890 322 4950 εὶ
353 4898 448 4955 t9,
479 4908 534 4963 q.
587 4897 639 4959 3,
679 4908 794 4963 cap.
834 4894 963 4960 Quae
1003 4894 1189 4954 semel,
1219 4907 1283 4946 ex
1315 4891 1545 4963 concilio
1585 4890 1884 4963 Chalcedo-

269 4965 432 5020 neusi
459 4961 627 5033 (Cap.
662 4967 717 5030 2,
747 4961 802 5022 3.
827 4970 883 5028 4,
915 4968 974 5017 21
995 4966 1032 5027 ).
1067 4965 1135 5017 Et
1164 4963 1302 5017 ratio
1341 4962 1501 5017 docet
1534 4961 1739 5016 morale
1767 4977 1885 5019 esse

267 5043 613 5106 preceptum
634 5034 860 5090 levitici
881 5048 1059 5090 xxvrt
1080 5054 1092 5088 :
1113 5034 1379 5104 Quicquid
1402 5034 1561 5087 semel
1580 5035 1755 5106 fuerit
1768 5049 1889 5088 con-

264 5104 564 5168 secratum,
607 5107 865 5162 Sanctum
904 5107 1223 5162 Sanctorum
1266 5105 1371 5159 erit
1410 5107 1651 5166 Domino,
1684 5104 1737 5159 id
1770 5113 1881 5172 est,

266 5177 523 5232 manebit
551 5184 814 5247 perpetuo
848 5175 1263 5241 sanctiﬁcatum,
1287 5237 1290 5240 λ
1310 5190 1412 5230 nec
1441 5175 1642 5246 poterit
1666 5176 1723 5229 in
1751 5175 1887 5230 alios

277 5264 417 5303 usus
445 5244 717 5314 converti,
764 5255 826 5304 ut
865 5248 1088 5317 exponit
1116 5250 1172 5305 S.
1202 5244 1453 5301 'lhomas'
1479 5250 1631 5313 (2-2,
1675 5261 1729 5316 q.
1781 5248 1849 5300 88
1871 5288 1887 5314 ,

266 5335 317 5374 c.
356 5323 471 5387 11).
522 5318 579 5374 Si
623 5318 726 5373 sub
766 5316 1106 5384 conditione,
1145 5316 1723 5388 etiamiingensrapud
1765 5316 1888 5375 illos

268 5386 561 5462 religiosos
590 5397 644 5445 et
673 5398 890 5462 sanctos
915 5390 1103 5446 Patres
1136 5386 1490 5462 reputabat'ur
1517 5386 1850 5462 blasphemia
1868 5432 1884 5462 ,

270 5457 727 5531 resinonasterio
766 5459 991 5531 collatas
1034 5457 1309 5531 repetere,
1344 5458 1426 5515 vel
1455 5457 1702 5527 auferre,
1736 5461 1883 5531 quod

274 5530 331 5603 id
360 5539 742 5603 contemptum
776 5530 1073 5603 quemdam
1096 5530 1265 5586 divini
1291 5530 1530 5603 honoris
1553 5540 1609 5586 et
1635 5530 1881 5603 Religio-

269 5601 364 5685 nis
387 5617 506 5685 prae
544 5599 1061 5685 ferret..Verum
1102 5601 1494 5685 posterioribus
1520 5602 1734 5685 suculis
1766 5599 1877 5658 Ἐο-

270 5672 433 5745 clesia
460 5673 653 5728 multis
671 5672 1057 5745 experimentis
1074 5672 1286 5745 edocta,
1307 5672 1379 5728 oh
1403 5674 1650 5745 gravaris
1672 5672 1884 5745 incom-

274 5744 464 5811 moda,
502 5751 561 5800 et
592 5743 902 5801 animarum
930 5743 1267 5814 discrimina,
1312 5743 1435 5816 qua".
1471 5758 1533 5800 ex
1561 5743 1880 5816 hujusmodi

1994 1724 2123 1781 gere
2153 1715 2433 1777 poterant,
2462 1708 2519 1781 in
2553 1708 2788 1781 concilio
2812 1706 3133 1764 Tridentino
3157 1706 3385 1781 statuit:
3434 1712 3481 1781 l_.
3527 1709 3595 1760 Ut

1989 1775 2145 1834 nulla
2157 1775 2497 1833 renuntiatio
2515 1783 2614 1832 aut
2631 1780 2888 1846 obligatio
2901 1781 3110 1839 novitii,
3131 1779 3294 1831 etiam
3312 1791 3431 1830 cum
3440 1775 3598 1843 jura-

1989 1855 2166 1905 mento
2184 1852 2360 1919 facta,
2386 1850 2470 1903 vel
2488 1851 2547 1903 in
2579 1850 2824 1916 favorem
2852 1849 3231 1919 cujuscumque
3259 1860 3432 1919 causa:
3453 1847 3591 1919 pice,

1988 1918 2189 1997 ualeat,
2212 1923 2325 1975 nisi
2340 1936 2459 1975 cum
2479 1921 2694 1997 licentia
2715 1922 2963 1997 episcopi,
2984 1920 3068 1997 vel
3083 1918 3196 1987 ejus
3216 1918 3426 1978 vicarii,
3447 1918 3596 1997 intra

1989 1993 2123 2047 duos
2138 1988 2351 2047 'menses
2371 1994 2646 2062 promimos
2669 1988 2797 2045 ante
2809 1988 3228 2060 professionem;
3247 2004 3310 2041 ac
3328 2002 3435 2041 non
3455 1988 3596 2062 alias

1987 2065 2335 2133 intelligatur
2358 2059 2603 2132 effectum
2630 2077 2788 2116 suum
2810 2059 3018 2123 sortiri,
3048 2063 3162 2115 nisi
3174 2064 3355 2115 secuta
3376 2059 3596 2133 profes-

1988 2136 2152 2189 sione.
2172 2130 2249 2189 *2.
2285 2130 2589 2203 Βεᾶηρᾳιιε
2613 2136 2739 2186 ante
2760 2134 3170 2202 professionem,
3212 2134 3427 2203 encepto
3452 2130 3595 2182 uictu

1989 2209 2040 2259 et
2057 2207 2253 2261 vestitu
2281 2201 2635 2272 novitiifejus
2664 2201 2915 2269 tempon's
2944 2219 3049 2273 quo
3076 2205 3134 2256 in
3152 2201 3468 2272 probatione
3493 2203 3590 2273 est,

1987 2291 2318 2345 quocumque
2330 2271 2625 2346 prcetemtu,
2648 2291 2682 2329 a
2697 2271 3038 2345 parentibus,
3051 2274 3139 2346 uel
3147 2271 3595 2346 propinquis,_vel

1982 2341 2482 2416 curatoribus—ejus,
2500 2341 2824 2401 monasterio
2845 2345 3061 2415 aliquid
3084 2341 3160 2398 ea!
3179 2344 3326 2398 bonis
3351 2341 3590 2416 ejusdem

1982 2418 2263 2472 tribuatur
2293 2437 2309 2472 :
2350 2411 2417 2472 ne
2445 2418 2545 2471 hac
2568 2420 2837 2472 occasione
2872 2411 3142 2471 discedere
3168 2417 3420 2484 nequeat,
3449 2411 3594 2481 quod

1987 2493 2175 2551 totam,
2202 2490 2286 2543 vel
2310 2488 2571 2557 majorem
2592 2492 2807 2558 partem
2841 2488 3160 2542 substantia
3182 2500 3293 2558 suis
3321 2487 3590 2538 monaste-

1985 2561 2131 2614 rium
2144 2560 2441 2630 possideat,
2460 2573 2556 2612 nec
2582 2557 2764 2624 facile,
2786 2561 2836 2612 si
2851 2559 3171 2630 discesserit,
3194 2557 3255 2610 id
3272 2568 3590 2630 recuperdre

1978 2625 2169 2698 possit.
2192 2635 2246 2685 3.
2271 2630 2410 2696 Quin
2423 2630 2604 2698 potius
2621 2631 2871 2698 prmeipit
2904 2630 2958 2685 S.
2988 2629 3225 2697 synodus
3245 2625 3597 2698 suboanathe-

1983 2694 2147 2754 matis
2168 2694 2331 2769 poma
2352 2694 2606 2753 dantibus
2621 2694 2677 2753 et
2694 2694 3090 2767 recipientibus,
3116 2714 3182 2752 ne
3197 2699 3291 2751 hoc
3310 2696 3420 2769 ullo
3438 2694 3593 2769 modo

1983 2773 2102 2840 fiat.
2133 2767 2188 2826 4:
2224 2773 2292 2827 Ut
2319 2770 2639 2824 abeuntibus
2663 2774 2789 2823 ante
2808 2770 3214 2839 professionem,
3238 2768 3418 2820 omnia
3438 2767 3594 2840 res_ti-

1984 2835 2214 2896 tuantur
2259 2856 2382 2912 quia
2414 2856 2517 2895 sua
2560 2845 2737 2895 erant.
2781 2835 2833 2895 δ’.
2878 2835 2981 2895 Per
3002 2841 3112 2893 hac
3148 2843 3327 2912 tamen
3360 2835 3598 2912 synodus
3650 2874 3663 2887 ,

1983 2914 2123 2967 nihil
2148 2906 2384 2967 intendit
2412 2914 2670 2966 innovare
2687 2913 2745 2965 in
2766 2912 2862 2980 pio
2884 2912 3132 2965 instituto
3156 2910 3468 2980 clericorum
3490 2906 3593 2962 So-

1984 2986 2192 3038 cietatis
2215 2987 2356 3039 Jesu.
2387 2985 2521 3039 Haec
2548 2982 2625 3037 ibi
2651 2979 2875 3043 (88.725.
2907 2997 2950 3036 c.
2991 2987 3054 3036 16
3080 2980 3147 3035 de
3168 2979 3482 3047 Regulam).

2058 3065 2085 3104 δ
2112 3070 2434 3129 Redhibitio
2480 3070 2625 3143 apud
2659 3071 3085 3143 jurisconsultos
3131 3077 3215 3143 est
3263 3066 3593 3143 venditionis

1988 3143 2274 3210 resolutio,
2329 3151 2384 3198 et
2431 3138 2721 3199 redhibere
2765 3142 2971 3198 dicitur
3015 3141 3285 3204 venditor,
3332 3138 3423 3209 qui
3475 3153 3591 3210 rem

1990 3207 2283 3277 venditem,
2310 3212 2528 3285 reddito
2556 3215 2752 3285 pretio,
2782 3213 2978 3285 recipit
3009 3211 3080 3267 ab
3104 3207 3389 3285 emptore.
3424 3207 3591 3285 Unde

1988 3286 2186 3361 Festus
2227 3278 2660 3361 :Redhibitum,
2690 3278 3395 3361 inquitfpropriedicitur
3444 3278 3591 3361 quod

1988 3351 2410 3433 redditumest,
2454 3351 3051 3433 improbatuinqutﬁet'
3090 3354 3205 3433 qui_
3227 3351 3406 3433 dedio,
3437 3351 3591 3433 idem

1988 3442 2183 3483 rursus
2212 3427 2408 3483 habere
2434 3422 2651 3483 coactus
2682 3435 2766 3481 est
2794 3422 2944 3497 quod
2970 3433 3093 3480 ante
3106 3422 3327 3497 habuit.
3356 3424 3454 3478 Est
3483 3422 3588 3497 igi-

1987 3506 2078 3553 tur
2094 3497 2389 3555 redhibitio
2415 3498 2668 3569 qumdam
2694 3497 2750 3569 in
2775 3493 3375 3569 integrumrrestitutio.
3405 3493 3592 3569 stitio

1986 3569 2311 3646 simpliciter
2352 3564 2452 3641 pro
2483 3568 2852 3646 restitutione.
2873 3564 3023 3646 fiam
3051 3568 3197 3646 idem
3237 3574 3319 3646 est
3349 3564 3592 3646 redhibi-

1985 3639 2193 3695 tionem
2236 3639 2491 3712 poscere,
2519 3639 2665 3712 quod
2703 3640 2953 3711 superius
2982 3639 3221 3708 recipere
3266 3644 3430 3708 atque
3471 3639 3593 3692 exi-

1987 3725 2134 3782 gere.

2058 3800 2082 3831 ο
2103 3797 2194 3874 _Sic
2217 3800 2289 3853 D.
2322 3795 2652 3874 Benedictus
2676 3796 2774 3874 ubi
2807 3811 2969 3867 supra
3005 3817 3017 3852 :
3058 3779 3439 3874 fsuscipiendus
3466 3793 3593 3874 fra-

1988 3873 2070 3923 ter
2081 3872 2145 3923 in
2165 3871 2400 3925 oratorio
2426 3873 2666 3924 eruatur
2695 3870 2851 3922 rebus
2869 3866 3132 3938 proqn‘iis,
3158 3866 3352 3934 quibus
3372 3866 3595 3938 vestitus

1988 3943 2096 4001 est,
2132 3944 2181 3994 et
2202 3942 2470 3995 induatur
2508 3941 2667 3994 rebus
2696 3935 3013 3992 monasterii
3035 3939 3194 4006 (Cap.
3229 3940 3298 3989 58
3320 3935 3592 4006 Regulae).

1993 4009 2172 4081 Quam
2215 4010 2438 4081 quidem
2470 4010 2836 4081 mutationem
2869 4008 3114 4081 ‘vestium
3137 4005 3286 4081 inter
3312 4005 3448 4081 alios
3473 4018 3598 4058 mo-

1990 4074 2613 4150 n'asticae'prolessionis
2648 4079 2789 4150 ritus
2836 4077 2925 4150 ab~
2958 4076 3222 4149 apostolis
3272 4074 3516 4150 t_radi_tos_
3542 4081 3597 4129 et

1993 4143 2278 4204 institutos
2309 4156 2555 4204 recenset
2590 4150 2653 4203 Β.
2698 4143 3354 4218 Ι)ἱοη)ἐἱυεἈι“ρρρεεὶιει
3392 4143 3596 4218 Eccles.

1992 4218 2281 4274 Hierarch.
2310 4235 2429 4291 cap.
2455 4224 2507 4285 6,
2531 4218 2756 4290 ejusque
2776 4215 3043 4274 rationem
3067 4215 3344 4273 reddithis
3369 4215 3584 4272 verbis:

1991 4292 2198 4346 Prioris
2221 4292 2380 4345 vestis
2409 4291 2686 4360 depositio,
2710 4291 3036 4361 alteriusque
3062 4291 3356 4360 assumptio
3379 4291 3588 4361 migra-

1993 4364 2187 4416 tionem
2210 4364 2363 4417 illam
2393 4378 2427 4415 a
2452 4359 2628 4429 media
2665 4364 2779 4416 rita
2809 4365 2829 4429 (
2843 4359 3081 4428 hociest,
3108 4376 3138 4415 a
3171 4359 3453 4416 communi
3481 4359 3591 4414 vita

1990 4432 2336 4489 saecularium
2357 4436 2374 4500 )
2394 4426 2469 4487 ad
2485 4426 2867 4503 perfectionem
2892 4426 3159 4503 significat
3180 4451 3196 4487 :
3221 4436 3360 4487 sicut
3379 4434 3435 4486 in
3455 4432 3594 4485 divi-

1988 4520 2061 4583 na
2096 4502 2604 4583 regeneyationelid
2633 4513 2735 4583 est,
2762 4502 3072 4583 baptismo)
3093 4507 3485 4583 promotionem
3506 4505 3590 4557 in-

1988 4575 2133 4630 dicat
2151 4592 2185 4629 a
2197 4575 2439 4647 purgata
2463 4578 2575 4631 “vita
2599 4576 2674 4629 ad
2693 4578 3153 4646 contemplantem,
3176 4576 3593 4647 illuminantemf

1988 4593 2133 4630 amat
2151 4593 2185 4629 a
2244 4593 2439 4647 arguta
2463 4593 2575 4631 sua
2599 4593 2673 4629 aa
2693 4593 3153 4646 contemplantem,
3176 4593 3589 4629 tuum-montem-

1987 4662 2089 4728 que
2117 4593 2686 4728 bagiiumjfandentis
2714 4650 2873 4728 uestis
2900 4648 3224 4728 immutatio.
3260 4645 3361 4699 Cui
3390 4642 3589 4728 raiioni

1987 4710 2190 4793 insistit
2227 4721 2311 4793 D._
2352 4719 2751 4793 Hieronymus
2769 4716 2903 4793 dum
2939 4717 3222 4793 Paulinum
3255 4710 3593 4793 monachum

1990 4787 2262 4844 instruens
2296 4788 2497 4859 (Epist.
2532 4786 2628 4859 lli)
2661 4807 2673 4841 :
2709 4788 2986 4847 Tunicam,
3027 4786 3228 4859 inquii,
3260 4786 3591 4859 mutasicum

1989 4866 2190 4921 animo,
2223 4853 2325 4914 etc.
2346 4853 2544 4928 {quasi
2569 4857 2736 4920 dicat,
2764 4870 2961 4928 parum
2982 4853 3323 4928 est__tunioam
3346 4858 3586 4928 mutare2

1988 4929 2093 4984 nisi
2123 4920 2289 4983 simul
2313 4920 2368 4982 et
2394 4920 2640 4981 animum
2671 4920 2845 4980 mutes
2875 4925 2930 4980 in
2960 4922 3173 4978 melius.
3202 4926 3267 4978 Et
3290 4921 3444 4993 epist.
3470 4926 3502 4975 4
3523 4920 3592 4978 ad

1991 4999 2283 5055 Rusticum
2306 5011 2625 5059 monacum,
2651 4995 2970 5067 perstringit
2986 4993 3250 5066 quosdam
3269 4993 3588 5061 monachos,

1991 5071 2085 5141 qui
2106 5074 2397 5140 postquam
2427 5070 2802 5141 renuntia-rere
2829 5067 3041 5130 sceculo,
3068 5067 3591 5141 restimentisdum-

1992 5137 2154 5197 taxdt
2172 5183 2186 5204 ,
2231 5137 2281 5195 et
2312 5142 2450 5194 vocis
2474 5139 2833 5209 professione,
2873 5154 2978 5193 non
3002 5139 3191 5202 rebus,
3217 5139 3356 5193 nihil
3379 5137 3445 5191 de
3473 5153 3594 5193 con-

1992 5215 2290 5269 versatione
2304 5213 2542 5283 pristina.
2562 5215 2928 5283 mutarerunt.
2951 5209 3241 5283 Cassianus
3264 5209 3490 5283 alteram
3514 5225 3592 5263 ra-
3634 5246 3641 5253 ~

1990 5284 2201 5343 tionem
2248 5280 2523 5350 insinuat,
2587 5280 2852 5336 nimirum
2895 5290 2955 5336 ut
3010 5296 3107 5351 per
3166 5282 3304 5337 hanc
3357 5280 3592 5351 vestium

1990 5355 2411 5428 deposition‘em,
2425 5362 2480 5428 et
2501 5351 2972 5428 exspoliationem,
2998 5350 3331 5428 significetur
3346 5350 3593 5428 ominum

1989 5416 2176 5501 rerum
2208 5416 2501 5501 abdicatio,
2544 5416 2709 5501 quam
2757 5416 3011 5501 montichi
3046 5416 3397 5501 profitentur
3421 5421 3592 5501 (Vide

1989 5493 2338 5572 RegulamﬁS.
2369 5493 2644 5572 Pachomii
2673 5500 2782 5572 art.
2817 5498 2965 5572 26)_:
2993 5499 3053 5549 ut
3075 5510 3204 5572 per
3227 5493 3350 5553 hoc,
3384 5493 3591 5572 inquit,

1988 5584 2043 5624 se
2060 5564 2167 5626 non
2184 5571 2355 5625 solum
2380 5569 2640 5624 universis
2662 5568 2818 5622 rebus
2844 5569 2955 5621 suis
2985 5567 3226 5634 antiquis
3244 5564 3458 5634 noverit
3467 5573 3589 5634 spot

1990 5624 2182 5697 liatum
2201 5660 2217 5706 ;
2238 5656 2420 5695 verum
2431 5644 2614 5703 etiam,
2636 5641 2781 5693 omni
2790 5640 2945 5706 fastu
2962 5624 3196 5706 deposito
3212 5648 3299 5686 mu
3306 5629 3481 5683 adiali
3482 5624 3510 5689 ξ
3520 5624 3595 5679 ad

1991 5712 2193 5769 Christi
2204 5704 2587 5783 paupertatem
2612 5714 2662 5765 et
2688 5704 2926 5779 inopiam
2954 5704 3305 5761 descendisse,
3332 5706 3437 5753 etc.
