3996 6198
363 345 464 399 163
1695 331 1978 389 JOANNIS
2015 330 2324 388 CASSIANI
3446 340 3453 345 ‘
3574 330 3678 385 164

364 467 538 525 sibilia
579 466 799 524 sibimet
832 465 1100 537 imperata
1134 478 1195 520 ea
1225 460 1332 519 ﬁde
1375 474 1443 516 ac
1476 457 1768 515 devotione
1793 456 1965 514 susci-
1997 461 2050 523 Α
2077 455 2280 514 nentim
2304 454 2553 513 similiter
2575 453 3020 527 praetermittens,
3042 451 3097 509 in
3122 468 3230 526 qua
3256 467 3495 537 summa
3515 468 3678 526 repu-

324 628 329 633 η
360 563 533 635 piant,
563 568 628 617 ut
662 568 791 617 tota-
812 533 1013 615 virtute
1042 573 1109 614 ac
1141 555 1257 613 sine
1282 554 1393 611 ulla
1415 550 1598 609 cordis
1621 550 1965 608 besitatione
2072 557 2263 607 tantur
2286 548 2519 615 delicia,
2543 548 2589 604 si
2615 547 2785 605 herba
2817 546 2932 604 sale
2959 545 3198 615 condita,
3227 560 3394 618 quam
3422 533 3453 578 ἀ
3491 545 3673 618 lapsa-

359 656 620 730 perﬁcere
655 670 718 710 ea
746 662 844 711 aut
861 650 1243 710 consummbre
1279 647 1541 715 nitantur,
1564 654 1621 703 et
1656 660 1725 702 ne
1761 644 1966 717 impos-
2072 642 2228 699 nium
2263 650 2480 710 vocant,
2525 656 2664 714 aqua
2700 639 2875 698 diluta
2908 638 2979 696 ad
3015 636 3376 695 refectionem
3416 636 3679 696 fratribus

359 749 668 808 sibilitatem
711 746 933 819 quidem
978 743 1235 818 praecepti
1279 757 1380 814 pro
1422 739 1655 817 senioris
1691 738 1776 796 sui
1818 752 1966 794 reve-
2072 745 2397 809 apponatur,
2425 734 2639 807 aliaque
2671 733 2959 806 complura
2993 732 3076 788 bis
3102 731 3299 788 similia
3334 745 3461 804 quae
3497 731 3554 787 in
3576 731 3679 789 hac

358 839 531 896 rentia
577 836 893 894 metiantur.
933 838 1017 890 De
1047 846 1286 906 quorum
1328 826 1633 887 obedientia
1676 825 1961 899 speciatim
2069 829 2343 903 provincia
2369 844 2471 887 nec
2505 844 2695 885 aerum
2736 826 3041 899 temperies,
3070 840 3174 883 nec
3211 825 3443 897 qualitas
3474 834 3679 884 nostra;

360 942 507 983 nunc
540 925 719 984 dicere
751 922 1146 997 praetermitto;
1187 918 1450 991 exemplis
1490 916 1640 974 enim
1681 930 1804 975 eam
1833 914 1957 986 ipsis

2070 925 2380 998 fragilitatis
2432 922 2695 991 admittit,
2756 922 2846 977 iila
2899 918 3287 977 tantummodo
3349 934 3669 991 prosequar,

363 1020 524 1092 paulo
552 1026 675 1091 post
710 1016 925 1074 tradere
943 1006 1054 1073 suo
1088 1015 1210 1071 loco
1236 1012 1595 1084 disponimus,
1619 1009 1665 1067 si
1690 1008 1957 1066 Dominus

2072 1036 2198 1094 quae
2240 1019 2393 1077 nulla
2433 1018 2615 1075 carnis
2654 1016 2962 1085 inﬁrmitas,
3012 1030 3125 1070 non
3155 1014 3296 1071 situs
3334 1013 3441 1071 loci
3479 1015 3679 1086 poterit

359 1114 519 1171 nobis
547 1110 884 1169 orationibus
916 1108 1109 1167 vestris
1137 1107 1349 1165 dederit
1369 1113 1768 1163 commeatum.
1808 1105 1964 1160 Nunc
2072 1114 2357 1188 impedire,
2387 1115 2433 1171 si
2450 1129 2512 1170 ea
2535 1128 2647 1170 non
2674 1109 2933 1183 fragilitas
2956 1108 3157 1165 animm
3195 1122 3260 1164 ac
3279 1115 3439 1180 tepor
3477 1107 3679 1165 mentis
3700 1155 3721 1171 .

354 1207 601 1264 instituta
636 1213 833 1262 caetera
880 1209 1305 1275 prosequantur,
1353 1198 1832 1271 prattermittentes
1875 1196 1967 1252 illa

358 1308 668 1363 contexere,
694 1311 821 1369 quae
842 1297 898 1352 in
921 1295 1024 1352 hac
1051 1293 1292 1367 regione,
1319 1293 1400 1348 vel
1424 1291 1567 1348 tradi
1592 1290 1963 1359 monasteriis,

364 1394 443 1449 vel
470 1394 538 1449 ab
565 1392 694 1464 ipsis
726 1398 1005 1464 nequeunt
1040 1386 1328 1458 custodiri,
1345 1386 1487 1444 sicut
1511 1385 1570 1442 in
1589 1388 1614 1418 ⁸
1645 1383 1967 1457 praelatiun-

363 1489 482 1545 cula
528 1490 742 1555 nostra;
767 1472 1012 1541 facturos
1052 1498 1154 1545 nos
1202 1496 1321 1538 esse
1367 1478 1716 1552 promisimus
1760 1498 1773 1535 :
1821 1475 1971 1549 quod

363 1582 565 1641 scilicet
612 1596 713 1637 nec
743 1572 770 1611 δ
814 1577 985 1635 laneis
1026 1574 1364 1632 indumentis
1392 1581 1636 1641 utantur,
1676 1570 1774 1628 sed
1814 1569 1969 1626 lineis

358 1687 595 1744 tantum,
621 1683 677 1730 et
697 1690 767 1729 ne
804 1672 931 1744 ipsis
972 1668 1196 1742 quidem
1223 1666 1564 1739 duplicibus;
1594 1665 1791 1737 quibus
1817 1666 1840 1696 °
1884 1661 1965 1717 vi-

358 1770 497 1826 caria
535 1764 857 1839 praepositus
892 1760 1263 1832 unusquisque
1307 1772 1426 1814 sum
1470 1755 1712 1814 decaniat
1748 1753 1961 1811 submi-

357 1861 574 1926 nistrat,
603 1872 732 1913 cum
765 1856 856 1912 illa
883 1854 1082 1926 quibus
1116 1851 1294 1908 vestiti
1335 1857 1485 1918 sunt,
1515 1846 1793 1945 sorduisse
1822 1862 1959 1903 con-

357 1953 611 2026 spexerit.
1280 2022 1287 2025 ἦ

960 2035 1203 2091 CAPUT
1239 2026 1344 2088 ΧῚ.

362 2133 678 2209 cujusmodi
713 2132 859 2186 cibus
913 2128 1064 2199 apud
1104 2140 1187 2180 eos
1225 2125 1634 2180 delicatissimus
1670 2126 1955 2180 habeatur.

426 2236 567 2293 Illud
595 2249 811 2307 quoque
850 2230 1085 2287 arduum
1113 2236 1275 2300 atque
1300 2228 1537 2285 sublime
1578 2245 1751 2301 genus
1779 2231 1959 2286 conti-

2076 1209 2366 1267 ademerit.

2191 1302 2196 1315 ’
2666 1326 2903 1383 CAPUT
2941 1326 3076 1382 xu.

2080 1472 2231 1541 Quod
2269 1466 2343 1523 ad
2369 1468 2605 1541 sonitum
2642 1466 2918 1541 pulsantis
2947 1466 3163 1541 ostium,
3193 1464 3334 1518 nihil
3574 1480 3679 1520 non

2325 1534 2781 1629 omittantstwiio
2806 1536 3045 1589 celeriter
3079 1534 3410 1590 occurrendi.

2144 1675 2337 1747 Itaque
2376 1672 2723 1731 considentes
2751 1673 2894 1729 intra
2930 1671 3129 1731 cubilia
3161 1686 3286 1739 sua,
3316 1678 3372 1726 et
3415 1670 3591 1743 operi,
3618 1686 3680 1727 ac

2072 1764 2408 1823 meditationi
2473 1766 2718 1823 studium
2782 1765 2989 1838 pariter
3058 1763 3431 1837 impendentes
3459 1805 3476 1833 ,
3551 1780 3677 1821 cum

1993 1825 2312 1934 B_sonitum
2341 1863 2365 1892 °
2400 1859 2659 1932 pulsantis
2687 1825 2913 1928 ostium,
2957 1873 3023 1915 ac
3062 1825 3408 1915 diversorum
3451 1858 3677 1916 cellulas

2071 1952 2421 2024 percutientis
2460 1952 2732 2009 audierint
2780 1973 2792 2008 :
2841 1952 2912 2009 ad
2956 1952 3268 2009 orationem
3306 1966 3403 2009 eos
3438 1950 3669 2021 scilicet,

2068 2060 2163 2101 seu
2184 2045 2255 2102 ad
2276 2061 2417 2118 opus
2442 2045 2664 2118 aliquod
2686 2045 2993 2115 invitantis,
3017 2044 3269 2101 certatim
3301 2037 3319 2076 ¹
3342 2060 3375 2102 e
3401 2043 3676 2102 cubilibus

2068 2138 2181 2195 suis
2224 2140 2594 2211 unusquisque
2641 2137 2959 2211 prorumpit
3012 2159 3025 2194 :
3071 2139 3147 2195 ita
3196 2146 3258 2193 ut
3303 2137 3348 2194 is
3402 2138 3495 2210 qui
3539 2153 3676 2210 opus

2067 2232 2348 2304 scriptoris
2397 2241 2637 2302 exercet,
2682 2248 2851 2305 quam
2897 2240 3145 2305 repertus
3185 2230 3352 2288 fuerit
3389 2231 3677 2289 inchoasse

1465 2329 1721 2384 ALARDI
1759 2330 1983 2385 GAZJEI
2021 2330 2583 2388 COMMENTARIUS.

359 2439 425 2480 eo
468 2422 613 2489 ﬁeri;
657 2423 753 2478 sed
796 2428 1034 2485 tantum,
1075 2427 1141 2475 ut
1180 2416 1385 2489 probet
1410 2416 1527 2488 ejus
1555 2416 1958 2485 obedientiam,

358 2495 439 2549 vel
482 2488 607 2549 aliis
629 2500 899 2563 proponat
918 2491 969 2545 in
998 2489 1305 2563 exemplum
1336 2488 1514 2556 (Vide
1554 2489 1801 2563 Durancl.
1852 2492 1908 2563 in
1938 2504 1960 2544 1

358 2506 439 2549 vel
482 2506 599 2549 atus
629 2506 899 2563 proponat
918 2508 969 2545 in
1030 2506 1305 2560 xemplum
1336 2506 1355 2556 ί
1384 2506 1514 2545 Viae
1554 2506 1801 2543 uurana.
1852 2506 1908 2543 in
1938 2506 1959 2544 1

358 2571 560 2621 senten.
598 2565 728 2619 dist.
757 2569 847 2628 47,
875 2580 929 2632 q.
959 2506 1026 2627 3;
1050 2578 1067 2621 :
1094 2560 1235 2616 sicut
1264 2563 1409 2614 Deus
1436 2559 1690 2632 praecepit
1726 2559 1959 2632 Abrahae

358 2645 420 2692 ut
435 2636 749 2691 immolaret
764 2629 933 2688 ﬁlium
954 2633 1167 2701 (Genes.
1190 2631 1380 2701 χχιι),
1404 2629 1473 2686 ad
1498 2629 1860 2701 probandam,
1877 2630 1958 2687 vel

359 2699 1068 2778 potiusidemonstrandam
1100 2699 1412 2778 ejus_ﬁdgm
1451 2699 1527 2778 et_‘_
1543 2699 1906 2778 obedientiam
1942 2721 1954 2755 :

359 2771 470 2847 quo
498 2777 662 2833 etiam
684 2778 949 2847 ‘spectare
986 2771 1197 2830 videtur
1223 2776 1296 2847 D._
1327 2771 1655 2847 Benedictus
1675 2772 1799 2847 loco
1827 2788 1961 2847 me-

359 2841 599 2905 morato.
646 2841 776 2903 Tale
821 2846 1033 2902 videtur
1083 2844 1405 2916 exemplum
1446 2841 1628 2916 illius,_
1658 2843 1767 2916 cui_
1791 2843 1959 2900 abbas

362 2926 695 2991 praeceperat
739 2926 800 2991 ut
844 2917 1017 2973 ﬁlium
1060 2913 1560 2991 suum'projiceret
1616 2914 1672 2991 in
1736 2913 1959 2991 ﬂumen.

360 2982 681 3046 Providerat
707 2990 878 3054 enim,
901 3003 970 3044 ne
990 2982 1399 3058 exsequeretur1
1424 2999 1455 3038 a
1484 2982 1745 3058 fratribus
1764 2984 1833 3039 ad
1860 2985 1964 3041 hoc

362 3061 638 3185 ᾀὶἓροδίιίς
682 3058 956 3131 impediri,
1012 3065 1075 3113 ut
1123 3054 1309 3111 narrat
1359 3054 1650 3110 Cassianus
1697 3070 1817 3126 cap.
1866 3060 1956 3124 27,

363 3147 418 3185 ll]
450 3146 526 3185 ra.

363 3146 526 3186 rn1ra.

433 3204 459 3232 ³
490 3199 667 3255 Verba
692 3198 810 3269 ejus
836 3203 964 3253 sunt
994 3196 1048 3251 in
1085 3196 1195 3253 ﬁne
1220 3194 1554 3269 praefationis
1578 3195 1650 3252 ad
1675 3196 1959 3254 Castorem

361 3241 677 3346 ερίεοὸῇὐῖι
694 3241 1071 3326 ἴ³ῖῡᾶτῖἴὲάτὶ
1086 3241 1961 3346 "satiassatias;
1995 3241 2039 3305 Ο

360 3340 591 3396 inserere
609 3356 959 3412 praesumam,
986 3345 1049 3394 ut
1071 3357 1135 3395 ea
1155 3356 1275 3410 qua:
1296 3340 1582 3395 secundum
1596 3342 1965 3410 ﬁgyptiorum

362 3414 643 3480 Regulam,
675 3428 767 3467 seu
792 3428 894 3482 pro
915 3413 1204 3481 asperitate
1230 3428 1434 3473 aerum,
1474 3427 1565 3464 seu
1584 3428 1687 3481 pro
1722 3412 1965 3480 dif/icul-

364 3488 474 3538 tate
507 3500 571 3537 ac
599 3485 914 3538 diversitate
944 3498 1155 3536 morum
1186 3483 1543 3553 impossibilia
1586 3484 1644 3535 in
1680 3484 1762 3536 his
1796 3486 1968 3553 regio-

361 3554 540 3615 nibus,
578 3556 661 3608 vel
703 3554 866 3616 dura,
902 3555 985 3608 vel
1021 3554 1200 3607 ardua
1235 3554 1656 3623 comprobavere,
1700 3556 1963 3608 institutis

362 3628 825 3687 monasteriorum,
867 3640 989 3693 qua:
1024 3639 1123 3694 per
1162 3625 1509 3679 Pallestinam
1544 3624 1627 3677 rel
1663 3625 1962 3693 Mesopota-

360 3697 527 3750 miam
565 3696 847 3763 habentur,
896 3694 1239 3764 aliquatenus
1285 3700 1588 3764 temperem.
1637 3694 1802 3761 Quod
1846 3695 1964 3751 hac

361 3766 624 3838 nimirum
684 3765 900 3838 mitiora
952 3775 1016 3838 et_
1063 3765 1246 3838 minus
1311 3773 1526 3820 austera
1590 3780 1756 3836 quam
1816 3764 1960 3838 apud

361 3837 651 3942 ίῖξθὶἓὲξῗῖῗ
676 3835 1358 3942 ἷῗῗῗῖῗξὶῖἓςδέιῗξςηὲἔξῖέ

478 3906 652 3980 Hujus
676 3908 751 3980 rei
781 3923 1004 3964 causam
1030 3906 1155 3961 alibi
1193 3906 1769 3980 exposuimus_(Lib.1
1795 3923 1839 3962 c.
1874 3912 1957 3980 ᾇ).

368 3976 581 4037 Verum
605 3980 704 4036 etsi
739 3979 827 4035 hic
855 3980 1124 4035 lineorum
1162 3976 1296 4033 usus
1339 3976 1483 4047 apud
1508 3976 1630 4031 illos
1657 3977 1963 4035 Orientales

361 4052 664 4109 monachos
706 4050 966 4122 probatus
999 4056 1053 4103 et
1090 4058 1341 4122 receptus
1376 4046 1568 4122 fuerit;
1601 4047 1748 4122 alios
1778 4057 1960 4122 tamen

361 4123 647 4196 plerosque
690 4118 902 4196 certum
950 4128 1032 4177 est
1064 4136 1095 4175 a
1143 4118 1294 4196 lineis
1345 4118 1583 4196 vestibus
1598 4118 1957 4196 abstinuisse,

360 4189 413 4266 et
442 4189 608 4250 laneis
636 4194 814 4266 potius
851 4207 1156 4266 usos_ess_e,
1185 4191 1325 4248 sicut
1360 4189 1520 4247 hodie
1562 4190 1801 4266 plerique
1835 4189 1958 4266 relif

360 4265 491 4346 giosi
517 4263 784 4331 utuntur;
809 4273 927 4345 tum
955 4264 1028 4319 ob
1050 4263 1184 4320 alias
1206 4277 1419 4333 causas,
1450 4270 1572 4343 tum
1588 4263 1868 4387 praecipue
1886 4264 1958 4319 ob

361 4349 627 4387 maiorem
681 4342 1075 4387 austentatem.
1133 4342 1189 4387 et
1247 4349 1492 4387 corporis
1553 4350 1583 4387 a
1612 4333 1912 4387 ﬁrctronem
1935 4374 1950 4387 .

361 4333 627 4404 majorem
681 4336 1075 4401 austeritatem,
1133 4342 1189 4388 et
1247 4333 1492 4404 corporis
1553 4333 1950 4404 afﬂictionem,

358 4402 526 4474 quam
569 4404 736 4474 lanea:
774 4412 969 4470 vestes,
1010 4417 1077 4474 e_x
1108 4418 1286 4474 panno
1330 4402 1592 4474 videlicet,
1636 4412 1732 4474 aut
1773 4403 1957 4459 villosa

358 4472 606 4540 materia,
636 4472 877 4527 afferunt
909 4490 921 4527 :
949 4472 1091 4527 unde.
1120 4480 1175 4525 et
1196 4472 1548 4526 Innocentius
1568 4472 1760 4526 tertius
1790 4475 1960 4528 vetuit

357 4561 424 4599 ne
448 4545 715 4606 monachi,
743 4543 904 4598 etiam
928 4540 1279 4608 Benedictini,
1305 4543 1541 4595 camisiis
1560 4543 1714 4596 lineis
1738 4547 1953 4598 uteren-

2135 2408 2164 2451 ἀ
2191 2422 2270 2475 ita
2301 2435 2497 2476 rursus
2521 2435 2642 2490 cap.
2682 2425 2777 2487 22,
2809 2417 2949 2474 infra
2977 2440 2989 2474 :
3022 2420 3193 2489 Apud
3220 2432 3350 2489 quos
3392 2423 3533 2473 secta
3561 2420 3679 2473 sin-

2065 2490 2206 2559 gulis
2236 2492 2501 2545 mensibus
2519 2507 2808 2559 porrorum
2832 2492 2990 2557 folia,
3020 2491 3291 2560 lapsania,
3315 2491 3401 2545 sal
3421 2491 3673 2556 frictum,

2068 2562 2239 2623 olivis,
2257 2562 2506 2631 pisciculi
2526 2564 2724 2616 minuti
2738 2562 2909 2628 soliti,
2927 2576 3057 2630 quos
3082 2561 3167 2615 illi
3183 2561 3437 2615 mwnidia
3459 2567 3675 2627 uocant,

2067 2647 2280 2703 summa
2310 2634 2559 2703 voluptas
2600 2637 2695 2687 est.
2728 2634 2897 2703 Porro
2927 2632 3233 2702 lapsanium
3258 2647 3290 2703 a
3321 2633 3542 2702 lapsana
3570 2632 3667 2687 de-

2067 2701 2296 2774 ductum
2318 2773 2321 2774 ν
2341 2701 2492 2774 puto.
2524 2705 2619 2758 Est
2644 2702 2792 2759 enim
2822 2701 3041 2773 lapsana
3066 2703 3187 2758 olus
3221 2701 3489 2774 silvestre,
3533 2711 3676 2759 teste

2068 2773 2244 2844 Plinio
2272 2773 2367 2829 lib.
2399 2789 2484 2830 xx
2514 2782 2695 2829 natur.
2730 2774 2937 2829 Histor.
2983 2789 3102 2844 cap.
3155 2780 3208 2829 9.
3258 2773 3420 2829 Unde
3465 2788 3677 2844 prover-

2068 2843 2257 2900 bium:
2291 2848 2548 2915 Lapsana
2573 2848 2770 2909 vicere,
2806 2859 2926 2915 pro,
2958 2843 3107 2899 tenui
3147 2852 3201 2899 et
3230 2843 3480 2915 paupere
3502 2844 3670 2899 victu.

2068 2915 2434 2998 Eratnigitur
2489 2916 2729 2998 lapsana,
2798 2916 2882 2998 v_el
2937 2915 3263 2998 lapsanium,
3325 2915 3670 2998 pulmentum

2070 2985 2347 3057 quoddam
2376 3002 2440 3041 ex
2479 2985 2719 3042 oleribus
2760 2986 2874 3042 sale
2916 2985 3171 3047 conditis.
3209 2994 3263 3041 et
3304 2985 3440 3058 aqua
3483 2986 3673 3043 dilutis

2069 3052 2403 3137 confectum,
2436 3057 2583 3137 quod
2618 3073 2715 3137 pro
2751 3056 2966 3137 magnis
2991 3056 3203 3137 deliciis
3224 3057 3364 3137 inter
3389 3055 3508 3137 illos
3539 3072 3663 3137 m9:-

2067 3127 2273 3183 nachos
2301 3127 2630 3184 habebatur;
2649 3131 2728 3185 Ita
2768 3130 2823 3184 in
2847 3128 3050 3190 Vitas.
3082 3127 3354 3183 Paehomii
3383 3129 3545 3197 (Cap.
3589 3133 3663 3195 8)

2068 3197 2267 3271 legitur
2292 3218 2304 3252 :
2326 3203 2605 3270 Lapsanas
2633 3203 2795 3263 enim,
2823 3201 2881 3254 id
2899 3203 2995 3264 est,
3010 3201 3248 3271 agrestia
3271 3200 3439 3261 olera.
3464 3204 3515 3253 ϐε
3544 3198 3668 3271 he??-

2073 3269 2171 3324 bas
2193 3272 2333 3325 altas
2355 3269 2559 3341 praeter
2586 3273 2756 3326 oleum
2769 3274 3153 3325 consueverant
3181 3269 3350 3341 edere.
3373 3272 3553 3341 Porro,
3570 3269 3671 3340 lip-

2071 3356 2305 3414 sanum,
2334 3339 2416 3397 vel
2464 3342 2516 3397 in
2561 3341 2998 3414 plurali‘lipsana
3024 3349 3139 3414 (ne
3186 3340 3314 3414 quis
3359 3339 3505 3414 (orte
3545 3339 3666 3397 haec

2072 3411 2394 3478 confundat)
2446 3410 2959 3470 usu—ecclesiastico
3023 3410 3219 3483 longe’
3245 3410 3393 3467 aliud
3446 3420 3665 3478 sonant,

2073 3497 2273 3556 nempe
2296 3499 2447 3556 sacra
2477 3484 2725 3556 pignora,
2754 3500 2849 3539 seu
2869 3483 3124 3554 reliquias
3141 3490 3476 3539 sanctorum.
3510 3484 3669 3552 Quod

2075 3552 2164 3609 hic
2188 3552 2388 3608 cursim
2411 3552 2691 3610 monuisse
2714 3564 2799 3610 sat
2825 3564 2929 3610 est.

2143 3629 2169 3657 ⁸
2187 3624 2470 3696 Colligitur
2493 3625 2618 3679 hinc
2648 3626 2794 3682 fores
2816 3640 2912 3681 seu
2937 3624 3074 3679 ostia
3102 3622 3444 3697 singulorum
3473 3622 3669 3697 malleo

2072 3694 2270 3767 ligneo,
2304 3694 2383 3751 vel
2410 3697 2532 3767 alio
2571 3697 2735 3751 simili
2768 3694 3312 3767 instrumento‘tundi
3336 3695 3544 3767 solitas,
3570 3694 3671 3751 sic-

2073 3764 2182 3836 que
2207 3765 2510 3821 monachos
2531 3767 2652 3823 illos
2678 3766 2745 3823 ad
2769 3764 3021 3822 ofﬁcium
3044 3765 3310 3838 divinum,
3328 3767 3406 3820 vel
3431 3766 3501 3838 ad
3527 3781 3668 3838 opus

2034 3881 2040 3887 .
2073 3851 2334 3892 manuum
2359 3847 2645 3907 evocatos;
2669 3846 2729 3893 ut
2752 3838 3001 3907 superius
3026 3837 3402 3892 annotavimus
3420 3836 3671 3906 (Libﬁm

2071 3923 2114 3982 ρ.
2162 3908 2395 3982 2),“ubi
2427 3906 2837 3982 compulsorem
2878 3923 3005 3982 eum
3034 3916 3192 3982 vocat
3223 3908 3534 3982 Cassianus,
3577 3909 3670 3979 qui

2073 3978 2178 4034 hoc
2206 3977 2393 4051 ofﬁcio
2416 3977 2741 4051 fungebatur
2770 3999 2782 4033 :
2811 3979 2901 4051 qui
2930 3993 3053 4051 mos
3070 3979 3368 4051 etiamnum
3392 3978 3535 4047 apud
3565 3977 3670 4051 nos

2070 4058 2317 4123 servatur
2347 4048 2698 4123 inexsequiis
2734 4048 2967 4123 fratrum
2995 4048 3406 4123 defunctorum,
3446 4048 3669 4123 u_t_alibi

2068 4121 2235 4177 etiam
2275 4120 2615 4177 docebimus.
2674 4123 2796 4191 Quo
2850 4120 3034 4176 itidem
3083 4121 3351 4190 pertinere
3406 4120 3665 4191 arbitror,

2067 4192 2215 4261 quod
2237 4193 2425 4248 scribit
2457 4195 2571 4247 Leo
2608 4189 2798 4264 imper.
2832 4192 2885 4246 in
2928 4189 3259 4264 Panegyrico
3300 4191 3369 4246 de
3405 4191 3469 4264 S._
3489 4189 3667 4261 Chry-

2066 4260 2313 4319 sostomo
2339 4265 2460 4318 :His
2485 4264 2663 4319 adhuc
2680 4260 3077 4325 dubitantibus,
3098 4260 3377 4317 excubitor
3393 4260 3471 4316 ad
3489 4260 3669 4316 matu-

2067 4336 2187 4387 tina
2215 4335 2439 4389 Cantica
2475 4337 2676 4390 excitat
2704 4338 2843 4406 ligni
2876 4334 3124 4404 pulsibus
3156 4333 3328 4399 (Vide
3352 4334 3555 4388 scholia
3589 4333 3666 4387 ad

2066 4406 2765 4506 Βεθῖίέαᾞὲλέἶίέἓῖἶῗξίίὶῖ

2184 4473 2243 4529 Id
2281 4483 2364 4530 est
2395 4475 2678 4543 cubiculis,
2713 4473 2824 4531 sive
2853 4475 3087 4532 cellulis.
3121 4476 3210 4532 Sic
3240 4479 3309 4531 D.
3334 4474 3668 4532 Benedictus

2064 4560 2221 4601 veros
2262 4545 2575 4602 olredientes
2622 4547 2955 4610 describens,
3005 4555 3061 4603 et
3107 4546 3251 4602 hunc
3291 4548 3473 4603 locum
3520 4546 3667 4603 haud

359 4612 1956 4702 tuncap‘Cumadmonasteriumdestatumonae.(Lib.trr
1991 4621 2041 4682 Ι)
2067 4614 2231 4702 dubie
2272 4616 2534 4673 imitatus.
2584 4621 2832 4702 Ergohi
2854 4620 3027 4702 tales,
3065 4618 3257 4690 inquit.
3302 4620 3666 4702 relinquentes

359 4688 619 4743 Decretal.
638 4688 677 4753 ).

428 4762 452 4791 °
479 4759 686 4813 Vicaria
719 4764 879 4812 vocat
905 4756 1111 4820 alterna
1145 4753 1481 4823 indumenta,
1517 4769 1644 4826 quae
1674 4770 1770 4826 per
1808 4756 1955 4814 vices

356 4838 639 4887 mutantur
662 4826 766 4896 (IV
794 4832 925 4897 Reg.
946 4840 983 4882 v
1001 4831 1040 4892 ).
1081 4826 1242 4883 Unde
1266 4834 1321 4882 et
1348 4826 1640 4882 mutatOria
1669 4836 1952 4896 vocantur,

358 4917 481 4972 quae
501 4900 865 4983 tamennapud
894 4900 1015 4955 illos
1041 4899 1111 4953 ita
1146 4897 1617 4983 dispensabantu‘r,
1655 4906 1953 4983 utnequa-

356 4969 520 5043 quam
568 4969 821 5053 duplicia
849 4986 1021 5053 penes_
1043 4986 1110 5053 _se
1156 4969 1434 5053 haberent,
1628 4969 1952 5053 accipientes

356 5041 519 5107 nova,
568 5041 663 5097 vel
690 5041 880 5106 nitida,
929 5041 1217 5098 redderent
1263 5050 1464 5109 vetera,
1516 5049 1573 5096 et
1612 5041 1855 5109 sordida,
1892 5052 1954 5099 ut

356 5111 448 5168 hic
476 5113 737 5168 innuitur.
774 5115 946 5167 Porro
986 5112 1220 5168 decanus
1243 5120 1299 5168 et
1325 5112 1545 5168 decania
1571 5111 1790 5169 duobus
1827 5129 1951 5171 mo-

352 5182 441 5254 dis
479 5182 837 5253 accipiuntur.
884 5182 1287 5254 Namgdecanus
1327 5199 1357 5238 a
1386 5183 1712 5254 quibusdam
1749 5185 1951 5242 dicitur

353 5253 444 5327 qui
470 5252 668 5327 novem
717 5252 995 5327 monachis
1018 5252 1269 5327 decimus
1303 5252 1430 5327 ipse
1465 5263 1692 5327 praeerat
1735 5274 1747 5309 :
1790 5264 1952 5327 atque

355 5322 409 5379 hi
451 5324 639 5380 decem
687 5323 961 5391 monachi,
1002 5322 1241 5391 decuria,
1270 5322 1365 5379 seu
1399 5322 1647 5390 decania,
1685 5322 1952 5382 vocaban—

353 5403 460 5450 tur.
486 5396 573 5452 Sic
594 5398 661 5449 D.
687 5396 1056 5467 Hieronymus
1079 5394 1233 5464 epist.
1263 5402 1331 5451 22
1351 5394 1418 5451 de
1441 5394 1730 5453 emnobitis
1751 5411 1947 5467 agens:

355 5470 531 5523 Divisi
553 5470 699 5530 sunt,
723 5466 918 5538 inquit,
939 5484 1041 5537 per
1058 5467 1324 5530 decurias,
1366 5471 1532 5537 atque
1554 5466 1852 5533 actuarias;
1871 5471 1952 5524 ita

352 5543 415 5593 ut
439 5554 624 5593 novem
650 5539 948 5593 hominibus
977 5539 1211 5592 decimus
1231 5540 1442 5608 prcesit,
1474 5545 1526 5595 et
1552 5554 1743 5593 rursus
1774 5539 1951 5595 decem

345 5613 662 5681 prapositos
689 5611 789 5664 sub
817 5626 871 5665 se
891 5612 1202 5665 centesimus
1224 5611 1440 5664 habeat.
1463 5610 1802 5681 Augustinus
1823 5627 1949 5667 vero

352 5680 448 5736 lib.
484 5697 506 5736 1
531 5680 599 5737 de
628 5682 875 5737 Moribus
920 5680 1175 5737 Ecclesiae
1224 5682 1390 5750 (Cap.
1438 5685 1557 5751 31),
1605 5680 1684 5736 ait
1719 5680 1950 5738 decanos

350 5767 469 5823 esse
497 5752 589 5823 qui
615 5753 803 5809 decem
830 5752 1110 5809 monachis
1132 5759 1374 5823 praesunt
1414 5770 1426 5805 :
1450 5766 1559 5822 quo
1589 5751 1753 5806 etiam
1783 5753 1949 5823 modo

353 5822 591 5880 decanos
628 5832 684 5880 et
709 5823 962 5879 decanias
1006 5822 1327 5878 intellexisse
1372 5822 1621 5878 videntur
1659 5822 1951 5880 Cassianus

349 5896 509 5966 (Grip.
532 5904 560 5952 7
590 5900 786 5968 supra)
811 5903 867 5952 et
892 5899 961 5950 D.
987 5892 1315 5951 Benedictus
1341 5909 1460 5967 cap.
1494 5899 1556 5949 21
1592 5893 1836 5967 Regulae.

2066 4691 2256 4743 statim
2275 4705 2397 4758 qua:
2423 4705 2524 4744 sua
2543 4696 2690 4753 sunt,
2715 4695 2766 4745 et
2782 4691 3112 4744 voluntatem
3124 4692 3408 4760 propriam
3429 4691 3669 4745 deseren-

2065 4762 2160 4824 tes,
2196 4776 2324 4814 moa:
2351 4764 2686 4831 emoccupatis
2726 4762 2999 4824 manibus,
3032 4766 3083 4815 et
3110 4762 3254 4830 quod
3287 4761 3541 4829 agebant,
3567 4762 3669 4815 im-

2059 4833 2359 4899 perfectum
2388 4833 2767 4901 relinquentes,
2786 4834 2960 4886 vicino
2988 4832 3072 4895 (id
3106 4840 3205 4894 est,
3235 4832 3521 4900 proximo)
3546 4832 3667 4887 obe-

2063 4901 2281 4956 dientia:
2290 4903 2428 4973 pede
2428 4903 2670 4972 jubentis
2690 4919 2866 4958 vocem
2889 4904 3054 4970 factis
3077 4907 3399 4972 sequuntur,
3427 4907 3479 4957 et
3498 4904 3669 4957 veluti

2062 4988 2169 5045 uno
2213 4972 2476 5029 memento
2508 4972 2775 5045 praedicta
2820 4976 3074 5043 magistri
3090 4974 3286 5043 jussio,
3326 4978 3380 5028 et
3418 4975 3666 5042 perfecta

2061 5044 2317 5115 discipuli
2364 5044 2526 5115 opera
2563 5049 2621 5100 in
2657 5047 2933 5101 velocitate
2966 5048 3169 5100 timoris
3206 5047 3323 5107 Dei,
3371 5046 3547 5099 amba:
3578 5060 3664 5101 res

2058 5118 2408 5170 communiter
2438 5116 2520 5186 (id
2542 5125 2644 5184 est,
2674 5118 2866 5181 simul)
2892 5119 3050 5171 citius
3079 5117 3441 5187 explicantur,
3468 5118 3665 5186 quibus

2058 5187 2134 5241 ad
2159 5190 2330 5241 vitam
2353 5191 2613 5242 (sternam
2641 5187 2935 5257 gradiendi
2959 5202 3114 5241 amor
3139 5188 3402 5241 incumbit
3430 5188 3585 5257 (Cap.
3622 5202 3663 5243 ν

2058 5261 2188 5327 Reg.
2206 5259 2243 5325 ).
2262 5259 2369 5315 Ubi
2388 5261 2839 5314 Turrecrematus
2863 5279 2874 5314 :
2893 5262 2967 5314 De
2993 5259 3108 5321 hoc,
3130 5258 3319 5328 inquit.
3340 5259 3659 5314 obedientia:

2068 5331 2247 5395 gradu
2274 5331 2474 5398 legitur
2494 5332 2552 5385 in
2586 5332 2724 5385 Vitis
2751 5332 2998 5392 Patrum,
3031 5330 3177 5398 quod
3200 5330 3387 5385 Abbas
3409 5331 3665 5387 Silvanus

2066 5401 2296 5470 habebat
2334 5402 2614 5456 duodecim
2656 5402 2966 5472 discipulos,
3006 5416 3177 5455 unum
3217 5417 3402 5457 eorum
3446 5404 3663 5457 nomine

2059 5474 2321 5533 Marcum,
2350 5488 2507 5541 quem
2528 5488 2646 5542 pra:
2677 5476 2883 5528 caeteris
2911 5472 3176 5543 diligebat
3198 5478 3424 5543 propter
3465 5474 3660 5529 bonum

2057 5543 2386 5605 obedientice,
2412 5545 2556 5613 quod
2583 5549 2704 5599 erat
2727 5548 2786 5598 in
2808 5560 2886 5599 eo.
2915 5545 3150 5614 Cumque
3173 5543 3402 5614 quidam
3422 5544 3661 5599 dicerent

2058 5617 2125 5677 ei,
2153 5616 2298 5684 quod
2326 5616 2426 5668 alii
2435 5618 2890 5671 contristaer
2906 5631 2976 5671 ea:
3000 5617 3114 5679 hoc,
3144 5618 3255 5685 ipse
3275 5631 3359 5671 eos
3377 5617 3539 5671 dus-it
3560 5632 3660 5686 per

2058 5686 2218 5740 cellas
2247 5688 2512 5752 fratrum,
2555 5692 2606 5742 et
2625 5688 2855 5757 pulsans
2881 5689 2958 5742 ad
2983 5689 3180 5743 ostium
3210 5688 3654 5757 uniuscujusque,

2057 5760 2265 5811 uocauit
2281 5772 2386 5819 eos,
2414 5762 2465 5812 et
2488 5760 2666 5813 nullus
2686 5761 2859 5813 exibit
2884 5759 3133 5813 :tandem
3156 5760 3362 5813 vocavit
3384 5762 3648 5822 Marcum,

2058 5830 2159 5896 qui
2176 5830 2364 5883 relicta
2387 5830 2572 5884 littera
2600 5832 2936 5899 imperfecta,
2964 5846 3129 5900 quam
3159 5830 3443 5894 scribebat,
3468 5832 3654 5885 statim

2058 5901 2245 5954 exivit.
2270 5900 2383 5967 Quo
2406 5902 2518 5957 viso
2537 5901 2683 5956 dixit
2700 5901 2953 5958 Silvanus
2964 5902 3072 5956 illis
3089 5920 3107 5955 :
3127 5904 3275 5965 Ecce,
3294 5917 3464 5972 quare
3485 5902 3653 5971 diligo
