4062 6196
378 280 474 345 l7l

374 508 786 582 praesignemus,
810 510 869 565 in
888 508 1065 583 digitis
1089 509 1268 582 palam
1295 516 1504 580 gestare
1526 524 1628 564 nos
1653 524 1763 564 non
1794 508 1979 581 pudet,

373 603 570 674 quibus
597 620 710 660 non
744 603 923 661 solum
957 603 1184 659 cistella:
1220 601 1304 658 vel
1341 610 1581 673 spartae,
1610 601 1707 659 sed
1740 618 1810 659 ne
1839 618 1980 659 arcae

374 697 635 768 quidem,
664 697 747 753 vel
774 697 1038 763 armaria,
1070 695 1141 753 ad
1186 711 1249 752 ea
1295 711 1425 767 quae
1467 697 1847 770 congerimus,
1894 698 1978 753 vel

374 806 499 861 quae
536 791 737 864 egressi
760 791 828 847 de
850 791 1052 847 saeculo
1079 792 1506 860 reservavimus,
1536 791 1818 849 condenda
1858 789 1977 848 suf-

371 884 578 940 ﬁciunt.
609 885 827 957 Quique
864 885 938 940 ita
967 900 1385 956 nonnumquam
1412 901 1511 957 pro
1536 884 1827 955 vilissimis,
1859 884 1979 941 nul-

371 976 543 1048 lisque
584 976 748 1033 rebus
788 978 1163 1045 accendimur,
1205 993 1296 1034 eas
1338 978 1626 1034 dumtaxat
1664 979 1812 1035 velut
1846 994 1976 1050 pro-

370 1069 516 1139 prias
543 1068 914 1137 vindicantes,
947 1079 1009 1127 ut
1035 1070 1083 1126 si
1108 1071 1228 1142 quis
1263 1070 1347 1126 vel
1374 1071 1544 1144 digito
1583 1071 1879 1144 quidquam
1908 1089 1974 1129 ex

367 1161 454 1219 his
472 1170 810 1219 contrectare
831 1163 1258 1236 praesumpserit,
1282 1171 1433 1219 tanta
1453 1172 1645 1220 contra
1664 1179 1790 1220 eum
1814 1156 1841 1195 δ
1861 1164 1975 1220 ira-

368 1256 571 1313 cundia
611 1255 986 1330 suppleamur,
1024 1265 1087 1313 ut
1128 1258 1557 1314 commotionem
1585 1256 1767 1315 cordis
1793 1258 1971 1314 nostri

369 1364 442 1406 ne
465 1365 497 1405 a
533 1349 691 1406 labiis
709 1350 952 1423 quidem,
988 1366 1053 1407 ac
1076 1358 1194 1407 tota
1216 1351 1463 1423 corporis
1490 1350 1862 1431 indignatione
1888 1367 1975 1407 re-

369 1459 563 1501 vocare
594 1444 892 1517 pessimus.
936 1443 1039 1501 Sed
1076 1445 1458 1517 praetermissis
1481 1444 1683 1501 nostris
1709 1444 1853 1501 vitiis
1873 1487 1889 1514 ,
1918 1453 1974 1501 et

371 1535 459 1593 his
484 1552 609 1609 qua:
636 1552 740 1593 nec
775 1537 1200 1594 commemorari
1242 1536 1465 1609 quidem
1491 1537 1718 1610 dignum
1759 1547 1842 1594 est
1861 1581 1877 1606 ,
1903 1538 1974 1594 si-

369 1638 536 1695 lentio
564 1639 798 1707 traditis,
823 1638 1129 1696 secundum
1152 1640 1287 1696 illud
1311 1640 1588 1711 eloquium
1616 1658 1629 1695 :
1654 1642 1773 1699 Non
1794 1641 1974 1711 loqua-

369 1744 461 1796 tur
479 1757 535 1797 os
554 1758 731 1798 meum
757 1759 921 1814 opera
939 1744 1216 1799 hominum
1234 1744 1408 1815 (Psal.
1436 1742 1605 1816 χιιι),
1630 1743 1855 1799 virtutes
1874 1760 1972 1816 po-

365 1843 478 1902 tius
500 1885 517 1914 ,
546 1860 669 1918 qua:
694 1844 840 1918 apud
866 1844 992 1902 illos
1020 1854 1183 1914 sunt,
1221 1854 1277 1904 et
1305 1846 1448 1916 haec,
1471 1860 1596 1917 qua:
1618 1861 1719 1902 nos
1756 1860 1973 1919 quoque
1999 1852 2048 1915 Β

366 1952 516 2007 omni
556 1951 739 2008 studio
797 1950 1060 2007 debemus
1100 1959 1381 2023 appetere,
1430 1958 1613 2023 empto
1648 1949 1972 2007 narrationis

370 2054 558 2111 ordine
593 2069 1015 2127 prosequamur,
1051 2055 1305 2126 ipsasque
1321 2055 1440 2126 jam
1487 2054 1697 2127 regulas
1721 2094 1737 2123 ,
1777 2071 1843 2111 ac
1879 2064 1972 2127 ty-

369 2158 470 2217 pos
519 2145 723 2202 cursim
762 2145 1105 2218 breviterque
1146 2162 1444 2218 ponamus,
1479 2155 1543 2203 ut
1593 2148 1973 2219 pervenientes

368 2252 489 2316 post
512 2243 633 2301 haec
660 2260 725 2301 ac
752 2245 1020 2318 quosdam
1047 2255 1204 2303 actus
1232 2254 1289 2302 et
1314 2262 1478 2319 opera
1514 2247 1823 2317 seniorum,
1846 2264 1971 2320 quae

365 2344 606 2403 studiose
675 2346 960 2404 memoriae
1033 2346 1292 2405 mandare
1357 2346 1700 2420 disponimus
1723 2388 1739 2416 ,
1815 2346 1996 2418 bec,’

368 2462 491 2522 qua:
515 2458 706 2506 nostra
734 2449 1071 2523 expositione
1103 2449 1311 2523 digesta
1337 2457 1501 2519 sunt,
1541 2449 1690 2506 velut
1722 2450 1969 2508 testimo-

365 2553 475 2612 niis
522 2553 892 2626 validissimis,
918 2554 1280 2624 roboremus;
1328 2553 1583 2611 universa
1603 2592 1619 2621 ,
1657 2565 1782 2625 quae
1824 2552 1966 2609 dixi-

364 2672 524 2727 mus,
563 2657 828 2731 exemplis
850 2673 1046 2716 eorum
1097 2658 1316 2731 potius,
1365 2673 1430 2715 ac
1478 2656 1605 2713 vitae
1649 2658 1971 2715 auctoritate

364 2750 663 2811 ﬁrmantes.

1734 283 2014 346 JOANNIS
2049 286 2354 348 CASSlANl

373 412 588 471 fusione
637 414 836 471 calcata
859 456 876 484 ,
921 418 947 447 ³
983 409 1147 471 etiam
1182 411 1412 471 annulos
1459 406 1660 484 quibus
1702 414 1984 473 recondita
2010 420 2065 482 Α

3593 284 3692 347 172

2676 415 2912 473 CAPUT
2947 416 3123 471 XVI;

2338 511 2414 563 De
2442 507 2642 577 regulis
2669 507 3008 560 diversarum
3027 506 3434 575 correptionum.

2157 591 2213 656 Si
2251 599 2372 672 quis
2396 599 2563 672 igitur
2599 602 2623 631 ο
2650 599 2906 673 gillonem
2939 597 3183 662 ﬁctilem.
3223 612 3389 669 quem
3413 584 3693 652 baucalem

2086 701 2430 766 nuncupant,
2460 708 2588 750 casu
2616 693 2799 765 aliquo
2821 690 3066 765 fregerit,
3086 708 3200 748 non
3226 690 3382 749 aliter
3415 690 3694 763 negligen-

2085 786 2219 843 tiam
2246 802 2426 856 suam,
2449 802 2615 860 quam
2635 786 2850 858 publica
2870 785 3043 843 diluet
3066 784 3381 857 paenitentia
3405 803 3419 839 :
3452 786 3688 841 cunctis-

2085 895 2194 951 que
2221 878 2278 935 in
2313 879 2502 952 synaxi
2528 878 2788 935 fratribus
2813 878 3174 952 congregatis,
3204 877 3416 934 tamdiu
3444 883 3690 948 prostra-

2084 979 2175 1029 tus
2218 973 2274 1028 in
2314 981 2518 1029 terram
2544 972 2762 1028 veniam
2802 970 3128 1045 postulabit,
3163 971 3342 1028 donec
3377 969 3691 1025 orationum

2082 1075 2493 1123 consummetur
2533 1066 2877 1135 solemnitas,
2936 1066 3323 1139 impetraturus
3358 1079 3512 1133 eam,
3562 1078 3690 1119 cum

2075 1158 2264 1231 jussus
2288 1159 2457 1217 fuerit
2477 1159 2690 1216 abbatis
2716 1159 2916 1232 iudicio
2957 1160 3025 1216 de
3062 1159 3182 1216 solo
3211 1175 3451 1231 surgere.
3482 1157 3689 1214 Eodem

2082 1252 2253 1309 modo
2279 1252 2573 1310 satisfaciet
2595 1253 2840 1326 quisquis
2869 1253 2938 1310 ad
2961 1269 3100 1325 opus
3130 1253 3353 1326 aliquod
3375 1251 3683 1322 accersitus,

2080 1347 2164 1402 vel
2203 1346 2274 1404 ad
2318 1347 2796 1421 congregationem
2841 1347 3062 1404 solitam
3113 1346 3323 1404 tardius
3359 1344 3684 1415 occurrerit,

2079 1448 2174 1496 aut
2199 1440 2243 1496 si
2273 1440 2568 1499 decantans
2609 1440 2904 1514 psalmum,
2928 1441 3011 1497 vel
3035 1441 3317 1498 modicum
3348 1438 3682 1497 titubaverit.

2081 1531 2337 1590 Similiter
2373 1534 2418 1591 si
2441 1534 2744 1607 superﬂue,
2780 1534 2826 1591 si
2865 1535 3088 1603 durius,
3119 1533 3165 1590 si
3206 1532 3582 1591 contumacius
3605 1549 3687 1591 re-

2078 1628 2381 1701 sponderit,
2414 1628 2460 1685 si
2484 1628 2842 1701 negligentius
2878 1628 3136 1701 obsequia
3173 1628 3412 1701 injuncta
3445 1629 3684 1701 comple-

2081 1723 2236 1791 verit,
2259 1723 2305 1779 si
2325 1724 2405 1778 vel
2430 1722 2615 1780 leviter
2642 1722 3089 1792 murmuraverit,
3114 1721 3162 1779 si
3192 1722 3479 1779 lectionem
3512 1723 3683 1794 operi,

2080 1816 2162 1872 vel
2193 1816 2516 1873 obedientia:
2549 1814 2841 1888 praeferens
2866 1814 3048 1872 ofﬁcia
3078 1823 3281 1872 statuta
3307 1815 3531 1886 segnius
3557 1815 3684 1873 fue-

2079 1909 2152 1966 rit
2184 1919 2511 1981 exsecutus,
2541 1910 2585 1966 si
2619 1898 2647 1942 ά
2677 1910 2899 1967 dimissa
2941 1908 3129 1983 synaxi
3170 1926 3283 1967 non
3323 1910 3571 1966 concitus
3613 1910 3684 1966 ad

2080 2004 2273 2060 cellam
2301 2019 2580 2060 recurrere
2619 2002 2987 2072 festinaverit,
3029 2002 3075 2060 si
3123 2019 3251 2059 cum
3294 2002 3474 2074 aliquo
3502 2002 3584 2058 vel
3614 2001 3683 2058 ad

2079 2097 2359 2155 modicum
2406 2097 2734 2167 substiterit,
2784 2096 2866 2153 vel
2906 2098 2950 2154 si
2999 2096 3069 2153 ad
3116 2104 3379 2169 punctum
3424 2094 3683 2168 temporis

2080 2191 2296 2264 uspiam
2327 2191 2628 2259 secesserit,
2654 2195 2677 2225 °
2717 2191 2764 2249 si
2801 2191 3026 2248 alterius
3070 2190 3309 2247 tenuerit
3350 2205 3609 2258 manum,
3634 2188 3681 2245 si

2078 2275 2098 2314 ‘
2123 2299 2250 2340 cum
2295 2283 2409 2348 illo,
2442 2283 2550 2356 qui
2599 2283 2808 2341 cellula:
2853 2299 2967 2340 sua:
3018 2282 3361 2340 cobabitator
3410 2297 3525 2338 non
3559 2289 3645 2337 est
3664 2321 3681 2351 ,

2079 2374 2424 2433 confabulari
2459 2376 3041 2448 quantulumcumque
3097 2374 3527 2446 praesumpserit,
3567 2375 3596 2414 ⁸
3634 2374 3682 2431 si

2079 2469 2314 2526 oraverit
2352 2484 2480 2526 cum
2508 2469 2623 2537 illo,
2649 2468 2743 2540 qui
2772 2476 2857 2525 est
2889 2468 2957 2525 ab
2998 2468 3244 2524 oratione
3280 2481 3608 2539 suspensus,
3633 2467 3680 2523 si

2077 2572 2365 2638 parentum
2404 2562 2717 2635 quempiam
2756 2563 2838 2618 vel
2887 2561 3192 2618 amicorum
3219 2559 3561 2618 saecularium
3595 2559 3681 2615 vi-

2076 2658 2217 2715 derit
2242 2658 2370 2725 [Αι.
2404 2655 2586 2713 videre
2618 2655 2968 2725 tentaverit],
2998 2655 3083 2711 vel
3109 2654 3421 2713 collocutus
3461 2653 3539 2710 eis
3563 2652 3680 2711 sine

2075 2766 2178 2809 suo
2201 2749 2369 2807 fuerit
2394 2750 2639 2823 seniore,
2678 2743 2709 2782 ¹¹
2735 2749 2784 2807 si
2830 2750 3120 2823 epistolam
3156 2749 3549 2822 cujuscumque
3580 2763 3678 2806 su-

1464 2836 1723 2911 ALARDI
1760 2854 1981 2913 GAZAS]
2024 2851 2581 2927 COMMENTARIUS.
2669 2910 2673 2915 .

365 2968 556 3044 earum
599 2956 1013 3044 apothecarum_
1041 2952 1425 3044 custodiuntur
1595 2960 1959 3009 asservantur.

366 3030 500 3083 Haec
526 3026 656 3097 ipse,
689 3035 744 3081 et
766 3026 868 3081 alia
893 3036 1016 3097 quat
1035 3032 1368 3097 sequuntur.

433 3094 734 3176 {Annulos
765 3094 929 3176 notat
949 3094 1235 3176 sigillares,
1257 3094 1740 3176 sive_si_gnatorios,_
1764 3094 1964 3176 quibus

365 3168 661 3224 utebantur
696 3165 1075 3237 veteres,inon
1088 3166 1278 3237 solum
1314 3165 1386 3223 ad
1423 3165 1652 3232 litteras,
1697 3167 1810 3222 sive
1841 3166 1966 3237 epi-f
1996 3170 2043 3235 C

363 3241 532 3296 stolas
556 3238 825 3309 impresso
852 3236 1027 3309 sigillo
1048 3236 1451 3309 obsignandas;
1478 3251 1668 3293 verum
1700 3236 1966 3293 etiamad

363 3325 512 3367 seras
553 3307 882 3375 domorum,
909 3307 1270 3374 scriniowm,
1310 3307 1647 3378 arcularum,
1694 3311 1810 3364 vice
1849 3309 1969 3363 cla-

366 3382 535 3447 vium,
583 3379 918 3436 obserandas
948 3381 1125 3447 (Vide
1171 3384 1481 3437 Durantum
1509 3381 1603 3434 lib.
1633 3394 1683 3435 ιι
1707 3379 1774 3434 de
1794 3381 1965 3436 Ritib.

367 3452 563 3509 Eccles.
605 3456 747 3523 9.79;
779 3452 902 3523 Cal.
930 3451 1125 3507 Rhodi.
1149 3452 1241 3523 lib.
1270 3464 1334 3507 vr
1361 3454 1503 3523 Lect.
1537 3453 1728 3523 Antiq.
1762 3467 1808 3506 c.
1838 3449 1964 3523 12),;

365 3524 537 3578 immo
559 3521 631 3578 ad
658 3522 800 3593 ipsas
832 3522 1010 3578 claves
1037 3522 1252 3577 cautius
1275 3521 1681 3593 custodiendas,
1711 3530 1775 3576 ut
1803 3521 1968 3593 tradit

365 3593 572 3650 Plinius
596 3590 697 3649 lib.‘
719 3606 925 3648 xxxur
949 3608 1071 3664 cap.
1095 3596 1148 3664 l7.
1172 3592 1266 3648 ubi
1291 3592 1583 3664 sui_tempo
1610 3592 1684 3647 ris
1707 3590 1968 3648 conditio-

367 3680 495 3720 nem
532 3679 660 3720 cum
693 3664 934 3735 antiquis
986 3661 1233 3719 moribus
1267 3661 1559 3719 conferens
1588 3681 1614 3718 ηε
1647 3664 1777 3731 Qua
1816 3665 1963 3730 fuit,

366 3735 564 3807 inquit,
590 3737 691 3789 illa
709 3738 1013 3805 priscorum
1038 3737 1173 3799 vita,
1199 3735 1374 3804 qualis
1410 3736 1735 3805 innocentia,
1762 3736 1824 3789 in
1851 3750 1965 3807 qua

245 3820 252 3826 '
363 3802 844 3888 signabatur
856 3810 885 3861 ?
904 3811 965 3888 at
982 3822 1125 3888 nunc
1147 3802 1255 3888 cibi
1273 3820 1483 3875 quoque
1508 3820 1575 3888 ac
1585 3802 1746 3875 potus
1763 3802 1965 3887 annulo

363 3878 713 3932 vindicantur
737 3894 773 3931 a
800 3879 1034 3947 rapina;
1060 3881 1112 3931 et
1133 3878 1301 3931 claves
1329 3891 1536 3946 quoque
1550 3878 1701 3946 ipsas
1722 3879 1966 3946 signasse

366 3964 474 4004 non
497 3953 578 4003 est
591 3950 757 4016 satis;
779 3950 1024 4017 gravatis
1049 3962 1250 4011 somno,
1276 3952 1378 4002 aut
1401 3948 1752 4002 morientibus
1772 3948 1969 4002 annuli

364 4020 747 4075 detrahuntur.
778 4021 911 4075 Haec
936 4018 1045 4074 ille.
1077 4018 1167 4074 Sic
1189 4027 1245 4073 et
1269 4018 1522 4074 Clemens
1542 4017 1962 4084 Alexandrinus,

365 4091 514 4162 quod
532 4091 608 4161 gin
642 4090 987 4162 sponsalibus
1017 4089 1137 4145 loco
1178 4088 1358 4145 arrha:
1388 4089 1549 4162 datus
1596 4089 1833 4145 annulus
1852 4129 1867 4155 ,
1895 4088 1966 4145 ab

366 4160 784 4233 uxoresemper
804 4161 1049 4233 inrdigito
1085 4168 1409 4233 gestaretur,
1436 4160 1492 4217 id
1517 4174 1629 4216 non
1657 4168 1769 4233 tam
1796 4176 1966 4216 orna-

363 4240 457 4303 tus
481 4245 644 4285 causa
670 4231 789 4303 ﬁeri
818 4231 979 4303 dicit,
1009 4231 1175 4303 quam
1212 4239 1275 4287 ut
1296 4232 1611 4303 obsignaret
1637 4232 1835 4287 eodem
1858 4248 1965 4303 an-

364 4300 519 4374 nulo,
548 4313 672 4370 quae
689 4300 839 4356 domi
866 4310 997 4374 sunt
1014 4300 1254 4374 (Pedaq.
1284 4300 1575 4374 l.”n_f_cap.
1609 4306 1726 4374 ιι).
1762 4302 1965 4374 Hujus-

366 4369 520 4427 modi
547 4369 679 4441 ergo
719 4372 955 4441 annulos
1001 4371 1268 4441 etiamin
1305 4371 1490 4441 digitis
1515 4369 1866 4441 condebant;
1906 4381 1962 4429 et

366 4439 656 4513 gestabant
683 4440 912 4511 quidam
929 4439 1201 4513 monachi
1247 4439 1457 4511 peculio
1472 4439 1682 4513 addicti
1699 4482 1715 4509 ,
1742 4457 1851 4512 quo
1874 4458 1961 4498 res

366 4510 495 4567 suas
515 4510 728 4567 cautius
752 4511 1107 4583 custodirent,
1126 4518 1190 4565 ut
1225 4510 1437 4583 Auctor
1469 4510 1691 4583 indicat,
1725 4510 1961 4583 quorum

365 4583 511 4655 pala,
532 4596 628 4638 seu
651 4597 874 4655 gemma
908 4568 1242 4655 prominens,
1269 4581 1434 4637 clavis
1452 4581 1583 4655 vice,
1607 4568 1959 4655 fungebatur:
1987 4568 2039 4630 D

437 4647 481 4735 ⁵.
498 4647 789 4735 Iracundia
833 4647 1068 4735 suppleri
1097 4647 1236 4735 dixit
1263 4668 1365 4735 pro
1394 4653 1584 4735 repllej
1624 4647 1741 4735 ira:
1780 4654 1961 4725 Ρίπδεί

364 4723 676 4796 Scriptum,
698 4725 804 4781 hoc
821 4723 923 4791 est,
939 4723 1473 4797 vehementia-irasci
1494 4726 1720 4791 (Eecles.
1742 4723 1959 4797 nm,

363 4794 518 4852 Luca:
542 4811 632 4866 Iv,
653 4798 776 4852 Act.
798 4811 839 4852 ν
859 4802 911 4852 et
934 4801 1095 4862 xm).
1120 4794 1265 4851 Alibi
1282 4797 1525 4867 suppleri
1540 4796 1739 4860 dolore,
1761 4794 1955 4854 Collat.

364 4874 399 4940 9
421 4883 540 4940 cap.
558 4874 649 4933 26,
674 4875 730 4923 et
751 4868 945 4925 Collat.
971 4873 1037 4923 18
1058 4882 1178 4938 cap.
1210 4871 1306 4932 ll;
1336 4870 1525 4940 furore
1545 4870 1802 4939 suppleri,
1827 4870 1961 4926 Col-

364 4939 461 4995 lat.
742 4941 843 5006 18;
869 4940 1382 5022 caligine_suppleri,
1527 4954 1575 5022 ξ
1595 4956 1712 5022 cap.
1743 4946 1795 4995 2.

479 5008 753 5066 Gillonem
795 5009 920 5080 quis
967 5008 1330 5080 intelligeret,
1384 5010 1490 5066 nisi
1532 5008 1823 5067 Cassianus
1865 5019 1962 5066 ut-

363 5094 599 5152 cumque
626 5079 1009 5152 expposuissetP'
1034 5095 1106 5152 ex
1130 5079 1238 5152 quo
1282 5096 1375 5136 vas
1402 5081 1567 5136 ﬁctile
1594 5091 1649 5137 et
1683 5082 1956 5152 potorium

362 5150 532 5223 fuisse
559 5150 886 5223 colligimus,
929 5150 1077 5220 quod
1105 5150 1210 5223 alia
1239 5166 1369 5206 voce
1396 5153 1529 5223 item
1558 5150 1786 5207 barbara
1814 5152 1959 5223 bane

363 5222 540 5295 calem
584 5220 972 5295 nuncupabant
1008 5222 1231 5295 (Junius
1272 5222 1685 5295 nomenclator).
1704 5222 1959 5295 _Hispani

362 5292 732 5364 congilonem,
760 5292 877 5347 Itali
915 5292 1156 5364 boccale,
1198 5305 1294 5347 seu
1318 5292 1639 5364 boccalium,
1688 5292 1958 5348 Galli'ﬁa-

362 5361 587 5419 sconem
618 5370 835 5419 vocant.
869 5366 935 5418 Et
971 5361 1239 5434 pauxdlioy
1265 5361 1488 5434 quidem
1512 5365 1705 5420 Grznca
1729 5379 1834 5419 vox
1873 5372 1956 5420 est

364 5435 525 5506 apud
556 5433 956 5506 Aphrodiseum
1001 5434 1058 5489 in
1102 5433 1556 5506 problematibus,
1587 5450 1620 5506 a_
1663 5449 1768 5506 qua
1796 5450 1954 5492 voces

360 5504 476 5561 isne
512 5504 758 5560 barbarae
784 5513 839 5578 et
870 5504 1119 5578 vulgares
1158 5505 1412 5578 detortas,
1438 5504 1825 5578 signiﬁcatque
1860 5522 1955 5562 va-

359 5578 573 5648 sculum
602 5576 815 5648 angusti
861 5574 994 5641 oris‘,
1044 5576 1247 5648 ventris
1273 5574 1671 5648 turgidifpotui
1718 5574 1814 5634 aut
1839 5594 1960 5635 ser-

359 5647 535 5719 vando
563 5647 757 5719 liquori
786 5647 1229 5703 accommodum.

426 5707 456 5751 ⁴¹
485 5707 949 5792 Congregatione,
1000 5728 1125 5789 post
1151 5724 1433 5790 peractum
1476 5716 1740 5776 ofﬁcium.
1790 5719 1956 5776 Alibi.

355 5793 482 5845 Post
505 5792 728 5847 Missam
756 5792 1351 5863 engregationis,_post
1374 5792 1677 5848 orationum
1701 5794 1953 5855 Missam,

356 5865 524 5917 Missa
552 5864 805 5920 canonica
832 5863 1100 5927 absoluta,
1125 5870 1180 5919 et
1209 5861 1552 5935 liujusmodi.
1664 5905 1669 5909 -

2032 5773 2038 5780 ,
2065 5724 2116 5775 si
2133 5723 2227 5776 hoc
2244 5724 2387 5776 ultro
2403 5725 2737 5792 conﬁteatur,

2146 2957 2170 2982 ⁸
2194 2953 2407 3025 Nempe
2428 2949 2648 3025 quoda
2688 2952 2923 3025 puritate
2951 2960 3009 3010 et
3033 2950 3304 3025 modestia
3327 2949 3586 3025 religiosa
3620 2948 3675 3009 id

2073 3023 2316 3097 alienum
2342 3022 2430 3079 sit.
2460 3026 2531 3097 Et
2554 3022 2607 3078 id
2635 3022 2857 3095 quidem
2885 3025 2941 3079 in
2970 3023 3294 3097 quibusdam
3322 3022 3675 3097 religionibus

2072 3094 2315 3151 districts
2353 3094 2696 3166 prohibetur,
2733 3111 2801 3150 ne
2835 3098 2959 3166 quis
2985 3094 3233 3150 "alterum
3260 3094 3474 3165 tangat.
3516 3097 3590 3151 Et
3615 3094 3672 3150 in
3758 3154 3759 3157 η

2073 3166 2284 3237 Regula
2311 3164 2373 3221 SI
2398 3164 2698 3233 Pachomii,
2717 3174 2821 3221 art.
2844 3164 2914 3223 53
2943 3186 2956 3222 :
2980 3169 3143 3225 Nemo
3168 3169 3228 3221 in
3255 3168 3483 3222 tenebris
3510 3167 3676 3220 alteri

2076 3240 2364 3308 loquatur:
2386 3237 2568 3291 nullus
2586 3251 2704 3308 cum
2723 3238 2892 3293 altero
2915 3238 3153 3292 dormiat
3177 3257 3195 3292 :
3211 3253 3434 3293 manum
3449 3237 3672 3292 alterius

2073 3324 2225 3378 nemo
2254 3312 2433 3362 teneat
2458 3311 2476 3373 (
2501 3307 2637 3364 Vide
2660 3311 2906 3378 superius
2924 3309 3021 3364 lib.
3044 3322 3095 3364 ιι
3118 3324 3237 3378 cap.
3274 3314 3388 3375 I5).

2100 3372 2166 3459 ..ί
2196 3381 2375 3459 Erant
2401 3393 2531 3459 ergo
2552 3372 2801 3459 subinde
2841 3379 3090 3459 ejusdem
3131 3372 3360 3459 cellula!
3386 3379 3499 3437 duo
3492 3419 3530 3459 Α,
3584 3376 3669 3459 vel

2075 3419 2261 3523 ιλιαπὲ
2271 3419 3342 3523 “ἕὲιιέἰ›ῗῶιῦἶέἑῗ“ὃξυμᾶῗι“ῖῖ“ἓεέὧξὲἐιῖ
3381 3419 3671 3523 ἔέἔίῑωίἔὲ

2074 3520 2258 3577 collat.
2283 3526 2376 3589 20,
2400 3535 2523 3592 cap.
2556 3525 2579 3574 l
2611 3528 2667 3575 et
2694 3528 2748 3588 2,
2782 3520 2877 3592 ubi
2904 3522 3212 3592 syncellitas
3240 3532 3399 3578 vocat
3422 3521 3670 3592 eiusdem

2074 3592 2226 3649 cellae
2275 3590 2703 3656 cobabitatores,
2741 3591 2834 3648 ubi
2882 3590 3036 3661 plura
3081 3591 3261 3649 videre
3307 3603 3391 3649 est
3419 3590 3478 3649 in
3530 3591 3672 3647 hanc

2074 3669 2479 3736 remannotata
2531 3681 2543 3717 :
2588 3661 2831 3735 itemque
2867 3663 2963 3718 lib.
3024 3677 3076 3719 ιι
3120 3664 3362 3723 lnstitut.
3399 3679 3520 3736 cap.
3571 3667 3669 3729 12,

2070 3733 2597 3805 etlib.vcap.37.
2684 3733 2757 3805 θ
3058 3804 3061 3805 ν
3648 3759 3666 3777 -

2094 3836 2097 3837 ν
2139 3807 2279 3887 {De
2307 3802 2807 3889 bac'suspensione
2832 3812 2887 3861 et
2931 3804 3194 3889 orationis
3217 3802 3536 3863 inhibitione
3570 3819 3670 3863 su-

2071 3877 2255 3948 perius
2281 3884 2467 3932 actum
2495 3886 2581 3933 est
2599 3877 2750 3944 (Lib.
2785 3891 2834 3933 ιι
2854 3893 2902 3932 c.
2935 3880 3045 3946 16).

2143 3941 2172 3979 ¹¹
2196 3947 2283 4031 _Ad
2309 3947 2503 4031 vitium
2533 3948 2876 4031 proprietatis
3000 3947 3270 4031 monacbo
3294 3946 3548 4029 pertinet,
3567 3964 3668 4031 se-

2072 4018 2314 4075 cundum
2338 4018 2670 4087 Navarrum,
2708 4018 2913 4076 litteras
2939 4019 3098 4086 dare,
3135 4021 3218 4075 vel
3258 4018 3503 4089 accipere
3529 4019 3668 4076 citra

2071 4104 2407 4163 consensum
2454 4098 2550 4163 aut
2593 4090 2867 4163 licentiam
2913 4089 3403 4163 superioris,_,licet
3436 4090 3538 4145 alia
3571 4107 3669 4147 ra-

2072 4160 2226 4217 tione
2252 4161 2423 4232 possit
2451 4160 2722 4232 etiamad
2741 4160 3024 4232 peccatum
3048 4161 3430 4217 inobedientiat
3453 4170 3550 4217 aut
3579 4163 3667 4216 in-

2070 4230 2419 4304 continentiae
2440 4230 2633 4286 referri
2668 4230 3100 4304 :_inobedi_entia;
3121 4231 3366 4304 quidem,
3396 4241 3668 4304 quatenus

2071 4303 2280 4374 occulte
2302 4309 2636 4374 praceptum
2665 4301 3279 4374 obedientiaainfringit;
3319 4301 3667 4360 incontinen-
3756 4312 3761 4317 ‘

2068 4372 2179 4440 tite,
2207 4372 2253 4428 si
2290 4372 2360 4428 ad
2387 4372 2737 4427 violationem
2765 4372 3026 4429 castitatis
3060 4372 3253 4428 tendat
3276 4377 3506 4439 (Nauar.
3536 4391 3666 4430 com-

2066 4448 2229 4498 ment.
2264 4449 2297 4497 2
2327 4444 2394 4498 de
2430 4445 2686 4513 Regular.
2713 4460 2865 4499 num.
2914 4449 2979 4500 13
3008 4449 3061 4500 et
3088 4447 3284 4502 Consil.
3330 4451 3418 4510 73,
3462 4447 3529 4501 de
3558 4449 3664 4503 Re-

2068 4515 2399 4596 gularibus).
2527 4523 2844 4600 qutantameg
2870 4516 3058 4600 regula
3087 4516 3666 4600 exci‘piuntu’r‘litterat

2067 4601 2099 4639 a
2120 4587 2247 4657 jure
2275 4587 2559 4642 communi
2590 4587 2753 4658 (Cap.
2794 4590 2883 4644 Ea:
2920 4587 3111 4658 parte,
3160 4587 3222 4642 et
3238 4604 3356 4658 cap.
3386 4589 3559 4651 Olim,
3597 4589 3666 4643 de

2067 4658 2354 4738 Accusat.)
2383 4656 2467 4741 ve!
2477 4665 2696 4741 statuto
2724 4658 3157 4741 gongregationis
3181 4659 3241 4741 i_r_i_
3262 4657 3423 4741 certis
3448 4659 3666 4741 casibus

2069 4728 2369 4799 permissae.
2416 4728 2565 4784 Hinc
2596 4730 2690 4785 SS.
2733 4728 3148 4786 Pati-es'stricte
3187 4728 3323 4785 illud
3364 4728 3663 4798 prohibue-

2067 4806 2216 4872 runt.
2243 4801 2318 4853 D.
2357 4799 2584 4872 Basilius
2610 4816 2642 4856 a
2676 4799 2997 4872 smaragdo
3019 4800 3217 4856 citatus
3250 4804 3446 4872 (quem
3472 4809 3665 4857 tamen

2065 4868 2249 4924 locum
2294 4870 2540 4942 nondum
2579 4871 2817 4942 reperire
2852 4868 3033 4941 potui)
3066 4890 3080 4927 ι
3121 4868 3317 4928 Munus
3355 4872 3658 4941 quodlibet,

2065 4941 2174 5013 sive
2202 4941 2472 5013 epistolas,
2499 4941 2654 4997 nemo
2673 4944 2963 4997 monachus
2991 4945 3241 5013 accipiat,
3263 4957 3358 4997 nec
3391 4943 3525 4997 dare
3546 4945 3665 4998 sine

2055 5011 2299 5086 jussione
2318 5012 2530 5086 abbatis
2556 5018 2863 5086 prasumat
2878 5016 3072 5084 (Epist.
3099 5011 3181 5078 Ξ).
3205 5016 3275 5068 D.
3298 5014 3665 5086 Hieronymus

2067 5085 2206 5166 inter
2232 5083 2332 5166 alia
2356 5083 2791 5166 .vitaareligiosa:
2832 5083 3160 5166 documenta
3196 5083 3515 5166 Nepotiane
3541 5093 3664 5166 tra-

2065 5152 2220 5227 dita:
2251 5154 2470 5227 Crebra,
2498 5152 2703 5227 inquit,
2732 5158 3071 5219 munuscula,
3097 5161 3148 5210 et
3174 5152 3474 5218 sudariolo,
3502 5160 3555 5211 et
3578 5159 3664 5225 fa-

2064 5225 2274 5296 sciolas,
2302 5230 2353 5279 et
2380 5225 2668 5281 oblatosac
2695 5227 3001 5295 degustatos
3029 5228 3189 5290 cibos,
3234 5228 3567 5296 blandasque
3595 5243 3662 5283 ac

2064 5295 2243 5368 dulces
2273 5297 2541 5368 littemlas
2564 5301 2779 5368 sanctus
2803 5313 2956 5352 amor
2976 5314 3083 5352 non
3111 5299 3273 5353 habet
3297 5295 3505 5368 (Epist.
3533 5303 3655 5364 48).

2063 5366 2327 5441 Idemque
2344 5366 2477 5441 alibi
2505 5367 2773 5423 Sabiniani
2811 5368 3099 5441 cujusdam
3128 5369 3338 5441 diaconi
3369 5366 3496 5441 cum
3520 5385 3662 5441 qua-

2061 5435 2193 5492 dam
2225 5435 2607 5510 virgineisacra
2629 5454 2726 5510 per
2754 5435 2995 5495 occultas
3016 5440 3222 5495 litteras
3245 5440 3474 5496 nefanda
3497 5435 3662 5496 com-

2067 5510 2271 5585 mercia
2307 5509 2499 5585 acerbe
2544 5509 2805 5580 deplorat.
2841 5512 2899 5565 S.
2930 5511 3265 5585 Augustinus
3309 5511 3363 5585 in
3398 5511 3607 5585 Regula
3638 5527 3657 5566 :

2068 5581 2397 5650 Quicumque
2412 5583 2472 5635 in
2496 5586 2708 5636 tantum
2723 5581 3047 5651 progressus
3055 5584 3230 5649 fuerit
3251 5584 3477 5645 malum,
3491 5581 3561 5636 ut
3584 5599 3663 5638 oc-

2066 5651 2205 5724 culte
2227 5653 2297 5706 ab
2322 5653 2506 5721 aliquo
2525 5652 2754 5716 litteras,
2777 5654 2862 5707 vel
2883 5653 3158 5722 quodlibet
3178 5668 3375 5708 munus
3403 5655 3657 5724 accipiat,

2754 5728 3021 5792 parcatur
3040 5724 3142 5787 illi,
3160 5728 3211 5778 et
3227 5729 3412 5779 oretur
3425 5739 3526 5794 pro
3541 5726 3654 5779 illo.

2065 5794 2127 5848 Si
2149 5797 2331 5846 autem
2346 5793 2782 5862 deprehenditur,
2810 5799 2972 5863 atque
2996 5796 3342 5857 convincitur,
3366 5793 3663 5851 secundum

2065 5863 2357 5918 arbitrium
2390 5867 2676 5933 praepositi
2709 5866 2930 5934 gravius
2967 5865 3276 5930 emendetur
3299 5868 3464 5937 (Cap.
3509 5872 3577 5923 14
3604 5870 3661 5923 et
