3996 6198
457 201 561 256 1⁸79

1796 196 2073 255 JOANNIS
2110 197 2413 255 CASSIANI

3655 192 3757 248 180

455 288 653 382 fratres
682 324 752 382 ad
792 322 910 383 haec
941 325 1123 383 ofﬁcia
1162 326 1266 383 sibi
1309 323 1587 383 reddenda
1613 308 1933 393 succedunt,
1977 324 2052 379 ita
2076 327 2130 391 Α
2159 322 2287 396 quid
2330 338 2399 379 ex
2440 322 2521 380 eis
2563 321 2921 378 imminuatur
2966 318 3049 375 vel
3095 325 3303 391 pereat,
3332 323 3396 373 ut
3435 315 3663 373 credant
3700 331 3761 374 se

454 426 541 483 ut,
582 420 884 476 secundum
923 421 1161 478 casnobii
1202 419 1627 486 multitudinem,
1678 417 2054 474 ministrorum

462 528 685 586 quoque
718 531 983 572 numerus
1009 516 1317 589 deputetur.
1346 516 1486 583 Quae
1524 513 1744 585 explere
1781 520 1935 568 tanta
1963 512 2057 569 de-

458 607 685 664 votione
724 616 780 665 et
817 608 1127 666 humilitate
1180 608 1563 681 deproperant,
1615 615 1818 680 quanta
1871 606 2057 662 nullus

459 717 746 760 servorum
786 704 1061 762 dirissimo
1098 704 1353 773 domino,
1389 720 1453 760 ac
1481 703 1804 777 praepotenti
1844 701 2060 759 exhibet

461 812 625 853 suum
664 796 1027 862 famulatum;
1064 799 1138 854 ita
1163 807 1226 855 ut
1250 813 1325 855 ne
1360 798 1478 854 istis
1510 798 1738 869 quidem
1766 796 1901 853 solis
1923 791 2054 852 con-

458 890 595 948 tenti
626 889 906 963 obsequiis
946 906 1070 964 quae
1095 892 1356 949 canonico
1380 892 1508 963 jure
1544 885 1852 954 solvuntur,
1892 888 2057 945 etiam
2090 878 2097 885 ’

457 993 623 1041 nocte
666 996 969 1058 surgentes,
1016 986 1139 1043 illos
1176 1000 1316 1057 quos
1352 984 1657 1057 specialiter
1705 983 1825 1040 haec
1875 992 2059 1039 manet

457 1094 612 1148 cura,
654 1078 839 1136 studio
877 1094 978 1136 suo
1007 1078 1261 1146 relevant,
1297 1086 1354 1133 et
1382 1092 1445 1132 ea
1480 1092 1605 1148 qum
1639 1077 1707 1134 ab
1746 1076 1876 1150 ipsis
1902 1075 2059 1149 perﬁ-

458 1171 650 1228 cienda
693 1180 843 1240 sunt,
895 1171 1087 1227 furtim
1129 1171 1519 1244 praevenientes
1574 1171 1802 1243 implere
1838 1178 2059 1226 conten-

459 1265 612 1323 dant.
640 1266 755 1321 Has
778 1273 965 1322 autem
990 1264 1322 1337 septimanas
1345 1265 1719 1337 unusquisque
1737 1264 2056 1336 suscipiens,

461 1374 633 1430 usque
655 1358 725 1415 ad
750 1373 967 1415 coenam
996 1359 1274 1416 Dominici
1302 1358 1410 1416 diei
1441 1358 1847 1416 ministraturus
1874 1357 2060 1414 obser-

460 1461 567 1509 vat.
598 1456 719 1525 Qua
750 1452 989 1526 perfecta
1012 1454 1376 1511 ministerium
1400 1452 1570 1509 totius
1596 1451 1955 1509 hebdomadis
1983 1451 2060 1506 ita

465 1546 829 1614 concluditur,
863 1554 926 1604 ut
958 1546 1037 1616 hi,
1063 1546 1259 1619 quibus
1297 1545 1704 1604 succedendum
1731 1553 1834 1615 est,
1863 1560 2060 1602 conve-

460 1638 742 1695 nientibus
769 1639 823 1695 in
845 1655 1016 1696 unum
1034 1638 1297 1696 fratribus
1318 1638 1388 1695 ad
1406 1637 1771 1696 concinendos
1797 1637 2061 1709 psalmos,

461 1744 602 1803 quos
624 1730 856 1804 quieturi
884 1746 952 1787 ex
976 1745 1128 1787 more
1154 1731 1468 1798 decantant,
1497 1730 1757 1786 omnibus
1784 1729 1843 1785 in
1870 1728 2063 1786 ordine

459 1822 626 1896 pedes
653 1823 851 1890 lavent,
884 1824 1026 1880 hanc
1068 1824 1272 1881 scilicet
1312 1825 1380 1880 ab
1417 1824 1494 1880 eis
1520 1839 1619 1897 pro
1666 1823 1853 1880 labore
1894 1824 2066 1880 totius

461 1917 780 1988 septimanae
828 1916 1223 1975 benedictionis
1265 1917 1579 1975 mercedem
1627 1917 1861 1975 ﬁdeliter
1900 1934 2066 1990 expe-

461 2019 665 2078 tentes,
695 2019 759 2069 ut
801 2027 897 2069 eos
927 2012 1227 2084 explentes,
1268 2012 1591 2069 mandatum
1630 2011 1834 2070 Christi
1873 2012 2069 2069 emissa

467 2105 793 2180 generaliter
813 2106 882 2163 ab
911 2106 1169 2163 omnibus
1194 2104 1457 2162 fratribus
1483 2105 1662 2167 oratio
1691 2114 2067 2179 prosequatur,

463 2215 589 2272 quae
630 2200 712 2257 vel
745 2214 844 2272 pro
876 2192 1308 2272 ignorationibus
1340 2198 1664 2273 intercedat,
1698 2200 1784 2257 vel
1828 2215 1928 2272 pro
1964 2200 2066 2256 ad-

464 2290 647 2348 missis
696 2291 934 2348 humana
984 2290 1280 2364 fragilitate
1325 2290 1588 2364 peccatis,
1628 2299 1683 2347 et
1716 2291 2068 2349 commendet

465 2387 586 2443 Deo
609 2384 757 2442 velut
777 2384 1110 2441 sacriﬁcium
1131 2385 1329 2458 pingue
1349 2393 1728 2441 consummata
1757 2400 1949 2441 eorum
1971 2385 2067 2443 de-

468 2478 706 2557 votionis
729 2477 1005 2550 obsequia.
1036 2480 1107 2536 Et
1127 2478 1202 2535 ita
1225 2477 1465 2535 secunda
1493 2478 1706 2536 sabbati
1736 2486 1862 2555 post
1882 2487 2069 2535 matu-

468 2572 614 2629 tinos
633 2573 889 2646 hymnos,
910 2573 1268 2630 aliis‘rursum
1288 2571 1723 2643 succedentibus,
1749 2573 1992 2630 utensilia
2007 2574 2067 2630 in

469 2668 671 2741 quibus
691 2667 1132 2724 ministraverant
1153 2683 1218 2724 ac
1236 2683 1361 2724 vasa
1391 2668 1713 2741 consignant
1741 2688 1754 2724 τ
1774 2683 1898 2741 qua;
1915 2676 2069 2727 tanta

471 2762 837 2821 sollicitudine
894 2778 1129 2837 curaque
1187 2763 1548 2843 suscipientes
1607 2762 1945 2837 custodiunt,
1999 2781 2071 2821 ne

2161 418 2325 473 etiam
2355 433 2456 489 pro
2486 415 2727 472 minimis
2753 413 3057 488 quibusque
3076 412 3218 469 vasis
3236 420 3519 484 tamquam
3551 426 3649 482 pro
3677 424 3762 466 sa-

2161 510 2458 567 crosanctis
2501 509 2772 566 rationem
2815 523 2926 563 non
2973 506 3151 563 solum
3207 503 3570 577 dispensatori
3619 521 3763 575 pra:-

2161 603 2325 670 senti,
2354 602 2450 659 sed
2481 602 2647 658 etiam
2673 601 2914 659 Domino
2949 598 3276 667 reddituros,
3308 596 3353 654 si
3394 597 3535 654 forte
3562 597 3764 670 aliquid

2164 712 2232 753 ex
2259 696 2340 753 eis
2378 697 2704 770 negligentia
2750 711 2946 752 eorum
2995 693 3154 750 fuerit
3185 692 3556 748 imminutum.
3598 691 3766 764 Cujus

2166 790 2464 863 disciplina;
2489 790 2581 862 qui
2614 789 2813 846 modus
2837 789 2930 855 sit,
2955 787 3041 844 vel
3068 794 3270 859 quanta
3294 785 3403 841 ﬁde
3430 792 3487 841 et
3516 785 3767 843 cautione
3824 784 3828 787 ’

2164 893 2433 952 servetur,
2476 900 2590 941 uno
2624 883 2958 950 testimonio,
3003 881 3151 954 quod
3194 879 3431 952 exempli
3465 881 3636 952 gratia
3664 896 3769 953 po-

2166 994 2317 1047 nam,
2344 978 2592 1051 poteritis
2614 992 2927 1050 agnoscere.
2955 976 3110 1035 Sicut
3131 975 3277 1032 enim
3304 974 3592 1031 studemus
3613 976 3768 1030 satis-

2166 1073 2342 1129 facere
2386 1080 2566 1128 vestro
2600 1070 2823 1141 fervori,
2857 1086 2968 1143 quo
2997 1070 3217 1142 plenam
3256 1068 3642 1125 universorum
3676 1084 3765 1125 co-

2166 1168 2466 1241 gnitionem
2493 1166 2889 1248 desiderantes,
2910 1166 3077 1221 etiam
3105 1179 3169 1220 ea
3192 1177 3317 1235 quae
3358 1162 3566 1235 optime
3592 1164 3764 1221 nostis

2168 1263 2276 1319 hoc
2317 1262 2497 1318 libello
2533 1261 2688 1317 vobis
2725 1259 2923 1332 cupitis
2949 1256 3161 1327 iterari;
3211 1256 3285 1313 ita
3312 1271 3567 1313 veremur
3606 1272 3766 1314 men-

2167 1372 2352 1414 suram
2377 1356 2648 1413 brevitatis
2675 1354 2959 1433 excedere.
3004 1355 3009 1358 ’

2676 1483 2683 1495 ι
2752 1450 3000 1507 CAPUT
3039 1450 3175 1504 XX.

2263 1552 2339 1605 De
2363 1549 2536 1603 tribus
2556 1545 2820 1602 lenticula:
2844 1546 3032 1614 granis
3054 1543 3122 1597 ab
3142 1557 3402 1598 wconomo
3424 1543 3670 1613 repertis.

2243 1644 2309 1698 In
2353 1640 2659 1712 septimana
2701 1637 2989 1711 cujusdam
3028 1634 3234 1704 fratris,
3283 1651 3414 1692 cum
3455 1635 3770 1708 praeteriens

2170 1749 2496 1792 oeconomus
2532 1734 2640 1790 tria
2673 1737 2700 1767 ι
2739 1732 3013 1790 lenticula:
3042 1745 3206 1804 grana
3244 1728 3467 1786 vidisset
3510 1730 3693 1803 jacere
3716 1730 3771 1788 in

2169 1840 2338 1898 terra,
2361 1845 2485 1903 qum
2511 1827 2960 1897 hebdomadario,
3000 1826 3271 1887 festinanti
3297 1826 3430 1883 dum
3458 1841 3522 1883 ea
3563 1842 3773 1899 praepa-

2170 1933 2256 1981 rat
2282 1923 2536 1992 coctioni,
2567 1923 2706 1979 inter
2731 1938 2931 1978 manus
2966 1926 3103 1978 cum
3123 1936 3264 1993 aqua
3293 1936 3399 1992 qua
3426 1920 3775 1978 diluebantur

2172 2018 2353 2091 elapsa
2379 2026 2532 2086 unt,
2558 2014 2849 2073 confestim
2871 2031 3034 2088 super
3059 2015 3165 2071 hoc
3187 2014 3442 2071 abbatem
3464 2014 3770 2083 consuluit;

2174 2127 2207 2169 a
2233 2127 2344 2184 quo
2387 2110 2535 2168 velut
2573 2111 2908 2166 interversor
2946 2108 3333 2180 neglectorque
3358 2100 3385 2140 δ
3409 2109 3548 2164 sacri
3576 2108 3772 2181 peculii

2167 2205 2465 2279 judicatus,
2507 2203 2576 2261 ab
2617 2204 2864 2261 oratione
2904 2217 3204 2275 suspensus
3241 2209 3342 2258 est.
3389 2202 3560 2273 Cujus
3596 2201 3776 2277 negli-

2174 2299 2371 2371 gentia
2416 2306 2602 2354 reatus
2639 2312 2751 2353 non
2795 2296 2952 2352 aliter
2994 2294 3043 2351 ei
3081 2294 3342 2350 remissus
3369 2302 3472 2364 est,
3517 2293 3619 2349 nisi
3644 2309 3778 2350 eum

2173 2391 2388 2465 publica
2435 2389 2752 2462 poenitentia
2797 2388 3061 2444 diluisset.
3115 2388 3243 2443 Non
3284 2386 3464 2442 solum
3511 2385 3661 2441 enim
3698 2402 3781 2443 se-

2174 2485 2320 2558 ipsos
2346 2499 2461 2540 non
2497 2499 2616 2540 esse
2641 2498 2792 2551 suos,
2821 2481 2920 2539 sed
2960 2479 3125 2537 etiam
3153 2480 3335 2536 omnia
3370 2494 3494 2552 quae
3514 2495 3615 2536 sua
3647 2488 3785 2537 sunt

2172 2576 2403 2635 credunt
2444 2577 2686 2634 Domino
2713 2584 3030 2633 consecrata
3073 2593 3086 2631 :
3136 2583 3355 2648 propter
3387 2573 3538 2647 quod
3562 2575 3610 2631 si
3643 2576 3785 2647 quid

2176 2669 2339 2728 fuerit
2364 2671 2427 2727 in
2448 2670 2780 2727 monasterio
2807 2669 2975 2726 semel
3011 2667 3247 2737 illatum,
3274 2676 3338 2724 ut
3370 2677 3780 2726 sacrosanctum

2178 2781 2308 2823 cum
2357 2765 2507 2822 omni
2560 2764 2864 2822 decernunt
2923 2762 3223 2819 reverentia
3274 2760 3484 2818 debere
3540 2761 3785 2818 tractari.

1556 2892 1817 2949 ALARDI
1853 2892 2087 2948 GAZEI
2125 2890 2683 2949 COMMENTARIUS.

472 3000 667 3057 merces
689 3004 742 3056 et
760 3001 999 3071 charitas
1019 3001 1327 3071 acquiritur
1356 2998 1533 3071 (Vide
1554 2999 1636 3071 ibi
1667 3001 1978 3067 Turrecre.)
2011 2998 2089 3071 ld.
2118 3062 2151 3071 _
2181 3000 2541 3066 simillimum,
2571 2999 2658 3055 sui
2701 3006 2886 3071 tamen
2922 2995 3151 3071 generis,
3183 2994 3254 3053 de

3370 3009 3403 3051 ο
3439 2949 3643 3051 Plinius
3678 2993 3784 3051 lib.

473 3073 652 3152 ipsum
691 3071 751 3152 _in
801 3070 1028 3152 concilio
1077 3062 1498 3152 tiquisgranensi
1551 3062 2074 3152 (Cap..123),'_se.d
2108 3062 2153 3126 C
2181 3086 2342 3152 rtvm
2374 3088 2424 3127 c.
2458 3062 2698 3152 tglmPro.
2723 3070 2878 3142 cujus
2903 3062 3108 3152 edulio,
3140 3062 3249 3152 seu
3287 3062 3785 3152 decoctionerufa,

473 3138 638 3267 gaulo
691 3139 906 3220 brevius
949 3146 1012 3222 et.
1049 3138 1334 3222 obscurius
1382 3138 1452 3195 de
1505 3138 1777 3222 canonicis
1819 3138 2077 3224 regulari-

516 3226 582 3265 us
611 3216 899 3265 statuitur:
938 3212 1187 3265 Vicissim
1219 3226 1279 3264 in
1305 3212 1604 3267 Refectorto
1626 3216 1677 3266 et
1702 3215 1906 3267 ceteris
1944 3228 2074 3267 com-

516 3226 582 3265 us
611 3209 899 3265 statuitur:
938 3211 1187 3265 Vicissim
1219 3212 1279 3264 in
1305 3212 1604 3278 Refectorio
1626 3216 1677 3266 et
1702 3209 1907 3267 caeteris
1944 3228 2074 3267 com-

475 3281 1161 3354 munibusﬁnecessitatibus
1337 3283 1706 3354 fraternitatis
1736 3284 1914 3354 ofﬁcio
1940 3285 2074 3351 fun-

478 3357 698 3425 gantur.
722 3352 863 3425 Hinc
893 3350 1092 3425 fratres
1115 3350 1543 3425 hebdomadarii,
1564 3354 1656 3425 vel
1678 3350 2071 3425 septimanarii,

477 3421 630 3489 dicti,
660 3423 752 3494 qui
778 3436 905 3479 suas
932 3421 1079 3494 vices
1115 3423 1172 3478 in
1194 3423 1301 3479 hoc
1315 3424 1612 3480 ministerio
1642 3421 2070 3481 hebdomadario

478 3492 727 3564 explent;
746 3492 991 3567 etegredi
1004 3493 1392 3567 de_septimana
1405 3496 1477 3550 D.
1495 3495 1816 3567 Benedicto,
1835 3504 1893 3551 et
1906 3496 2073 3567 septi-

478 3580 701 3622 manem
725 3564 880 3638 suam
911 3564 1207 3638 complere.
1235 3568 1584 3634 Egressurus,
1605 3565 1805 3638 inquit,
1831 3567 1898 3622 de
1916 3564 2078 3637 septi-

476 3644 661 3699 man'a,
699 3636 923 3691 sabbato
961 3635 1262 3691 munditias
1303 3638 1497 3703 faciat.
1535 3635 1698 3694 Item:
1734 3635 2081 3706 Egredientes

479 3712 665 3762 autem
686 3706 754 3761 de
774 3709 1078 3776 septimm
1103 3706 1291 3761 dicant
1318 3707 1454 3762 hunc
1474 3723 1687 3762 versum
1715 3727 1733 3762 :
1767 3709 2080 3765 Benedictus

480 3794 554 3841 es,
596 3780 834 3850 Domine,
876 3786 980 3850 etc.
1017 3777 1204 3850 Solent
1237 3785 1439 3850 autem
1472 3779 1708 3850 majores
1757 3779 1953 3845 nostri,
2000 3779 2082 3835 di-

478 3849 620 3905 versi
648 3849 860 3919 generis
883 3848 1081 3904 habere
1109 3846 1586 3919 hebdomadarios,
1632 3857 1694 3905 ut
1717 3857 1876 3906 notat
1918 3852 2076 3908 Joan.

478 3918 738 3977 Molanus
780 3919 874 3976 lib.
907 3934 931 3976 ι
970 3919 1040 3990 de
1061 3918 1348 3990 Canonicis
1380 3934 1498 3990 cap.
1539 3926 1623 3976 15.
1663 3923 1765 3977 Est
1792 3920 1939 3976 enim
1981 3920 2079 3976 he-

479 3989 871 4047 bdomadarius
894 3990 946 4046 iu
982 3989 1168 4046 ofﬁcio
1190 3989 1398 4057 divino,
1428 3989 1514 4046 cui
1543 3991 1803 4047 incumbit
1830 3991 2081 4048 omnium

481 4062 746 4118 horarum
799 4061 1043 4134 ofﬁcium
1086 4077 1184 4117 sua
1228 4060 1569 4118 hebdomade
1610 4062 1885 4130 inchoare,
1932 4063 2078 4134 capi-

482 4134 599 4190 tula
633 4141 688 4189 et
723 4133 990 4190 Collectas
1026 4148 1238 4197 canere,
1277 4140 1334 4187 et
1359 4148 1642 4190 summum
1682 4136 1911 4190 Sacrum
1947 4133 2081 4191 cele-

484 4206 668 4287 brare.
697 4206 837 4288 latrat
857 4213 914 4260 et
941 4202 1403 4288 hebdomadarius
1423 4204 1994 4288 lgetor_adme_psamﬂz
2011 4205 2081 4288 de

482 4291 593 4346 quo
638 4276 910 4347 integrum
939 4284 1099 4346 caput
1125 4282 1306 4331 exstat
1347 4276 1403 4330 in
1433 4276 1641 4349 Regula
1669 4280 1739 4333 D.
1782 4276 2076 4332 Benedicti.

482 4347 657 4426 Erant
683 4345 916 4426 denique
952 4345 1092 4400 inter
1116 4344 1417 4426 monachos
1439 4347 1967 4426 septimanarii,_sive
1994 4348 2081 4401 he-

485 4413 847 4484 bdomadarii,
870 4423 991 4470 tum
1017 4416 1286 4484 coquinae,
1322 4425 1444 4471 tum
1468 4413 1673 4472 nienses
1709 4417 1998 4472 servitores
2020 4426 2077 4473 et

484 4484 737 4568 ministri,
765 4483 834 4540 de
855 4484 1067 4568 quibus.
1081 4483 1170 4568 hic
1189 4484 1471 4568 agitur._ln
1492 4502 1601 4568 quo
1627 4486 1847 4568 quidem
1870 4487 2075 4568 ofﬁcio,

483 4563 546 4627 ut
576 4563 775 4627 printer
821 4553 955 4611 alios
982 4553 1352 4627 refertiabbas
1392 4553 1604 4625 Regina
1643 4553 1792 4623 (Lib.
1823 4556 1926 4627 ιι),
1960 4553 2078 4614 sese

484 4624 929 4700 Carolomannus‘
980 4624 1377 4700 illustrissimus
1440 4624 1740 4700 Austrasiaa
1793 4624 2075 4700 princeps,

484 4645 919 4684 υδῑοιυιιιδυιιω
980 4645 1377 4682 ιιιυδῐισιδιωυε
1440 4645 1740 4685 Αυεῑτεειω
1793 4645 1976 4700 prince
2059 4670 2074 4696 ι

482 4712 770 4772 summum
802 4696 1034 4772 praebuit
1062 4696 1381 4752 humilitatis
1407 4706 1462 4753 et
1485 4698 1758 4768 patientiae
1780 4645 2074 4772 exempﬁiar.

484 4769 623 4825 Cum
666 4767 817 4824 enim
855 4767 1042 4842 relicto
1055 4767 1505 4842 contemptoque
1548 4779 1769 4842 propter
1804 4767 2079 4829 Christum

482 4854 651 4912 regno
681 4847 919 4914 terreno,
949 4841 1004 4895 in
1041 4838 1368 4914 Cassi_nense_
1402 4838 1719 4914 cmnobium
1744 4858 1805 4899 se
1828 4843 2081 4914 recepis-

444 4928 459 4941 '
481 4910 589 4980 set,
620 4920 700 4980 ,ot
726 4910 911 4986 rigida
945 4911 1128 4986 sancti
1173 4910 1445 4986 Benedicti
1491 4912 1768 4986 disciplina
1805 4910 2079 4986 deviniis-

482 4992 587 5057 set,
627 4981 822 5039 accidit
855 4990 927 5057 ut_
945 4981 1408 5057 hebdomadarius
1448 4982 1517 5057 ad
1558 4981 1807 5057 coquinm
1832 4983 2079 5057 ofﬁcium

479 5054 852 5127 deputantur.
885 5053 1027 5127 Cum
1055 5063 1240 5109 autem
1265 5053 1320 5109 in
1349 5053 1540 5110 multis
1567 5053 1881 5127 igdoranter
1906 5055 2079 5112 otTen-

480 5123 678 5199 deret,_
699 5124 1073 5199 coqu_us_vino
1108 5132 1425 5199 ‘exmstuaus
1458 5135 1543 5199 ter
1573 5123 1637 5199 _éi
1664 5128 1876 5199 alapam
1909 5126 2080 5199 dedit,

480 5194 633 5276 quod
656 5194 1010 5276 jpselplacidp
1029 5194 1188 5276 vultu
1218 5195 1455 5265 pertulit.
1486 5196 1593 5253 Sed
1630 5213 1661 5253 a
1684 5194 1835 5254 socio
1871 5197 2080 5276 prodita

479 5262 601 5339 ejus
640 5262 918 5339 dignitate,
956 5262 1379 5339 deinceps'cum
1419 5281 1616 5339 magna
1650 5262 1949 5339 reverentia
1997 5278 2082 5324 est

480 5335 819 5391 observatus.
863 5335 1059 5391 Scribit
1100 5335 1263 5391 etiam
1310 5337 1381 5391 D.
1430 5335 1737 5393 Bernartius
1779 5339 1847 5394 de
1887 5348 2078 5395 sancto

484 5404 768 5479 Malachia,
796 5406 943 5477 quod
977 5406 1091 5479 ipse
1119 5405 1173 5479 in
1203 5407 1539 5479 monasterio
1571 5407 1852 5473 lbiaeensi,
1888 5409 1943 5463 in
1982 5425 2078 5465 or-

480 5476 612 5553 dine
637 5476 768 5553 vicis
795 5476 929 5553 sum,
960 5476 1206 5553 quamvis
1233 5477 1521 5553 episcopus
1551 5479 1804 5545 existens,
1830 5480 2079 5553 coquinae

482 5547 778 5675 minissttgrilp
798 5548 1165 5674 tinserviebat,
1212 5547 1281 5605 et'
1322 5547 1580 5605 fratribus
1637 5547 2078 5610 recumbentibus

482 5633 612 5675 mini
695 5633 726 5674 a
765 5634 795 5673 a
826 5659 841 5674 .

480 5627 841 5675 ministrabat.

544 5689 879 5764 {Lenticula
908 5687 993 5745 hic
1022 5688 1549 5764 diciturgparvaglens
1585 5690 1697 5759 (est
1729 5693 1879 5751 enim
1915 5694 2078 5753 dimi-

475 5761 728 5825 nutivum
752 5777 782 5819 a
810 5761 1009 5835 lente),
1038 5775 1209 5847 genus
1228 5761 1515 5836 leguminis
1540 5767 1674 5827 satis
1697 5774 1914 5847 notum,
1947 5768 2075 5826 lenti

2181 3147 2325 3201 Esau
2353 3141 2594 3213 vendidit
2621 3136 3115 3213 primogenitumm.
3143 3140 3343 3196 Genes.
3375 3152 3525 3194 xxv.
3544 3136 3666 3193 Alia
3695 3145 3792 3193 est

2182 3213 2433 3284 lenticula
2455 3212 2583 3284 olei,
2604 3210 2673 3268 de
2700 3210 2969 3284 qua'infra
2989 3213 3157 3284 (gap.
3176 3213 3300 3284 με).

2252 3277 2281 3316 ¹³
2306 3284 2369 3341 Id
2410 3292 2517 3353 est,
2560 3275 2838 3339 fraudator
2873 3283 2955 3338 vel
2992 3275 3345 3354 dilapidator,
3367 3275 3513 3354 quod
3553 3277 3784 3350 gravius

2180 3370 2348 3427 quam
2386 3350 2682 3427 neglector,
2723 3363 2786 3410 ut
2813 3350 3397 3427 Dionysius'exposuit.
3422 3351 3650 3427 Sacrum
3679 3364 3790 3419 pe-

2182 3419 2389 3483 culium
2419 3419 2576 3483 vocat
2602 3419 2744 3481 bena
2771 3419 2972 3496 resque
2993 3419 3333 3496 monasterii,
3360 3421 3417 3476 in
3438 3419 3631 3491 quibus
3654 3430 3797 3496 sunt

2178 3498 2445 3565 utensilia,
2499 3496 2719 3575 cibaria,
2765 3490 3133 3575 supellectilis,
3189 3502 3245 3549 et
3306 3490 3666 3575 quaecumque
3708 3490 3794 3575 ad

2189 3583 2351 3625 usum
2390 3564 2703 3623 monasterii
2731 3575 2786 3622 et
2811 3564 3213 3622 monachorum
3239 3564 3539 3633 pertinent;
3571 3575 3696 3633 quae
3732 3571 3798 3617 et

2189 3654 2343 3695 sacra
2377 3638 2578 3694 merito
2615 3637 2887 3703 dicuntur,
2918 3638 3042 3708 quia
3074 3640 3189 3693 Deo
3216 3636 3395 3690 dicata
3439 3642 3496 3708 et
3535 3639 3759 3708 sacrata
3776 3656 3794 3696 ;

2187 3709 2257 3766 de
2284 3725 2519 3781 quorum
2546 3708 2731 3764 itidem
2748 3702 2991 3781 diligenti
3015 3723 3163 3771 cura,
3195 3704 3533 3781 etcustodia,
3549 3718 3672 3781 qum
3695 3702 3800 3759 hic

2189 3778 2631 3842 commendatur,
2664 3782 2735 3835 D.
2767 3778 2996 3835 Basilius
3014 3782 3109 3846 (In
3135 3780 3376 3835 Institut.
3406 3779 3635 3846 mantnt.
3661 3790 3796 3846 cap.

2190 3856 2289 3917 55)
2327 3850 2431 3930 tria
2472 3852 2565 3907 dat
2604 3850 2937 3930 documenta
2968 3845 3160 3930 nctatu
3200 3849 3486 3930 dig-natet
3512 3845 3637 3930 huic
3665 3845 3802 3930 loco

2189 3916 2436 3994 apprime
2470 3929 2852 3979 consentanea.
2899 3920 3084 3977 Primo
3117 3916 3357 3992 quaerit:
3391 3916 3660 3987 Quomodo
3693 3917 3803 3971 de-

2191 3994 2315 4049 bent
2342 3995 2402 4048 hi
2428 3996 2528 4064 qui
2547 3998 2860 4064 operantur,
2884 4008 3071 4047 curam
3099 4006 3291 4064 gerere,
3305 3991 3797 4064 ferramentorum,

2183 4065 2268 4119 vel
2296 4061 2625 4127 utensilium,
2670 4065 2866 4134 quibus
2903 4066 3230 4134 operantur?
3262 4062 3578 4131 Respondet
3610 4076 3632 4134 _:
3663 4061 3805 4114 Pri-

2187 4152 2337 4191 mum
2368 4136 2585 4206 quidem
2619 4130 2880 4189 utendum
2910 4130 3020 4188 illis
3048 4134 3361 4206 sicut_uasis
3379 4130 3513 4206 Dei,
3540 4130 3625 4206 vel
3658 4146 3801 4206 grue

2178 4207 2302 4276 jam
2342 4201 2447 4261 Hec
2482 4210 2787 4260 consecrata
2823 4210 2967 4259 sunt.
2995 4201 3247 4276 Secundo
3274 4203 3476 4274 quierit
3513 4218 3527 4254 :
3566 4201 3713 4269 Quid
3748 4204 3808 4255 si

2182 4274 2284 4347 per
2300 4278 2685 4346 negligentiam
2694 4280 2883 4346 pereat
2896 4275 3107 4347 aliquid
3120 4291 3190 4330 ea:
3204 4274 3308 4337 his,
3331 4278 3431 4328 aut
3442 4288 3546 4343 per
3558 4275 3809 4347 content-

2181 4344 2341 4417 iotum
2369 4344 2660 4417 dissipetur
2673 4344 3031 4417 7Respondet
3042 4362 3170 4401 eum
3191 4348 3291 4415 qui
3314 4345 3619 4417 contemnit,
3641 4344 3808 4417 velut

2110 4453 2159 4514 υ
2181 4415 3044 4514 emetiaremetiar“
3063 4415 3812 4514 συίέᾄῖοέἶῖίέίεξίτῗξίζξ·

2189 4486 2446 4559 gentiam,
2474 4486 2535 4544 et
2549 4490 2727 4558 ipsum
2749 4490 2923 4543 simile
2948 4491 3148 4543 crimen
3172 4490 3467 4548 incurrere,
3484 4500 3591 4559 pro
3615 4500 3695 4546 eo.
3718 4486 3811 4540 in.

2185 4557 2322 4632 quit,
2352 4560 2496 4630 quod
2512 4557 2693 4632 munia
2716 4575 2843 4632 quia
2864 4559 2940 4613 ad
2960 4574 3091 4614 usus
3113 4573 3386 4632 servorum
3408 4559 3508 4632 Dei
3522 4557 3813 4632 (tepidam

2184 4626 2331 4705 sunt,
2361 4626 2468 4688 Deo
2487 4634 2603 4705 sine
2634 4626 2793 4685 dubio
2818 4635 3129 4705 consecrata
3150 4634 3296 4705 sunt.
3323 4627 3507 4705 Tertio
3537 4626 3751 4705 quaerit
3778 4644 3806 4705 ⁸ε

2189 4703 2329 4770 Quid
2355 4706 2461 4757 sia
2487 4704 2657 4772 seipse
2691 4701 3027 4772 commodare
3043 4700 3273 4755 uoluerit
3305 4700 3490 4760 alicui,
3512 4702 3627 4772 aut
3652 4701 3818 4753 acci-

2181 4769 2312 4844 pere
2331 4774 2400 4828 ab
2423 4769 2604 4843 aliqua
2618 4776 2647 4827 ?
2669 4771 2988 4844 Respondet
3012 4793 3024 4828 :
3064 4776 3366 4840 Tamquam
3387 4769 3618 4844 insolens
3646 4773 3705 4823 et
3734 4775 3817 4844 te.

2186 4830 2455 4900 inerarius
2474 4830 2749 4899 habendus
2774 4830 2871 4898 est.
2903 4846 3027 4899 Hac
3050 4845 3190 4898 enim
3204 4830 3390 4897 corum
3408 4842 3506 4911 qui
3522 4830 3817 4910 praestent,

2189 4921 2239 4971 et
2265 4932 2448 4971 curam
2473 4915 2888 4985 disperwatiom's
2920 4919 3136 4983 gerunt,
3162 4915 3345 4982 ofﬁcia
3641 4917 3817 4968 suaet.

2187 4989 2321 5042 Hac
2364 4983 2607 5042 Basilius.
2663 4987 2867 5041 Eodem
2896 4984 3068 5041 modo
3115 4987 3187 5039 D.
3237 4983 3563 5038 Benedictus
3598 4990 3825 5038 monet

2189 5059 2351 5129 (Cap.
2368 5065 2428 5114 31
2455 5058 2672 5129 Regula;
2684 5060 2725 5123 ),
2750 5064 2811 5111 ut
2831 5057 3094 5113 Cellarius
3111 5056 3293 5129 omnia
3304 5069 3439 5129 vasa
3456 5056 3820 5119 monasterii,

2188 5126 2545 5199 cunctamque
2579 5128 2961 5199 substantiam,
2993 5143 3057 5181 ac
3096 5129 3148 5181 si
3175 5126 3374 5199 altaris
3409 5140 3546 5199 uasa
3570 5130 3824 5180 sacrata

2189 5195 2504 5270 compiciat;
2537 5197 2684 5270 quod
2713 5198 2946 5270 intellige
2967 5213 3079 5253 non
3113 5196 3413 5270 equaliter,
3438 5195 3532 5252 sed
3559 5209 3823 5270 propor—

2180 5267 2482 5336 rtionaliter,
2510 5267 2570 5325 ut
2595 5270 2673 5324 ait
2693 5267 3136 5324 Turrecrematus
3159 5286 3175 5321 :
3202 5268 3311 5323 Hoc
3337 5272 3435 5329 est,
3456 5282 3561 5337 pro
3578 5267 3825 5324 ratione

2187 5346 2238 5396 et
2253 5343 2601 5412 proportione
2625 5343 2717 5394 sui
2749 5340 2953 5408 gradus
2996 5345 3050 5394 et
3070 5338 3279 5399 ordinis
3301 5340 3444 5393 inter
3475 5352 3559 5392 res
3579 5352 3818 5412 sacras.

2183 5409 2323 5467 Sunt
2355 5409 2495 5466 enim
2515 5412 2688 5465 multa
2714 5427 2898 5466 rerum
2919 5426 3204 5467 sacrarum
3224 5425 3443 5478 genera,
3469 5413 3533 5463 ut
3553 5412 3714 5462 notat
3741 5409 3820 5465 S.
3934 5446 3939 5453 ς

2190 5484 2415 5539 Thomas
2443 5487 2556 5549 2-2,
2587 5499 2641 5551 q.
2670 5486 2764 5552 59,
2799 5488 2909 5537 art.
2939 5489 2992 5543 3.
3036 5485 3096 5536 in
3123 5496 3355 5552 quorum
3372 5486 3640 5551 postremo
3660 5488 3827 5536 sunt

2191 5555 2326 5608 bona
2349 5555 2711 5611 Ecclesia-rum
2731 5558 2782 5608 et
2798 5556 3262 5609 monasteriorum.
3284 5554 3502 5607 Rursus
3528 5564 3647 5619 cap.
3669 5564 3823 5621 seq.

2187 5624 2375 5681 statuit
2396 5628 2467 5680 D.
2497 5624 2844 5690 Benedictus,
2871 5629 2936 5678 ut
2959 5626 3010 5679 si
3026 5627 3149 5694 quis
3169 5622 3387 5679 sordide
3409 5626 3508 5676 aut
3522 5621 3830 5694 negligen-

2189 5701 2271 5751 ter
2292 5712 2375 5751 res
2412 5697 2728 5751 monasterii
2756 5692 3094 5757 tractauerit,
3133 5696 3496 5759 corripiatur;
3522 5697 3572 5747 et
3607 5692 3659 5746 si
3678 5707 3826 5749 non

2188 5768 2573 5832 mandaverit,
2604 5766 2910 5848 disciplinas
2931 5767 3181 5836 regulari
3197 5764 3499 5835 subjaceat.
