3996 6198
343 168 436 222 181

670 174 677 181 ’
739 167 825 223 DE
863 166 1347 225 CCENOBIORUM
1384 168 1635 225 INSTIT.
1673 168 1805 225 LIB.
1846 169 1944 257 IV.
1982 198 2058 211 —-
2092 170 2183 226 DE
2221 170 2613 228 INSTITUTIS
2652 170 3255 229 RENUNTIANTIUM.

3546 177 3648 231 182

337 292 619 364 Tantaque
654 291 763 375 ﬁde
792 294 1039 351 universa
1076 303 1373 367 procurant
1397 303 1559 367 atque
1596 295 1932 368 dispensant,
1963 299 2018 362 Α
2047 297 2162 353 avia
2206 297 2592 369 discurrentes,
2630 308 2687 356 et
2725 293 3059 378 bgeremum,
3100 317 3230 374 quae
3270 317 3459 359 versus
3495 319 3648 359 mare

338 396 402 443 ut
428 388 592 443 etiam
620 403 681 444 ea
705 403 830 460 qua:
862 388 1139 460 despectui
1169 390 1465 458 habentur,
1482 405 1754 464 parvaque
1780 407 1935 462 repu-
1976 394 1977 401 ‘

336 488 523 537 tantur
560 497 624 537 ac
646 482 794 552 vilia,
825 482 872 538 si
898 483 977 539 vel
1011 484 1132 540 loco
1160 483 1455 551 moverint,
1493 483 1578 539 vel
1614 492 1935 555 competen-

336 573 446 630 tius
471 573 879 643 colloeaverint,
907 576 1210 648 sigillonem
1237 591 1376 649 aqua
1405 576 1770 648 impleverim,
1795 578 1838 632 si
1868 593 1935 633 ex

335 680 402 722 eo
430 666 686 739 cuiquam
713 666 1011 725 obtulerint
1048 668 1116 725 ad
1154 668 1483 737 bibendum,
1522 670 1568 725 si
1594 677 1813 726 tenuem
1852 670 1936 732 fe-

333 766 551 816 stucam
579 758 649 816 de
676 761 915 818 oratorio
949 761 1156 821 cellave
1183 761 1592 827 submoverint,
1623 762 1936 820 mercedem

332 866 392 908 se
415 861 804 911 consecuturos
824 868 858 909 a
886 855 1128 915 Domino
1150 862 1270 910 tota
1297 853 1615 911 credulitate
1637 854 1930 914 conﬁdant.

914 987 1158 1045 CAPUT
1192 988 1350 1043 XXI.

438 1110 517 1163 De
542 1110 833 1177 spontaneo
860 1105 1205 1176 quorumdam
1237 1106 1478 1181 fratrum
1502 1068 1835 1164 ministerio.

401 1232 674 1290 Novimus
699 1232 912 1302 fratres,
938 1232 995 1289 in
1019 1247 1252 1306 quorum
1281 1232 1607 1305 septimana,
1633 1249 1762 1290 cum
1788 1234 1929 1290 acci-

324 1323 504 1381 disset
530 1333 677 1381 tanta
709 1325 978 1399 lignorum
1013 1326 1255 1397 penuria,
1293 1334 1355 1382 ut
1395 1342 1508 1382 non
1536 1335 1678 1383 esset
1720 1327 1931 1399 penitus
1988 1312 1997 1317 “

324 1416 481 1473 unde
506 1416 650 1473 soliti
689 1418 799 1474 cibi
838 1415 1102 1474 fratribus
1131 1425 1474 1491 pararentur,
1500 1426 1556 1474 et
1589 1417 1765 1475 donec
1801 1434 1927 1492 pos-

323 1518 450 1567 sent
482 1518 733 1584 coemma
762 1509 981 1578 deferri,
1010 1520 1074 1569 ut
1110 1512 1279 1569 cruda
1306 1511 1660 1579 comestione,
1698 1527 1823 1584 quae
1849 1512 1929 1569 di-

323 1607 469 1663 citur
506 1610 535 1641 ι
575 1606 924 1680 xerophagia,
966 1607 1205 1663 contenti
1241 1615 1440 1674 essent,
1484 1606 1698 1664 abbatis
1734 1607 1927 1664 fuisset

2042 392 2330 448 Mortuum
2358 393 2619 463 tenditur,
2647 393 2928 461 obeuntes,
2970 393 3204 451 festucas
3228 403 3418 452 tenues
3440 411 3505 451 ac
3536 397 3646 468 spi-

2041 487 2231 553 nulas;
2283 503 2420 559 quas
2460 496 2653 545 ventus
2698 490 2805 545 huc
2850 490 3083 562 illucque
3125 490 3488 562 disperserat,
3538 507 3641 547 suo

2042 582 2166 637 sinu
2204 590 2261 638 et
2301 583 2524 655 gremiis
2565 584 2894 656 colligentes,
2939 592 3193 641 cunctam
3234 585 3640 641 solemnitatem

2043 675 2293 732 ciborum
2315 677 2634 748 spontaneis
2659 677 2933 750 obsequiis
2958 688 3324 750 prmpararent
3350 698 3363 734 :
3392 680 3465 735 ita
3493 688 3555 736 ut
3575 681 3643 737 de

2042 769 2202 826 solita
2223 769 2545 841 praebitione
2567 771 2704 827 nihil
2731 780 3044 843 paterentur
3062 771 3339 839 imminui,
3361 780 3510 829 tanta
3535 773 3643 830 ﬁde

2044 862 2165 919 haec
2191 879 2289 920 sua
2324 864 2508 920 munia
2548 862 2815 921 fratribus
2847 864 3194 931 exhibentes,
3223 873 3287 920 ut
3321 865 3486 921 etiam
3516 882 3640 923 cum

2039 956 2160 1013 illos
2188 958 2417 1014 honeste
2445 964 2629 1029 posset
2676 958 2758 1014 vel
2800 958 3075 1030 lignorum
3106 973 3363 1014 excusare
3395 960 3639 1030 penuria,

2041 1049 2122 1107 vel
2150 1050 2361 1107 abbatis
2382 1050 2694 1123 imperium,
2726 1067 2826 1124 pro
2855 1050 3038 1109 fructu
3066 1067 3167 1108 suo
3195 1060 3360 1125 atque
3385 1052 3639 1111 mercede

2037 1143 2314 1201 noluerint
2340 1144 2443 1201 hac
2469 1144 2622 1201 abuti
2649 1144 2883 1203 licentia.

2600 1248 2844 1306 CAPUT
2870 1250 3061 1306 XXII.

2035 1348 2112 1401 De
2136 1346 2507 1416 Egyptiorum
2535 1350 2682 1416 typo,
2714 1350 2811 1417 qui
2848 1352 2927 1402 est
2963 1362 3121 1417 super
3146 1346 3481 1416 quotidianis
3507 1346 3633 1414 fra-

2475 1422 2618 1472 trum
2642 1416 2873 1474 statutus
2900 1416 3184 1488 obsequiis.
3652 1416 3676 1442 ‘

2108 1520 2243 1574 Haec
2276 1517 2421 1576 dicta
2449 1519 2561 1575 sint
2598 1519 2900 1577 secundum
2941 1527 3164 1591 typum,
3194 1526 3259 1576 ut
3286 1518 3505 1592 ἰιι-εῖδιὶ
3542 1534 3632 1576 su-

2031 1627 2180 1681 mus,
2205 1612 2374 1668 totius
2393 1613 2633 1669 Orientis
2660 1630 2675 1667 :
2700 1629 2865 1685 quem
2890 1615 3056 1670 etiam
3081 1614 3137 1669 in
3159 1614 3403 1685 partibus
3424 1615 3632 1671 nostris

322 1700 648 1757 auctoritate
683 1709 1043 1773 praeceptum,
1076 1709 1326 1774 essetque
1366 1700 1473 1757 hoc
1510 1700 1780 1759 universis
1804 1700 1921 1774 pla-
1960 1719 2009 1781 B
2035 1705 2341 1761 necessario
2387 1705 2619 1762 dicimus
2661 1704 2861 1762 debere
2900 1707 3125 1762 servari.
3173 1708 3444 1763 Caeterum
3487 1706 3632 1777 apud

321 1796 519 1863 citum,
543 1810 646 1851 nec
684 1796 973 1868 quisquam
1000 1803 1186 1868 posset
1218 1795 1393 1851 ullum
1419 1795 1679 1852 coctionis
1706 1809 1925 1868 sperare

322 1888 690 1962 pulmentum,
717 1889 838 1946 illos
863 1889 1011 1946 velut
1040 1889 1132 1960 qui
1162 1887 1342 1945 fructu
1369 1902 1433 1944 ac
1456 1886 1710 1944 mercede
1737 1888 1818 1944 sui
1845 1887 1924 1943 la-

322 1983 476 2039 boris
503 1992 559 2039 et
581 1983 826 2056 obsequii
852 1982 1256 2052 fraudarentur,
1281 1982 1327 2038 si
1352 1983 1409 2038 in
1433 1981 1626 2039 ordine
1651 1981 1784 2037 vicis
1810 1996 1926 2037 sum

2031 1797 2336 1871 Egyptios,
2364 1797 2567 1869 quibus
2593 1798 2835 1855 maxima
2874 1814 3005 1854 cura
3042 1807 3128 1854 est
3163 1798 3364 1869 operis,
3402 1814 3516 1855 non
3543 1808 3627 1855 est

2030 1889 2502 1947 hebdomadarum
2528 1899 2718 1947 mutua
2742 1890 3080 1954 vicissitudo.
3108 1906 3177 1947 ne
3202 1890 3305 1946 sub
3341 1892 3629 1948 occasione

2032 1982 2194 2056 hujus
2225 1982 2390 2039 ofﬁcii
2423 1998 2613 2040 omnes
2652 1983 2722 2040 ab
2761 1983 2943 2055 operis
2968 1998 3178 2038 canone
3214 1984 3624 2056 impediantur:

320 2076 474 2135 cibos
505 2076 767 2133 fratribus
795 2093 908 2133 non
943 2077 1245 2134 secundum
1272 2076 1724 2133 consuetudinem
1763 2090 1925 2148 para-
2031 2076 2128 2133 sed
2160 2077 2255 2132 uni
2283 2076 2671 2149 probatissimo
2714 2076 2946 2133 fratrum
2982 2077 3205 2145 cellarii,
3238 2078 3319 2133 vel
3354 2079 3626 2150 coquinae,

304 2171 553 2237 vissent,
573 2178 790 2227 tantum
815 2170 916 2227 sibi
939 2169 1231 2242 spontanei
1259 2169 1441 2242 operis
1463 2184 1528 2226 ac
1548 2169 1925 2227 sollicitudinis
2028 2186 2159 2227 cura
2201 2171 2582 2238 committitur,
2631 2172 2725 2243 qui
2758 2179 3028 2243 perpetuo
3072 2171 3251 2227 donec
3299 2170 3439 2227 vires
3483 2172 3623 2243 ejus,

320 2264 604 2330 indixisse,
639 2274 704 2322 ut
739 2265 795 2320 in
825 2264 930 2320 illis
960 2263 1125 2320 aridis
1147 2279 1212 2320 ac
1235 2262 1509 2320 sterilibus
1536 2262 1688 2332 locis,
1719 2263 1776 2319 in
1802 2264 1922 2336 qui-
1952 2272 1959 2277 '
2028 2264 2110 2320 vel
2138 2272 2271 2321 mtas
2305 2263 2569 2330 admittit,
2600 2263 2803 2337 jugiter
2835 2279 2974 2336 opus
3017 2263 3164 2319 istud
3200 2271 3467 2320 exerceat.
3497 2265 3622 2320 Non

318 2356 424 2414 bus
461 2357 627 2431 ligna,
667 2357 774 2416 nisi
813 2357 883 2414 de
911 2356 1211 2415 fructiferis
1246 2356 1537 2413 arboribus
1578 2356 1919 2426 excidantur,
2025 2359 2173 2415 enim
2200 2375 2398 2432 magno
2429 2359 2615 2416 labore
2637 2361 2882 2432 corporis
2905 2359 3184 2434 fatigatur,
3210 2360 3302 2432 qui
3338 2376 3443 2417 nec
3471 2368 3619 2417 tanta

318 2452 657 2509 omnimodis
694 2459 972 2524 nequeunt
1016 2451 1245 2508 inveniri
1288 2457 1418 2519 (nec
1458 2450 1629 2520 enim,
1672 2460 1735 2509 ut
1773 2448 1920 2525 apud
2023 2468 2154 2510 cura
2192 2453 2335 2509 inter
2371 2468 2468 2510 eos
2506 2453 2873 2525 parandorum
2914 2453 3188 2519 ciborum,
3219 2453 3303 2510 vel
3337 2454 3619 2518 coctionis,

317 2560 441 2616 nos,
469 2546 580 2603 ulla
611 2546 960 2619 reperiuntur
994 2544 1195 2603 fruteta
1233 2545 1535 2613 silvestria)
1567 2561 1666 2617 per
1700 2554 1918 2603 extenta
2023 2546 2378 2620 impenditur,
2419 2548 2620 2620 quippe
2662 2546 2760 2620 qui
2795 2547 3034 2603 maxime
3070 2551 3095 2581 °
3133 2546 3498 2620 xerophagiis,
3536 2548 3616 2602 vel

1408 2653 1670 2729 ALAB'DI
1707 2653 1936 2710 GAZIEI
1972 2654 2532 2711 COMMENTARIUS.

384 2768 415 2798 ⁸
441 2766 567 2821 Hoc
603 2772 707 2831 est,
735 2763 894 2820 siccis
933 2769 990 2818 et
1022 2760 1204 2819 crudis
1231 2759 1387 2818 cibis.
1432 2761 1585 2833 Nam,
1614 2759 1911 2833 ξηροφαγεῖν
2019 2762 2117 2818 stis
2142 2760 2372 2833 accedit,
2403 2760 2558 2833 cujus
2587 2761 2708 2818 haec
2730 2766 2860 2817 sunt
2880 2759 3044 2817 verba
3083 2760 3185 2817 sub
3207 2760 3377 2833 ﬁnem
3405 2758 3508 2833 lib.
3528 2774 3617 2833 _m

315 2845 402 2893 est
425 2837 597 2892 siccas
616 2851 765 2892 escas
787 2835 966 2901 edere,
991 2834 1125 2889 cibis
1149 2832 1477 2889 aridioribus
1512 2832 1608 2898 uti,
1638 2830 1718 2886 vel
1745 2830 1913 2888 etiam
2018 2843 2211 2889 contra
2252 2830 2487 2889 haereses
2523 2836 2666 2889 :Per
2694 2834 2788 2888 hos
2831 2848 2925 2888 sem
2963 2834 3080 2888 dies
3124 2832 3365 2900 (scilicet
3405 2830 3619 2886 hebdo-

313 2907 499 2964 crudis
526 2916 582 2963 et
606 2907 852 2971 incoctis,
878 2916 941 2961 ut
962 2920 1025 2961 ex
1053 2904 1161 2961 hoc
1190 2905 1311 2961 loco
1341 2903 1630 2976 colligitur.
1657 2904 1797 2959 Nam
1827 2903 1909 2976 id:
2018 2904 2196 2960 madas
2224 2907 2454 2971 sancte)
2484 2920 2657 2960 omnes
2678 2905 2874 2975 populi
2896 2906 2958 2959 in
2982 2906 3238 2965 siccorum
3265 2919 3356 2958 esu
3372 2917 3617 2976 persevej

313 2979 463 3051 circo
489 2977 817 3051 xerophagia
844 2983 1131 3051 contentos
1157 2991 1273 3031 esse
1290 2973 1519 3051 jubebat
1549 2975 1736 3051 abb_a_s,
1757 2975 1912 3051 qugd
2017 2980 2166 3039 rant,
2202 2991 2392 3051 pane,_
2405 2977 2649 3051 inquam,
2679 2973 2731 3030 et
2750 2973 2886 3051 sale,
2914 2980 2965 3029 et
2990 2990 3133 3051 aqua
3160 2979 3284 3051 tunc
3308 2977 3511 3051 utentes
3544 2973 3618 3027 ad

310 3048 460 3120 ligna
488 3065 600 3104 non
624 3042 977 3120 suppeterent
1003 3046 1076 3120 ad
1093 3042 1406 3120 coquendos
1422 3045 1605 3120 cibos.
1642 3042 1805 3120 Unde
1830 3044 1908 3120 ξηο
2017 3042 2311 3120 uesperam.
2346 3042 2530 3102 Porro
2585 3043 2749 3120 fuere
2796 3046 2958 3120 etiam
3006 3042 3279 3120 haereticis
3320 3042 3616 3120 peculiares

311 3115 560 3191 ρᾶθαγιαν
600 3115 966 3191 Tertullianus
1002 3115 1393 3191 aridas—escas,
1421 3116 1760 3191 Epiphanius
1802 3118 1905 3172 sic-
1956 3183 1988 3191 _
2017 3115 2366 3191 xerophagim
2384 3118 2712 3191 scrupulose
2750 3115 3045 3191 admodum
3068 3116 3144 3191 ab
3181 3115 3262 3175 eis
3287 3115 3613 3191 observatis,

302 3183 511 3246 eorum
546 3205 728 3260 esum,
768 3189 1070 3260 Rhenanus
1108 3185 1387 3260 aridorum
1435 3183 1706 3260 esculenta
1734 3187 1912 3260 _inter-_
1945 3183 1991 3249 C
2020 3183 2169 3260 quas
2182 3183 2323 3244 idem
2342 3183 2718 3260 iTertullianus
2749 3187 2806 3241 in
2830 3186 3081 3260 Montani
3117 3194 3322 3260 sectam
3347 3184 3613 3260 abductus

306 3268 588 3333 pretatur.
634 3259 761 3314 Fuit
806 3257 1128 3333 hoc_ge_nus
1165 3254 1536 3333 abstinentiae,
1584 3270 1681 3311 seu
1721 3257 1911 3333 jejunii
2021 3254 2229 3333 contra
2253 3258 2547 3333 catholicos
2589 3258 2929 3333 pertinaciter
2970 3257 3213 3333 defendit
3248 3258 3395 3333 (Ubi
3423 3272 3607 3326 supra,

306 3326 610 3386 strictioris
650 3338 706 3383 et
744 3326 1080 3401 austeriOris,
1124 3342 1239 3401 quo
1260 3342 1369 3382 non
1394 3326 1571 3401 solum
1600 3326 1912 3401 agcarnibus
2018 3332 2260 3401 capit),
2291 3344 2487 3401 easque
2514 3326 2771 3401 describit
2808 3328 2887 3384 his
2934 3327 3110 3383 verbis
3157 3347 3191 3401 :_
3220 3329 3472 3397 Arguunt
3514 3344 3607 3383 nos

310 3411 368 3457 et
405 3402 557 3467 vino,
604 3414 790 3456 verum
831 3398 997 3471 etiam
1024 3413 1061 3471 a
1090 3395 1324 3471 piscibus
1353 3405 1409 3452 et
1430 3396 1548 3471 aliis
1585 3396 1721 3452 cibis
1746 3397 1905 3470 juru-
2017 3395 2249 3466 (scilicet
2275 3395 2554 3471 cathblici)
2578 3401 2722 3470 quod
2746 3401 3103 3470 merophagias
3141 3395 3466 3454 obseruemus
3498 3401 3605 3454 sic-

308 3472 473 3528 lentis
500 3480 555 3526 et
576 3471 903 3527 succulentis
925 3467 1314 3540 abstinebatur,
1337 3477 1391 3540 et
1416 3467 1533 3540 solo
1553 3483 1691 3538 pane
1712 3467 1767 3525 et
1792 3471 1906 3524 sale
2011 3476 2186 3527 cantes
2213 3472 2385 3527 cibum
2406 3471 2474 3525 ab
2501 3467 2647 3527 omm-
2674 3487 2848 3533 carne,
2873 3467 2932 3526 at
2948 3472 3272 3540 jurulentia,
3299 3474 3349 3526 et
3372 3470 3607 3524 uiuidio-

310 3548 466 3624 (ηυξ
503 3542 776 3624 siccorum
814 3541 1074 3597 vocabulo
1118 3538 1338 3621 pr0prie_
1373 3538 1810 3621 intelliguntur),
1850 3549 1906 3597 et
2008 3544 2160 3597 ribus
2187 3545 2606 3666 amnis,
2638 3559 2704 3623 ne
2734 3543 2868 3625 quid
2906 3538 3211 3623 vitiositatis
3238 3542 3485 3623 edamus,
3509 3546 3606 3597 aut

310 3614 496 3666 crudis
524 3613 707 3666 herbis
744 3629 798 3666 in
828 3627 1032 3666 escam.
1070 3619 1124 3666 et
1154 3626 1293 3666 aaua
1323 3626 1379 3666 In
1422 3619 1635 3666 notum.
1666 3619 1746 3665 uti
1782 3626 1903 3666 mos
2007 3618 2263 3666 notemus.
2349 3629 2398 3666 υι
2445 3628 2506 3666 us
2544 3614 2719 3666 verbis
2747 3613 2981 3666 iudicare
3006 3613 3217 3666 Videtur
3244 3615 3604 3666 Montanista-

2008 3557 2160 3597 novus
2408 3558 2606 3666 Eamus,
2638 3559 2704 3597 ne
2734 3557 2868 3625 quia
2906 3557 3211 3599 vitiositatis
3238 3557 3479 3609 edamus,
3509 3557 3604 3597 aut

2003 3618 2263 3682 petemus.
2295 3558 2399 3683 aui
2445 3628 2506 3667 us
2544 3613 2719 3668 verbis
2747 3613 2981 3683 iudicare
3006 3612 3217 3668 videtur
3244 3612 3604 3683 Montanista-

309 3610 496 3670 crudis
524 3613 707 3669 herbis
744 3613 798 3668 in
828 3627 1032 3679 escam,
1070 3610 1127 3666 et
1154 3626 1293 3682 aqua
1323 3610 1379 3667 in
1420 3619 1635 3682 potum,
1666 3611 1766 3682 uti!
1782 3626 1903 3666 mos

309 3693 449 3740 erat.
479 3682 1187 3765 Hujusmodixerop‘hagias
1205 3679 1326 3753 jam
1358 3679 1489 3765 inde
1521 3681 1612 3765 ab.
1625 3679 1903 3763 apos‘tolo-
2003 3679 2133 3765 rum
2159 3679 2998 3765 Enpogpéylggbujusmodiinisse,
3022 3690 3085 3738 ut
3108 3682 3607 3765 non_solum_slccis

2007 3764 2103 3810 aut
2138 3754 2322 3810 crudis
2362 3754 2498 3809 cibis
2536 3763 2903 3821 vescerentur,
2942 3768 3130 3809 verum
3172 3754 3361 3819 etiam,
3401 3759 3459 3806 et
3488 3767 3607 3821 non

307 3771 435 3811 rum
453 3750 792 3827 temporibus
810 3754 954 3827 inter
970 3750 1308 3827 Christianos
1332 3753 1569 3827 usitatas
1585 3750 1752 3827 fuisse
1770 3768 1902 3808 con-

307 3835 421 3882 stat
440 3820 729 3894 (Duronius
752 3826 1043 3880 adannum
1072 3826 1272 3881 Christi
1296 3830 1393 3891 34;
1415 3825 1597 3896 librde
1631 3826 1902 3896 Vitacon-
2007 3826 2109 3882 nisi
2156 3825 2404 3882 exsuccis
2443 3833 2500 3881 et
2546 3826 2780 3896 penitus,
2800 3820 3112 3885 exsiccatis:
3164 3823 3313 3878 omni
3359 3820 3608 3878 videlicet

2008 3912 2173 3952 succo
2193 3913 2258 3951 ex
2280 3897 2456 3967 pomis
2474 3894 2637 3967 etiam
2657 3904 2711 3951 et
2734 3894 2969 3950 oleribus
2990 3908 3246 3965 expresso
3272 3900 3325 3947 et
3342 3900 3602 3949 extracto.

309 3903 494 3968 tempt.
513 3899 771 3969 supplent.
795 3904 856 3961 8;
878 3900 1097 3969 Hieron.
1115 3896 1181 3969 de
1198 3896 1396 3969 Script:
1412 3895 1577 3969 Eccl;
1595 3896 1652 3948 in
1662 3894 1900 3969 Philone,

2011 3969 2216 4021 Verum
2255 3965 2400 4035 apud
2439 3966 2739 4021 catholicos
2770 3968 3058 4034 scriptores
3084 3979 3199 4035 non,
3225 3977 3603 4026 exsuccorum,

309 3962 483 4024 libfu
514 3962 652 4024 Hist.
681 3983 799 4037 cap.
826 3967 946 4036 16).
979 3967 1120 4021 Nam
1144 3964 1203 4037 in
1228 3962 1422 4034 primis
1445 3964 1606 4037 hujus
1630 3962 1907 4037 abstinen-

306 4041 403 4095 tiae
449 4039 607 4109 primi
646 4039 724 4094 illi
742 4032 978 4104 'ascetée,
1014 4051 1112 4091 seu
1152 4032 1495 4106 therapeutze
1516 4032 1902 4100 Alexandrini,
2010 4037 2107 4092 sed
2136 4032 2404 4091 siccorum
2439 4052 2571 4091 usus
2613 4045 2669 4092 et
2697 4050 2822 4090 esus
2858 4032 3242 4090 tantummodo
3272 4042 3609 4089 memoratur

306 4126 545 4161 auorum
571 4124 754 4161 mores
782 4123 875 4161 seu
903 4107 1143 4161 instituta
1176 4104 1331 4161 Philo
1353 4103 1634 4161 describit.
1659 4119 1906 4161 auosaue
2012 4115 2067 4161 et
2094 4106 2528 4161 commendatur.

306 4103 545 4181 quorum
571 4124 754 4164 mores
782 4123 875 4181 seu
903 4107 1143 4181 instituta
1176 4103 1331 4181 Philo
1353 4103 1636 4181 describit_,
1659 4119 1906 4181 quosque

305 4173 673 4247 Christianos,
699 4188 753 4234 et
782 4180 838 4235 S.
880 4177 1047 4233 Marci
1084 4175 1374 4247 discipulos
1403 4173 1571 4247 fuisse
1598 4173 1907 4231 Dfliiero-

303 4266 510 4323 nymus
531 4246 744 4323 asserit,
768 4249 1080 4323 exemplum
1100 4246 1904 4323 praebuere,‘potissimum_sa-

302 4317 415 4394 riis
459 4321 733 4394 passionis
772 4317 1062 4394 dominicae
1086 4317 1301 4386 diebus,
1334 4317 1536 4394 quibus
1574 4326 1634 4373 ut
1673 4317 1905 4394 ex_Phi-

300 4393 433 4448 Ione
459 4390 641 4449 'refert
673 4393 958 4458 Eusebius,
986 4394 1171 4445 vinum
1204 4392 1416 4445 omnino
1452 4406 1557 4445 non
1592 4390 1900 4459 gustabunt,
2009 4390 2250 4446 criminis
2289 4405 2355 4445 ex
2392 4399 2578 4446 mente
2618 4392 2870 4447 Auctoris
2907 4390 3024 4448 esse
3060 4390 3292 4459 videtur,
3331 4398 3392 4446 ut
3416 4405 3482 4446 ex
3519 4391 3608 4446 di-

299 4467 470 4519 immo
492 4480 587 4519 nec
605 4463 872 4525 carnibus,
894 4478 986 4517 nec
1004 4463 1187 4532 aliquo
1202 4477 1387 4535 genere
1402 4462 1742 4535 cibariorum,
1763 4462 1904 4535 quod
2008 4462 2110 4535 ctis
2147 4461 2441 4534 colligitur.
2466 4464 2609 4518 Nam
2644 4463 2911 4535 ὠμοφαγῑα
2939 4463 3136 4519 crudos
3176 4472 3231 4519 et
3256 4464 3502 4519 incoctus
3526 4462 3607 4517 ci-

296 4540 442 4590 esset
455 4537 736 4603 sanguinis
748 4536 1035 4605 particeps,
1051 4534 1491 4605 uescebantur;et
1507 4532 1620 4585 sola
1631 4547 1776 4601 aqua
1787 4533 1900 4586 illis
1928 4569 1979 4605 η
2011 4532 2131 4599 bos,
2150 4542 2254 4605 aut
2282 4532 2477 4605 eorum
2504 4549 2656 4591 esum
2693 4532 2973 4605 signiﬁcat.
3002 4535 3168 4592 Unde
3190 4534 3482 4605 ὣμοφαγός,
3514 4535 3605 4604 qui

296 4550 442 4590 esset
455 4550 1491 4660 sarigmnngarmepsmesceoanrurmt
1507 4550 1900 4601 sclaaquauus
1928 4569 1979 4631 Β
2011 4550 2254 4616 nos,.aut
2282 4550 2477 4617 eorum
2504 4550 2656 4618 esum
2693 4550 2973 4605 signiticet.
3009 4550 3168 4592 unde
3190 4550 3482 4605 (ομοφαγος,
3514 4550 3605 4604 qui

288 4609 451 4682 potio
487 4610 635 4682 erat;
763 4621 789 4661 e
814 4610 864 4682 et
903 4605 1125 4682 hyssopo
1148 4619 1248 4673 pro
1284 4603 1583 4682 obsomo__et
1605 4618 1747 4682 parte
1779 4608 1900 4682 ute-
2005 4604 2189 4682 crudis
2235 4616 2520 4682 vescitur:
2565 4607 2871 4682 cujusmodi
2911 4617 3075 4682 erant
3103 4607 3270 4682 olera,
3313 4620 3411 4660 seu
3453 4605 3609 4673 legu-

292 4673 519 4732 bantur.
554 4679 744 4732 Exstat
779 4677 946 4731 etiam
974 4673 1260 4730 decretum
1288 4673 1651 4743 apostolicum
1687 4673 1749 4728 Β.
1784 4674 1904 4728 Cle-

286 4748 503 4804 mentis
526 4747 801 4816 pontiﬁcis
829 4746 928 4801 lib.
974 4760 1011 4800 v
1046 4742 1339 4816 Constitut.
1372 4742 1622 4816 Apostol.
1654 4757 1775 4813 cap.
1811 4752 1898 4809 t9,

290 4834 411 4891 quo
439 4813 701 4891 concedit
734 4818 794 4891 in
827 4817 1023 4891 diebus
1042 4815 1402 4891 jejuniorum,
1439 4813 1556 4869 solo
1600 4829 1758 4891 pane,
1789 4816 1902 4869 sale

289 4884 351 4945 et
393 4890 637 4945 oleribus
664 4890 761 4956 uti,
793 4898 849 4944 et
881 4884 1260 4943 abstinendum
1301 4884 1461 4940 docet
1500 4901 1529 4956 ᾳ
1572 4884 1823 4956 carnibus
1851 4895 1907 4941 et

294 4961 455 5032 vino,
484 4961 724 5032 idipsum
749 4954 936 5032 multis
962 4956 1246 5032 scripturis
1270 4954 1633 5032 compmbans
1659 4955 1902 5026 ejusdem

294 5031 401 5087 lib.
423 5026 547 5113 cap.
566 5026 637 5088 ’21
654 5071 671 5098 ,
697 5040 859 5113 atque
885 5026 1101 5113 ejusrei
1132 5026 1423 5113 praximip
1541 5029 1906 5113 getro'f'ecen-

290 5118 447 5171 scus,
496 5096 958 5173 Recognitionum
991 5099 1089 5155 lib.
1132 5096 1272 5173 ἳνιι.⁵
1298 5096 1407 5173 Sed
1448 5105 1504 5151 et
1544 5096 1906 5173 Tertullianus

295 5167 448 5239 (Lib.
476 5175 546 5229 de
566 5167 785 5244 Jejumb
801 5187 858 5244 οη
878 5178 902 5226 1
938 5179 995 5226 et
1015 5176 1072 5235 9)
1091 5167 1540 5244 xerophagiarum
1558 5175 1621 5244 _e_t
1646 5167 1751 5221 vini
1777 5168 1907 5244 abs-

294 5238 551 5302 tinentia:
574 5238 1024 5315 antiquissimam;
1042 5238 1367 5315 religionem
1376 5238 1908 5315 patendit_exemp_lis

298 5316 540 5396 Danielis
577 5323 650 5396 et
670 5308 950 5396 sociorum
981 5313 1115 5396 ejus,
1144 5308 1301 5396 Elite,
1334 5308 1598 5396 gavidis,
1619 5308 1904 5396 Samuelis.

296 5387 567 5449 Aaronis,
610 5384 761 5441 Pauli
791 5379 1042 5451 apostoli,
1075 5398 1139 5439 ac
1173 5380 1448 5437 Timothei
1491 5381 1608 5451 ejus
1638 5379 1904 5450 discipuli.

296 5400 567 5449 Aaroms,
610 5400 761 5441 νευη
791 5400 821 5439 8
898 5400 1042 5451 εῐοιι,
1075 5400 1139 5439 ac
1174 5400 1448 5437 umorue!
1491 5400 1608 5451 ejus
1638 5400 1904 5450 GISCIPUII.

296 5459 611 5515 Concilium
657 5457 790 5512 item
820 5400 1192 5511 ﬁodicenum
1222 5461 1348 5507 ante
1375 5466 1548 5507 annos
1584 5452 1731 5507 mille
1757 5451 1907 5507 cele-

296 5528 546 5597 bratum,
577 5543 787 5583 canone
816 5533 908 5592 50,
933 5527 1009 5582 sic
1041 5524 1232 5581 statuit
1264 5544 1276 5578 :
1303 5524 1394 5597 bs?
1422 5525 1584 5577 πᾶσαν
1610 5521 1700 5589 τὴν
1723 5541 1908 5575 τεσσα-

298 5595 553 5670 ρακοστὴν)
576 5598 1273 5670 νηστεύειν-ξηροφαγςιΰντας,
1303 5595 1413 5650 hoc
1437 5604 1541 5670 est,
1566 5602 1784 5670 oportet
1806 5609 1909 5667 nos

295 5666 481 5728 totam
525 5666 999 5751 quadragesimam
1021 5666 1269 5751 jejunare
1309 5666 1652 5792 xerophafiis
1676 5672 1907 5719 utentes.

296 5744 556 5792 Deniane
579 5740 915 5792 Eninhamus
942 5740 1104 5792 huius
1127 5740 1521 5792 observationis
1572 5735 1794 5792 ocunles
1819 5743 1907 5790 te-

295 5735 561 5827 Deniqné
579 5735 915 5823 Epiphanius
942 5735 1104 5812 hujus
1127 5735 1521 5798 observationis
1550 5735 1794 5813 locuples
1819 5743 1907 5790 te-

2083 4170 2111 4209 ”
2151 4180 2237 4232 De
2282 4176 2386 4231 hac
2427 4190 2613 4231 eremo
2646 4183 2702 4231 et
2731 4174 2870 4231 mari
2900 4176 3123 4231 Mortuo
3148 4173 3288 4247 fvide
3320 4181 3505 4231 notata
3537 4174 3605 4232 ad

2013 4248 2176 4303 collat
2226 4250 2258 4302 6
2282 4262 2402 4318 cap.
2441 4253 2491 4303 1.

2074 4322 2106 4392 4ο
2133 4288 2283 4392 lnior
2306 4318 2692 4390 xerophagiam
2720 4328 2776 4376 et
2814 4319 3240 4392 homophagiam
3266 4333 3460 4391 parum
3488 4318 3605 4392 dis-

2008 4676 2177 4741 mina,
2207 4676 2408 4746 quibus
2451 4673 2741 4732 dumtaxat
2768 4677 2880 4732 sale
2908 4676 3170 4747 conditis,
3195 4684 3293 4730 aut
3319 4688 3457 4744 aqua
3487 4688 3607 4726 ma—

2008 4746 2252 4802 defactis.
2282 4755 2337 4801 et
2364 4746 2594 4801 subinde
2621 4748 2781 4801 etiam
2812 4747 3041 4802 incoctis
3070 4754 3127 4799 et
3156 4743 3340 4799 crudis
3376 4742 3608 4797 uteban-

2012 4788 2781 4888 "mVEEB’xisELCéEy'ﬁiFYrX
2802 4788 3057 4871 ὁῖιζνοίἶῖ.
3072 4788 3609 4888 “’ἱ]ἷιὶι“ὲ“ἷ).“ἱὶᾧὲὂ-

2000 4900 2215 4956 -nymus
2252 4885 2321 4940 de
2363 4885 2562 4941 iisdem“
2596 4887 2838 4941 scribens
2880 4888 3090 4955 (Epist.
3124 4888 3231 4950 Ἡ)
3280 4902 3294 4940 :
3335 4888 3412 4941 De
3455 4885 3606 4948 cibis,

2010 4955 2209 5031 inquit,
2243 4959 2463 5031 et_potu
2487 4960 2651 5017 taceo,
2678 4970 2799 5009 cum
2826 4957 3327 5031 etiamlanguentes
3367 4959 3615 5031 moriachi

2406 5030 2656 5099 tuantur,
2673 5031 2725 5080 et
2739 5030 2941 5099 coctum
2958 5028 3169 5098 aliquid
3185 5031 3446 5099 accepisse
3456 5029 3608 5083 hucu-

2013 5098 2216 5171 riaisit.
2246 5099 2316 5152 Et
2337 5095 2406 5152 de
2432 5096 2711 5171 liilarione
2731 5097 2939 5165 scribit,
2962 5116 2997 5154 a
3023 5095 3277 5169 vigesimo
3300 5095 3503 5171 quarto
3531 5116 3610 5154 te-

2014 5170 2145 5242 tgitis
2169 5183 2311 5223 anno
2336 5181 2505 5242 usque
2530 5169 2606 5222 ad
2624 5171 2935 5242 vigesimum
2957 5174 3263 5242 septimum,
3282 5169 3611 5242 panern‘ari-

2014 5240 2143 5315 dum
2166 5256 2283 5296 cum
2304 5240 2419 5295 sale
2447 5244 2496 5295 et
2523 5255 2668 5315 aqua
2695 5241 2976 5298 comedisse
3001 5239 3111 5308 (Eu
3146 5239 3523 5315 xerophagia).
3542 5246 3611 5315 7A

2012 5314 2264 5380 vigesimo
2292 5315 2476 5367 autem
2502 5313 2724 5380 septimo
2751 5327 2918 5382 usque
2953 5314 3027 5368 ad
3056 5313 3416 5377 tricesimum;
3436 5314 3610 5368 herbis

2012 5383 2333 5451 agrestibus,
2344 5388 2396 5438 et
2407 5383 2762 5451 virgultorum
2777 5385 3135 5452 quorumdam
3146 5385 3419 5441 radicibus
3428 5386 3612 5438 Medis

2014 5453 2121 5536 (en
2142 5453 2525 5536 .homophagia
2570 5453 2786 5536 proprie
2813 5454 2994 5536 dicta).
3016 5457 3212 5536 [uisse
3228 5457 3609 5536 sustentatum.

2017 5523 2270 5596 Denique
2311 5523 2366 5579 in
2407 5523 2525 5580 Vita
2568 5523 2625 5578 S.
2660 5523 2935 5581 Pachomii
2977 5527 3140 5595 (Cap.
3184 5533 3306 5592 48),
3342 5526 3612 5596 quaerenti

2015 5593 2331 5667 ‘Pachomio
2356 5611 2454 5651 cur
2497 5610 2704 5667 coquus
2732 5612 2827 5667 per
2853 5598 3059 5667 aliquot
3081 5593 3510 5667 ‘mensesuolera‘
3531 5596 3611 5667 vel

2016 5664 2286 5739 legumina
2313 5665 2565 5723 fratribus
2584 5662 2694 5721 non
2715 5662 2988 5739 duxisset?
3015 5666 3302 5739 respondit
3315 5663 3406 5739 ille
3432 5677 3445 5713 :
3475 5662 3614 5739 Quia

2015 5730 2282 5811 955dun
2295 5739 2577 5822 coquebam
2592 5753 2698 5793 non
2715 5730 3124 5822 consumebatur
3135 5749 3170 5785 a
3183 5730 3471 5811 fratribus,
3484 5730 3616 5807 quia
