3996 6198
367 342 468 396 183

1711 325 1990 386 JOANNIS
2027 325 2327 384 CASSIANI

3564 327 3664 382 184

365 463 766 536 homophagiis,
809 470 1058 528 utuntur,
1101 470 1158 518 et
1191 459 1336 532 apud
1373 473 1512 531 quos
1554 465 1700 514 secta
1739 454 1965 528 singulis
1991 456 2045 518 Α
2075 469 2291 526 quoque
2312 455 2429 510 seni
2451 462 2733 526 stuporem
2756 466 3037 508 summum
3062 449 3366 507 obedientia
3390 449 3507 522 ejus
3526 450 3666 508 incu-

370 556 647 614 mensibns
675 571 965 628 porrorum
1006 553 1164 621 folia,
1203 557 1228 585 ³
1261 551 1532 623 lapsania,
1583 550 1661 606 sal
1705 547 1966 615 frictum,

371 652 552 718 olivae,
583 650 823 724 pisciculi
857 648 1056 705 minuti
1083 647 1244 715 saliti,
1273 661 1412 719 quos
1436 644 1507 700 illi
1535 637 1562 676 ¹³
1590 643 1841 700 maznidia
1865 657 1970 698 vo-

368 753 516 814 cant,
545 759 761 802 summa
790 744 1038 816 voluptas
1083 748 1184 798 est.

917 854 1156 910 CAPUT
1192 851 1416 908 XXIII.

372 965 448 1018 De
487 961 790 1016 obedientia
823 958 1028 1011 abbatis
1075 958 1315 1024 Joannis,
1349 970 1450 1025 per
1491 969 1654 1024 quam
1688 965 1856 1022 usque
1899 953 1973 1007 ad

677 1030 980 1100 prophetiae
1001 1033 1283 1098 provectus
1311 1033 1386 1082 est
1408 1028 1662 1094 gratiam.

442 1141 513 1193 Et
537 1137 795 1209 quoniam
817 1135 906 1191 hic
946 1135 1084 1191 liber
1109 1133 1179 1190 de
1206 1133 1546 1190 institutione
1587 1141 1671 1189 est
1715 1132 1833 1204 ejus
1877 1131 1972 1202 qui

373 1231 650 1286 renuntiat
673 1229 797 1284 huic
825 1227 1054 1310 mundo,
1082 1242 1180 1300 per
1207 1243 1372 1298 quam
1402 1226 1605 1283 scilicet
1631 1225 1976 1282 introductus

375 1325 441 1379 ad
489 1323 848 1379 humilitatem
890 1337 1096 1386 veram,
1140 1329 1195 1376 et
1236 1321 1602 1378 obedientiam
1653 1318 1971 1392 perlectam,

377 1426 697 1474 caaterarum
743 1431 961 1488 quoque
1004 1415 1266 1471 virtutum
1305 1415 1542 1471 culmina
1575 1415 1745 1486 possit
1781 1429 1976 1470 ascen-

325 1503 338 1519 ⁸
377 1510 532 1577 dere;
575 1509 938 1564 necessarium
986 1524 1110 1564 reor
1156 1507 1407 1580 quaedam
1455 1508 1735 1562 seniorum
1794 1515 1973 1578 gesta,

377 1602 573 1673 quibus
607 1618 704 1674 per
744 1602 883 1657 hanc
917 1602 1160 1657 enituere
1193 1602 1470 1667 virtutem,
1519 1600 1748 1672 exempli
1785 1600 1976 1672 gratia,

378 1699 522 1751 sicut
566 1695 946 1767 promisimus,
987 1694 1282 1766 explicare;
1331 1695 1400 1750 de
1451 1695 1641 1749 multis
1679 1692 1980 1748 admodum

381 1806 547 1862 pauca
589 1799 890 1860 carpentes,
930 1798 994 1845 ut
1026 1789 1371 1845 studentibus
1409 1788 1731 1844 sublimiora
1764 1787 1978 1854 sectari,

383 1898 495 1938 non
534 1883 715 1938 solum
763 1882 1176 1937 incitamentum
1216 1896 1283 1936 ex
1309 1881 1393 1936 his
1428 1883 1551 1937 vita;
1581 1879 1852 1953 perfectae,
1886 1879 1980 1935 sed

381 1975 542 2030 etiam
581 1974 841 2046 propositi
876 1974 1054 2030 forma
1096 1973 1373 2046 procedat.
1417 1972 1788 2042 Quamobrem
1815 1973 1978 2040 duos,

381 2069 462 2124 vel
492 2077 622 2136 tres,
668 2083 766 2138 pro
804 2067 965 2122 libelli
1010 2066 1172 2138 hujus
1210 2065 1534 2137 compendio
1560 2065 1630 2122 de
1657 2075 1772 2122 tam
1817 2066 1979 2121 innu-

382 2177 534 2216 mera
559 2169 775 2230 patrum
807 2158 1154 2214 multitudine
1183 2157 1522 2230 proferentes
1552 2175 1841 2230 ponemus.
1874 2160 1982 2214 Pri-

385 2269 538 2308 mum
581 2256 606 2286 ⁸
670 2253 928 2308 abbatem
977 2253 1284 2319 Joannem,
1335 2252 1426 2322 qui
1479 2261 1854 2308 commoratus
1899 2261 1984 2309 est

383 2336 412 2378 δ
445 2347 598 2418 juxta
627 2348 838 2418 Lycon,
862 2344 1008 2418 quod
1033 2354 1117 2401 est
1143 2345 1401 2417 oppidum
1425 2345 1717 2402 Thebaidis
1745 2366 1757 2401 :
1785 2347 1983 2418 quippe

385 2449 605 2512 propter
666 2439 986 2496 obedientim
1045 2439 1302 2494 virtutem
1351 2454 1524 2510 usque
1569 2439 1638 2495 ad
1693 2439 1988 2511 prophetia

385 2533 615 2606 gratiam
660 2532 1018 2598 sublimatus,
1057 2532 1134 2587 sic
1181 2531 1434 2586 universo
1482 2531 1681 2588 claruit
1721 2531 1876 2603 orbi,
1929 2541 1990 2588 ut

387 2631 561 2684 etiam
591 2627 806 2696 regibus
845 2625 1034 2682 mundi
1082 2626 1245 2698 hujus
1283 2627 1480 2681 merito
1527 2641 1627 2681 suo
1671 2626 1988 2683 redderetur

389 2721 629 2778 illustris.
666 2725 810 2778 Nam
838 2738 966 2777 cum
1013 2722 1068 2776 in
1109 2723 1390 2789 extremis,
1435 2731 1498 2778 ut
1538 2722 1796 2792 diximus,
1838 2723 1987 2779 The-

389 2815 565 2894 haidze
602 2816 844 2887 partibus
869 2825 1264 2883 commaneret,
1303 2833 1414 2872 non
1452 2823 1578 2872 ante
1625 2819 1992 2890 praesumebat

389 2910 733 2967 Theodosius
757 2911 1056 2982 imperator
1079 2910 1150 2966 ad
1185 2910 1606 2981 praepotentium
1631 2910 1771 2966 bella
1796 2919 1992 2982 tyran-

391 3020 592 3060 norum
638 3005 951 3077 procedere,
992 3021 1155 3077 quam
1194 3004 1426 3059 oraculis
1464 3003 1604 3078 illius
1636 3005 1990 3074 animaretur,

393 3106 556 3169 atque
582 3099 875 3169 responsis.
908 3097 1120 3168 Quibus
1153 3096 1433 3152 conﬁdens
1471 3097 1620 3152 velut
1643 3097 1856 3154 coalitus
1888 3097 1992 3155 sibi

395 3190 612 3257 delatis,
652 3199 862 3263 tropaea
902 3190 972 3248 de
1011 3189 1167 3246 bellis
1205 3189 1508 3262 desperatis
1547 3197 1712 3261 atque
1745 3190 1995 3248 hostibus

396 3285 706 3358 reportavit.

945 3388 1187 3446 CAPUT
1223 3389 1437 3444 XXIV.

402 3497 474 3547 De
503 3493 645 3560 ligno
669 3492 822 3545 arido
844 3491 988 3560 quod
1010 3491 1153 3545 idem
1172 3491 1333 3544 abbas
1351 3492 1578 3545 Joannes
1606 3491 1682 3545 ad
1710 3493 1997 3546 arbitrium

469 3564 690 3616 senioris
708 3564 794 3616 sui
810 3563 969 3634 quasi
986 3563 1060 3616 ad
1073 3562 1394 3616 addendum
1423 3562 1500 3629 (id
1519 3566 1614 3624 est,
1636 3565 1990 3634 crescendum)

470 3635 648 3700 rigare
678 3647 784 3686 non
810 3633 1034 3687 destitit.

470 3731 580 3788 Hic
609 3732 790 3805 itaque
818 3733 1006 3789 beatus
1028 3735 1267 3788 Joannes
1293 3733 1361 3789 ab
1387 3732 1749 3791 adolescentia
1774 3753 1871 3792 sua
1899 3753 1997 3793 us-

401 3842 508 3898 que
534 3827 602 3884 ad
631 3827 921 3900 perfectam
953 3844 1017 3883 ac
1051 3828 1259 3882 virilem
1287 3835 1513 3884 aetatem
1540 3829 1739 3885 seniori
1767 3846 1866 3886 suo
1895 3831 1996 3888 de—

298 3945 301 3947 ·
402 3921 660 3989 serviens,
686 3921 860 3977 donec
889 3921 976 3976 ille
1009 3921 1060 3975 in
1092 3921 1254 3992 hujus
1279 3921 1402 3980 vitae
1437 3924 1852 3980 conversatione
1889 3925 1999 3981 du-

404 4016 564 4085 ravit,
587 4023 734 4073 tanta
759 4015 1063 4074 humilitate
1092 4015 1305 4074 inhaesit
1334 4017 1450 4090 ejus
1478 4016 1777 4090 obsequiis,
1806 4028 1868 4076 ut
1893 4021 1997 4092 ipsi

2075 556 2232 603 teret.
2277 548 2444 620 Cujus
2485 547 2624 603 hanc
2664 546 2918 604 virtutem
2957 553 3143 602 utrum
3186 544 3254 600 de
3291 560 3416 600 vera
3461 545 3564 600 ﬁde
3603 560 3669 600 ac

2078 641 2347 714 profunda
2382 642 2561 700 cordis
2582 642 2928 715 simplicitate
2953 640 3326 708 descenderet,
3357 656 3429 696 an
3454 639 3671 697 affecta-

2076 737 2198 792 titia
2233 745 2395 805 esset,
2425 746 2480 792 et
2521 736 2930 808 quodammodo
2970 736 3247 801 coactitia,
3277 745 3443 806 atque
3463 734 3532 790 ad
3559 735 3673 790 im—

2078 830 2543 904 perantis'faciem
2581 832 2938 904 praebentur,
2979 831 3164 887 volens
3193 829 3542 887 manifestius
3573 846 3672 886 ex-

2080 927 2322 998 plorare,
2357 925 2680 997 quamplura
2717 925 2767 980 ei
2807 925 2975 981 etiam
3019 924 3325 996 superﬂua,
3381 913 3674 996 minusque

2082 1019 2408 1088 necessaria,
2446 1019 2528 1074 vel
2560 1017 2936 1090 impossibilia,
2962 1015 3298 1090 frequentius
3336 1017 3671 1089 injungebat.

2082 1116 2162 1168 Ex
2189 1113 2387 1185 quibus
2427 1112 2530 1168 tria
2567 1127 2796 1184 ponam,
2831 1127 2926 1183 per
2961 1125 3085 1181 qua:
3126 1108 3462 1166 manifestari
3505 1112 3679 1182 possit

2083 1207 2384 1263 volentibus
2433 1207 2602 1272 scire,
2649 1205 2732 1261 vel
2771 1204 2969 1262 mentis
3007 1204 3153 1276 ejus,
3195 1203 3275 1259 vel
3325 1203 3678 1276 subjectionis

2084 1301 2382 1374 integritas.
2427 1299 2672 1372 Sumpsit
2710 1314 2948 1371 namque
2993 1297 3062 1355 de
3104 1296 3333 1369 lignario
3371 1312 3471 1353 suo
3512 1312 3678 1354 senex

2082 1397 2400 1468 virgultum,
2429 1395 2580 1468 quod
2601 1395 2737 1451 olim
2756 1395 2996 1450 excisum
3019 1394 3207 1452 usibus
3226 1392 3336 1449 foci
3355 1392 3528 1450 fuerat
3543 1408 3680 1465 pra:—

2082 1499 2334 1563 paratum
2368 1510 2381 1546 :
2422 1489 2663 1562 dumque
2705 1488 2966 1546 coctionis
3008 1491 3248 1544 retardat
3285 1485 3516 1550 occasio,
3564 1503 3681 1542 non

2084 1585 2251 1641 modo
2278 1583 2512 1649 aridum,
2550 1582 2648 1639 sed
2676 1597 2846 1654 prope
2873 1590 3029 1653 putre
3053 1580 3274 1651 jacebat
3299 1579 3564 1650 temporis
3592 1595 3685 1636 ve-

2086 1689 2306 1736 tustate.
2340 1681 2592 1750 Cumque
2622 1677 2727 1734 hoc
2754 1692 2942 1733 coram
2976 1676 3094 1748 ipso
3135 1675 3337 1731 ﬁxisset
3369 1675 3426 1730 in
3457 1683 3682 1744 terram,

2088 1773 2351 1846 praecepit
2370 1773 2595 1829 advecta
2617 1787 2754 1842 aqua
2783 1769 3026 1842 quotidie
3052 1769 3139 1826 bis
3167 1768 3348 1840 rigari,
3386 1777 3446 1824 ut
3475 1769 3687 1826 scilicet

2088 1866 2296 1922 diurnis
2322 1864 2644 1922 humoribus
2671 1863 2995 1930 radicatam,
3022 1871 3182 1934 atque
3209 1862 3266 1917 in
3288 1862 3572 1934 antiquam
3599 1879 3686 1918 ar—

2091 1959 2282 2015 borem
2311 1957 2652 2025 reviviscens,
2681 1955 2892 2014 diffusis
2913 1957 3083 2012 ramis
3111 1957 3481 2012 amoenitatem
3510 1957 3686 2012 oculis

2087 2060 2248 2122 atque
2276 2050 2662 2107 nmbraculum
2698 2050 2754 2105 in
2783 2058 2920 2106 aestu
2947 2049 3173 2106 ferventi
3211 2048 3400 2104 subter
3436 2048 3687 2105 residen-

2089 2147 2234 2202 tibus
2261 2145 2558 2201 exhiberet.
2587 2145 2748 2214 Quod
2789 2154 3123 2216 praeceptum
3154 2144 3500 2200 veneratione
3529 2143 3686 2200 solita

2088 2240 2203 2296 sine
2250 2239 2358 2296 ulla
2407 2238 2859 2311 impossibilitatis
2903 2236 3342 2293 consideratione
3390 2237 3685 2308 suscipiens

2089 2333 2428 2399 adolescens,
2454 2334 2528 2388 ita
2550 2332 2880 2405 quotidianis
2915 2332 3107 2402 diebus
3129 2331 3379 2402 explevit,
3406 2340 3467 2386 ut
3488 2346 3688 2402 aquam

2096 2443 2191 2499 per
2217 2427 2327 2485 duo
2356 2426 2532 2484 ferme
2567 2426 2739 2482 millia
2769 2425 3136 2482 indesinenter
3167 2434 3478 2496 apportans,
3512 2425 3693 2480 nulla-

2095 2531 2256 2577 tenus
2288 2520 2498 2592 lignum
2525 2519 2700 2592 rigare
2727 2527 2985 2586 cessaret,
3023 2527 3189 2591 atque
3228 2534 3322 2590 per
3349 2526 3528 2574 totum
3557 2518 3688 2572 anni

2096 2614 2333 2686 spatium
2371 2629 2483 2669 non
2516 2611 2806 2668 inﬁrmitas
2839 2613 3086 2685 corporis
3107 2653 3123 2680 ,
3156 2627 3270 2668 non
3296 2610 3555 2668 festivitas
3594 2625 3692 2666 so-

2097 2709 2414 2776 lemnitatis,
2466 2723 2582 2764 non
2621 2707 2905 2779 occupatio
2950 2707 3292 2764 necessitatis
3337 2706 3520 2774 ullius,
3565 2720 3690 2777 quae

2097 2803 2250 2859 illum
2285 2803 2451 2859 etiam
2491 2803 2720 2859 honeste
2749 2809 3032 2857 excusaret
3057 2801 3126 2856 ab
3165 2801 3513 2857 exsecutione
3539 2815 3694 2856 man-

2097 2899 2239 2966 dati,
2279 2915 2392 2953 non
2428 2897 2660 2969 denique
2698 2897 2892 2952 hiemis
2933 2895 3221 2968 asperitas
3245 2894 3588 2952 intercedens
3625 2895 3693 2950 ab

2100 2991 2264 3082 hqjus
2287 2990 2670 3048 observatione
2695 2990 2946 3062 praecepti
2972 2991 3208 3059 potuerit
3227 2989 3512 3060 impedire.
3533 2990 3696 3044 Cum-

2099 3101 2204 3157 que
2263 3085 2379 3157 ejus
2423 3084 2564 3140 hanc
2619 3083 2962 3140 sedulitatem
3011 3083 3208 3138 tacitus
3259 3097 3420 3137 senex
3470 3083 3697 3138 latenter

2101 3178 2292 3235 diebus
2323 3179 2549 3250 singulis
2589 3177 2918 3248 exploraret,
2956 3184 3012 3232 et
3058 3174 3261 3232 videret
3299 3191 3424 3229 eum
3463 3175 3696 3245 simplici

2027 3290 2073 3354 ρ
2104 3271 2283 3328 cordis
2309 3270 2515 3327 affectu
2540 3269 2858 3327 mandatum
2888 3285 3050 3326 suum
3077 3269 3223 3325 velut
3247 3267 3502 3324 divinitus
3524 3268 3694 3323 emis-

2106 3381 2228 3421 sum
2258 3366 2373 3421 sine
2408 3365 2515 3420 ulla
2545 3365 2947 3436 permutatione
2976 3363 3175 3429 vultus,
3209 3361 3291 3418 vel
3317 3361 3547 3418 rationis
3583 3359 3695 3417 dis—

2105 3457 2354 3514 cussione
2375 3472 2609 3525 servare,
2640 3457 2908 3512 sinceram
2936 3455 3262 3511 humilitatis
3289 3455 3408 3526 ejus
3439 3452 3692 3509 obedien-

2102 3553 2236 3606 tiam
2264 3550 2654 3621 comprobans,
2682 3549 2883 3620 pariter
2914 3549 3077 3604 etiam
3116 3549 3379 3604 miserans
3418 3556 3531 3602 tam
3572 3547 3699 3601 lon-

2103 3661 2236 3717 gum
2265 3644 2530 3713 laborem,
2558 3659 2721 3715 quem
2758 3659 2854 3715 per
2880 3653 3062 3698 totum
3084 3643 3216 3697 anni
3245 3644 3483 3714 spatium
3514 3641 3700 3697 studio

2103 3737 2408 3794 devotionis
2443 3737 2797 3810 impenderat,
2843 3735 2913 3792 ad
2949 3737 3243 3808 virgultum
3287 3736 3504 3792 aridum
3544 3751 3703 3790 acce-

2104 3832 2258 3898 dens,
2287 3848 2343 3899 o,
2380 3828 2582 3904 inquit,
2611 3834 2873 3897 Joannes,
2917 3823 3187 3886 tmisitne
3223 3829 3433 3885 radices
3461 3829 3579 3886 haec
3604 3843 3707 3884 ar-

2107 3925 2226 3991 bor,
2262 3941 2334 3981 an
2365 3930 2511 3982 non?
2537 3925 2784 3996 Cumque
2813 3924 2900 3979 ille
2925 3939 2982 3979 se
3008 3923 3216 3980 nescire
3255 3923 3500 3991 dixisset,
3525 3924 3703 3978 Senex

2107 4021 2253 4076 velut
2289 4019 2566 4092 inquirens
2607 4020 2684 4074 rei
2722 4017 3032 4086 veritatem,
3077 4025 3132 4072 et
3168 4026 3452 4090 tamquam
3487 4021 3707 4073 tcntaus

1486 4144 1749 4200 ΑΙ.Αῆῡί
1790 4148 2019 4202 ΕΑΖΑΞΙ
2057 4145 2623 4202 COMMENTARIUS.

405 4269 580 4326 omnes
603 4255 871 4326 abstinent
893 4255 1012 4323 (soli
1023 4258 1219 4326 quippe
1237 4257 1396 4325 pueri
1409 4255 1624 4323 aliquid
1641 4261 1864 4310 coctum:
1882 4272 1998 4326 per-

405 4324 670 4394 cipiunt),
693 4330 976 4390 propterea
999 4324 1332 4394 pulmentum
1356 4343 1460 4380 non
1483 4328 1625 4380 comi.

475 4395 500 4422 ⁸
540 4393 622 4463 De
647 4393 916 4463 Lapsanio
945 4393 1154 4450 dictum
1192 4404 1276 4450 est
1299 4411 1461 4460 supra
1486 4397 1651 4463 (Cap.
1688 4402 1794 4462 11).
1839 4400 2001 4452 Notet

408 4461 575 4516 lector
613 4461 720 4516 hoc
763 4461 883 4516 loco
925 4471 1169 4519 veterum
1209 4461 1613 4519 monachorum
1642 4461 1866 4521 delicias
1894 4484 2001 4522 no-

406 4533 532 4586 stris
570 4532 726 4600 longe
750 4531 1057 4596 dissimiles,
1095 4543 1152 4589 et
1175 4533 1243 4588 de
1279 4533 1365 4588 his
1392 4535 1641 4588 consulat
1678 4537 1741 4591 D.
1773 4539 2002 4593 Bernar-

407 4603 540 4674 du_m
567 4603 621 4657 in
644 4602 911 4674 Apologia
937 4603 1003 4658 ad
1035 4605 1388 4660 Guillelmum
1417 4603 1694 4661 abbatem.

2109 4254 2381 4308 bellorum
2411 4262 2605 4308 eventu
2634 4251 2892 4307 adversus
2919 4259 3182 4323 tyrannos
3205 4249 3618 4315 consulendum,
3643 4257 3716 4323 et

2111 4326 2162 4378 in
2193 4333 2421 4392 utraque
2458 4333 2669 4378 certum
2717 4320 2958 4378 victoriae
2992 4323 3241 4378 nuntium
3285 4323 3352 4377 ab
3387 4338 3454 4377 eo
3480 4320 3711 4391 accepit.

2109 4395 2357 4449 Priorem
2388 4393 2554 4449 refert
2578 4395 2912 4463 Augustinus
2933 4394 3022 4449 lib.
3052 4409 3089 4448 ν
3115 4393 3182 4448 de
3205 4393 3432 4450 Civitatc
3461 4392 3709 4463 Deifcap.

2108 4473 2209 4526 26;
2235 4465 2589 4534 posteriorem
2613 4462 2847 4520 Ruﬁnus
2869 4465 2958 4519 lib.
2984 4480 3030 4520 ιι
3061 4481 3180 4535 cap.
3205 4472 3330 4529 9,et
3351 4462 3723 4519 Cassiodorus

2110 4537 2165 4590 in
2188 4536 2402 4590 llistor.
2427 4537 2662 4606 Tripart.
2683 4537 2776 4591 lib.
2801 4551 2865 4591 lx
2887 4552 3006 4605 cap.
3029 4540 3120 4590 45.
3149 4537 3303 4592 Alius
3315 4536 3394 4606 ab
3421 4538 3526 4590 hoc
3545 4535 3724 4587 Joan-

2111 4624 2206 4662 nes
2236 4607 2407 4663 abbas
2441 4608 2496 4662 in
2522 4605 2707 4663 eremo
2738 4606 2964 4673 Scetica,
2995 4606 3063 4662 de
3097 4623 3206 4678 quo
3244 4605 3382 4662 infra
3421 4609 3591 4674 (Cap.
3635 4609 3718 4660 27

477 4653 1388 4746 Ennaeas"essentiam;
1401 4653 2000 4739 ἇοᾘῖῐεέἑῖῦοσδδιιιυηι
2033 4653 2083 4714 ι)
2110 4653 2314 4746 sim

405 4745 620 4829 Latinis
647 4745 1141 4829 incognitumapro’
1165 4745 1291 4829 quo
1309 4746 1603 4829 Ciaconius
1624 4748 1877 4829 mmnidia
1907 4766 2002 4829 re.-

406 4818 610 4889 posuit,
636 4833 746 4874 non
773 4816 1115 4888 improbabili
1143 4816 1476 4890 cenjectura.
1514 4820 1613 4874 Est
1639 4819 1785 4874 enim
1817 4823 1996 4889 μαινίς,

404 4888 487 4945 vel
521 4905 719 4956 mrem,
750 4890 906 4962 piscis
940 4891 1200 4962 marinus,
1225 4888 1389 4962 vulgo
1415 4888 1576 4962 halec,
1596 4891 1794 4957 dictus,
1821 4888 1994 4947 Arist.

402 4975 467 5032 γι
496 4961 762 5027 Animal.,
789 4979 817 5016 a
849 4977 958 5032 quo
983 4961 1364 5017 diminutivum
1391 4961 1658 5031 μαινιδίον,
1690 4962 1742 5018 id
1772 4972 1875 5025 est,
1905 4964 1999 5018 ha-

403 5030 597 5095 lecula,
623 5030 912 5087 Theodoro
945 5033 1092 5088 Gaza
1132 5030 1422 5102 interprete
1460 5035 1637 5095 (Plin.
1684 5035 1774 5089 lib.
1813 5049 2000 5091 xxxx!

2177 4737 2204 4780 ⁶¹
2243 4737 2475 4806 Thebais
2517 4748 2628 4804 sive
2673 4747 2983 4814 Thebaida,
3011 4757 3091 4818 fut
3136 4747 3257 4810 hic,
3299 4747 3512 4818 Egypti
3553 4746 3726 4818 regio

2108 4819 2392 4890 Ethiopian
2431 4823 2790 4885 contermina,
2823 4835 2852 4873 a
2889 4817 3096 4874 Thebis
3135 4820 3269 4890 urbe
3298 4817 3725 4890 potentissima,

2107 4887 2383 4962 totiusque
2410 4890 2646 4962 regionis
2671 4891 2954 4962 metropoli
2987 4887 3451 4962 nomenihabens.
3488 4892 3553 4942 D.
3579 4887 3735 4942 Hie-

2107 4959 2370 5032 ronymus
2398 4959 2495 5016 lib.
2522 4961 2590 5016 de
2624 4961 2825 5016 Hebra.
2852 4959 3052 5030 quaest.
3082 4959 3418 5016 Thebaidem
3454 4974 3573 5014 eam
3605 4975 3734 5027 pu—

2107 5041 2187 5112 tat
2213 5031 2330 5114 esse
2355 5033 2666 5114 regionem;
2697 5047 2819 5114 qua:
2855 5032 2987 5114 olim
3017 5031 3159 5114 dicta
3185 5040 3438 5114 estﬁterra
3476 5032 3736 5112 Cesset),

406 5117 452 5154 ο.
489 5107 545 5155 11
559 5118 767 5239 gafanas
791 5107 974 5167 vocat;
1001 5105 1123 5159 Cal.
1151 5105 1382 5173 Rhedig.
1413 5105 1503 5159 lib.
1543 5121 1621 5160 xx
1645 5108 1838 5175 Antiq.
1877 5108 1997 5161 lect.

406 5188 526 5239 cap.
627 5213 640 5226 .

405 5188 526 5240 cap.
559 5179 640 5239 6).

475 5241 499 5270 °
541 5241 718 5321 Hujus
740 5241 958 5321 egregia
984 5243 1272 5321 sanctitas,
1286 5243 1716 5321 clarissimorum
1757 5245 1998 5321 virorum

404 5313 606 5366 meruit
631 5313 956 5366 testimoniis
982 5313 1229 5368 illustrari
1256 5317 1475 5380 (Baron.
1514 5319 1572 5369 in
1608 5317 1889 5383 martyr-cl.
1917 5323 1994 5371 '27

404 5384 597 5438 Martii
627 5389 676 5437 et
712 5385 770 5436 in
803 5385 1007 5438 Annal.
1039 5402 1131 5440 an.
1165 5385 1318 5454 388).
1347 5385 1547 5441 Scribit
1573 5387 1717 5440 enim
1748 5388 1816 5439 de
1845 5402 1910 5440 eo
1935 5389 1994 5442 S.

406 5455 774 5525 Hieronymus
804 5455 870 5508 ad
907 5455 1313 5525 Ctesiphontem
1337 5466 1528 5512 contra
1558 5457 1904 5524 Pelagianos;
1937 5460 1993 5514 S.

408 5526 740 5598 Augustinus
767 5525 952 5598 lib.de
967 5526 1106 5598 Cura
1131 5543 1229 5597 pro
1261 5528 1491 5583 mortuis
1519 5527 1728 5598 agenda
1749 5543 1865 5597 cap.
1900 5536 1992 5596 l7;

401 5595 776 5651 Theodoretus
807 5597 1011 5652 llistor.
1048 5595 1146 5652 lib;
1176 5614 1211 5652 ν
1237 5615 1353 5668 cap.
1389 5603 1485 5662 24;
1520 5595 1857 5654 Sozomenus
1887 5595 1988 5654 lib.

406 5682 468 5721 vr
508 5683 629 5738 cap.
664 5674 765 5732 28;
799 5668 1066 5724 Palladius
1103 5669 1156 5722 in
1201 5669 1473 5724 Lausiacis
1510 5685 1628 5738 cap.
1660 5676 1766 5735 43;
1809 5678 1863 5724 et
1901 5671 1994 5726 alii

400 5739 606 5802 (Sidon.
632 5741 938 5808 Apollinar.
969 5755 1132 5793 carm.
1170 5746 1287 5803 16).
1332 5740 1416 5794 Ad
1450 5743 1594 5794 hunc
1625 5741 1678 5794 in
1707 5757 1891 5796 eremo
1922 5742 1995 5797 la-

399 5810 678 5884 titantem,
717 5811 1143 5884 sedprophctize
1173 5811 1366 5880 Spiritu
1390 5811 1656 5884 celebrem
1687 5813 1825 5884 duas
1844 5813 1994 5884 lega-

402 5881 579 5938 tiones
607 5882 754 5938 misit
779 5881 1114 5940 Theodosius
1147 5885 1375 5953 Magnus
1402 5882 1696 5954 imperator
1724 5883 1791 5938 dc
1824 5882 1991 5939 dubio

2106 5103 2159 5156 in
2186 5120 2290 5174 qua
2320 5101 2576 5174 habitavit
2598 5101 2766 5158 .lacnb
2795 5102 3093 5173 patriarcha
3121 5119 3248 5158 cum
3275 5101 3396 5156 ﬁliis
3418 5101 3558 5174 suis,
3578 5116 3740 5174 cum

2106 5169 2343 5229 venisset
2362 5173 2414 5228 in
2440 5175 2734 5245 Egyptum
2760 5169 2982 5240 (Genes.
3010 5189 3127 5229 xnv
3153 5179 3203 5229 et
3233 5176 3434 5239 var).
3465 5174 3523 5226 In
3549 5169 3742 5240 hujus

2105 5254 2534 5322 extrema_parte
2547 5245 2726 5322 _s_i_tu_m
2768 5252 2890 5322 erat
2915 5245 3410 5322 oppiduquycos,
3451 5245 3562 5322 sive
3593 5245 3739 5322 Ly-

2105 5315 2332 5388 copolis.
2354 5315 2521 5372 Unde
2546 5316 2776 5388 Plinius(
2789 5316 2907 5388 Lib,
2938 5331 2976 5369 v
2996 5315 3211 5388 eap.r9)
3239 5315 3476 5388 (Lycon,
3503 5315 3729 5386 inquit,

2104 5387 2199 5440 ubi
2221 5392 2422 5442 montes
2449 5385 2643 5455 ﬁniunt
2675 5387 3009 5448 Thebaidem,
3041 5385 3093 5441 et
3122 5387 3266 5442 inter
3287 5385 3540 5457 ejusdem
3569 5385 3749 5456 pra»

2106 5457 2340 5512 fecturas
2372 5467 2704 5528 postremam
2735 5458 2984 5512 nominat
3021 5458 3420 5529 Lycopolitem.

2176 5533 2198 5560 °
2233 5526 2416 5582 Simile
2449 5529 2758 5599 exemplum
2792 5538 2972 5582 narrat
3003 5526 3264 5599 sulpitius
3297 5528 3353 5582 in
3386 5526 3561 5598 primo
3587 5527 3751 5584 dia—

2106 5597 2230 5664 logo
2259 5600 2325 5654 de
2355 5597 2645 5654 virtutibus
2680 5602 2734 5656 S.
2767 5599 3014 5663 Martini;
3043 5597 3147 5654 nisi
3171 5599 3319 5669 quod
3345 5597 3399 5653 in
3431 5599 3533 5652 hoc
3557 5600 3748 5669 virga

2103 5670 2181 5724 sic
2212 5671 2432 5740 irrigata
2470 5671 2634 5726 tertio
2671 5686 2816 5726 anno
2858 5670 3125 5737 floruerit,
3167 5670 3481 5740 fructusque
3511 5669 3740 5724 edide-

2104 5744 2204 5808 rit,
2255 5757 2394 5811 quos
2449 5741 2616 5794 abbas
2656 5741 2722 5796 ad
2781 5741 3076 5796 Ecclesiam
3133 5739 3730 5799 deferens’fratribus

2103 5813 2444 5868 ostentabat:
2469 5815 2617 5875 Ecce,
2649 5812 2915 5884 inquiens,
2935 5813 3245 5867 obcdientiw
3270 5814 3536 5880 fructum.
