3996 6198
314 294 420 348 185
739 292 827 351 DE
861 291 1343 353 C(ENOBIORUM
1380 293 1625 353 lNSTIT.
1667 294 1793 352 LIB.
1833 294 1927 350 IV.
1966 323 2040 336 —
2074 295 2164 351 DE
2202 294 2578 352 lNSTlTUTlS
2616 295 3213 352 RENUNTIANTIUM.
3524 298 3625 355 186
3662 363 3671 371 θ

310 426 506 473 utrum
535 415 656 488 jam
698 416 812 473 suis
842 415 1116 475 radicibus
1153 410 1453 485 niteretur,
1488 417 1682 475 evulsit
1729 433 1915 475 coram
1943 420 1997 484 A
2024 417 2187 490 hujus
2225 418 2509 491 exemplo,
2546 434 2745 476 vocans
2771 435 2901 477 eum
2946 418 3146 489 senior,
3190 420 3362 476 Curre
3383 462 3405 491 ,
3428 421 3623 492 inquit,

311 508 435 580 ipso
465 508 566 565 levi
614 508 987 567 commotione
1033 510 1331 583 virgultum
1351 550 1369 577 ,
1399 510 1586 581 sicque
1625 510 1916 583 projiciens
2026 515 2286 583 Joannes,
2311 530 2505 572 saxum
2526 514 2662 571 illud
2705 513 2812 571 huc
2853 514 3081 572 advolve
3125 515 3466 587 quantocius.
3516 515 3625 584 Qui

309 601 451 659 illud
476 601 733 675 praecepit
755 609 817 659 ut
842 602 1095 678 deinceps
1115 604 1289 677 rigare
1312 603 1598 662 desineret.
2024 605 2316 663 confestim
2344 621 2541 663 saxum
2570 607 2808 664 immane
2834 607 2983 678 quod
3014 607 3189 665 turba:
3218 608 3408 665 multa:
3436 607 3615 664 homi-

878 709 1117 768 CAPUT
1176 711 1361 766 XXV.
2021 715 2158 756 num
2209 700 2291 756 vel
2344 716 2565 757 movere
2617 716 2730 757 non
2760 709 3021 773 possent,
3044 701 3290 774 applicita
3326 718 3476 759 nunc
3510 717 3626 759 cer-

437 819 519 873 De
535 815 783 887 projecto
818 816 889 870 ab
914 815 1109 870 abbate
1144 817 1351 870 Joanne
1380 829 1508 871 υαεε
1532 816 1688 870 unm
1711 816 1815 871 om
2022 796 2144 852 vice
2166 838 2182 865 ,
2222 812 2372 855 nunc
2416 804 2537 854 toto
2567 805 2818 869 pectore,
2850 805 3005 853 tanto
3048 799 3169 854 nisu
3205 806 3368 870 atque
3422 806 3625 856 conatu

783 887 859 941 ad
888 888 1115 942 senioris
1140 887 1450 957 imperium.
2022 890 2342 961 provolvere
2372 891 2737 949 contendebat
2756 931 2773 959 ,
2805 899 2867 948 ut
2897 890 3099 948 sudore
3148 892 3397 949 omnium
3443 909 3625 950 mem-

379 992 573 1060 ltaque
602 1002 730 1044 cum
768 986 1086 1059 bujusmodi
1119 986 1387 1043 exercitiis
1408 988 1651 1044 eruditus
1674 988 1916 1060 quotidie
2021 982 2249 1040 brorum
2278 999 2507 1040 suorum
2531 1000 2648 1040 non
2681 985 2865 1041 solum
2898 992 3079 1041 totum
3122 983 3433 1040 infunderet
3457 985 3625 1042 vesti—

298 1081 524 1155 juvenis
557 1079 741 1136 in‘bac
776 1079 1005 1150 parendi
1025 1080 1222 1136 virtute
1241 1089 1624 1146 meresceret,
1650 1090 1707 1138 et
1735 1081 1916 1139 bumi-
2023 1085 2275 1134 mentum
2310 1076 2440 1134 :sed
2494 1076 2660 1133 etiam
2708 1093 2901 1133 saxum
2943 1077 3127 1147 ipsum
3166 1078 3286 1134 suis
3331 1077 3629 1134 cervicibus

303 1175 484 1238 litatis
524 1174 641 1247 ejus
685 1173 1003 1230 enitesceret
1031 1173 1200 1245 gratia
1224 1214 1242 1239 ,
1284 1182 1447 1245 atque
1473 1173 1776 1232 obetientiae
1802 1191 1919 1232 suae
2023 1168 2391 1236 humectaret;
2418 1171 2472 1226 in
2497 1169 2604 1227 hoc
2628 1186 2845 1243 quoque
2881 1187 3078 1243 parum
3105 1171 3340 1227 metiens
3363 1172 3622 1242 impossi-

303 1268 495 1326 suavis
530 1266 667 1324 odor
691 1281 790 1339 per
815 1267 1145 1323 monasteria
1184 1266 1438 1324 universa
1477 1265 1772 1339 fragraret,
1799 1268 1918 1340 qui—
2021 1262 2287 1319 bilitatem
2318 1263 2593 1336 praecepti,
2622 1264 2707 1319 vel
2733 1262 2861 1320 facti
2903 1279 3002 1336 pro
3029 1265 3331 1320 reverentia
3361 1263 3627 1331 senioris,

302 1361 447 1420 dam
470 1360 700 1419 fratrum
729 1360 1088 1434 probationis,
1113 1361 1284 1418 immo
1296 1361 1670 1420 zedillcationis
1687 1362 1914 1418 obtentu
2022 1365 2079 1412 et
2096 1356 2341 1429 obsequii
2364 1358 2708 1432 simplicitate
2745 1358 2975 1427 sincera,
3012 1374 3117 1430 qua
3152 1356 3408 1414 credebat
3432 1372 3623 1414 senem

302 1455 592 1512 venientes
626 1453 695 1511 ad
730 1469 950 1522 senem,
980 1470 1110 1512 cum
1154 1454 1549 1527 subjectionem
1581 1455 1699 1526 ejus
1745 1470 1908 1527 quam
2018 1459 2131 1507 tota
2162 1450 2268 1508 ﬁde
2310 1451 2442 1508 nihil
2481 1467 2639 1526 posse
2675 1452 2951 1508 incassum
2992 1466 3055 1507 ac
3082 1450 3199 1507 sine
3237 1449 3448 1506 ratione
3491 1465 3627 1522 pra:-

302 1550 617 1619 audierant,
666 1549 1025 1618 mirarentur,
1059 1565 1264 1607 vocans
1303 1565 1431 1606 eum
1471 1557 1692 1622 repente
1716 1564 1908 1617 senex,
2019 1545 2215 1618 cipere.

304 1642 588 1711 Ascende,
613 1643 722 1713 ait,
741 1651 795 1701 et
816 1659 1042 1701 sumens
1076 1647 1103 1678 ⁸
1132 1643 1446 1701 lenticulam
1483 1642 1622 1709 olei,
1647 1658 1772 1714 quae
1795 1643 1911 1700 sola
2555 1640 2796 1696 CAPUT
2843 1642 3083 1697 XXVII.

304 1738 364 1794 in
417 1751 607 1794 eremo
651 1738 782 1804 suis,
831 1737 915 1795 vel
959 1736 1365 1805 advenientium
1411 1738 1599 1795 usibus
1643 1738 1913 1810 liquorem
2020 1756 2100 1808 De
2127 1752 2432 1807 humilitate
2477 1756 2527 1807 ει
2554 1752 2855 1807 amantia
2883 1754 3096 1808 αδδαιίς
3137 1755 3332 1815 Μ,
3363 1768 3528 1822 quam
3565 1757 3625 1809 in

304 1831 653 1905 pinguedinis
676 1829 1057 1888 tenuissimum
1098 1832 1443 1888 ministrabat
1458 1875 1474 1900 ,
1498 1832 1758 1890 deorsum
1781 1848 1905 1904 pro-

2088 1823 2429 1906 projiciendo
2456 1825 2760 1906 in
2780 1825 3011 1906 parvulo
3028 1825 3142 1892 filio
3171 1840 3238 1879 ea:
3259 1829 3529 1894 praecepto
3554 1840 3626 1879 se-

296 1924 412 1998 jice
456 1940 554 1995 per
600 1921 920 1981 fenestram.
968 1926 1147 1995 Quam
1175 1925 1266 1982 ille
1293 1966 1310 1993 ,
1338 1941 1468 1981 cum
1511 1925 1581 1981 ad
1635 1926 1914 1999 superiora

303 2018 556 2075 concitus
587 2018 920 2090 pervolasset
938 2058 956 2086 ,
981 2034 1078 2091 per
1114 2018 1407 2076 fenestram
1442 2018 1729 2094 projiciens
1753 2036 1913 2078 com-

307 2112 669 2169 minuendam
702 2111 908 2168 dimisit
928 2111 999 2169 ad
1024 2121 1252 2180 terram,
1297 2128 1498 2184 parum
1527 2114 1791 2187 cogitans,
1828 2114 1913 2170 vel

304 2216 607 2265 retractans
669 2207 929 2279 pracepti
980 2206 1244 2278 ineptiam
1260 2245 1277 2275 ,
1324 2206 1581 2265 diurnam
1635 2209 1917 2266 necessita-

307 2310 460 2369 tem,
505 2298 891 2356 intirmitatem
918 2299 1194 2370 corporis,
1240 2300 1523 2370 penuriam
1570 2310 1913 2372 sumptuum,

302 2393 474 2450 eremi
503 2392 1125 2467 squallentisaugustias
1168 2407 1236 2449 ac
1274 2391 1624 2450 difﬁcultates
1647 2436 1664 2463 ,
1701 2394 1755 2451 in
1784 2411 1910 2468 qua,

300 2489 471 2545 etiam
494 2487 541 2545 si
586 2488 813 2561 pecunia
860 2486 1231 2560 suppeditaret
1250 2529 1267 2557 ,
1296 2487 1654 2545 nihilominus
1699 2489 1912 2562 perdita

301 2583 514 2656 species
534 2582 767 2642 inveniri
800 2582 1150 2656 repararique
1175 2598 1290 2640 non
1323 2590 1528 2655 posset.

742 2734 745 2735 ν
844 2688 1090 2745 CAPUT
1143 2686 1361 2744 XXVI.

305 2789 771 2857 Quemadmodum
808 2789 978 2843 abbas
1012 2791 1239 2843 Joannes
1281 2804 1378 2844 suo
1402 2790 1662 2847 obedierit
1686 2793 1887 2847 seniori
1894 2835 1911 2855 ,

382 2877 500 2934 cum
525 2864 790 2934 niteretur
810 2861 1017 2934 voluere
1038 2861 1368 2934 pragrande
1384 2876 1599 2927 samum,
1622 2862 1766 2934 quod
1786 2878 1852 2918 ne
1879 2879 1915 2917 a

382 2933 567 2988 multis
604 2932 825 3002 quidem
842 2932 1097 3002 possibile
1122 2936 1241 2987 erat
1261 2935 1484 2988 moveri.

379 3039 516 3096 Aliis
580 3054 801 3096 rursum
856 3038 1111 3123 aediﬁcari
1180 3039 1521 3113 cupientibus
1588 3039 1912 3100 obedientize

2094 1896 2258 1948 nimis
2281 1909 2387 1948 non
2409 1894 2679 1948 harsitavit
2702 1895 2944 1964 implere.

2090 2012 2395 2083 Hucusque
2416 2010 2627 2067 abbatis
2651 2011 2880 2067 Joannis
2905 2027 3077 2084 pauca
3097 2010 3313 2067 'dixisse
3338 2010 3408 2067 de
3431 2012 3623 2069 multis

2019 2103 2294 2171 sufﬁciat;
2325 2120 2475 2163 nunc
2505 2099 2532 2138 δ
2560 2105 2772 2161 abbatis
2805 2105 2967 2163 Mucii
2997 2105 3205 2163 factum
3229 2107 3502 2163 memoria
3541 2107 3626 2163 di-

2023 2214 2194 2271 gnum
2255 2198 2734 2279 comprehendam.
2788 2199 2894 2256 Hic
2944 2215 3187 2272 namque
3241 2199 3627 2258 abrenuntiare

2021 2291 2329 2350 desiderans
2359 2294 2486 2351 huic
2522 2294 2763 2362 mundo,
2790 2294 2999 2351 tamdiu
3037 2309 3136 2366 pro
3180 2292 3392 2350 foribus
3425 2308 3627 2349 mona-

2019 2387 2168 2443 sterii
2205 2386 2483 2443 excubans
2523 2387 2857 2459 perduravit,
2896 2387 3076 2446 donec
3122 2386 3395 2444 immobili
3443 2401 3626 2457 perse-

2020 2480 2256 2549 verantia
2286 2495 2385 2537 sua
2430 2489 2623 2536 contra
2670 2496 2895 2537 omnem
2945 2481 3401 2538 consuetudinem
3448 2494 3625 2537 coeno-

2022 2573 2242 2631 biorum
2264 2590 2392 2630 cum
2422 2573 2536 2630 lilio
2570 2589 2671 2630 suo
2696 2575 2921 2647 parvulo
2943 2615 2961 2642 ,
2994 2577 3085 2647 qui
3110 2583 3234 2631 octo
3267 2574 3480 2630 circiter
3508 2581 3628 2631 erat

2021 2682 2315 2734 annorum,
2344 2674 2408 2723 ut
2443 2666 2809 2738 susciperetur
2849 2667 3088 2724 eliceret.
3117 2670 3370 2740 Cumque
3398 2656 3621 2723 tandem

2022 2762 2227 2831 recepti
2253 2759 2504 2829 fuissent,
2529 2758 2816 2816 confestim
2862 2776 2976 2816 non
3024 2761 3204 2816 solum
3240 2760 3466 2815 diversis
3493 2774 3624 2831 prae-

2024 2854 2211 2927 positis
2246 2854 2469 2923 traditi,
2512 2869 2705 2910 verum
2747 2854 2911 2910 etiam
2948 2853 3103 2909 cellae
3144 2852 3481 2909 habitatione
3534 2868 3622 2908 se-

2015 2948 2190 3021 juncti
2216 2956 2380 3016 sunt,
2402 2964 2475 3004 ne
2499 2948 2706 3004 scilicet
2742 2948 2860 3021 jugi
2897 2947 3101 3004 visione
3135 2946 3380 3019 parvuli,
3404 2946 3626 3002 remini-

2021 3048 2262 3098 sceretur
2306 3049 2461 3114 pater
2498 3056 2566 3098 ex
2592 3040 2746 3098 omni
2787 3055 2887 3098 sua
2916 3082 2932 3109 ,
2961 3052 3130 3115 quam
3177 3039 3501 3097 renuntians
3538 3039 3625 3096 ab-

1395 3176 1653 3233 ALARDI
1689 3178 1921 3234 GAZEI
1956 3177 2524 3235 COMMENTARIUS.

236 3360 245 3371 _
387 3302 417 3330 ⁸
453 3296 731 3371 Lenticula
787 3314 881 3371 vas
939 3300 1202 3357 olearium
1223 3339 1240 3367 ,
1298 3315 1395 3357 seu
1453 3316 1489 3355 ιι

297 3368 470 3441 quod
498 3367 673 3444 Graeci
695 3369 900 3444 9m6v,;
915 3372 995 3428 vel
1013 3371 1174 3443 φαχήν
1200 3379 1437 3437 vocant;
1460 3367 1667 3428 Gellius
1692 3380 1910 3444 guttum

296 3439 548 3511 masculi.
577 3454 772 3511 genere
791 3443 936 3505 (Lib.
956 3439 1093 3500 xvn
1108 3460 1153 3497 c.
1180 3448 1235 3510 8,
1254 3445 1405 3500 Noct.
1423 3445 1593 3500 Attio.
1610 3448 1650 3508 ),
1668 3439 1910 3501 lsidorus

301 3510 637 3587 ienticuluin
676 3520 881 3587 vocat,_
902 3523 959 3569 et
989 3531 1021 3569 a
1048 3513 1286 3587 liniendo
1314 3514 1521 3570 dictum
1563 3522 1751 3584 putat,
1783 3516 1909 3587 quia

297 3582 395 3637 his
418 3596 574 3649 reges
616 3588 672 3654 et
699 3583 1006 3654 sacerdotes
1048 3582 1659 3654 liniebantur(Etymol.
1704 3582 1910 3641 libfxx

302 3668 433 3723 cap.
481 3657 575 3719 7).
624 3652 765 3709 Lud.
811 3655 974 3711 Vives
1011 3655 1321 3712 lenticulam
1365 3671 1396 3710 a
1422 3652 1666 3711 len’titate
1706 3656 1907 3712 dictam

300 3731 471 3795 putat
489 3763 504 3789 ,
535 3723 683 3793 quod
705 3724 846 3780 lente
871 3741 932 3781 ex
959 3742 1020 3782 ea
1047 3727 1212 3781 stillet
1238 3728 1423 3783 oleum
1453 3730 1557 3793 (In
1582 3727 1676 3782 lib.
1702 3742 1811 3783 xvi
1842 3728 1910 3783 de

303 3797 471 3869 Civil.
620 3810 738 3869 cap.
767 3799 889 3866 37).
920 3796 1114 3854 Melius
1128 3796 1216 3852 alii
1240 3814 1271 3853 a
1299 3798 1471 3869 ﬁgura
1497 3797 1910 3869 etsimilitudine

302 3865 604 3936 leguminis
615 3864 717 3937 (de,
729 3864 1015 3937 quo'supra
1026 3884 1151 3937 cap.
1172 3873 1276 3935 20)
1303 3864 1610 3924 lenticulam
1635 3867 1906 3925 derivant:

306 3944 562 4008 quamet
584 3936 847 4005 Apuleius
856 3936 1111 3994 describit
1122 3938 1204 3994 his
1218 3938 1394 3994 verbis
1420 3955 1434 3990 :
1452 3940 1772 4007 Ampullam
1790 3955 1914 4008 quo-

304 4022 416 4076 que
443 4007 721 4068 oleariam,
744 4024 909 4078 quam
928 4010 1173 4077 gestabat
1192 4010 1499 4064 lenticulari
1516 4011 1695 4076 forma
1714 4050 1731 4071 ,
1759 4007 1918 4064 tereti

304 4077 543 4140 ambitu,
552 4077 788 4149 prasula
802 4080 1153 4141 rotunditate,
1165 4088 1272 4135 etc.
1286 4080 1489 4134 Plinius
1505 4079 1629 4133 item
1644 4079 1736 4134 lib.
1746 4094 1911 4136 xvm

301 4154 521 4220 cap.13
540 4167 554 4202 :
576 4152 713 4209 Duo,
731 4149 829 4215 ait,
847 4150 1004 4204 lentis
1024 4153 1284 4218 generain
1297 4153 1528 4220 Egypto
1545 4150 1915 4209 :alterumro-

302 4219 532 4274 auidius
551 4221 869 4289 nigriusque
881 4239 898 4285 ;
910 4221 1142 4276 alterum
1155 4238 1254 4277 sua
1266 4219 1472 4291 ﬁgura;
1482 4221 1625 4276 unde
1640 4224 1792 4275 uario
1811 4238 1915 4277 usu

305 4291 642 4345 translatum
651 4296 730 4346 est
743 4293 802 4346 in
815 4292 1097 4347 lenticulas
1113 4293 1437 4351 nomen.Ubi
1456 4292 1749 4349 lenticulas
1757 4301 1915 4348 vocat

304 4360 631 4432 hujusmodi
660 4362 965 4419 vasculaad
989 4361 1228 4419 formam
1271 4364 1427 4420 lentis
1451 4364 1596 4420 varie
1637 4361 1817 4419 efﬁcta
1859 4373 1915 4419 et

301 4440 642 4502 nuncupata.
666 4433 888 4507 Dicitur
902 4434 1049 4507 alias
1076 4435 1240 4507 etiam
1268 4434 1515 4507 lecythus
1535 4434 1662 4507 olei,
1689 4436 1770 4491 Ill
1798 4438 1908 4507 Re-

302 4518 444 4576 gum
469 4517 631 4560 xvu.
655 4504 757 4576 Sed
788 4504 1037 4561 lenticula
1057 4506 1161 4561 olei
1191 4507 1246 4562 in
1264 4504 1538 4576 Scriptura
1557 4506 1770 4562 videtur
1798 4505 1912 4561 usi-

301 4573 584 4648 tatiortet
608 4574 774 4648 veluti
823 4576 1105 4648 peculiaris
1145 4573 1494 4635 unctionibus
1546 4579 1784 4648 Regum.
1834 4579 1910 4633 Ea

302 4645 462 4700 enim
492 4645 645 4719 Saul,
660 4645 808 4719 _.l_ehu
826 4645 883 4701 et
916 4647 1080 4719 Azael
1109 4649 1255 4703 uncti
1282 4651 1535 4719 leguntur
1549 4645 1725 4719 αἰὲς.
1758 4651 1800 4714 I,
1830 4664 1905 4713 x;

2010 4152 2254 4221 jusserat
2293 4154 2483 4207 datum
2501 4158 2654 4215 esset,
2679 4156 2703 4206 i

1605 3302 1907 3366 antarium,
1938 3306 1984 3370 C
2020 3304 2455 3374 Oppositajuata
2466 3305 2717 3374 seposita
2728 3306 2908 3373 magis
2924 3305 3242 3360 eluoescunt.
3266 3306 3345 3359 Eo
3368 3306 3618 3372 tempore,

2017 3373 2220 3445 inquit,
2243 3390 2350 3443 quo
2373 3373 2748 3429 alimentorum
2766 3377 2951 3444 impia
2979 3376 3337 3443 Campaniam
3370 3377 3617 3442 graviter

2017 3446 2324 3514 affligebat,
2350 3447 2440 3499 vir
2462 3448 2563 3501 Dei
2580 3445 2804 3500 diem
2816 3446 3182 3513 indigentibus
3199 3446 3513 3499 monasterii
3530 3447 3625 3498 sui

2015 3521 2205 3571 ciuicta
2229 3517 2517 3577 tribuerat,
2547 3520 2611 3570 ut
2628 3532 2764 3585 pene
2785 3517 2923 3571 nihil
2942 3518 3002 3570 in
3028 3517 3265 3583 cellario,
3285 3518 3396 3570 nisi
3416 3530 3620 3584 parum

2018 3588 2154 3656 quat
2175 3588 2279 3643 olei
2300 3589 2362 3643 in
2390 3590 2561 3642 vitreo
2586 3603 2713 3642 vase
2739 3592 3059 3642 remaneret.
3081 3590 3228 3643 Tunc
3256 3587 3478 3656 quidam
3494 3586 3622 3640 sub-

2017 3659 2294 3719 diaconus.
2320 3660 2588 3728 Agapitus
2606 3661 2833 3722 nomine,
2862 3658 3102 3721 aduenit,
3114 3673 3427 3728 magnopere
3439 3663 3624 3727 postu-

2017 3729 2156 3792 lans,
2186 3734 2249 3783 ut
2273 3730 2381 3785 sibi
2399 3729 2799 3798 aliquantulum
2817 3731 2920 3785 olei
2936 3730 3066 3785 dari
3090 3730 3375 3784 debuisset.
3404 3730 3505 3782 Vir
3520 3742 3621 3782 ἀτι-

2021 3804 2125 3853 tem
2142 3802 2374 3863 Domini,
2395 3803 2492 3868 qui
2516 3805 2702 3856 cuncta
2719 3801 3021 3856 decreverat
3043 3803 3104 3855 in
3125 3805 3273 3855 terra
3288 3800 3537 3859 tribuere,
3559 3803 3621 3852 ut

1999 3872 2079 3923 ἄη
2116 3872 2240 3926 calo
2459 3876 2778 3951 reseruaret,
2814 3873 2915 3951 _h_oc_
2926 3873 3112 3951 ipsum
3127 3885 3330 3951 parum
3364 3868 3508 3936 quod
3533 3884 3625 3951 re:

2017 3947 2289 3997 manserat
2311 3942 2430 4003 olei,
2456 3942 2623 4011 jussit
2644 3945 2851 4011 petenti
2877 3943 3022 3997 dari.
3052 3940 3341 3998 Monachus
3365 3953 3491 4011 vero
3527 3940 3622 4011 qui

2018 4013 2297 4067 cellarium
2328 4008 2563 4075 tenebat,
2590 4008 2801 4069 auarae
2818 4013 3039 4082 quidem
3051 4012 3296 4081 jubentis
3312 4008 3507 4082 verba;
3529 4009 3623 4082 sed

2018 4084 2240 4151 implere
2278 4084 2511 4137 distulit.
2544 4085 2781 4151 Cumque
2806 4078 2931 4153 post
2946 4078 3264 4151 paululum,
3297 4082 3348 4134 si
3387 4079 3450 4134 id
3480 4078 3624 4146 quod

2020 4152 2254 4202 iusserat
2293 4154 2483 4202 datum
2501 4158 2654 4202 esset-
2679 4155 2996 4202 inquireret.
3024 4152 3301 4202 respondit
3334 4149 3623 4202 monachus

3255 4153 3301 4204 it
3334 4153 3623 4204 monachus

2018 4238 2075 4278 se
2094 4225 2312 4278 minime
2335 4223 2579 4287 dedisse;
2608 4225 2738 4290 quia
2764 4225 2815 4276 si
2846 4223 2991 4276 illud
3009 4224 3060 4276 ei
3080 4221 3375 4282 tribueret,
3405 4221 3619 4277 omnino

2019 4294 2159 4347 nihil
2169 4294 2437 4359 fratribus
2450 4297 2769 4349 remaneret.
2790 4296 2934 4349 Tum
2949 4295 3128 4348 iratus
3136 4292 3260 4347 aliis
3270 4292 3544 4361 praecepit,
3560 4296 3625 4347 ut

2021 4364 2117 4418 hoc
2138 4367 2317 4435 ipsum
2336 4379 2431 4418 uas
2458 4366 2708 4426 vitreum,
2733 4366 2793 4418 in
2812 4379 2917 4434 quo
2938 4380 3141 4435 parum
3182 4362 3285 4418 olei
3308 4364 3622 4421 remansisse

2018 4435 2322 4502 videbatur,
2348 4450 2448 4505 per
2467 4437 2761 4503 fenestram
2790 4435 3149 4506 proﬁcerent;
3186 4451 3254 4490 ne
3278 4437 3338 4489 in
3362 4435 3496 4490 cella
3519 4436 3620 4489 ali-

2018 4508 2156 4576 quid
2162 4523 2261 4577 per
2277 4508 2695 4563 inobedientiam
2719 4512 3034 4570 remaneret,
3062 4509 3376 4576 factumque
3393 4516 3489 4562 est.
3507 4508 3618 4564 Sub

2016 4580 2261 4644 fenestra
2271 4582 2455 4634 autem
2464 4580 2646 4634 eadem
2656 4581 2841 4647 ingens
2854 4581 3215 4650 praecipitium
3225 4578 3451 4648 patebat
3467 4594 3619 4633 sacco-

2018 4651 2395 4733 rumumolibus
2421 4665 2688 4733 asperum.
2717 4650 3020 4733 Hojectum
3038 4652 3226 4719 itaque
3254 4663 3360 4733 uas
3385 4650 3621 4733 vitreum

2700 4155 2996 4221 inquireret,
3024 4168 3057 4207 r

308 4720 358 4771 1.
387 4731 527 4781 xu;
556 4722 608 4771 et
635 4707 727 4783 lV,
770 4721 887 4783 ιι).
916 4718 1075 4775 Solus
1102 4719 1276 4774 David
1311 4707 1482 4774 dormi
1512 4707 1615 4773 olei
1645 4707 1841 4774 unctus
1877 4707 1908 4774 εἰ
1940 4707 1992 4769 Ι)
2016 4724 2161 4775 venit
2182 4723 2240 4775 in
2260 4736 2433 4785 sacra;
2457 4707 2552 4775 scd
2572 4723 2649 4776 sic
2670 4707 3238 4782 mansitincolumé,ac
3260 4719 3621 4787 siprojectum

302 4788 568 4861 Samuele
590 4788 615 4843 Ι
640 4790 779 4861 Reg.
812 4803 952 4853 va;
980 4805 1092 4861 non
1123 4790 1243 4846 sine
1277 4788 1572 4861 mysterio,
1594 4787 1665 4846 de
1698 4805 1807 4859 quo
1833 4792 1905 4861 D.

302 4858 617 4927 Gregorius
656 4858 753 4916 lib:
811 4874 877 4916 IV
927 4860 983 4916 in
1033 4860 1200 4917 libros
1225 4858 1365 4930 Reg.
1394 4874 1514 4930 cap.
1566 4874 1642 4914 ιν.
1687 4858 1911 4916 Notavit

302 4930 477 4984 etiam
528 4930 815 4986 Ciaconius
873 4931 1188 4987 lenticulam
1274 4930 1507 4987 subinde
1551 4930 1657 4986 dici
1681 4931 1750 4986 de
1787 4947 1911 4988 vase

303 4999 558 5070 aquario.
588 5002 732 5055 Nam
761 5003 782 5055 1
814 5004 948 5072 Reg.
980 5017 1152 5070 xxvi,
1184 5002 1273 5058 ubi
1298 5000 1479 5056 David
1514 4999 1714 5056 dicitur
1745 5017 1807 5056 ex
1833 5010 1911 5057 ta-

305 5070 606 5142 bernaculo
657 5071 832 5128 Saulis
880 5072 1204 5129 subduxisse
1258 5072 1497 5136 hastam,
1535 5086 1660 5142 quae
1703 5080 1819 5142 erat
1843 5073 1914 5131 ad

303 5112 1680 5215 ἔιῗρξᾶῐ”ξὶιῖε,”ἒζξὲὀςῐῖιῖι“ἕι“ἑῖι”ιῖεεζ’“ἒῖῥ’ὤεξι²ἱ›ῒερ
1704 5112 1915 5215 ’1ἶέιῇὶῖ

301 5212 469 5287 φακὸν
502 5211 698 5287 iactae,
728 5211 784 5287 id
834 5211 936 5278 est,
973 5211 1200 5287 lentem_
1225 5211 1419 5287 aquae;
1442 5211 1912 5287 quemadmodum

305 5292 365 5337 et
393 5286 490 5357 D._
514 5284 843 5357 Ambrosius
882 5285 1136 5357 exposuit
1188 5283 1292 5342 lib.’
1335 5299 1418 5342 ιιι
1442 5283 1604 5341 Oiﬁe.
1653 5298 1773 5357 cap.
1814 5291 1853 5357 ,5
1895 5304 1907 5339 :

307 5354 508 5419 David,
544 5354 749 5425 inquit,
783 5354 1059 5420 lanceam,
1095 5372 1218 5426 quae
1242 5361 1362 5412 erat
1385 5356 1463 5411 ad
1497 5360 1660 5426 caput
1687 5356 1823 5426 Saul
1862 5360 1914 5411 et

308 5425 621 5497 Ianiculum
661 5427 787 5481 tulit
834 5443 1007 5497 aqua.
1039 5425 1209 5484 Porro
1234 5429 1303 5484 ad
1355 5425 1737 5483 illustrandum
1769 5425 1913 5482 hunc

308 5496 551 5570 Cassiani
607 5495 788 5570 locum
833 5495 1047 5570 juvabit
1096 5498 1261 5565 etiam
1312 5498 1400 5554 hic
1466 5506 1685 5570 notasse
1730 5498 1913 5569 simile

308 5567 597 5638 quoddam
632 5567 851 5624 factum'
877 5570 1019 5625 circa
1045 5582 1298 5625 eamdem
1357 5569 1666 5637 materiam,
1711 5567 1911 5639 nempe

307 5639 612 5711 ampullam
638 5639 740 5711 olei
760 5680 776 5703 ,
806 5639 953 5711 quod
986 5641 1126 5697 inter
1154 5640 1415 5697 miracula
1457 5641 1705 5696 sanctiss.
1738 5640 1913 5695 Patris

308 5710 483 5765 nostri
516 5710 987 5794 Benedictirei‘ert
1013 5714 1082 5794 ρ.
1119 5712 1414 5794 Gregorius
1433 5711 1552 5794 lib.
1575 5726 1626 5768 ιι
1656 5711 1909 5794 Dialogo-

308 5795 435 5836 rum
466 5796 588 5851 cap.
622 5786 712 5835 28.
764 5782 987 5847 Simile,
1017 5782 1275 5853 inquam,
1309 5784 1364 5837 in
1394 5784 1592 5837 virtute
1635 5782 1908 5851 magistri,

309 5866 422 5907 non
453 5853 510 5907 in
541 5851 848 5909 obedientia
870 5853 1154 5925 discipuli;
1186 5863 1248 5909 ut
1269 5853 1429 5924 juxta
1469 5852 1863 5923 Philosophum
1895 5871 1907 5906 :

2015 4794 2235 4847 minime
2258 4794 2482 4859 fuisset;
2507 4794 2589 4846 ita
2615 4796 2677 4846 ut
2702 4806 2872 4861 neque
2896 4792 3112 4858 frangi,
3140 4805 3309 4861 neque
3331 4788 3503 4861 oleum
3530 4789 3619 4852 ef-

2016 4857 2453 4931 fundi
2477 4862 2630 4927 Quod
2645 4863 2730 4915 vir
2754 4857 2969 4917 Domini
2984 4857 3237 4931 praecepit
3250 4857 3439 4931 leuari,
3456 4861 3622 4931 atque

2016 4926 2079 4986 ut
2090 4926 2216 4986 erat
2228 4973 2242 4993 ,
2256 4926 2525 5000 integrum
2536 4932 2741 4999 petenti
3110 4928 3334 4982 collectis
3351 4926 3620 5000 fratribus

2427 5001 2745 5055 mendcium
2763 5001 2830 5053 de
2843 4999 3163 5067 inﬁdelitate
3188 5013 3291 5052 sua
3305 5001 3355 5052 et
3367 4999 3620 5068 superbia

2022 5086 2204 5139 coram
2224 5073 2467 5125 omnibus
2492 5072 2806 5139 increpavit.
2834 5070 2971 5125 Haec
2991 5069 3310 5139 Gregorius.

2095 5134 2122 5173 δ
2147 5141 2360 5197 Mucius
2390 5141 2482 5197 hic
2516 5134 2651 5197 alius
2678 5154 2798 5196 esse
2843 5134 3057 5196 videtur
3086 5134 3273 5198 abillo
3313 5139 3494 5198 Mutio
3532 5140 3616 5197 vel

2022 5211 2386 5279 Patermutio,
2420 5211 2578 5284 cujus
2612 5210 2921 5284 mirabilem
2958 5213 3404 5284 conversionem.
3452 5219 3506 5268 et
3531 5228 3620 5284 res
3724 5256 3730 5262 .

2020 5292 2223 5409 gestas,
2267 5281 2546 5367 multaque
2592 5282 2855 5368 miracula
2898 5282 3066 5340 refert
3105 5283 3340 5368 Ruﬁnus
3375 5283 3432 5338 in
3483 5281 3619 5366 Vitis

2064 5365 2246 5409 atrum
2272 5356 2426 5409 (Vid.
2454 5358 2576 5409 Pat.
2599 5355 2695 5409 lib.
2723 5369 2772 5409 ιι
2798 5370 2915 5409 can.
2947 5360 3009 5409 9.
3029 5372 3168 5409 noua
3187 5356 3359 5409 edit.)
3394 5371 3409 5408 :
3437 5370 3526 5409 aut
3552 5370 3619 5409 ex

2064 5365 2246 5412 atrum
2272 5356 2426 5423 (Vid.
2454 5358 2576 5411 Pat.
2599 5355 2695 5410 lib.
2723 5369 2772 5411 ιι
2798 5370 2915 5424 cap.
2947 5360 3009 5418 9,
3029 5372 3168 5411 noua
3187 5356 3359 5420 edit.)
3394 5371 3409 5408 :
3437 5356 3526 5424 qui
3552 5370 3619 5409 ex

2020 5428 2207 5498 gentili
2250 5435 2306 5482 et
2354 5426 2563 5482 latrone
2615 5426 2685 5498 ad
2722 5426 3019 5498 Ecclesium
3062 5428 3320 5498 primum
3358 5426 3618 5491 accessit,

2022 5496 2115 5553 ubi
2162 5497 2866 5579 a_presbyteris.edoctus,o
2901 5496 3218 5579 paulo'post
3257 5496 3324 5551 ad
3338 5510 3435 5550 ere
3452 5510 3608 5579 mum

2019 5567 2265 5634 secessit,
2292 5567 2472 5625 ubi'et
2504 5568 2780 5624 solitarius
2817 5567 2980 5633 vixit,
3021 5567 3131 5624 non
3160 5569 3217 5624 in
3255 5567 3617 5629 monasterio,

2020 5647 2083 5693 ut
2111 5639 2463 5714 hicMucius.
2494 5639 2644 5696 Nihil
2670 5640 2804 5714 item
2833 5639 2907 5714 ibi
2930 5638 2997 5694 de
3040 5638 3152 5695 filio
3184 5635 3407 5714 parvulo
3433 5634 3622 5714 inmo—

2016 5711 2320 5769 nasterium
2349 5711 2619 5781 adducto,
2660 5719 2716 5768 et
2760 5710 2817 5766 in
2872 5710 3082 5766 ﬂumen
3117 5704 3212 5780 per
3247 5704 3619 5763 obedientiam

2020 5781 2285 5852 projecto.
