3996 6198
385 232 485 287 187

1720 228 2000 287 JOANNIS
2035 228 2338 286 CASSIANI

3578 221 3676 277 188

373 355 602 429 jecerat,
618 353 879 413 facultate
902 362 1064 427 atque
1088 352 1378 412 affectione
1402 354 1622 423 carnali,
1650 354 1841 410 saltem
1873 332 1974 411 sibi
2006 357 2061 421 Α
2084 354 2220 411 dens
2266 351 2501 410 coenobii
2557 350 2757 417 senior,
2826 347 2894 405 ad
2950 344 3420 419 comprobandam
3470 343 3678 416 penitus

380 444 553 502 ﬁlium
582 462 861 519 superesse
886 469 899 505 :
945 456 1000 503 et
1027 446 1493 520 quemadmodum
1524 462 1583 503 se
1608 447 1725 520 jam
1752 447 1976 504 divitem

377 555 489 596 non
514 555 632 597 esse
673 540 899 606 sciebat,
926 541 997 597 ita
1022 541 1186 597 etiam
1232 549 1440 613 patrem
1478 556 1537 597 se
1577 557 1694 597 esse
1725 543 1972 599 nesciret.

378 631 539 702 Quod
580 641 640 688 ut
684 633 892 704 plenius
936 634 1277 705 probaretur,
1325 641 1512 689 utrum
1563 633 1808 690 videlicet
1855 634 1978 706 plus

379 725 583 783 faceret
623 726 912 784 affectione
952 727 1226 799 sanguinis
1247 770 1264 797 ,
1311 743 1375 783 ac
1420 744 1645 784 suorum
1708 727 1978 784 viscerum

380 820 676 889 charitate,
727 838 797 877 an
843 820 1146 878 obedientia
1189 829 1245 878 et
1278 822 1697 879 mortificatione
1739 821 1937 878 Christi
1961 864 1977 889 ,

381 930 546 987 quam
569 916 883 971 renuntians
911 916 1139 988 quisque
1162 931 1261 989 pro
1301 916 1419 989 ejus
1445 915 1607 972 debet
1631 931 1817 973 amore
1838 931 1977 988 prm-

377 1007 551 1074 ferre,
606 1006 676 1063 de
725 1006 987 1063 industria
1037 1007 1409 1080 negligebatur
1451 1006 1740 1079 parvulus,
1789 1007 1980 1078 pannis

381 1099 561 1171 potius
612 1115 776 1172 quam
817 1100 1153 1157 vestimentis
1182 1100 1435 1169 indutus,
1474 1099 1729 1157 sordibus
1765 1114 1981 1173 quoque

380 1194 455 1250 ita
507 1194 712 1250 obsitus
760 1210 826 1250 ac
878 1193 1114 1251 foedatus
1136 1237 1153 1263 ,
1180 1202 1244 1251 ut
1281 1193 1558 1251 offendere
1591 1193 1769 1266 potius
1815 1209 1983 1267 quam

381 1286 648 1344 delectare
672 1296 928 1359 paternos
956 1288 1143 1345 oculos
1186 1297 1400 1360 posset,
1422 1288 1632 1361 quoties
1666 1287 1736 1344 ab
1764 1303 1829 1344 eo
1858 1286 1985 1344 fuis-

381 1390 467 1437 set
494 1389 744 1452 aspectus
773 1401 786 1437 :
812 1381 907 1438 sed
948 1382 1111 1439 etiam
1142 1382 1383 1455 colaphis
1420 1393 1584 1455 atque
1614 1382 1786 1455 alapis
1816 1398 1983 1454 expo-

286 1462 295 1465 ⁷
382 1476 520 1531 situs
567 1474 942 1546 diversorum,
989 1492 1125 1550 quas
1183 1477 1506 1550 plerumque
1556 1476 1659 1533 sub
1706 1474 1986 1532 obtutibus

383 1568 496 1625 suis
524 1568 794 1626 innocenti
823 1570 1047 1643 parvulo
1080 1571 1244 1627 etiam
1289 1571 1452 1643 gratis
1479 1570 1734 1627 cernebat
1762 1569 1929 1640 infligi
1965 1586 1979 1625 :

381 1662 459 1718 ita
484 1671 545 1718 ut
590 1680 888 1736 numquam
931 1681 1095 1738 genas
1123 1666 1275 1737 eius,
1306 1666 1406 1721 nisi
1450 1666 1818 1739 lacrymarum
1859 1681 1983 1724 sor-

388 1756 642 1813 dentibus
688 1758 922 1830 vestigiis
967 1758 1175 1815 videret
1224 1757 1471 1815 infectas.
1514 1760 1764 1831 Cumque
1805 1758 1984 1815 taliter
2009 1753 2058 1817 B

378 1849 561 1905 infans
613 1850 717 1906 sub
753 1852 923 1908 oculis
960 1852 1077 1924 ejus
1128 1868 1224 1924 per
1264 1852 1379 1908 dies
1424 1853 1668 1925 singulos
1709 1861 1983 1926 ageretur,

377 1959 476 2015 pro
503 1958 690 2000 amore
725 1944 1077 2002 nihilominus
1097 1945 1298 2003 Christi
1326 1954 1380 2001 et
1405 1945 1726 2003 obedientiae
1758 1946 1979 2013 virtute,

374 2037 549 2109 rigida
604 2053 819 2112 semper
866 2048 1029 2112 atque
1071 2038 1368 2095 immobilia
1416 2038 1582 2111 patris
1626 2037 1822 2095 viscera
1862 2055 1983 2110 per-

377 2142 717 2189 manserunt.
748 2135 874 2190 Non
910 2134 1060 2190 enim
1097 2134 1215 2206 jam
1253 2134 1554 2205 reputabat
1588 2148 1749 2189 suum
1782 2133 1980 2203 tilium,

378 2241 541 2299 quem
578 2241 765 2282 secum
788 2228 986 2300 pariter
1021 2227 1294 2283 obtulerat
1318 2227 1535 2285 Christo
1569 2246 1583 2283 :
1614 2243 1719 2283 nec
1758 2228 1984 2284 curabat

376 2319 446 2376 de
475 2320 833 2392 praesentibus
860 2320 976 2393 ejus
1004 2320 1213 2392 injuriis
1239 2361 1256 2389 ,
1288 2320 1384 2376 sed
1427 2321 1609 2393 potius
1636 2320 1981 2392 exsultabat,

378 2414 525 2487 quod
552 2428 643 2471 eas
675 2429 1025 2488 nequaquam
1050 2414 1384 2471 infructuose
1420 2414 1679 2471 cernebat
1713 2414 1930 2471 tolerari
1962 2433 1977 2471 :

380 2521 574 2580 parum
616 2509 863 2579 cogitans
900 2506 969 2564 de
1016 2506 1266 2579 lacrymis
1308 2506 1424 2579 ejus
1447 2548 1464 2575 ,
1512 2507 1609 2563 sed
1653 2504 1722 2563 de
1767 2507 1986 2579 propria

388 2601 695 2659 humilitate
719 2617 783 2658 ac
809 2599 1139 2673 perfectione
1165 2600 1445 2657 sollicitus.
1479 2602 1659 2671 Quam
1686 2599 1983 2657 districtio-

376 2710 503 2752 nem
542 2694 742 2752 mentis
781 2694 923 2752 illius
958 2702 1123 2768 atque
1152 2692 1495 2750 immobilem
1538 2693 1779 2767 rigorem
1812 2695 1985 2767 pervi-

2082 448 2249 505 animi
2283 447 2397 519 ejus
2420 445 2954 511 constantiam,'cum
2986 442 3197 515 plorare
3226 438 3461 513 quadam
3493 437 3581 495 die
3608 438 3680 494 vi-

2083 540 2554 603 dissetinfantem,
2595 539 2857 595 simulans
2882 552 2941 593 se
2979 536 3237 592 adversus
3280 548 3407 590 eum
3434 548 3677 590 commo-

2083 643 2224 700 tum,
2251 638 2277 667 ³
2305 633 2562 707 praecepit
2584 632 2745 705 patri,
2771 639 2834 687 ut
2861 630 3059 687 tollens
3087 644 3211 685 eum
3241 628 3464 699 iactaret
3504 628 3565 682 in
3592 626 3680 684 llu-

2083 747 2230 789 men.
2261 734 2419 788 Tunc
2440 730 2528 787 ille
2560 732 2706 787 velut
2731 745 2762 784 a
2790 727 3031 785 Domino
3076 726 3177 782 sibi
3222 725 3327 781 hoc
3353 732 3681 796 praeceptum

2085 833 2247 892 esset,
2298 823 2586 881 confestim
2624 822 2782 879 celeri
2826 836 2991 878 cursu
3025 819 3239 892 rapiens
3299 818 3504 887 tilium,
3546 818 3682 875 ulnis

2087 918 2320 991 propriis
2359 932 2529 990 usque
2572 915 2642 972 ad
2670 930 2822 971 oram
2848 914 3089 970 fluminis
3112 911 3326 969 advexit
3359 913 3677 984 jactaturus.

2085 1009 2247 1081 Quod
2267 1008 2510 1083 profecto
2552 1006 2765 1064 fervore
2795 1006 2918 1063 fidei
2954 1015 3010 1062 et
3048 1004 3370 1063 obedientiae
3420 1004 3538 1077 ejus
3560 1003 3682 1061 fuis-

2084 1113 2169 1161 set
2193 1120 2354 1176 opere
2397 1109 2841 1159 consummatum
2868 1120 2883 1167 ;
2910 1099 3012 1155 nisi
3052 1098 3326 1171 procurati
3357 1096 3587 1154 fuissent
3621 1098 3682 1155 de

2087 1199 2349 1257 industria
2394 1196 2612 1269 fratres,
2636 1197 2727 1269 qui
2764 1195 2992 1252 sollicite
3041 1194 3220 1266 ripam
3270 1192 3683 1258 fluminisobsi-

2089 1291 2313 1361 derent,
2339 1289 2746 1363 projectumque
2778 1288 2899 1361 jam
2931 1296 2988 1344 et
3025 1284 3435 1357 quodammodo
3473 1285 3542 1341 de
3581 1285 3681 1342 flu-

2089 1385 2252 1441 minis
2279 1383 2432 1439 alveo
2472 1381 2758 1455 parvulum
2786 1381 3124 1453 rapuissent;
3160 1385 3217 1433 et
3257 1378 3682 1434 consummatio-

2090 1494 2218 1535 nem
2263 1475 2517 1550 prmeepti
2535 1517 2552 1544 ,
2596 1474 2857 1547 obsequio
2904 1474 3072 1547 patris
3108 1486 3173 1528 ac
3208 1471 3496 1528 devotione
3535 1487 3684 1528 com-

2089 1572 2293 1645 pletam
2326 1570 2396 1626 ab
2429 1568 2629 1626 effectu
2674 1568 2852 1641 operis
2874 1610 2889 1636 ,
2911 1574 3078 1638 atque
3115 1564 3185 1621 ab
3235 1564 3354 1637 ipso
3384 1563 3495 1620 ﬁne
3536 1579 3683 1622 revo-

2089 1671 2325 1721 cessent.

2626 1780 2868 1837 CAPUT
2895 1778 3164 1835 XXVIII.

2093 1899 2547 1968 Quemadmodum
2568 1898 2861 1952 revelatum
2883 1898 2955 1951 sit
2982 1895 3168 1949 abbati
3179 1937 3198 1968 ,_
3221 1893 3287 1968 d_e
3308 1898 3468 1968 patre
3484 1894 3683 1968 Mucio,

2161 1986 2293 2041 opus
2329 1986 2449 2025 eum
2484 1970 2722 2025 Abrahtr
2750 1970 2957 2035 fecisse,
2984 1972 3035 2021 et
3056 1965 3494 2041 quoddefuncto‘
3521 1965 3685 2041 eidem

2160 2037 2350 2096 abbati
2364 2042 2505 2096 idem
2519 2045 2681 2111 pater
2704 2042 2908 2096 Mucius
2935 2041 2995 2093 in
3010 2039 3326 2093 monasterii
3342 2037 3686 2091 administra-

2163 2117 2358 2169 tionem
2399 2114 2726 2168 successen't.

2160 2228 2329 2301 Cujus
2354 2228 2489 2285 ﬁdes
2525 2236 2687 2300 atque
2707 2225 2921 2284 devotio
2947 2226 3003 2281 in
3029 2232 3249 2282 tantum
3264 2227 3386 2281 Deo
3410 2224 3516 2282 fuit
3536 2239 3683 2281 acce-

2091 2334 2209 2399 pta,
2247 2334 2311 2381 ut
2334 2324 2514 2382 divino
2538 2324 2725 2381 statim
2750 2321 3065 2379 testimonio
3088 2322 3442 2393 comprobata
3465 2321 3552 2378 sit.
3581 2323 3688 2378 Re-

2091 2416 2328 2471 velatum
2355 2429 2591 2485 namque
2625 2422 2709 2469 est
2742 2413 3001 2469 continuo
3022 2411 3241 2479 seniori,
3265 2411 3366 2467 bac
3387 2426 3513 2467 eum
3551 2409 3688 2468 obe-

2091 2509 2292 2565 dientia
2315 2504 2342 2541 δ
2362 2507 2599 2565 Abrahae
2625 2506 2949 2579 patriarchae
2974 2521 3113 2577 opus
3138 2504 3412 2577 implesse.
3434 2506 3689 2577 Cumque

2092 2600 2241 2658 brevi
2265 2610 2512 2673 tempore
2530 2608 2805 2656 transacto
2830 2598 2978 2655 idem
3000 2597 3167 2655 abbas
3184 2598 3418 2655 coenobii
3439 2596 3508 2655 de
3524 2612 3692 2653 mun-

2093 2694 2149 2751 di
2167 2694 2333 2768 hujus
2356 2694 2788 2751 commoratione
2812 2693 3072 2767 migraret
3095 2691 3167 2748 ad
3194 2691 3519 2759 Dominum,
3543 2690 3687 2748 hunc

1478 2836 1735 2892 ALARDI
1771 2836 1998 2894 GAZJEI
2035 2833 2594 2895 COMMENTARIUS.

453 2964 479 2994 ⁸
517 2960 724 3016 Mirum
764 2974 893 3032 sane
919 2959 1232 3032 exemplum
1255 2999 1270 3025 ,
1305 2967 1361 3013 et
1402 2958 1713 3032 mirandum
1761 2957 1974 3032 potius,

382 3047 550 3103 quam
577 3031 931 3103 imitandum.
952 3031 1059 3086 Sed
1082 3029 1476 3103 utrummagis
1508 3029 1751 3103 mireris,
1783 3029 1978 3103 praeci-

387 3097 738 3172 pientem,'an
775 3097 1457 3172 obedientem]_Abbatem
1486 3099 1590 3172 tale
1627 3100 1756 3170 quid
1784 3097 1978 3172 praeci—

381 3168 508 3242 pere
537 3169 798 3242 potuisse,
831 3178 892 3224 ut
934 3177 1084 3240 pater
1114 3168 1285 3242 filium
1320 3184 1489 3242 suum
1515 3168 1757 3241 jactaret
1784 3168 1854 3226 Vin
1886 3170 1982 3226 ﬂu-

381 3238 710 3314 inen,'quod
743 3238 1015 3314 naturaet
1054 3239 1191 3314 ratio
1224 3238 1586 3311 perhorrescit
1619 3262 1636 3314 :7
1669 3251 1720 3297 et
1761 3251 1975 3314 patrem

378 3311 505 3367 huic
531 3310 797 3394 praecepto
835 3310 1070 3394 futuisse.
1089 3310 1463 3394 obteinperare
1486 3354 1501 3377 ,
1530 3320 1585 3368 et
1605 3313 1675 3369 de
1699 3310 1806 3394 hoc
1832 3321 1975 3394 tam:

2084 2964 2311 3015 intrare.
2331 2962 2504 3028 Quam
2514 2959 2664 3013 illius
2682 2959 3069 3028 professionem
3092 2957 3191 3012 ubi
3196 2959 3456 3026 magister
3467 2960 3681 3028 accepit,

2084 3047 2191 3086 non
2244 3035 2529 3086 cunctatur
2572 3030 2807 3101 probare
2844 3032 3202 3099 proﬁtentem.
3249 3030 3391 3085 Casu
3441 3030 3685 3084 clibanus

2081 3106 2306 3172 propter
2330 3105 2347 3170 [
2369 3101 2405 3156 i.
2431 3117 2480 3157 e.
2497 3118 2665 3172 prope
2690 3101 2974 3169 ]ardebat,
2998 3103 3097 3170 qui
3120 3102 3287 3172 multo
3322 3102 3449 3168 igne
3470 3116 3693 3154 succen-

2086 3171 2179 3227 sus
2195 3173 2478 3243 coquendis
2485 3171 2724 3242 panibus
2740 3173 3063 3242 parabatur.
3082 3171 3415 3227 Exundabat
3438 3172 3689 3239 abruptis

2085 3246 2306 3312 flamma
2334 3245 2666 3312 fornacibus,
2690 3248 2739 3297 et
2750 3246 2899 3297 intra
2920 3244 3124 3296 camini
3146 3243 3291 3295 illius
3318 3257 3541 3295 concava
3560 3244 3690 3296 totis

2084 3315 2303 3369 habenis
2321 3317 2581 3384 regnabat
2600 3314 2919 3369 incendium.
2936 3316 3050 3368 Huc
3067 3315 3241 3381 igitur
3259 3313 3519 3384 advenam
3532 3312 3688 3366 illum

380 3365 552 3455 armis
572 3365 784 3456 insigiii’
799 3365 1121 3438 obedientiae
1142 3365 1823 3456 'extspisesniinaaiga.
1839 3365 1977 3442 “sai
2006 3365 2052 3429 C
2074 3365 2804 3455 parentagmna’,‘
2818 3365 2920 3438 ac
2936 3365 3160 3439 assium
3180 3365 3375 3456 pars,
3392 3365 3684 3454 praecepto;

382 3454 511 3537 cum
540 3456 688 3537 Reus
724 3454 966 3537 ipse.su.o
991 3454 1303 3537 testimonio
1319 3454 1329 3456 ⁷
1334 3454 1398 3537 id
1418 3456 1742 3537 approbarit
1762 3496 1777 3522 ,
1809 3464 1974 3537 atque
2306 3459 2550 3537 [laminas
2569 3457 2711 3537 nihil
2733 3455 3362 3537 cunctatus-ingreditur,
3395 3469 3687 3537 qug‘mox

382 3524 481 3598 ipsi
509 3523 974 3598 abbaﬁ_mvelarit
1002 3526 1268 3598 hacillius
1297 3523 1599 3598 obedientia
1628 3541 1769 3598 opus
1792 3523 1971 3581 Abra-

384 3593 472 3652 lim
498 3593 667 3667 fuisse
694 3595 1003 3667 impletum,
1030 3604 1091 3651 ut
1113 3596 1350 3667 loquitur
1372 3593 1684 3663 Cassianus,
1712 3597 1976 3652 nimirum

381 3666 740 3739 similitudine
770 3666 1008 3736 quadam
1029 3674 1086 3722 et
1110 3666 1416 3739 imitatione
1437 3668 1696 3739 singulari
1729 3668 1974 3739 :rnemini

381 3736 611 3793 dubium
648 3751 765 3809 esse
788 3745 998 3808 potest,
1024 3738 1180 3809 quin
1213 3738 1383 3809 abbas
1423 3736 1605 3795 divino
1637 3738 1890 3794 instinctu
1921 3738 1977 3794 id

384 3808 733 3891 praeceperit!
760 3823 893 3891 non_
915 3816 977 3863 ut
1003 3808 1158 3891 fieret
1176 3808 1452 3891 (submisit
1460 3810 1626 3891 enim
1664 3809 1855 3891 fratres
1883 3809 1976 3891 qui

380 3878 769 3951 impedirent),
801 3878 916 3945 sed,
956 3880 1111 3951 quod
1149 3880 1394 3951 superius
1420 3879 1675 3945 diximus,
1709 3890 1771 3935 ut
1810 3878 1978 3935 homi-

379 3950 475 4006 nis
502 3951 898 4018 constantiam,
938 3950 1280 4007 devotionem
1308 3993 1323 4019 ,
1370 3951 1734 4008 obedientiam
1782 3952 1974 4022 proba-

378 4030 487 4094 ret,
507 4030 567 4094 et
620 4022 738 4078 aliis
786 4030 1113 4094 proponeret
1143 4022 1199 4077 in
1241 4025 1594 4094 exemplum,
1617 4032 1676 4078 et
1724 4023 1980 4077 meritum

378 4093 701 4150 obedientiai
719 4092 861 4166 apud
890 4092 1064 4166 Deum
1086 4093 1341 4149 omnibus
1364 4092 1545 4166 palam
1569 4092 1771 4150 faceret
1800 4112 1826 4166 ε-
1848 4094 1981 4166 alter

381 4180 512 4238 vero
549 4164 1290 4238 eodem'spiritu‘impulsus
1338 4164 1757 4238 tamquamrsibi
1795 4164 1985 4220 divini-

380 4244 471 4306 tus
492 4236 1054 4306 imperatum'fuisset,
1084 4236 1201 4293 sine
1227 4252 1383 4293 mora
1424 4246 1479 4292 et
1517 4237 1852 4293 haesitatione
1885 4252 1981 4291 vo-

384 4305 942 4379 lueritobtemperare
960 4349 976 4374 ,
998 4310 1085 4379 vel
1110 4308 1233 4379 quia
1278 4308 1621 4364 existimabat
1640 4308 1692 4363 id
1718 4306 1938 4379 praecipi
1953 4346 1969 4371 ,

384 4389 494 4448 non
518 4376 850 4446 simpliciter,
881 4386 937 4430 et
962 4376 1210 4432 absolute
1248 4386 1312 4433 ut
1339 4379 1565 4444 faceret,
1596 4378 1692 4433 sed
1720 4376 1807 4434 'ad
1853 4394 1977 4448 pro-

383 4445 659 4500 bationem
688 4454 745 4500 et
792 4448 1224 4516 experimentum
1267 4447 1615 4509 obedientiie,
1660 4457 1723 4501 ut
1741 4445 1977 4502 .dictum

383 4524 468 4569 est
495 4536 506 4571 :
542 4517 620 4569 vel
647 4516 793 4586 quia.
823 4515 885 4570 ut
908 4515 1084 4571 verbis
1128 4517 1368 4573 Cassiani
1398 4519 1552 4587 (Cap.
1578 4521 1683 4581 26)
1709 4526 1851 4581 utar,
1878 4533 1979 4586 pro

384 4589 686 4640 reverentia
739 4590 980 4650 senioris,
1025 4593 1077 4643 et
1114 4588 1358 4658 obsequii
1390 4590 1731 4658 simplicitate
1775 4591 1981 4642 sincera

2084 3534 2198 3582 tam
2226 3527 2426 3581 audaci
2462 3528 2569 3596 ﬁde
2608 3530 2779 3588 victa,
2818 3528 2962 3580 velut
3006 3526 3114 3580 illis
3141 3526 3412 3595 quondam
3449 3526 3683 3581 Hebreis

2077 3600 2284 3669 pueris,
2310 3613 2504 3652 cessere
2527 3600 2787 3661 venienti;
2812 3602 3066 3667 superata
3090 3601 3295 3669 natura
3312 3602 3409 3669 est,
3439 3598 3586 3669 fugit
3601 3599 3689 3650 in-

2085 3667 2350 3731 cendium,
2380 3673 2431 3723 et
2457 3671 2551 3738 qui
2567 3669 2872 3738 putabatur
2894 3682 3119 3721 arsurus
3136 3710 3151 3730 ,
3174 3667 3318 3720 velut
3340 3668 3547 3736 frigido
3572 3682 3692 3721 rore

2079 3742 2340 3811 perfusus
2361 3743 2528 3809 seipse
2549 3742 2779 3793 miratus
2803 3743 2900 3793 est.
2926 3740 3030 3794 Sed
3047 3738 3181 3807 quid
3201 3740 3426 3805 mirum,
3446 3740 3498 3811 si
3514 3742 3685 3811 tuum,

2088 3811 2313 3873 Christe,
2348 3816 2592 3879 tyronem
2614 3812 2758 3878 ignis
2775 3811 2866 3863 ille
2890 3824 2995 3863 non
3017 3810 3233 3877 attigit;
3250 3814 3313 3863 ut
3332 3825 3429 3863 nec
3445 3809 3689 3863 abbatem

2079 3884 2285 3952 pigeret
2307 3881 2449 3935 dura
2463 3881 2768 3947 mandasse,
2790 3895 2883 3934 nec
2904 3881 3224 3952 disdpulum
3239 3883 3519 3952 pamiteret
3531 3882 3690 3948 impe-

2085 3950 2165 4007 rio
2178 3955 2425 4023 paruisse
2446 3971 2463 4019 ;
2492 3955 2659 4023 quieo
2675 3952 2780 4013 die,
2806 3967 2911 4021 quo
2931 3951 3221 4005 advenerat
3243 3950 3373 4005 dum
3395 3955 3693 4005 tentaretur

2087 4026 2357 4093 inﬁrmus,
2379 4027 2652 4094 perfectus
2679 4025 2927 4077 inventus
2956 4028 3059 4087 est;
3083 4024 3273 4075 merito
3295 4023 3456 4089 felix,
3495 4025 3687 4075 merito

2088 4096 2637 4165 gloriosus,probatus
2655 4094 3302 4165 obedieiitta,gloﬁﬁcatus
3318 4098 3397 4165 est
3414 4095 3686 4165 passione.

2089 4168 2225 4222 Haec
2252 4163 2528 4237 eleganter
2553 4165 2813 4235 Sulpitius
2835 4166 2931 4234 (In
2954 4166 3127 4237 primo
3152 4163 3286 4237 dial.
3305 4164 3372 4237 de
3397 4164 3689 4237 virtutibus

2088 4233 2467 4291 monachorum
2491 4233 2697 4292 Orient.
2718 4233 2851 4305 cap.
2867 4238 2979 4300 13).
3014 4236 3172 4290 Plura
3197 4233 3533 4305 admirandae
3550 4234 3690 4289 obe-

2079 4307 2300 4388 dientiai
2327 4306 2568 4388 exempla
2594 4304 2890 4388 videreest.
2916 4305 3058 4388 apud
3077 4307 3354 4388 ‘loannem
3381 4304 3688 4361 Climacum

2085 4378 2258 4449 gradu
2281 4375 2500 4446 quarto,
2518 4377 2608 4446 qui
2630 4385 2711 4431 est
2740 4375 2810 4431 de
2840 4375 3168 4433 obedientia.

2155 4442 2183 4480 ⁸)
2207 4450 2329 4502 Hoc
2377 4456 2478 4513 est,
2508 4446 2747 4502 Abrahae
2784 4447 3158 4503 obedientiam
3182 4490 3199 4516 ,
3245 4445 3411 4503 fidem
3442 4453 3691 4503 constan-

2084 4519 2327 4589 tiamque
2350 4518 2508 4573 simili
2536 4517 2680 4573 facto
2703 4519 3029 4589 expressisse
3057 4528 3219 4589 atque
3245 4518 3520 4574 imitatum
3545 4532 3687 4574 esse.

2090 4593 2173 4645 De
2196 4604 2301 4660 qua
2332 4589 2628 4659 Apostolus
2661 4589 2830 4644 Hebr.
2867 4605 2931 4645 χι
2966 4608 2979 4644 :
3006 4592 3138 4646 Fide
3186 4591 3469 4647 Abraham
3497 4590 3693 4644 obtulit

383 4657 633 4711 credebat
662 4662 773 4711 tota
810 4658 918 4728 ﬁde
955 4660 1112 4713 illum
1150 4657 1289 4713 nihil
1327 4673 1482 4729 posse
1493 4657 1771 4730 incassum
1795 4665 1846 4713 et
1870 4661 1983 4713 siue
2090 4657 2265 4727 Isaac,
2289 4657 2409 4715 cum
2424 4665 2753 4727 tentaretur;
2768 4666 2818 4715 et
2841 4664 3176 4729 unigenitum
3195 4662 3484 4729 offerebat,
3504 4663 3561 4714 in
3582 4676 3691 4730 quo
3708 4703 3723 4721 ,

380 4731 593 4802 ratione
612 4731 920 4802 principem.
946 4735 1134 4802 Atque
1162 4730 1234 4785 ita
1265 4730 1333 4786 de
1356 4730 1472 4785 aliis
1506 4729 1772 4785 similibus
1813 4745 1984 4802 exi-.ni-
2008 4730 2059 4793 D
2089 4737 2439 4802 susceperatr

385 4800 486 4873 plis
515 4800 861 4856 sentiendum
884 4840 901 4869 ,
939 4800 992 4856 in
1023 4800 1221 4873 quibus
1259 4801 1603 4873 omnipotens
1634 4804 1803 4873 Deus
1844 4800 1979 4873 sim-

383 4871 581 4943 plicem
627 4880 684 4929 et
728 4871 1428 4945 promptam—obedientiam
1464 4871 1807 4944 superiorum
1831 4871 1982 4945 jussa

382 4958 498 4999 non
533 4943 936 5018 examinantem
977 4943 1258 5018 stupendis
1286 4943 1571 5018 miraculis
1599 4943 1984 5018 comprobavit

382 5023 440 5069 et
457 5014 829 5096 _eonfirmavit.
863 5018 1055 5099 Unum
1069 5014 1402 5099 exemplum
1433 5017 1605 5099 magis
1617 5014 1950 5099 admirabile
1964 5058 1980 5083 ,

383 5086 540 5156 cujus
563 5100 725 5155 supra
769 5086 1236 5169 mentionemfeci
1267 5089 1428 5157 (Cap.
1462 5092 1585 5155 24),
1617 5087 1749 5143 libet
1777 5087 1862 5141 hic
1890 5101 1981 5142 re-

384 5153 549 5237 ferre,
577 5159 723 5237 quod
747 5156 941 5237 scribit
969 5158 1229 5237 sulpitius
1268 5159 1388 5237 loco
1410 5173 1596 5237 __supi_'a
1633 5159 1820 5237 citato.
1852 5158 1983 5237 Cum

385 5226 631 5294 quidam,
660 5226 851 5296 inquit,
882 5228 1065 5281 sweuli
1080 5230 1289 5283 actibus
1316 5226 1579 5284 abdicatis
1599 5231 1983 5283 monasterium

382 5312 602 5372 magna;
624 5297 986 5372 dispositionis
996 5300 1333 5366 ingressurus
1343 5302 1578 5368 cmptsset
1588 5314 1798 5372 rogare,
1813 5300 1982 5372 abbas

385 5369 438 5421 ei
462 5370 619 5437 carpit
632 5368 807 5421 multa
821 5368 1118 5438 proponere
1139 5387 1155 5422 :
1178 5384 1365 5436 graves
1383 5386 1492 5424 esse
1509 5371 1665 5425 istius
1678 5370 1983 5438 disciplina:

388 5439 615 5499 labores,
637 5453 737 5492 sua
755 5454 874 5493 vero
893 5440 1034 5493 dura
1049 5442 1296 5509 imperia,
1323 5456 1446 5510 quae
1462 5441 1644 5495 nullus
1671 5440 1834 5506 facile
1850 5441 1985 5493 vale-

385 5514 470 5563 ret
483 5511 731 5579 implere;
755 5510 909 5564 aliud
923 5513 1103 5580 potius
1117 5514 1519 5574 monasterium,
1536 5511 1634 5565 ubi
1644 5511 1983 5578 facilioribus

385 5580 590 5649 legibus
616 5582 835 5643 viveret,
858 5586 1159 5652 expeteret;
1180 5598 1284 5637 non
1315 5587 1544 5636 tentaret
1569 5581 1813 5651 aggredi,
1843 5582 1985 5651 quod

382 5653 608 5720 implere
626 5654 737 5724 non
758 5658 953 5722 posset.
989 5653 1084 5707 Ille
1106 5668 1229 5707 vero
1251 5654 1389 5707 nihil
1418 5653 1502 5706 his
1542 5652 1830 5707 terroribus
1852 5668 1982 5723 per-

382 5724 617 5789 moveri;
638 5723 732 5777 sed
748 5726 926 5793 magis
947 5724 1031 5777 ita
1044 5737 1250 5778 omnem
1263 5724 1621 5779 obedientiam
1638 5723 1897 5794 polliceri,
1921 5728 1985 5779 ut

384 5796 437 5849 si
460 5810 579 5871 eum
607 5795 776 5861 abbas
803 5798 860 5850 in
886 5798 1068 5877 ignem
1107 5797 1190 5851 ire
1213 5797 1555 5866 praeciperet,
1583 5810 1690 5851 non
1720 5800 1984 5862 recusaret

2618 4735 2883 4803 issionem.
2900 4732 3073 4787 Simili
3092 4731 3344 4803 exemplo
3366 4732 3560 4787 eadem
3575 4748 3694 4803 sen-

2089 4804 2255 4859 tentia
2307 4801 2578 4857 declarata
2606 4811 2690 4857 est
2734 4801 2787 4856 in
2826 4803 2960 4857 Vitis
2998 4801 3402 4870 Patrum—Ioco
3432 4802 3692 4873 superius

2087 4881 2278 4929 notato
2298 4894 2310 4929 :
2342 4876 2438 4929 Vir
2452 4874 2676 4944 quidam
2688 4876 3070 4928 monasterium
3086 4877 3355 4942 ingressus
3371 4875 3578 4941 fuerat,
3601 4876 3695 4927 tri-

2090 4945 2187 4999 bus
2212 4945 2340 5014 ﬁliis
2368 4948 2426 4999 in
2452 4946 2641 4999 sceculo
2668 4946 2885 4999 relictis.
2912 4948 3036 5000 Post
3061 4949 3168 4999 tres
3194 4959 3361 4999 annos
3390 4960 3509 4998 cum
3538 4946 3694 4999 licen-

2088 5019 2169 5071 tia
2189 5017 2399 5070 abbatis
2420 5017 2557 5069 abiit
2580 5018 2638 5069 in
2664 5018 2956 5077 civitatem,
2980 5021 3042 5069 ut
3069 5030 3151 5070 eos
3175 5015 3467 5069 adduceret
3492 5016 3568 5069 ad
3586 5031 3693 5069 mo-

2085 5089 2423 5152 nasterium;
2450 5091 2500 5141 et
2538 5089 2739 5141 invenit
2765 5087 2898 5141 duos
2917 5102 2985 5140 ex
3009 5088 3084 5140 eis
3099 5087 3221 5154 jam
3232 5101 3341 5140 esse
3363 5086 3646 5153 defunctos
3671 5106 3690 5140 :

2086 5173 2256 5211 unum
2298 5173 2418 5212 vero
2454 5158 2780 5212 solummodo
2824 5158 3159 5212 remansisse.
3191 5160 3356 5225 Quem
3391 5171 3692 5219 assumens,

2089 5230 2326 5283 adduxit
2343 5243 2461 5283 eum
2477 5228 2551 5283 ad
2574 5229 2842 5295 abbatem,
2864 5230 2964 5299 qui
2988 5233 3113 5283 tunc
3122 5233 3239 5282 erat
3250 5230 3566 5298 inpistrino.
3580 5230 3697 5285 Ab.

2090 5300 2184 5353 bas
2207 5302 2473 5367 infantem
2494 5301 2796 5369 complexus
2822 5300 2970 5353 dixit
2982 5301 3136 5370 patri
3155 5300 3270 5368 ejus
3294 5317 3311 5353 :
3338 5301 3510 5355 Amas
3530 5305 3696 5354 eam?

2088 5372 2162 5425 Et
2185 5371 2277 5424 ille
2302 5371 2448 5433 dixit
2472 5372 2706 5427 :Etiam.
2733 5374 2967 5426 Rursum
2992 5370 3139 5424 dixit
3161 5373 3212 5425 ei
3231 5389 3246 5424 :
3265 5371 3492 5426 Omnino
3505 5371 3696 5439 diligis

2089 5445 2247 5495 eum?
2274 5445 2344 5497 Et
2361 5442 2635 5511 respondit
2665 5460 2680 5495 :
2708 5444 2911 5498 Etiam.
2946 5444 3067 5497 ch
3101 5442 3329 5495 audiens
3353 5442 3520 5496 abbas
3545 5441 3698 5496 dixit

2090 5514 2141 5565 ei
2167 5531 2183 5565 :
2215 5513 2356 5566 Tolle
2383 5527 2528 5581 ergo,
2557 5516 2609 5565 si
2634 5527 2788 5567 amas
2808 5529 2929 5567 eum
2950 5555 2965 5575 ,
2992 5517 3042 5567 et
3073 5515 3227 5566 mitte
3247 5514 3307 5565 in
3331 5514 3563 5579 furnum
3590 5516 3693 5581 qui

2088 5583 2246 5637 modo
2268 5583 2441 5638 ardet.
2468 5587 2539 5639 Et
2548 5589 2728 5638 tenens
2746 5589 2907 5654 pater
2927 5585 3098 5655 ﬁlium
3116 5598 3294 5645 suum,
3311 5582 3549 5651 jactanit
3571 5599 3697 5637 eum

2089 5656 2148 5707 in
2176 5655 2407 5721 furnum
2434 5656 2724 5710 ardentem.
2753 5657 2953 5711 Statim
2976 5660 3158 5709 autem
3184 5656 3365 5721 factus
3388 5659 3469 5708 est
3488 5656 3698 5721 furnus

2089 5725 2233 5779 velut
2247 5741 2351 5806 ros.
2372 5729 2459 5806 Ex
2475 5741 2654 5806 quare
2675 5728 2970 5806 acquisivit
2988 5727 3220 5806 gloriam
3235 5727 3296 5806 in
3317 5730 3550 5806 tempore
3574 5726 3692 5787 illo.

2088 5795 2537 5867 quemadmodum
2565 5798 2847 5875 Abraham
2869 5796 3213 5871 patriarcha.
3240 5795 3330 5851 Sic
3350 5795 3445 5853 ibi.
