3996 6198
408 193 509 247 189

795 190 884 245 DE
922 188 1405 246 CCENOBIORUM
1445 189 1696 245 INSTIT.
1737 190 1868 244 LIB.
1910 189 2006 244 IV.
2043 217 2117 233 —
2153 189 2242 246 DE
2280 189 2673 246 INSTITUTIS
2711 191 3314 248 RENUNTIANTIUM.

3605 194 3707 247 190

404 331 733 389 praeponens
763 316 975 372 cunctis
1002 315 1287 383 fratribus,
1324 330 1689 372 successorem
1715 314 1817 372 sibi
1844 323 2007 387 atque
2033 319 2088 385 Α
2113 324 2227 372 tam
2261 315 2375 371 vilis
2413 324 2468 372 et
2495 317 2688 373 insueti
2722 316 2886 373 ofﬁcii
2927 318 3197 386 novitate,
3229 333 3330 373 nec
3360 317 3706 373 considerans

404 413 660 470 abbatem
690 413 1023 469 monasterio
1053 411 1360 484 dereliquit.

956 520 1196 575 CAPUT
1230 521 1427 574 XXIX
1438 560 1451 574 .

404 616 480 669 De
497 614 794 669 obedientia
813 615 1006 681 fratris
1033 616 1153 683 qui,
1182 615 1355 668 decem
1372 617 1584 683 sportas
1604 615 2002 682 circumferens,

609 687 824 756 publice
849 686 1112 740 distraxit
1138 685 1214 738 ad
1241 686 1450 739 abbatis
1480 687 1790 754 imperium.

472 789 599 843 Non
627 788 925 844 tacebimus
953 787 1118 842 etiam
1156 786 1322 843 nobis
1351 788 1630 860 cognitum
1659 787 1887 844 fratrem
1916 802 2002 844 se-

399 881 646 938 cundum
667 881 851 938 saeculi
879 880 1039 953 hujus
1064 881 1315 937 ordinem
1339 897 1574 939 summa:
1595 882 1838 939 familiae.
1863 885 2005 938 Nam

401 979 429 1007 ⁸
451 984 603 1047 patre
624 976 827 1032 comite
849 991 914 1031 ac
933 975 1213 1031 ditissimo
1235 975 1498 1032 oriundus
1517 975 1634 1041 fuit,
1660 976 1854 1032 studiis
1868 992 2001 1047 quo-

400 1086 511 1142 que
545 1070 864 1148 liberalibus
900 1086 1014 1126 non
1043 1069 1392 1126 mediocriter
1431 1071 1728 1127 institutus.
1773 1071 1876 1140 Qui
1908 1086 1997 1127 re-

401 1163 550 1219 lictis
591 1163 909 1236 parentibus
949 1179 1072 1219 cum
1105 1162 1174 1218 ad
1206 1165 1604 1220 monasterium
1645 1163 1998 1236 pervolasset,

399 1257 473 1313 ad
496 1257 960 1329 comprobandam
986 1257 1186 1313 mentis
1213 1256 1601 1325 humilitatem,
1622 1258 1706 1313 vel
1729 1257 1854 1313 ﬁdei
1884 1257 2002 1329 ejus

401 1350 678 1420 ardorem,
722 1350 1007 1408 confestim
1053 1352 1102 1408 ei
1141 1367 1171 1406 a
1212 1351 1415 1408 seniori
1461 1360 1794 1424 praceptum
1824 1361 1906 1408 est
1944 1361 2003 1409 ut

395 1437 426 1476 δ
455 1443 647 1500 decem
670 1453 882 1517 sportas
921 1460 1058 1518 quas
1084 1460 1303 1502 necesse
1327 1461 1443 1501 non
1472 1454 1590 1503 erat
1624 1446 1836 1518 publice
1869 1462 2002 1502 ven-

395 1537 583 1605 ditari,
608 1538 904 1596 cervicibus
931 1540 1047 1595 suis
1068 1556 1324 1608 onerans,
1349 1539 1733 1597 distrahendas
1756 1557 1854 1613 per
1879 1542 1994 1613 pla-

397 1641 516 1688 teas
545 1632 925 1689 circumferret
951 1653 963 1689 :
989 1633 1194 1707 adjecta
1218 1633 1549 1702 conditione,
1577 1649 1686 1706 qua
1708 1635 1917 1691 diutius
1940 1636 1999 1691 in

2112 409 2484 483 indignitatem
2507 411 2608 477 rei,
2643 411 3008 482 nataliumque
3035 409 3404 482 splendorem,
3433 426 3496 464 ac
3520 409 3707 465 vendi-

2111 504 2279 560 tionis
2310 505 2580 576 injuriam,
2612 503 2743 560 dum
2769 505 2918 560 illam
2945 504 3137 562 Christi
3165 503 3550 570 humilitatem,
3583 518 3706 574 quae

2113 607 2196 654 est
2227 614 2351 654 vera
2393 597 2662 664 nobilitas,
2693 615 2786 672 per
2815 598 3136 658 obedientiae
3164 599 3398 673 gratiam
3434 596 3706 657 desiderat

2113 693 2382 750 obtinere.

2672 813 2914 870 CAPUT
2951 811 3142 870 XXX.

2115 934 2186 986 De
2205 947 2236 984 a
2245 931 2415 984 bbatis
2430 931 2708 1000 Pynuphii
2723 931 3047 997 humilitate,
3063 932 3179 1000 qui,
3197 932 3380 986 relicto
3398 933 3622 986 canobio
3637 947 3690 985 ce

2183 1003 2481 1063 leberrimo,
2495 1005 2583 1056 cui
2589 1003 2877 1070 presbyter
2885 1007 3142 1070 prteerat,
3167 1003 3521 1070 longinquum
3533 1018 3707 1056 mona-

2178 1075 2417 1136 sterium,
2448 1076 2506 1126 in
2531 1087 2636 1142 quo
2654 1075 2799 1126 velut
2821 1075 3080 1142 incipiens
3107 1076 3485 1143 susciperetur,
3517 1074 3710 1128 deside-

2179 1146 2259 1196 rio
2285 1144 2625 1213 subject-tonis
2658 1145 2903 1213 expetiit.

2175 1260 2428 1315 Coarctat
2466 1275 2569 1314 nos
2607 1258 2774 1315 libelli
2813 1258 3011 1315 modus
3043 1258 3110 1314 ad
3140 1259 3308 1315 ﬁnem
3336 1258 3582 1329 tendere,
3613 1259 3708 1316 sed

2104 1357 2129 1387 ο
2157 1354 2479 1411 οδθὰῑθιιῐὶω
2507 1354 2736 1423 bonum,
2774 1369 2897 1427 quae
2928 1355 3067 1410 inter
3088 1363 3311 1410 exteras
3343 1354 3570 1411 virtutes
3596 1356 3710 1427 pri-

2105 1457 2316 1504 matum
2346 1456 2521 1516 tenet,
2557 1463 2668 1503 non
2705 1448 2908 1520 patitur
2936 1464 3037 1504 nos
3068 1463 3259 1503 eorum
3287 1455 3436 1520 gesta
3481 1447 3573 1518 qui
3611 1463 3708 1519 per

2105 1541 2243 1598 hanc
2282 1543 2596 1599 claruerunt
2626 1543 2838 1614 penitus
2877 1543 3088 1599 silentio
3137 1543 3430 1615 praeterire.
3475 1544 3708 1613 Propter

2108 1637 2255 1708 quod
2295 1646 2590 1708 utrumque
2638 1652 2874 1707 congrue
2913 1645 3301 1710 temperantes,
3348 1635 3402 1692 id
3443 1645 3548 1705 est,
3587 1646 3705 1692 tam

397 1726 506 1783 hoc
543 1726 729 1784 ofﬁcio
763 1729 1109 1793 retineretur,
1141 1737 1205 1784 ut
1239 1729 1286 1785 si
1318 1728 1462 1785 forte
1499 1743 1590 1784 eas
1618 1744 1762 1785 unus
1802 1729 2002 1801 pariter
2030 1728 2078 1790 B
2111 1728 2356 1783 brevitati
2389 1744 2552 1799 quam
2594 1728 2966 1784 studiosorum
2996 1729 3273 1784 desideriis
3296 1736 3458 1800 atque
3499 1729 3706 1784 utilita—

398 1837 657 1877 coemere
685 1821 974 1888 voluisset,
1002 1838 1114 1878 non
1146 1823 1398 1892 cederet,
1435 1822 1531 1879 sed
1563 1822 1887 1895 singillatim
1911 1838 2004 1878 eas

399 1915 770 1987 quaerentibus
815 1916 1166 1972 venundaret.
1199 1901 1380 1988 Quod
1419 1916 1510 1972 ille
1551 1924 1664 1972 tota
1717 1915 2005 1972 devotione

397 2007 716 2079 complevit,
762 2016 816 2064 et
859 2008 1010 2063 omni
1049 2008 1383 2065 confusionis
1408 2009 1726 2066 verecundia
1762 2025 1860 2082 pro
1896 2025 2001 2065 no-

2109 1821 2259 1876 tibus
2299 1821 2612 1889 servientes,
2654 1837 2824 1876 unum
2868 1821 3045 1876 adhuc
3082 1836 3347 1892 ponemus
3389 1821 3706 1876 humilitatis

2113 1913 2450 1986 exemplum,
2492 1914 2639 1983 quod
2683 1929 2791 1969 non
2820 1913 2888 1968 ab
2923 1913 3229 1984 incipiente,
3262 1914 3358 1970 sed
3393 1931 3424 1969 a
3466 1913 3707 1986 perfecto

2111 2015 2275 2079 atque
2329 2005 2526 2063 abbate
2567 2005 2930 2079 completum,
2965 2022 3078 2062 non
3123 2006 3305 2062 solum
3334 2005 3579 2077 juniores
3622 2006 3705 2061 in-

400 2101 547 2156 mine
589 2116 655 2156 ac
691 2100 957 2158 desiderio
1000 2102 1196 2158 Christi
1233 2103 1465 2170 calcata,
1501 2111 1715 2173 sportas
1755 2103 2004 2160 humeris
2107 2111 2337 2169 struere,
2379 2100 2474 2158 sed
2502 2102 2666 2157 etiam
2694 2101 2934 2157 seniores
2965 2099 3032 2156 ad
3066 2099 3362 2171 perfectam
3391 2099 3706 2154 humilitatis

398 2195 512 2251 suis
537 2195 846 2267 imponens,
885 2195 1058 2266 pretio
1089 2204 1292 2251 statuto
1321 2195 1589 2263 distraxit,
1617 2211 1680 2252 ac
1714 2198 2003 2268 pecuniam
2108 2195 2362 2250 virtutem
2392 2194 2618 2250 lectione
2635 2210 2730 2251 sua
2759 2194 2959 2266 poterit
2982 2193 3225 2250 incitare.
3252 2191 3502 2248 Vidimus
3525 2192 3705 2265 itaque

398 2287 467 2344 ad
501 2288 902 2344 monasterium
943 2289 1239 2361 reportavit
1269 2306 1283 2344 :
1311 2303 1652 2361 nequaquam
1686 2289 2003 2361 perterritus
2107 2289 2359 2346 abbatem
2385 2277 2412 2322 δ
2442 2289 2801 2364 Pynuphium,
2825 2289 2941 2364 qui,
2967 2298 2988 2323 °
3011 2305 3139 2346 cum
3165 2297 3306 2345 esset
3325 2288 3578 2345 immanis
3603 2304 3705 2348 ca:-

1487 2432 1744 2490 ALARDI
1781 2433 2007 2490 GAZxEI
2044 2432 2604 2490 COMMENTARIUS.

469 2561 496 2590 ³
539 2561 644 2631 De
666 2557 949 2631 vocabulo»
974 2555 1194 2631 comitis
1232 2556 1644 2631 ejusque__varia
1688 2559 1999 2631 acceptione

393 2638 451 2684 et
492 2629 770 2700 multiplici
807 2629 1074 2684 comitum
1115 2628 1394 2700 dignitate,
1435 2628 1646 2685 videndi
1687 2628 1999 2685 sunt—Juris

395 2700 578 2772 Civilis
631 2698 981 2772 interpretes;
1030 2716 1096 2755 ex
1136 2699 1332 2772 quibus
1371 2698 1478 2772 hoc
1517 2708 1731 2772 tantum
1777 2709 1998 2756 notasse

391 2768 691 2839 suffecerit,
719 2768 844 2842 ante
870 2781 1114 2840 tempora
1136 2768 1477 2842 Constantini
1499 2771 1688 2842 Magni
1713 2771 1999 2842 imperato-

393 2843 476 2897 ris
513 2843 737 2898 comites
776 2841 950 2898 dictos
990 2841 1156 2897 fuisse
1197 2841 1289 2912 qui
1323 2841 1620 2907 consules,
1647 2841 1997 2912 proconsules

393 2913 757 2985 praesidesque
797 2913 1197 2984 provinciarum
1228 2912 1633 2985 comitabantur
1668 2912 1728 2985 in
1768 2913 1996 2985 negotiis

394 2982 627 3054 publicis
649 2982 932 3052 obeundis,
962 2993 1243 3055 tamquam
1265 2999 1456 3039 eorum
1487 2982 1788 3055 administri
1815 2982 1869 3038 et
1895 2983 1993 3038 ad-

387 3053 625 3124 jutores,
671 3064 727 3110 et
773 3071 901 3110 cum
942 3055 1047 3110 illis
1089 3053 1234 3110 velut
1268 3069 1568 3110 assessores
1607 3055 1700 3125 jus
1739 3053 1996 3111 dicebant

413 3129 615 3182 Baron.
646 3129 707 3180 in
729 3130 871 3181 notis
895 3128 968 3181 ad
990 3127 1342 3193 martyrolog.
1371 3132 1432 3180 31
1466 3128 1640 3190 maii).
1669 3129 1719 3179 Α
1743 3127 1994 3197 tempori-

436 3213 500 3268 us
529 3206 714 3251 autem
741 3197 1075 3252 Constantini
1102 3187 1464 3268 imperatoris,
1503 3187 1792 3268 postquam
1820 3187 1993 3268 impe-
2023 3187 2069 3250 C
2102 3214 2235 3254 num
2277 3187 2503 3254 fratrem
2534 3202 2591 3254 S.

393 3266 545 3337 rium
590 3270 906 3337 Romanum
960 3267 1482 3337 Constantinopolim
1507 3266 1848 3322 translatum
1895 3266 1996 3335 est,

399 3335 632 3410 comites
659 3335 785 3410 dicti
811 3343 936 3391 sunt
963 3351 1100 3410 quos
1129 3336 1270 3392 idem
1298 3335 1593 3410 imperator
1618 3354 1685 3410 ex
1710 3339 1996 3410 magistra-

399 3405 550 3478 tibus
590 3406 883 3478 delegerat,
926 3405 1077 3478 quasi
1119 3405 1399 3465 consocios
1425 3409 1484 3464 in
1526 3405 1997 3466 administratione

393 3477 644 3562 imperii,
681 3488 741 3562 et
785 3477 1143 3562 amplissimis.
1174 3479 1528 3562 dignitatibus
1571 3488 1625 3536 et
1678 3480 1996 3562 muneribus

391 3547 643 3622 ornabat.
680 3547 956 3622 Erantque
990 3550 1043 3606 hi
1077 3547 1297 3622 triplicis
1334 3552 1560 3619 ordinis,
1585 3566 1782 3622 nempe
1809 3553 1992 3622 primi,

387 3620 616 3687 secundi
645 3629 700 3675 et
725 3620 888 3689 tertii,
918 3629 980 3677 ut
1007 3620 1194 3677 scribit
1217 3623 1483 3678 Eusebius
1511 3623 1561 3677 in
1591 3620 1996 3678 Vita—Constan-

388 3689 604 3765 tini_l_ib.
636 3707 868 3765 1v,ecap.
898 3700 957 3765 _1.
988 3696 1070 3749 De
1100 3692 1184 3748 his
1207 3693 1503 3749 comitibus
1531 3694 1840 3765 complures
1868 3704 1996 3749 sunt

388 3760 532 3816 tituli
559 3761 614 3817 in
641 3760 832 3819 codice
851 3763 1227 3820 'I'heodosiano
1254 3765 1348 3819 lib.
1375 3780 1491 3820 xu.

464 3825 662 3906 "_Inter
686 3835 786 3890 alia
813 3845 1058 3906 veterum
1086 3835 1480 3891 monachorum
1504 3833 1712 3906 opiﬁcia
1741 3849 1839 3890 seu
1871 3851 1993 3890 ma-

386 3901 568 3986 nnalia
601 3920 809 3988 opera,
844 3905 1101 3978 frequens
1129 3914 1223 3988 est
1265 3906 1470 3988 mentio
1490 3901 1830 3988 .sportarum,
1861 3923 1995 3976 quas

386 3974 614 4042 vimine,
640 3974 735 4029 'vel
768 3974 963 4045 junco,
1001 3983 1207 4045 sparto,
1245 3983 1340 4045 aut
1381 3974 1544 4028 simili
1574 3976 1798 4045 materia
1832 3974 1995 4032 texe-

387 4045 542 4116 bant,
577 4053 744 4116 atque
771 4043 848 4100 iis
886 4043 1192 4110 divenditis,
1223 4043 1428 4098 victum
1457 4051 1514 4097 et
1553 4044 1654 4116 alia
1697 4047 1995 4102 necessaria

386 4115 491 4171 sibi
527 4113 799 4187 para—baut
826 4117 990 4180 (Vide
1011 4130 1179 4183 supra
1206 4130 1324 4184 cap.
1358 4120 1466 4187 13).
1497 4113 1677 4187 Testis
1704 4117 1994 4187 D.V_Hiero-

384 4185 594 4259 nymus
620 4187 788 4259 epist.
805 4187 882 4259 ad
901 4187 1193 4259 Rusticum
1219 4185 1554 4259 monachum
1587 4185 1720 4259 etin
1747 4185 1882 4259 Vita
1901 4187 1998 4241 Hi-

391 4256 954 4324 larionisfPalladius
995 4257 1049 4311 in
1074 4257 1373 4322 Lausiacis,
1415 4265 1471 4312 et
1507 4256 1802 4314 Cassianus
1830 4256 1917 4312 hic
1945 4265 2002 4312 et

385 4327 519 4383 alibi
541 4329 762 4399 sapius,
788 4331 1126 4385 Sozomenus
1156 4327 1250 4383 lib.
1285 4343 1368 4392 v1,
1399 4344 1517 4399 cap.
1551 4335 1638 4383 29.

465 4401 490 4430 ⁸
518 4398 642 4472 Quo
679 4416 840 4456 sensu
863 4415 1052 4472 quave
1087 4399 1300 4454 ratione
1339 4398 1642 4472 obedientia
1671 4399 1812 4472 inter
1837 4407 1999 4457 caue-

387 4485 484 4543 ras
520 4470 747 4543 virtutes
794 4470 1088 4540 primatum
1131 4478 1339 4540 teneat,
1377 4471 1584 4527 dictum
1627 4479 1710 4528 est
1749 4471 1805 4526 in
1852 4488 1994 4543 prae-

387 4541 710 4612 cedentibus
737 4543 888 4612 (Cap.
927 4547 1034 4606 l2).

463 4600 492 4643 ά
530 4600 850 4684 Puniﬁcum‘
863 4600 1021 4668 vocat
1042 4614 1234 4684 Petrus
1258 4612 1312 4666 in
1341 4611 1599 4684 Catalogo
1624 4610 1718 4666 lib.
1747 4629 1836 4680 ιι,
1868 4629 1989 4684 cap.

390 4687 494 4750 56;
529 4683 821 4754 Dionysius
854 4691 909 4738 et
937 4681 1110 4738 nostri
1139 4697 1272 4754 mss.
1309 4681 1653 4754 Pinuphium.
1687 4685 1865 4754 Hujus
1911 4681 1996 4740 est

389 4754 624 4828 collatio
663 4751 919 4827 vigesima
965 4754 1031 4810 de
1073 4751 1405 4826 poenitentiae
1443 4751 1569 4822 ﬁne,
1613 4761 1674 4808 ut
1703 4751 1791 4809 ibi'
1817 4754 1993 4812 videre

387 4833 493 4880 est.

463 4905 485 4931 ⁸
527 4900 776 4954 lmmane
803 4895 1118 4953 ccenobium
1159 4903 1343 4967 vocat,
1381 4902 1443 4950 ut
1484 4895 1698 4967 opinor,
1741 4903 1858 4950 tam
1888 4896 1991 4952 loci

384 4967 767 5039 amplitudine,
793 4984 958 5039 quam
987 4966 1384 5023 monachorum
1406 4966 1638 5039 numero
1665 4967 1987 5039 etmnltitu-

385 5036 542 5110 dine;
565 5040 765 5110 quippe
790 5036 919 5094 cum
939 5040 993 5094 in
1017 5055 1128 5094 uno
1147 5037 1476 5093 monasterio
1502 5036 1601 5091 tria
1623 5037 1850 5110 subinde
1875 5054 1993 5093 mo-

383 5106 882 5165 nachorum'millia
905 5110 1185 5179 degerent,
1211 5117 1348 5180 teste
1372 5111 1442 5180 D.
1470 5106 1941 5180 Augustino(Lib.
1969 5125 1988 5165 t

383 5181 453 5235 de
483 5183 727 5236 Moribus
754 5183 949 5238 Eccles.
983 5199 1028 5236 c.
1059 5186 1181 5248 3|);
1209 5179 1382 5234 immo
1409 5179 1821 5238 innumerabilis
1852 5180 1992 5235 mul-

382 5253 587 5312 titudo.
619 5261 683 5307 ut
717 5252 907 5308 scribit
933 5255 1000 5306 D.
1031 5252 1404 5323 Hieronymus
1433 5251 1487 5323 in
1517 5250 1742 5323 epistola
1781 5249 1848 5305 ad
1880 5253 1988 5323 Eu-

385 5323 686 5379 stochium.
714 5323 875 5447 (ἰξυοὰ
905 5323 947 5377 si
972 5322 1164 5395 singuli
1190 5321 1444 5376 monachi
1467 5322 1520 5375 in
1546 5321 1768 5389 singulis
1797 5329 1852 5375 et
1876 5322 1986 5377 dis-

385 5393 564 5447 tinctis
588 5394 724 5447 cellu
751 5410 796 5447 is
819 5394 1131 5447 habitarint.
1159 5393 1354 5447 eodem
1381 5391 1719 5447 Hieronvmo
1745 5400 1986 5447 auctore.

381 5393 564 5448 tinctis
588 5391 796 5449 cellulis
819 5391 1131 5460 habitarint,
1159 5393 1354 5448 eodem
1381 5391 1719 5462 Hieronymo
1745 5400 1986 5460 auctore,

386 5465 647 5520 ut'solent
675 5481 820 5520 nunc
841 5465 1212 5530 Carthusiani;
1240 5465 1322 5519 vel
1343 5464 1537 5519 saltem
1567 5461 1676 5516 bini
1701 5473 1797 5518 aut
1827 5465 1984 5530 terni,

385 5545 446 5589 ut
468 5534 634 5590 habet
653 5534 857 5606 Regula
881 5537 937 5592 S.
963 5535 1237 5591 Paehomii
1263 5535 1403 5605 apud
1430 5532 1732 5589 Palladium
1763 5537 1984 5599 (Hister.

385 5607 602 5660 Lausia.
637 5623 758 5676 cap.
799 5610 923 5676 38);
955 5607 1112 5664 facile
1148 5614 1234 5662 est
1270 5606 1544 5677 aestimare
1585 5614 1845 5677 quantam
1884 5606 1986 5661 loci

385 5677 793 5759 amplitudinem
814 5678 1228 5759 _et__rastitatem
1272 5676 1612 5759 occuparint.
1769 5677 1838 5732 ad
1868 5693 1987 5759 pre-5
2034 5724 2038 5726 .

383 5745 660 5833 sbytenim
690 5747 834 5836 quod
858 5749 1069 5826 attinet,
1099 5749 1188 5805 hic
1222 5745 1460 5819 occurrit
1492 5749 1799 5806 notandum
1841 5745 1989 5835 quod

2106 2576 2233 2616 cum
2265 2559 2396 2633 olim
2422 2567 2539 2615 tam
2566 2559 2808 2617 cremitte
2835 2576 3008 2633 quam
3024 2560 3313 2621 coenobitze
3340 2559 3580 2633 plerique
3607 2577 3700 2617 ex-

2107 2640 2189 2686 tra
2230 2631 2393 2686 urbes
2433 2633 2621 2704 procul
2665 2647 2717 2704 a7
2741 2631 3312 2704 reliquisghominibus
3358 2631 3698 2698 habitarent,

2105 2717 2209 2757 nec
2237 2701 2485 2774 possent
2505 2701 2574 2758 ad
2596 2701 2870 2774 ecclesias
2899 2702 3276 2774 episcOporum
3311 2704 3390 2758 vel
3439 2704 3702 2774 parocho-

2107 2771 2252 2845 rum’
2263 2771 2568 2845 convenire,
2595 2772 2863 2828 habebant
2894 2771 3150 2845 pleraque
3177 2771 3500 2829 monasteria
3538 2790 3700 2830 suum

2104 2843 2360 2915 abbatem
2405 2843 2800 2915 presbyterum,
2840 2860 2871 2899 a
2897 2843 3020 2915 'quo
3060 2843 3399 2900 sacramenta
3439 2845 3704 2915 percipie-

2102 2913 2257 2970 bant.
2289 2915 2351 2970 Id
2379 2913 2581 2969 indicat
2598 2915 2760 2986 divus
2782 2913 3120 2986 Augustinus
3145 2916 3262 2970 loco
3293 2913 3621 2980 memorato,
3649 2925 3703 2970 et

2103 2986 2258 3056 epist.
2286 2989 2377 3054 81,
2403 2987 2472 3042 ad
2499 2985 2828 3058 Eudoxium,
2854 2985 3018 3058 quem
3055 2986 3431 3058 presbyterum
3457 2995 3512 3042 et
3537 2987 3704 3042 abba-

2101 3065 2214 3129 tem
2241 3058 2519 3123 nominat;
2556 3065 2611 3112 et
2634 3057 2966 3129 Epiphanius
2988 3057 3300 3129 in’epistola
3337 3058 3403 3112 ad
3430 3060 3700 3113 Joannem

2101 3127 2694 3199 Hierosolymitanum,’
2717 3127 2809 3184 ubi
2846 3128 2975 3184 dicit
3013 3143 3070 3183 se
3110 3127 3388 3184 ordinasse
3429 3129 3699 3183 Paulinia-

2680 3200 2940 3270 ieronymi
2976 3199 3356 3271 presbyterum
3387 3200 3698 3254 monasterii

2107 3269 2500 3326 Bethleemitici
2536 3291 2548 3326 :
2577 3269 2864 3340 Propterea
2892 3269 3036 3340 quod
3057 3269 3347 3324 multitudo
3372 3273 3613 3337 fratrum
3641 3275 3698 3324 in

2106 3344 2422 3395 monasterio
2446 3344 2732 3395 consistens
2750 3343 2961 3395 nullum
2979 3356 3032 3395 se
3055 3343 3248 3395 habere
3272 3347 3579 3410 quereretur
3602 3346 3699 3411 qui

2087 3410 2210 3464 "sibi
2233 3413 2447 3466 Domini
2474 3418 2812 3466 sacramenta
2833 3416 3120 3482 conﬁce-ret,
3148 3428 3204 3465 eo
3228 3413 3369 3480 quod
3394 3416 3568 3466 sancti
3583 3410 3699 3482 pre-

2102 3483 2307 3550 sbyteri
2335 3486 2692 3552 Hieronymus
2721 3488 2774 3538 et
2812 3485 3117 3538 Vincamus
3153 3483 3217 3537 ob
3245 3484 3616 3538 verecundiam
3647 3490 3697 3536 et

2104 3554 2464 3609 humilitatem
2482 3555 2682 3609 nollent
2702 3556 2884 3610 debita
2906 3570 3001 3608 suo
3019 3555 3228 3608 nomine
3249 3569 3484 3608 exercere
3502 3556 3700 3624 sacriﬁ-

2103 3627 2205 3687 cia,
2233 3631 2283 3680 et
2299 3627 2548 3680 laborare
2569 3627 2630 3679 in
2653 3627 2752 3680 hac
2767 3632 2931 3697 parte
2949 3627 3255 3691 ministerii,
3279 3626 3421 3697 quod
3446 3626 3699 3681 Christia-

2101 3711 2295 3750 norum
2324 3700 2603 3766 prcecipua
2637 3696 2785 3751 salus
2821 3702 2917 3752 est.
2962 3697 3116 3752 idem
3160 3711 3286 3766 vero
3329 3696 3698 3766 Hieronymus

2103 3765 2344 3837 epistola,
2362 3773 2454 3834 27,
2483 3765 2671 3822 scribit
2703 3776 2904 3822 sancta:
2940 3769 3122 3823 Paulae
3160 3765 3337 3821 vidua:
3362 3766 3476 3820 loca
3515 3765 3699 3837 Terrae

2101 3834 2316 3895 Sanctae
2345 3839 2585 3894 visitanti
2626 3837 2925 3893 occurrisse
2963 3847 3212 3892 sanctum
3245 3844 3300 3890 et
3342 3834 3700 3888 venerabilem

2105 3910 2423 3978 episcopum
2477 3908 2787 3975 lsidorum,
2832 3923 2958 3963 cum
3000 3907 3174 3962 turbis
3221 3903 3700 3978 innumerabilibus

2101 3974 2518 4041 monachorum,
2557 3995 2618 4034 ex
2654 3974 2850 4049 quibus
2878 3979 3080 4032 multos
3107 3975 3454 4049 sacerdotalis
3474 3982 3534 4049 _e_t_
3567 3974 3699 4028 levi-

2101 4049 2240 4103 ticus
2268 4049 2595 4105 sublimabat
2615 4045 2836 4119 gradus.
2864 4052 3201 4119 Sozomenns
3232 4046 3349 4101 libr.
3378 4060 3440 4099 v1
3469 4045 3700 4119 rlistor.,

2107 4119 2316 4188 multos
2340 4115 2736 4173 monachorum
2764 4126 2951 4188 patres
2984 4132 3080 4171 seu
3105 4116 3331 4188 abbates
3355 4115 3702 4186 presbyteros

2108 4187 2272 4243 fuisse
2320 4184 3008 4256 commemoratfeosque
3059 4184 3380 4256 nominatim
3437 4184 3694 4256 recenset.

2108 4259 2383 4314 Palladius
2406 4259 2534 4313 item
2557 4255 2724 4312 refert
2748 4257 2804 4312 in
2824 4255 3160 4312 monasterio
3181 4255 3366 4312 Nitriae
3391 4263 3515 4312 octo
3538 4255 3700 4313 fuisse

2106 4329 2473 4401 presbyteros,
2494 4332 2580 4384 Ita
2599 4333 2775 4384 tamen
2791 4333 2851 4383 ut
2867 4329 3129 4397 quamdiu
3145 4331 3343 4382 viveret
3354 4331 3569 4398 primus
3584 4345 3699 4399 pre-

2103 4403 2302 4469 sbyter,
2324 4402 2506 4456 nullus
2523 4401 2664 4455 alius
2687 4401 2902 4470 offerret
2927 4403 3265 4471 sacriﬁcium,
3291 4416 3385 4455 nec
3398 4401 3696 4469 judicaret,

2103 4489 2197 4527 nec
2219 4474 2435 4527 haberet
2455 4487 2742 4527 sermonem
2762 4491 2778 4537 ;
2800 4472 2898 4526 sed
2925 4475 3082 4526 tacite
3105 4477 3317 4526 tantum
3345 4487 3463 4525 cum
3489 4487 3545 4526 eo
3563 4473 3700 4526 sede-

2024 4546 2075 4608 D
2103 4549 2241 4598 rent.
2275 4545 2606 4614 Augustinus
2633 4545 2810 4608 (Libro
2837 4558 2860 4598 ι
2887 4543 2951 4596 de
2975 4545 3214 4598 Moribus
3232 4544 3453 4610 Eceles.,
3483 4559 3603 4614 cap.
3629 4549 3689 4596 3t

2101 4623 2155 4668 et
2187 4614 2273 4685 33)
2313 4614 2473 4670 docet
2500 4631 2609 4671 non
2647 4615 2826 4670 solum
2865 4614 2919 4668 in
2957 4614 3266 4680 solitudine,
3311 4614 3406 4685 sed
3447 4613 3610 4685 etiam
3644 4614 3698 4666 in

2102 4682 2347 4752 urbibus,
2379 4696 2440 4742 ut
2464 4689 2655 4742 Roma
2690 4694 2744 4740 et
2773 4685 3084 4746 Mediolani,
3112 4683 3425 4752 monachos
3448 4682 3699 4752 habuisse

2102 4751 2456 4829 praepositum
2493 4758 2870 4829 presbyterum
2920 4774 2931 4808 :
2961 4755 3052 4824 qui
3085 4755 3199 4809 sine
3223 4753 3389 4808 dubio
3415 4751 3535 4829 ideo
3573 4767 3700 4821 pre-

2099 4819 2284 4900 sbyt’er
2325 4837 2440 4900 erat
2468 4819 2609 4900 utin
2645 4819 2898 4900 caenobio
2940 4819 3606 4900 sacramenta-conﬁceret
3648 4831 3702 4900 et

2099 4891 2310 4976 caeteris
2337 4896 2940 4976 administraret.nldem
2975 4894 3142 4974 etiam
3173 4891 3445 4976 colligitur
3474 4907 3541 4976 ert
3566 4895 3702 4976 mul;

2100 4969 2168 5022 tis
2212 4969 2448 5023 Cassiani
2491 4965 2902 5030 Collationibus,
2950 4965 3219 5035 praecipue
3265 4969 3330 5018 18
3375 4978 3424 5018 c.
3475 4970 3563 5031 15,
3609 4965 3697 5021 ubi

2101 5037 2269 5108 abbas
2311 5036 2645 5108 Paphnutius
2703 5034 2967 5108 Scythiae:
2988 5034 3167 5108 eremi,
3200 5035 3487 5108 presbyter
3534 5037 3699 5093 fuisse

2099 5105 2424 5179 perhibetur.
2470 5109 2582 5162 Nec
2613 5105 3070 5179 improbabiliter
3098 5105 3263 5162 etiam
3313 5105 3490 5178 colligi
3540 5124 3699 5179 posse

2099 5176 2313 5234 videtur
2347 5195 2412 5233 ex
2454 5176 2664 5250 Regula
2689 5178 2764 5250 _D.
2790 5178 3074 5250 Benedicti
3115 5193 3234 5250 cap.
3262 5185 3358 5250 746,
3387 5176 3481 5234 ubi
3509 5176 3700 5235 monet

2098 5251 2309 5322 occulta
2347 5246 2566 5322 peccata
2619 5246 2808 5302 abbati
2848 5265 2966 5305 esse
3006 5246 3351 5306 conﬁtenda.
3380 5251 3443 5305 Si
3475 5254 3693 5312 animae,

2097 5321 2289 5393 inquit,
2309 5321 2515 5392 peccati
2535 5335 2714 5393 causa,
2723 5322 2894 5388 fuerit
2914 5323 3106 5389 latens,
3135 5326 3347 5376 tantum
3368 5322 3572 5393 abbati,
3600 5327 3700 5376 aut

2095 5392 2476 5464 spiritualibus
2499 5392 2792 5447 senioribus
2817 5396 3140 5462 patefaciat,
3173 5394 3272 5462 qui
3294 5392 3480 5464 sciant
3506 5408 3698 5464 curare

2096 5462 2217 5528 sua,
2241 5471 2291 5520 et
2311 5467 2491 5520 aliena
2509 5464 2734 5518 vulnera
2759 5480 2864 5518 non
2882 5464 3122 5533 detegere
3137 5470 3188 5519 et
3207 5463 3502 5533 publicare.
3537 5462 3696 5529 Quod

2095 5536 2163 5591 de
2190 5535 2527 5592 confessione
2557 5535 2935 5590 sacramentali
2965 5536 3186 5605 exponit
3225 5535 3695 5605 Turrecrematus,

2097 5622 2221 5678 quae
2264 5623 2374 5662 non
2411 5608 2526 5662 aliis
2554 5605 2617 5662 ﬁt
2645 5623 2812 5677 quam
2838 5600 3208 5678 sacerdotibus
3251 5620 3264 5655 :
3297 5600 3440 5678 unde
3475 5600 3696 5678 quidam

2099 5671 2171 5734 ibi
2197 5678 2465 5749 glossator
2489 5671 2768 5733 annotavit
2790 5679 2844 5732 in
2880 5676 3134 5749 margine
3155 5671 3269 5749 arg.
3296 5671 3443 5749 quod
3473 5671 3696 5723 abbates

2098 5744 2330 5822 tempore
2365 5751 2423 5806 S.
2453 5749 2724 5806 Benedicti
2759 5753 2915 5804 erant
2950 5744 3264 5804 sacerdotes,
3303 5744 3353 5793 et
3387 5754 3486 5809 per
3520 5749 3700 5805 conse-
