3996 6198
308 310 403 363 191

1635 300 1916 359 JOANNIS
1952 300 2259 359 CASSIANI

3497 302 3598 357 l92

296 431 447 488 nobii
487 430 793 504 presbyter,
831 429 980 503 quod
1011 438 1096 487 est
1120 430 1175 486 in
1214 432 1470 503 Egypto,
1509 443 1622 484 non
1663 427 1823 500 longe
1860 444 1892 484 a
1915 431 1971 495 Α
1995 428 2208 484 sarculo
2232 426 2499 484 deorsum
2532 427 2809 505 incurvus,
2846 425 3067 483 laxabat
3099 424 3336 482 oleribus
3371 433 3596 493 terram,

302 528 328 557 ⁸
364 523 669 597 Panephysi
710 524 946 592 civitate,
978 533 1032 580 et
1057 540 1157 596 pro
1180 524 1294 595 ipsa
1321 523 1643 590 reverentia,
1668 522 1751 578 vel
1778 522 1899 578 vita:

297 634 435 689 suae,
478 619 558 675 vel
603 619 802 687 aetatis,
853 619 934 674 vel
973 616 1282 684 sacerdotii,
1326 616 1535 673 cunctis
1572 615 1899 675 honorabilis

301 728 365 768 ac
388 712 729 769 venerandus
755 712 1033 778 existeret,
1065 710 1249 766 videns
1283 725 1343 766 se
1371 725 1469 781 pro
1502 709 1607 766 hoc
1632 712 1749 787 ipso
1788 710 1897 765 hu-

301 806 588 862 militatem
609 806 755 861 illam
777 820 943 876 quam
962 803 1267 861 secundum
1290 818 1405 861 suae
1423 803 1622 860 mentis
1644 803 1900 859 ardorem

300 898 666 970 concupierat,
693 912 943 953 exercere
965 912 1075 953 non
1102 911 1283 967 posse,
1308 912 1409 953 nec
1436 896 1636 953 habere
1663 912 1773 969 quo
1797 896 1901 952 vir-

299 999 475 1048 tutem
508 990 826 1047 desideratas
864 990 1213 1064 subjectionis
1253 991 1590 1059 extenderet,
1624 992 1767 1047 clam
1809 990 1901 1047 fu-

301 1068 455 1153 giens
473 1081 539 1138 de
559 1081 834 1150 cmnobio,
861 1084 1083 1143 secessit
1102 1084 1251 1140 solus
1275 1083 1329 1139 in
1352 1082 1661 1140 Thebaidos
1680 1083 1903 1139 ultimas

252 1168 263 1173 ’
298 1181 482 1248 partes
508 1194 520 1230 :
552 1174 732 1246 ibique
755 1174 1001 1247 deposito
1024 1174 1211 1234 habitu
1238 1175 1659 1242 monachorum,
1690 1190 1903 1233 assum-

299 1277 393 1341 pta
418 1268 664 1325 saeculari
691 1278 856 1336 veste,
881 1268 1198 1326 coenobium
1224 1269 1786 1326 Tabennensiotarum
1821 1284 1904 1325 ex-

301 1361 477 1435 petiit,
511 1360 659 1433 quod
685 1363 889 1419 sciebat
917 1362 1128 1419 cunctis
1150 1377 1267 1418 esse
1296 1361 1610 1433 districtius,
1636 1372 1691 1419 et
1716 1362 1770 1437 in
1792 1378 1903 1434 quo

301 1470 381 1522 se,
413 1455 493 1510 vel
524 1448 622 1526 pro
658 1453 988 1526 longitudine
1017 1455 1248 1528 regionis
1271 1455 1501 1512 credidit
1521 1455 1902 1529 ignorandum,

302 1548 387 1605 vel
424 1563 522 1621 pro
560 1548 933 1621 magnitudine
960 1549 1274 1605 monasterii
1315 1564 1379 1605 ac
1419 1549 1765 1633 multitudine
1794 1547 1905 1604 fra-

298 1649 453 1697 trum
491 1636 646 1697 facile
677 1656 839 1713 posse
872 1642 1056 1697 celari.
1090 1641 1202 1698 Ubi
1229 1640 1536 1697 diutissime
1566 1658 1663 1714 pro
1689 1640 1906 1698 foribus

304 1750 674 1808 perseverans,
699 1744 1023 1791 cunctorum
1054 1733 1286 1790 fratrum
1312 1734 1542 1808 genibus
1562 1734 1905 1806 provolutus,

2006 519 2202 577 deinde
2243 528 2450 576 stercus
2476 520 2722 576 humeris
2760 519 2872 576 suis
2899 518 3206 585 advectans,
3232 532 3427 574 eorum
3454 516 3598 572 radi-

2007 612 2159 669 cibus
2195 612 2490 685 ingerebat.
2524 614 2769 685 Cumque
2800 612 2918 669 haec
2960 612 3174 668 intuens
3208 609 3399 678 frater,
3437 624 3602 681 super

2004 707 2282 780 agnitione
2301 708 2417 779 ejus
2435 706 2735 763 diutissime
2758 700 2947 763 fuisset
2968 704 3309 762 haesitatione
3326 701 3601 771 detentus,

2007 800 2232 873 propius
2260 800 2482 858 tandem
2507 800 2793 863 accedens,
2818 809 2875 855 et
2898 815 3011 856 non
3038 799 3221 856 solum
3245 798 3478 866 vultum,
3505 797 3603 854 sed

2008 896 2174 952 etiam
2215 910 2417 952 sonum
2457 894 2607 951 vocis
2647 892 2929 966 diligenter
2966 894 3284 966 explorans,
3331 890 3400 947 ad
3442 891 3605 964 pedes

2006 987 2123 1061 ejus
2154 987 2403 1045 cominus
2445 986 2797 1059 procidisset,
2826 987 3007 1058 primo
3046 985 3266 1057 quidem
3299 1000 3462 1056 super
3500 983 3607 1042 hoc

2007 1092 2291 1153 stuporem
2327 1096 2610 1138 summum
2645 1079 2952 1137 videntibus
2995 1079 3200 1136 cunctis
3234 1079 3477 1147 incussit,
3509 1095 3607 1135 cur

2009 1176 2258 1237 videlicet
2294 1174 2441 1233 istud
2477 1173 2682 1234 faceret
2710 1174 2758 1231 ei
2786 1175 2878 1247 qui
2904 1173 3050 1248 apud
3088 1176 3235 1247 ipsos
3264 1173 3407 1231 velut
3444 1173 3607 1231 novi-

2013 1270 2144 1335 tius,
2173 1284 2239 1325 ac
2265 1268 2335 1325 de
2363 1268 2565 1357 saeculo
2596 1283 2772 1340 nuper
2808 1281 3079 1340 egressus,
3108 1264 3411 1323 habebatur
3440 1273 3609 1322 extre-

2012 1380 2162 1431 mus;
2188 1371 2315 1435 post
2345 1378 2472 1421 vero
2504 1362 2769 1419 miraculo
2798 1369 2928 1418 sunt
2959 1360 3166 1432 majore
3197 1358 3452 1439 perculsi,
3479 1374 3609 1417 cum

2011 1457 2127 1530 ejus
2151 1472 2375 1524 nomen,
2406 1455 2557 1529 quod
2591 1455 2736 1528 apud
2772 1455 2920 1527 ipsos
2943 1470 3162 1528 quoque
3204 1468 3401 1525 magna
3432 1452 3613 1521 fuerat

2012 1549 2270 1622 opinione
2300 1557 2679 1621 compertum,
2725 1548 2977 1620 protinus
3021 1545 3362 1618 prodidisset.
3408 1548 3459 1600 Α
3501 1560 3611 1617 quo

2014 1641 2252 1698 universi
2288 1640 2480 1698 fratres
2516 1641 2709 1714 prioris
2736 1641 3054 1715 ignorantia:
3083 1640 3298 1697 veniam
3338 1639 3612 1711 postulano

2012 1745 2116 1803 tes,
2143 1737 2294 1811 quod
2329 1722 2458 1794 eum
2484 1736 2729 1798 videlicet
2752 1744 2906 1793 tanto
2936 1745 3182 1808 tempore
3207 1734 3347 1791 inter
3364 1734 3614 1807 juniores

304 1839 367 1886 ut
405 1828 770 1901 susciperetur
810 1829 1041 1884 summis
1082 1827 1332 1899 precibus
1371 1828 1618 1884 ambivit.
1661 1828 1908 1898 Cumque
1933 1827 1982 1891 B
2018 1848 2081 1893 ac
2122 1831 2380 1902 parvulos
2407 1830 2780 1903 deputassent,
2820 1829 3051 1886 invitum
3089 1845 3153 1886 ac
3188 1828 3432 1900 ﬂentem,
3463 1826 3613 1900 quod

304 1925 480 1979 multo
510 1923 767 1995 despectu
803 1922 1026 1980 tandem
1058 1920 1244 1979 fuisset
1265 1921 1554 2003 admissus,
1584 1920 1733 1994 quod
1758 1922 1906 2003 scili-

305 2024 392 2072 cet
412 2016 720 2089 decrepitus
747 2032 932 2083 senex,
973 2024 1032 2072 et
1053 2015 1147 2090 qui
1173 1999 1395 2072 omnem
1424 2032 1577 2072 suam
1612 2017 1666 2071 in
1705 1999 1906 2072 smculo

304 2109 473 2166 vitam
510 2111 850 2183 pervixisset,
889 2118 1050 2166 aetate
1094 2110 1288 2166 ultima
1337 2108 1546 2182 ingredi
1592 2108 1909 2165 coenobium

307 2202 630 2274 postularet,
650 2218 760 2273 quo
774 2211 1025 2274 tempore
1044 2202 1157 2272 jam
1176 2216 1245 2257 ne
1268 2201 1539 2258 deservire
1553 2202 1773 2274 quidem
1791 2201 1908 2258 suis

310 2294 678 2366 voluptatibus
727 2295 1074 2366 prmvaleret;
1117 2310 1182 2351 ac
1209 2310 1279 2350 ne
1323 2294 1429 2350 hoc
1474 2294 1695 2366 quidem
1732 2296 1909 2367 ipsum

308 2403 471 2444 causa
508 2386 783 2457 religionis
810 2395 1063 2459 expetere
1099 2403 1228 2444 eum
1256 2395 1581 2456 assererent,
1617 2387 1713 2443 sed
1748 2387 1911 2444 famis

308 2491 365 2539 et
399 2482 594 2554 inopia
635 2482 951 2538 necessitate
985 2483 1375 2549 constrictum;
1416 2490 1481 2538 ut
1518 2482 1635 2538 seni
1666 2481 1909 2554 nullique

308 2576 458 2648 operi
496 2576 712 2647 penitus
738 2584 885 2651 apto,
933 2576 1081 2633 horti
1120 2592 1249 2633 cura
1277 2575 1909 2650 diligentiaquemanda-

309 2680 422 2729 tur.
449 2674 626 2743 Quam
663 2651 766 2727 sub
795 2670 899 2727 alio
927 2669 1098 2729 fratre
1115 2670 1352 2743 juniore,
1380 2671 1475 2742 qui
1512 2686 1637 2728 eum
1663 2670 1762 2728 sibi
1787 2686 1911 2727 cre-

305 2764 456 2822 ditur
502 2765 800 2834 retinebat,
853 2780 1138 2833 exercens,
1195 2765 1272 2822 sic
1323 2764 1500 2821 eidem
1551 2765 1908 2835 subdebatur,

306 2866 566 2932 tantaque
608 2859 913 2916 obedientia
952 2858 1315 2917 desideratam
1342 2858 1665 2917 humilitatis
1692 2860 1911 2917 excole-

308 2952 403 3007 bat
432 2953 707 3022 virtutem,
742 2964 804 3010 ut
838 2970 951 3009 non
974 2955 1158 3010 solum
1196 2969 1259 3009 ea
1290 2969 1413 3024 quae
1450 2953 1521 3009 ad
1549 2953 1912 3010 horti-curam

309 3044 748 3118 diligentiamque
795 3046 1163 3117 pertinebant,
1212 3060 1404 3102 verum
1449 3047 1616 3101 etiam
1663 3046 1913 3103 universa

2014 1924 2211 1980 invidia
2237 1922 2440 1981 diaboli
2477 1921 2635 1996 digna
2661 1922 2762 1979 sibi
2788 1920 2980 1979 fuisset
3014 1908 3423 1979 conversatione
3449 1930 3617 1992 atque

2015 2018 2326 2075 humilitate
2365 2016 2681 2085 fraudatus,
2728 2000 2894 2087 quam
2946 2015 3249 2072 diutissime
3298 2014 3615 2087 requisitam

2014 2111 2237 2168 tandem
2261 2109 2555 2185 aliquando
2574 2122 2634 2167 se
2658 2094 2920 2166 invenisse
2938 2107 3227 2182 gaudebat,
3252 2122 3354 2163 nec
3382 2106 3615 2163 meruis-

2014 2215 2099 2262 set
2127 2205 2294 2262 vitam
2330 2220 2488 2262 suam
2516 2203 2573 2260 in
2598 2203 2687 2261 illa
2729 2218 2897 2275 quam
2936 2201 3239 2273 arripuerat
3280 2200 3615 2272 subjectione

2021 2300 2211 2368 ﬁnire;
2251 2299 2321 2356 ad
2358 2298 2641 2370 proprium
2669 2296 2988 2353 coenobium
3029 2293 3385 2361 reduxerunt,
3423 2302 3618 2350 custo-

2018 2393 2233 2459 dientes
2258 2407 2386 2448 eum
2414 2407 2630 2448 summa
2657 2390 2953 2462 diligentia,
2978 2403 3048 2444 ne
3071 2388 3139 2444 ab
3177 2388 3257 2444 eis
3282 2401 3499 2460 quoque
3535 2386 3617 2442 si-

2015 2486 2215 2543 militer
2244 2500 2524 2559 quoquam
2560 2484 2802 2557 dilapsus
2830 2481 3136 2557 aufugeret.

2569 2632 2813 2690 CAPUT
2838 2632 3063 2689 XXXI.

2019 2769 2477 2842 Quemadmodum
2502 2769 2669 2842 abbas
2682 2769 2997 2838 Pynuphius
3011 2767 3263 2842 reductus
3284 2767 3341 2819 in
3355 2770 3624 2821 monaste-

2085 2845 2229 2896 rium
2254 2856 2433 2907 suum,
2458 2846 2508 2895 et
2531 2840 2733 2894 modico
2763 2846 2995 2910 tempore
3024 2839 3219 2895 ibidem
3243 2842 3621 2906 commoratus,

2088 2916 2285 2968 iterum
2312 2913 2524 2981 fugerit
2549 2913 2610 2965 in
2631 2916 2818 2982 partes
2846 2911 3041 2980 Syriae.

2095 3049 2210 3108 Ubi
2235 3065 2363 3106 cum
2392 3047 2584 3105 fuisset
2622 3048 2840 3105 modico
2868 3056 3118 3121 tempore
3157 3045 3487 3115 demoratus,
3521 3060 3622 3102 eo-

308 3136 495 3192 ol'iicia
524 3152 646 3208 quae
685 3138 892 3194 cunctis
915 3145 1071 3193 erant
1108 3152 1297 3208 aspera
1319 3179 1335 3205 ,
1365 3137 1447 3193 vel
1478 3138 1729 3211 indigna,
1754 3148 1917 3213 atque
2021 3143 2149 3201 dem
2188 3158 2380 3200 rursus
2418 3141 2736 3198 humilitatis
2765 3140 3036 3198 desiderio
3072 3149 3239 3212 atque
3265 3138 3462 3216 ardore
3488 3146 3623 3194 suc-

250 3291 254 3294 .
313 3231 382 3287 ab
406 3230 663 3288 omnibus
685 3229 1020 3287 ducebantur
1042 3230 1275 3297 horrori,
1304 3238 1421 3289 tota
1442 3233 1686 3304 quotidie
1710 3233 1916 3290 seduli-
1944 3236 1990 3301 C
2025 3252 2245 3307 census,
2293 3244 2522 3309 captans
2560 3244 2833 3292 nocturna
2876 3235 3110 3302 silentia,
3161 3235 3235 3289 ita
3279 3232 3510 3305 diffugit,
3554 3240 3623 3288 ut

311 3329 425 3377 tate
452 3323 770 3394 compleret.
816 3322 1113 3394 Complura
1146 3322 1334 3392 etiam,
1364 3333 1527 3381 nocte
1554 3340 1911 3399 consurgens,
2016 3331 2133 3404 jam
2175 3329 2507 3402 provinciam
2535 3345 2650 3385 non
2675 3329 2928 3396 vicinam,
2964 3328 3059 3385 sed
3080 3327 3305 3404 ignotas
3333 3334 3388 3382 et
3413 3324 3622 3381 alienas

310 3413 385 3469 ita
416 3412 624 3480 furtim,
655 3414 808 3471 nullo
840 3422 979 3472 teste
1015 3415 1097 3473 vel
1126 3416 1366 3486 conscio,
1400 3417 1638 3474 tenebris
1666 3420 1917 3476 occulen-
2018 3402 2289 3498 longeque
2326 3423 2523 3480 divisas
2564 3423 2808 3495 (positas)
2854 3402 3101 3496 regiones
3141 3428 3437 3494 expeteret.
3479 3421 3623 3475 Nam

313 3507 460 3564 tibus
483 3507 770 3575 efficiebat,
798 3518 862 3566 ut
886 3511 1103 3582 penitus
1122 3521 1407 3568 auctorem
1436 3513 1616 3585 operis
1640 3529 1807 3570 nemo
1832 3513 1917 3570 de-
2021 3512 2400 3575 conscendens
2438 3531 2635 3573 navem
2672 3517 2731 3572 in
2755 3516 3061 3572 Palaestinae
3088 3524 3271 3586 partes
3305 3528 3622 3570 commeare

314 3600 691 3672 prehenderet.
734 3603 983 3673 Cumque
1029 3603 1234 3660 ibidem
1271 3604 1507 3660 triennio
1555 3605 1910 3675 delitescens,
2018 3611 2243 3681 curavit,
2283 3609 2512 3668 credens
2552 3625 2611 3667 se
2643 3610 2817 3667 tutius
2841 3610 3199 3677 latitaturum,
3228 3608 3273 3664 si
3309 3608 3379 3665 ad
3418 3607 3508 3663 illa
3537 3622 3625 3663 se-

316 3694 569 3765 dispersis
601 3711 699 3767 per
729 3696 1037 3754 universam
1064 3700 1359 3770 Egyptum
1402 3699 1603 3771 ubique
1633 3699 1913 3769 fratribus,
2020 3706 2318 3777 metipsum
2342 3711 2673 3774 aspertasset
2708 3704 2848 3771 loca,
2876 3704 2932 3760 in
2958 3704 3157 3775 quibus
3184 3718 3255 3759 ne
3278 3714 3482 3757 nomen
3506 3701 3625 3771 qui-

319 3797 676 3859 quaereretur,
705 3804 737 3843 a
778 3788 1017 3861 quodam
1044 3790 1266 3848 tandem
1309 3792 1455 3848 visus
1490 3792 1583 3863 qui
1609 3790 1678 3848 de
1706 3795 1917 3866 Egypti
2022 3801 2151 3856 dem
2192 3814 2355 3854 suum
2406 3796 2598 3853 fuisset
2642 3797 2909 3854 auditum.
2958 3800 3080 3868 Quo
3104 3804 3250 3852 'cum
3291 3793 3624 3863 advenisset,

318 3881 563 3954 partibus
589 3892 947 3947 commearat,
977 3884 1071 3940 vix
1095 3885 1272 3956 potuit
1294 3900 1395 3957 pro
1424 3885 1733 3942 humilitate
1759 3887 1919 3944 habi-
2023 3897 2276 3944 nostrum
2301 3886 2694 3942 monasterium
2735 3886 2983 3957 protinus
3016 3885 3295 3957 expetivit,
3330 3883 3479 3956 quod
3512 3899 3626 3939 non

317 3984 408 4033 tus
434 3975 518 4034 sui
546 3992 609 4035 ac
637 3977 844 4036 vilitate
868 3976 1035 4036 ofﬁcii
1067 3979 1214 4053 quod
1236 3978 1482 4053 gerebat,
1506 3980 1744 4055 agnosci.
1773 3984 1920 4039 Nam
2026 3981 2187 4054 longe
2216 3979 2317 4036 fuit
2344 3997 2375 4037 a
2398 3972 2426 4011 δ
2465 3978 2689 4053 ερθιωο,
2713 3978 2770 4034 in
2811 3994 2922 4052 quo
2950 3977 3223 4035 Dominus
3248 3985 3440 4034 noster
3467 3977 3627 4033 Jesus

1410 4111 1671 4167 ALARDI
1707 4111 1939 4169 GAZEI
1976 4108 2540 4169 COMMENTARIUS.

319 4239 485 4297 quens
521 4229 572 4281 et
603 4228 737 4297 ipse.
770 4227 1046 4283 Caeterum
1073 4225 1264 4283 monui
1309 4226 1363 4282 in
1402 4224 1836 4297 praecedentibus
1865 4224 1923 4282 id
2019 4227 2263 4297 judiciis.
2296 4228 2367 4281 Et
2384 4206 2597 4280 dudum
2617 4221 2994 4297 ecclesiasticis
3019 4221 3231 4297 legibus
3254 4221 3524 4297 sancitum
3543 4230 3627 4278 est

319 4309 433 4368 uon
460 4295 636 4368 fuisse?
656 4306 1002 4368 perpetuum,
1044 4307 1100 4354 et
1128 4298 1334 4355 multos
1360 4295 1418 4352 id
1442 4298 1706 4368 temporis
1745 4297 1923 4354 dictos
2022 4295 2048 4362 ’(
2066 4298 2423 4368 Clemait._Ne
2442 4298 2503 4349 in
2524 4311 2678 4368 agro,
2700 4296 2766 4368 de
2789 4299 2954 4350 statu.
2976 4295 3408 4368 monachorum),
3434 4301 3496 4348 ut
3510 4308 3626 4348 non

322 4362 489 4438 fuisse
524 4362 770 4430 abba'tes,
795 4366 851 4438 id
879 4375 984 4431 est,
1016 4376 1199 4438 patres
1238 4362 1643 4425 monachorum
1667 4383 1762 4423 seu
1788 4384 1920 4423 ana-
2030 4369 2213 4423 solum
2231 4366 2494 4438 uabbates,
2537 4362 2634 4421 sed
2674 4366 2885 4438 priores
2917 4364 3328 4438 conventuales,
3358 4366 3530 4419 immo
3568 4372 3627 4438 et

321 4433 691 4508 choretarum,
731 4435 825 4505 qui
850 4451 959 4491 non
990 4433 1148 4493 erant
1172 4439 1475 4508 presbyteri
1505 4448 1562 4493 et
1586 4438 1916 4508 sacerdotes,

321 4504 418 4575 sed
458 4503 794 4575 professione
823 4513 1039 4561 tantum
1076 4503 1353 4571 monachi,
1380 4515 1435 4561 et
1461 4508 1655 4563 ordine
1689 4508 1826 4563 laici.
1861 4507 1926 4564 1d

323 4573 472 4629 enim
493 4584 700 4700 praeter
725 4573 850 4639 alia,
891 4591 1015 4646 quae
1055 4576 1185 4659 alibi
1209 4576 1495 4633 retulimus
1525 4579 1690 4643 (Coll.
1722 4583 1778 4644 2,
1802 4595 1920 4648 cap.

325 4651 392 4702 5:
421 4646 489 4702 Co
514 4647 553 4701 ι.
582 4652 638 4702 3.
664 4661 786 4702 cap.
822 4650 896 4702 ι).
935 4646 1153 4702 probari
1196 4655 1404 4702 potest.
1434 4655 1554 4702 tum
1580 4663 1649 4702 ex
1686 4651 1920 4702 Decreto

377 4663 392 4711 ;
421 4662 553 4702 uou.
582 4662 638 4710 δ,
664 4662 786 4711 cap.

325 4651 392 4728 5.;
421 4650 638 4727 Coll..3,
664 4661 786 4715 cap.
822 4650 896 4712 1),
913 4650 1153 4774 dprobari
1196 4655 1404 4718 potest,
1434 4655 1554 4703 tum
1580 4663 1649 4729 ex
1686 4651 1918 4705 Decreto

323 4717 565 4773 Silvestri
610 4732 764 4788 papa
804 4733 910 4788 apu
987 4718 1334 4784 Gratianum,
1380 4719 1528 4789 quod
1569 4733 1647 4773 suc
1691 4718 1856 4777 habet
1904 4738 1918 4776 :

323 4790 575 4859 Pontiﬁci
593 4790 896 4859 presbyter,
924 4790 1238 4860 presbytero
1260 4789 1536 4853 diaconus,
1567 4790 1787 4845 diacono
1807 4792 1923 4845 sub-

328 4860 603 4924 diaconus,
649 4861 972 4916 subdiacono
1010 4861 1309 4931 acolythus,
1352 4862 1597 4930 acolytho
1639 4864 1919 4925 emorcista,

320 4934 600 4988 exoralstee
616 4933 799 4997 lector,
815 4934 999 4988 lectori
1008 4934 1289 4997 ostiarius,
1305 4935 1529 4988 ostiario
1543 4933 1730 4996 abbas,
1742 4934 1930 4989 abbati

327 5005 634 5076 monachus,
668 5005 731 5063 in
755 5007 902 5076 omni
930 5004 1037 5060 loco
1065 5008 1445 5075 repraesentem
1477 5005 1784 5076 obsequium
1826 5006 1921 5075 (In

324 5075 556 5146 gpitome
567 5075 714 5128 Juv-is
734 5075 1163 5146 ϐαποπίοίλάἑςτ..
1196 5081 1291 5143 93,
1311 5091 1433 5146 cap.
1464 5078 1519 5134 A
1534 5077 1891 5146 subdiacono)
1905 5119 1919 5133 .

473 5142 969 5229 vides-gradatione
996 5144 1137 5203 facta
1161 5162 1197 5229 _a
1221 5142 1592 5229 superioribus
1615 5147 1685 5229 ad
1706 5145 1919 5229 inferio-

327 5228 457 5295 res,_
485 5212 761 5295 abbatem.
783 5214 1007 5295 ostiario
1040 5212 1443 5295 postpositum,
1490 5225 1680 5295 utpote
1720 5218 1921 5295 laicum

326 5283 548 5350 clerico,
587 5291 650 5339 ut
690 5283 764 5341 ibi
801 5292 958 5340 notat
1001 5283 1197 5357 glossa'
1223 5290 1289 5354 (ς
1330 5290 1468 5344 Hinc
1498 5283 1578 5343 est
1614 5290 1673 5342 in
1709 5292 1812 5357 ﬁne
1853 5296 1920 5344 16

331 5359 520 5429 quast.
564 5359 629 5429 l_)
659 5373 674 5409 :
704 5363 824 5411 tum
853 5369 919 5429 ex
951 5355 1185 5429 quadam
1218 5358 1446 5428 epistola
1485 5361 1565 5429 D.
1594 5355 1921 5429 Hieronymi

330 5427 534 5499 (Epist.
560 5427 626 5481 de
645 5441 800 5499 opere
822 5430 874 5480 et
894 5426 1133 5499 humilit.
1161 5426 1454 5499 monachi),
1479 5428 1571 5485 ubi
1594 5437 1783 5483 narrat
1806 5426 1926 5484 mo-

330 5496 535 5574 nachos
553 5496 790 5574 Scythiae
803 5497 1040 5574 quadam
1060 5498 1146 5554 die
1165 5496 1484 5574 convenisse
1503 5500 1559 5574 in
1578 5514 1746 5574 unum
1769 5508 1831 5555 ut
1848 5515 1925 5574 sa-

328 5564 608 5639 cerdotem
621 5564 726 5623 sibi
756 5564 1083 5639 invenirent,
1100 5568 1193 5639 qui
1212 5569 1343 5639 ipsis
1356 5564 1646 5626 Missa'rum
1663 5569 1926 5628 solemnia

328 5637 652 5725 celebraret,
690 5646 752 5725 ut
775 5636 941 5725 refert
963 5636 1591 5725 idem'Gratianus
1635 5654 1687 5697 ιι
1713 5645 1921 5725 Deerat.

328 5725 455 5792 cup,
487 5717 506 5764 1
542 5711 607 5766 de
640 5714 776 5793 ωεα..
795 5714 851 5767 et
872 5711 1049 5781 qualis
1068 5713 1409 5782 prwﬁcien.).
1434 5714 1926 5796 Caeterumposte-

326 5780 809 5865 riortbus‘saeculis
835 5790 1278 5865 constat_nomen
1312 5782 1542 5865 abbatis
1559 5790 1837 5865 transusse
1868 5800 1925 5865 in

331 5867 539 5911 nomen
561 5853 852 5927 dignitatis,
883 5861 944 5910 ut
964 5853 1235 5927 colligitur
1256 5869 1323 5911 ex
1348 5869 1466 5926 cap.
1498 5857 1837 5912 Decemimus
1859 5856 1925 5913 de

970 4646 1153 4719 robari
1196 4655 1404 4718 potest,
1434 4655 1554 4703 tum
1580 4663 1649 4719 ex
1686 4646 1922 4719 Decreto
1951 4657 2000 4719 D

2033 4436 2284 4518 monachi
2315 4451 2528 4518 omnes,
2555 4434 2806 4518 cessante
2821 4435 3075 4518 legitimo
3106 4435 3518 4518 impedimento,
3555 4434 3626 4490 ad

2032 4508 2250 4565 ordines
2275 4522 2460 4562 sacros
2479 4515 2535 4561 et
2558 4507 2629 4579 ad
2652 4507 3024 4579 sacerdotium
3042 4515 3352 4579 opportuno
3375 4514 3628 4577 tempore

2033 4587 2485 4651 promoveantur.
2520 4578 2624 4651 Sed
2647 4577 2714 4633 de
2740 4577 2825 4651 his
2853 4578 3002 4634 alibi.

2099 4653 2125 4722 ἓ
2151 4651 2231 4705 Ita
2252 4647 2508 4722 scribitur
2527 4649 2689 4722 hujus
2704 4650 2859 4722 urbis,
2871 4664 3074 4722 nomen
3098 4648 3245 4722 apud
3262 4647 3627 4722 Ptolemaeum

2028 4730 2085 4776 et
2104 4721 2158 4776 in
2184 4721 2460 4776 Vaticanis
2481 4717 2785 4789 codicibus,
2812 4721 2891 4776 ait
2913 4717 3216 4777 Ciaconius.
3241 4717 3518 4790 Oppidum
3546 4726 3634 4773 est

2030 4792 2268 4864 Egypti,
2298 4792 2367 4848 de
2393 4807 2501 4864 quo
2530 4792 2719 4848 itidem
2759 4791 3013 4848 meminit
3040 4790 3335 4848 Cassianus
3362 4790 3546 4847 collat.
3569 4794 3628 4856 7,

2031 4880 2151 4920 can.
2186 4868 2278 4920 26.

2098 4880 2503 4991 θ’ὶξὲέδιιυιιιω
2531 4932 2704 5004 magis
2731 4932 3007 5004 poeticum
3038 4948 3139 5004 pro
3162 4932 3423 5003 spelunca
3452 4930 3632 4999 (Vide

2102 4948 2129 4969 υ
2168 4948 2503 4991 vocabulum
2531 4948 3007 5059 magtspoeucum
3038 4948 3139 5004 pro
3162 4948 3423 5014 spelunca

2027 5009 2203 5064 collat.
2230 5020 2368 5062 xvn
2390 5020 2435 5059 c.
2457 5008 2541 5070 5).
2574 5006 2726 5075 Virgt
2754 5020 2838 5060 ius
2862 5004 3064 5076 Ecloga
3085 5003 3294 5061 decima
3327 5020 3341 5059 :
3434 5051 3446 5062 .

2185 5086 2390 5147 Certum
2410 5087 2488 5147 est
2509 5084 2557 5132 in
2578 5083 2732 5147 sylvis
2751 5083 2882 5133 inter
2901 5083 3084 5147 spelaea
3111 5083 3331 5133 ferarum

2188 5146 2335 5197 Malle
2363 5146 2481 5208 pati.

2025 5216 2187 5286 Quod
2209 5216 2278 5273 ad
2298 5231 2417 5273 rem
2439 5215 2652 5282 attinet,
2663 5214 2754 5287 qui
2767 5215 3330 5289 Hierosolymitanam
3346 5217 3629 5289 regionem

2028 5288 2421 5353 lustraverunt,
2433 5296 2681 5353 narrant,
2702 5287 2981 5344 stabulum
3009 5287 3169 5354 illud,
3186 5289 3365 5359 inquo
3383 5287 3636 5345 Christus

2029 5359 2297 5415 Dominus
2338 5366 2525 5414 noster
2560 5365 2723 5431 natus
2748 5367 2855 5425 est,
2881 5359 3198 5431 speluncam
3229 5358 3402 5416 fuisse
3441 5375 3639 5431 quam-

2029 5430 2181 5496 dam,
2202 5431 2269 5486 in
2299 5444 2405 5501 qua
2437 5443 2675 5501 priesepe
2704 5429 2760 5485 in
2787 5429 2927 5501 rupe
2950 5430 3194 5487 excisum
3228 5438 3361 5487 erat.
3392 5429 3555 5500 Quod
3579 5438 3636 5486 et

2030 5502 2124 5574 SS.
2150 5500 2374 5574 Patrum
2396 5500 2603 5574 calcqu
2628 5500 3042 5574 comprobatur,
3063 5503 3155 5573 qui
3180 5501 3495 5573 speluncam
3520 5517 3634 5574 pas-

2033 5573 2139 5628 sim
2183 5571 2492 5638 nominant,
2536 5571 2589 5627 in
2648 5571 2931 5641 suburbiis
2973 5571 3404 5630 Betlileemiticis
3448 5571 3633 5629 sitam.

2034 5641 2200 5715 Unde
2219 5643 2276 5715 Si.
2292 5643 2656 5715 Hieronymus
2676 5643 2730 5698 in
2749 5644 2974 5714 epistola
2996 5650 3060 5699 18
3074 5647 3143 5700 ad
3164 5645 3474 5703 Marcellam
3494 5644 3637 5701 inter

2032 5714 2135 5770 alia
2160 5714 2354 5771 scribit
2379 5731 2392 5768 :
2419 5714 2532 5782 ouo
2549 5730 2806 5778 sermone,
2833 5732 2941 5785 qua
2959 5731 3080 5771 voce
3112 5718 3418 5787 speluncam
3443 5715 3637 5771 Salva-

2034 5787 2167 5841 toris
2179 5790 2515 5856 exponam,“
2526 5786 2664 5841 illud
2666 5801 2926 5856 praesepe,
2932 5789 2990 5843 in
3001 5803 3107 5856 quo
3114 5786 3425 5854 infantulus
3436 5787 3641 5854 mgiit?

2032 5857 2243 5914 silentio
2262 5859 2461 5926 magis,
2477 5872 2643 5927 quam
2674 5858 2858 5927 inﬁmo
2871 5873 3112 5914 sermone
3143 5857 3516 5913 honorandum
3533 5860 3634 5912 est.
