3996 6198
417 336 522 391 193
594 356 597 359 ·

830 333 920 389 DE
957 331 1439 391 CGJNOBIORUM
1474 332 1719 390 INSTIT.
1759 330 1888 390 LIB.
1927 329 2021 390 IV.
2060 361 2133 374 —
2170 330 2258 389 DE
2295 330 2675 392 INSTITUTIS
2712 334 3305 394 RENUNTIANTIUM.
3338 288 3339 295 γ

3620 341 3722 398 194

413 458 664 516 Christus
692 473 756 515 ex
793 459 1013 530 Virgine
1050 459 1195 517 nasci
1222 459 1470 533 dignatus
1503 468 1605 517 est.
1637 462 1701 516 In
1739 474 1850 532 quo
1879 474 2011 532 per-
2033 463 2081 525 Α
2118 458 2165 514 ei
2184 458 2606 528 cohaerentibus,
2630 460 3025 535 repromittitur
3050 460 3107 517 in
3128 459 3412 518 futurum:
3443 463 3518 518 ita
3544 478 3724 535 poena

414 552 630 609 modico
666 560 914 626 tempore
958 552 1305 621 delitescens,
1350 553 1652 612 secundum
1689 553 2018 610 sententiam

413 645 634 702 Domini
658 647 886 713 (Matth.
910 652 1012 714 ν),
1041 654 1323 720 tamquam
1364 647 1553 705 civitas
1585 650 1747 719 super
1770 655 2017 703 montem

414 739 616 810 posita,
651 738 853 796 diutius
896 740 1150 797 abscondi
1186 758 1302 798 non
1348 741 1543 814 potuit.
1572 743 1718 798 Nam
1757 741 2016 798 continuo

412 832 639 905 quidam
682 830 911 890 fratrum
938 834 1028 915 qui
1058 835 1128 891 ad
1156 836 1275 892 loca
1302 844 1489 892 sancta
1524 835 1592 892 de
1632 835 1851 908 Egypti
1892 851 2019 908 par-

411 926 560 983 tibus
611 925 873 983 orationis
917 942 1080 983 causa
1145 928 1505 984 cenvenerant
1525 970 1540 996 ,
1586 929 1830 1002 agnitum
1892 943 2018 984 eum

412 1034 632 1078 summa
655 1019 709 1075 vi
750 1035 978 1093 precum
1007 1020 1076 1077 ad
1118 1020 1430 1078 ccenobium
1467 1037 1627 1077 suum
1672 1030 2011 1078 revocarunt.

952 1114 1198 1171 CAPUT
1229 1115 1481 1169 XXXII.

416 1210 548 1280 Quae
561 1213 837 1293 praecepta
852 1210 1001 1264 dedit
1010 1209 1149 1262 idem
1162 1208 1326 1293 abbas
1346 1210 1661 1293 Pynufphius
1674 1211 1853 1293 fratri
1862 1226 2019 1281 quem

720 1284 780 1335 in
814 1296 968 1335 suum
995 1282 1376 1334 monasterium
1401 1282 1711 1351 recipiebat.

490 1374 654 1429 Hunc
681 1373 839 1445 igitur
868 1386 1053 1428 senem
1081 1386 1190 1443 pro
1207 1372 1316 1440 illa,
1349 1386 1474 1444 quae
1490 1372 1651 1429 nobis
1680 1372 1860 1430 fuerat
1876 1373 2019 1446 apud

429 1480 596 1537 psum
642 1466 697 1521 in
725 1464 1055 1521 monasterio
1086 1473 1279 1520 nostro
1321 1448 1657 1523 familiaritas
1678 1507 1694 1534 ,
1740 1481 1869 1523 cum
1898 1475 2021 1538 post

411 1557 533 1615 haec
560 1558 614 1613 in
650 1560 881 1631 Egypto
907 1558 1298 1615 studiosissime
1319 1559 1756 1631 requisissemus,
1777 1563 1800 1592 ³
1824 1560 2021 1617 exhor-

411 1651 678 1707 tationem
702 1666 867 1722 quam
890 1651 1039 1708 dedit
1062 1650 1211 1708 fratri
1249 1666 1413 1723 quem
1440 1652 1544 1709 sub
1565 1662 1763 1709 nostra
1788 1667 2021 1725 praesen-

411 1745 488 1801 tia
536 1744 592 1800 in
638 1744 890 1801 coenobio
944 1759 1046 1801 suo
1092 1745 1419 1817 recipiebat,
1472 1748 1594 1819 quia
1639 1756 1773 1819 puto
1808 1762 1876 1802 ex
1920 1746 2023 1801 hac

413 1853 575 1911 posse
628 1838 825 1909 aliquid
889 1837 1259 1895 instructionis
1317 1840 1605 1909 accedere,
1669 1841 1889 1897 animus
1939 1847 2025 1895 est

415 1902 679 2006 opusculo
707 1902 833 1989 huic
856 1932 1113 1990 intexere.
1131 1927 1158 1966 ¹³
1181 1935 1359 2007 Nosti,
1402 1934 1498 2003 ait,
1531 1902 1679 2007 quot
1701 1933 1893 1991 diebus
1920 1949 2022 2006 pro
2056 1902 2105 1964 Β

413 2025 628 2083 foribus
664 2027 954 2097 excubans,
992 2025 1267 2083 hodie-sis
1292 2037 1562 2099 receptus.
1587 2027 1757 2099 Cuius
1790 2026 2027 2083 difﬁcul-

414 2124 545 2179 tatis
573 2138 794 2178 causam
821 2122 1074 2195 primitus
1100 2122 1266 2178 debes
1292 2137 1603 2194 agnoscere.
1634 2121 1839 2177 Poterit
1877 2121 2025 2176 enim

413 2217 516 2272 tibi
562 2216 618 2272 in
655 2214 759 2272 hac
788 2215 904 2282 via,
946 2231 1113 2288 quam
1139 2216 1347 2288 ingredi
1390 2214 1756 2287 concupiscis,
1786 2214 2025 2271 multum

418 2308 691 2378 conferre,
727 2307 795 2377 si,
832 2307 1043 2365 ratione
1081 2308 1201 2379 ejus
1236 2308 1446 2380 agnita,
1489 2307 1559 2363 ad
1608 2307 1805 2364 Christi
1851 2307 2024 2364 servi-

417 2403 557 2460 tium
587 2394 985 2475 consequenter
1011 2418 1075 2457 ac
1099 2402 1237 2457 sicut
1258 2409 1472 2473 oportet
1498 2401 1807 2458 accesseris.

914 2512 919 2517 '
943 2498 1190 2554 CAPUT
1225 2498 1503 2553 XXXIII.

418 2586 577 2656 Quod
590 2588 730 2641 sicut
748 2601 951 2655 magna
964 2584 1327 2640 remuneratio
1342 2585 1597 2639 monacho
1611 2584 1833 2640 debetur
1852 2600 2028 2640 secun-

491 2659 623 2713 dum
646 2659 1035 2713 institutimmn
1061 2661 1291 2728 patrum
1332 2656 1644 2728 laboranti,
1673 2658 1754 2710 ita
1795 2660 1846 2712 et

490 2730 741 2785 similiter
760 2726 1069 2790 tribuatur.
1085 2732 1135 2782 et
1160 2728 1357 2783 idcirco
1382 2743 1490 2781 non
1508 2726 1699 2781 debeat
1719 2728 1840 2796 quis
1864 2728 2029 2794 facile

493 2801 717 2856 admitti
740 2802 800 2853 in
826 2801 1165 2854 monasterio.

492 2892 646 2949 Sicut
681 2906 917 2963 namque
956 2891 1223 2948 immensa
1260 2890 1431 2965 gloria
1472 2888 1704 2948 ﬁdeliter
1754 2888 2029 2946 servienti-

418 2984 529 3041 bus
571 2987 722 3054 Deo,
752 3000 815 3041 ac
855 2983 1158 3042 secundum
1189 2983 1543 3041 institutionis
1579 2981 1745 3055 hujus
1785 2981 2028 3054 regulam

2123 551 2457 623 gravissimae
2480 557 2865 626 {praeparantur
2903 554 2989 612 his
3035 556 3127 629 qui
3166 556 3345 629 tepide
3385 572 3507 613 eam
3547 558 3722 632 negli-

2123 653 2417 717 genterque
2446 644 2651 702 fuerint
2690 648 2949 717 exsecuti,
2979 656 3033 705 et
3060 658 3081 685 α
3106 648 3407 706 secundum
3443 648 3551 707 hoc
3577 636 3749 723 quod

2124 737 2352 811 professi
2387 748 2550 809 sunt,
2574 741 2656 797 vel
2684 742 2831 815 quod
2871 743 2938 799 ab
2977 743 3286 801 hominibus
3329 762 3446 802 esse
3486 744 3722 803 credun-

2122 842 2232 904 tur,
2263 833 2473 890 fructus
2512 835 2675 891 etiam
2718 851 2987 909 congruos
3024 837 3319 894 sanctitatis
3353 838 3530 895 eidem
3576 839 3727 895 exhii-

2123 927 2254 983 bere
2277 928 2632 999 neglexerint.
2661 929 2856 985 Melius
2882 937 2966 986 est
2990 929 3163 998 enim,
3189 917 3219 961 ἀ
3243 930 3545 987 secundum
3580 932 3723 989 Scri-

2129 1029 2346 1094 pturam
2371 1025 2596 1089 (Ecclcs.
2646 1026 2716 1090 γ)
2736 1064 2751 1089 ,
2782 1039 2895 1079 non
2929 1039 3124 1079 vovere
3157 1040 3487 1096 quemquam
3507 1066 3523 1093 ,
3562 1040 3727 1097 quam

2125 1102 2348 1181 vovere,
2386 1124 2440 1171 et
2483 1132 2597 1172 non
2643 1115 2902 1183 reddere;
2953 1123 3040 1183 et,
3101 1117 3426 1174 Maledictus
3469 1116 3561 1190 qui
3602 1116 3731 1175 facit

2125 1223 2263 1280 opus
2298 1207 2401 1264 Dei
2430 1208 2762 1281 negligenter
2784 1210 2999 1281 (Jerem.
3035 1213 3291 1276 XLVIII).
3334 1209 3464 1266 Ideo
3502 1209 3665 1283 igitur
3698 1227 3730 1267 a

2125 1301 2286 1358 nobis
2306 1300 2609 1358 diutissime
2630 1300 2901 1357 refutatus
2928 1316 3006 1367 es,
3037 1318 3149 1357 non
3173 1302 3296 1374 quia
3325 1309 3478 1356 tuam
3506 1302 3588 1357 vel
3614 1317 3733 1358 om-

2126 1395 2281 1451 nium
2305 1396 2537 1452 salutem
2565 1410 2678 1450 non
2701 1402 2818 1451 toto
2842 1394 3112 1451 desiderio
3140 1394 3421 1466 cupiamus
3449 1394 3726 1466 amplecti,

2126 1497 2181 1545 et
2215 1488 2295 1544 his
2322 1488 2413 1560 qui
2457 1488 2525 1544 ad
2553 1487 2830 1545 Christum
2877 1488 3104 1561 cupiunt
3132 1488 3371 1544 converti
3410 1488 3577 1545 etiam
3601 1504 3731 1561 pro-

2126 1581 2212 1636 cul
2257 1596 2542 1637 occurrere
2577 1597 2690 1637 non
2736 1590 2989 1653 optemus
3036 1599 3049 1636 :
3105 1580 3201 1637 sed
3244 1597 3315 1637 ne
3353 1589 3561 1637 temere
3598 1582 3735 1637 reci-

2128 1675 2359 1747 pientes,
2390 1685 2447 1732 et
2481 1691 2583 1732 nos
2610 1676 2753 1748 apud
2796 1679 2973 1732 Deum
3002 1676 3252 1743 levitatis,
3282 1685 3336 1733 et
3380 1676 3729 1749 temetipsum

2130 1785 2288 1825 reum
2349 1769 2611 1841 gravioris
2661 1770 2903 1841 supplicii
2941 1770 3274 1835 faceremus,
3316 1770 3361 1826 si
3388 1771 3456 1827 ad
3499 1787 3735 1844 prmsens

2132 1860 2288 1918 facile
2325 1871 2641 1934 susceptus,
2670 1878 2772 1918 nec
2806 1863 3019 1934 pondus
3048 1862 3398 1933 professionis
3439 1863 3601 1936 hujus
3646 1863 3732 1920 in-

2134 1955 2403 2027 telligens,
2431 1956 2510 2011 vel
2541 1954 2832 2012 destitutor
2860 1965 2985 2028 post
3020 1956 3166 2024 haec,
3207 1956 3290 2013 vel
3319 1956 3531 2029 tepidus
3568 1957 3735 2013 exsu-

2130 2048 2308 2106 tisses.
2354 2047 2729 2118 Quamobrem
2767 2050 2940 2121 ipsam
2990 2065 3210 2106 causam
3250 2049 3738 2106 abrenuntiationis

2131 2144 2299 2200 debes
2328 2143 2382 2198 in
2428 2142 2615 2215 primis
2644 2158 2935 2216 agnoscere
2963 2162 2975 2197 :
3021 2159 3129 2216 qua
3180 2151 3459 2215 perspecta
3481 2184 3497 2211 ,
3525 2141 3654 2215 quid
3681 2149 3738 2198 te

2130 2235 2422 2291 conveniat
2472 2248 2665 2307 agere,
2724 2250 2790 2291 ex
2839 2234 2959 2308 ejus
3003 2235 3217 2292 ratione
3266 2234 3606 2292 manifestius
3647 2233 3734 2290 in-

2129 2326 2371 2383 struaris.

2668 2423 2908 2479 CAPUT
2945 2424 3200 2480 XXXIV.

2204 2522 2357 2591 Quod
2385 2524 2786 2598 abrenuntiatio
2822 2530 3010 2579 nostra
3041 2527 3179 2580 nihil
3206 2528 3279 2581 sit
3317 2525 3472 2581 aliud
3498 2542 3662 2598 quam

2450 2596 2793 2665 mortiﬁcatio
2810 2638 2826 2659 ,
2859 2602 2910 2650 et
2938 2599 3113 2665 imago

2207 2705 2231 2735 °
2271 2702 2692 2759 Abrenuntiatio
2738 2703 2872 2759 nihil
2925 2713 3008 2761 est
3051 2705 3198 2762 aliud
3245 2722 3410 2779 quam
3456 2708 3630 2765 crucis
3672 2725 3735 2765 ac

2136 2794 2572 2853 mortificationis
2610 2796 2891 2853 indicium.
2927 2797 3165 2870 Ideoque
3199 2799 3423 2856 noveris
3468 2801 3736 2857 hodierno

2135 2886 2224 2942 die
2248 2894 2301 2943 te
2327 2886 2451 2944 huic
2493 2888 2704 2944 mundo
2733 2897 2788 2943 et
2828 2888 3040 2945 actibus
3072 2889 3192 2961 ejus
3225 2905 3290 2946 ac
3311 2890 3593 2947 desideriis
3620 2907 3740 2947 esse

2134 2978 2473 3047 defunctum,
2499 2989 2664 3055 teque
2686 2975 3025 3053 ‘secundum
3054 2982 3385 3055 Apostolum
3403 2989 3421 3052 (
3439 2985 3616 3041 Galat.
3640 2987 3738 3050 v1)

1524 3135 1780 3191 ALARDI
1817 3135 2044 3191 GAZIEI
2081 3134 2641 3192 COMMENTARIUS.

499 3268 526 3297 ³
554 3261 745 3320 Refert
767 3265 971 3334 Auctor
994 3260 1267 3334 insignem
1297 3259 1610 3334 orationem
1640 3275 1735 3316 seu
1764 3259 2023 3315 exhorta-

429 3334 640 3390 tionem
665 3333 873 3389 abbatis
892 3329 1160 3404 Pynupiiii
1196 3331 1557 3404 ad_novitium
1572 3329 1788 3404 factam
1804 3372 1820 3397 ,
1861 3346 2024 3402 quem

430 3404 751 3483 recipiebat;
776 3400 1005 3476 eamque
1032 3400 1247 3473 reliquis
1271 3401 1435 3483 hujus
1465 3400 1585 3482 libri
1611 3400 2027 3483 capitibus'pro—

426 3471 675 3558 sequitur
699 3494 734 3558 ξ.
760 3471 1278 3558 ςωιηῑλρρροτίυηθ
1314 3471 1514 3558 imitari
1557 3471 1729 3543 possit
1760 3471 1930 3558 abbas
1967 3475 2024 3528 in

423 3541 739 3620 hujusmodi
779 3541 1090 3620 manu
1140 3541 1617 3620 s_eu_admissione
1665 3544 2020 3601 novitiorum.

426 3615 678 3689 Meminit
707 3616 868 3689 hujus
903 3615 1299 3689 exhortationis
1325 3615 1507 3689 collat.
1540 3623 1602 3689 Π
1631 3629 1753 3686 cap.
1790 3621 1845 3669 5.

497 3683 524 3722 ¹³
566 3692 651 3745 De
706 3683 809 3745 hac
850 3688 1172 3759 probatione
1218 3694 1276 3743 et
1314 3687 1672 3759 excubatione
1701 3683 1842 3743 ante
1882 3685 2029 3759 fores

421 3755 976 3841 monasteriiegimus
997 3758 1243 3841 sqperius
1268 3764 1291 3841 (_
1300 3760 1429 3840 Cap.
1460 3763 1495 3812 2
1518 3758 1715 3841 hujus)
1743 3765 1840 3839 :.et
1862 3755 2033 3841 refert

421 3831 697 3888 Palladius
744 3828 1082 3901 huiusmodi
1104 3828 1441 3901 probationis
1485 3829 1732 3901 exempla
1774 3829 1830 3883 in
1862 3828 2031 3884 Paulo

420 3902 694 3969 simplice,
724 3909 780 3958 et
814 3898 1084 3967 Macario,
1104 3898 1218 3971 'qui
1255 3899 1515 3971 simulato
1543 3898 1738 3971 habitu
1778 3906 1966 3970 petens
1998 3913 2030 3953 a

422 3972 719 4030 Pachumio
758 3972 970 4028 admitti
983 4010 1001 4036 ,
1057 3968 1271 4040 septem
1313 3969 1433 4024 dies
1479 3979 1603 4025 ante
1638 3968 1821 4039 fores}
1836 3982 2029 4040 exspe-

498 4125 521 4151 °
546 4116 718 4170 Notet
738 4112 910 4167 lector
931 4117 1054 4179 tum
1078 4123 1145 4164 ex
1177 4107 1286 4163 hoc
1307 4121 1457 4179 cap.,
1495 4113 1618 4162 tum
1653 4122 1720 4163 ex
1754 4108 2026 4179 sequenti-

426 4186 557 4250 bus,
587 4197 791 4239 nomen
827 4177 1174 4252 professionis
1204 4177 1548 4252 monasu'cm,
1571 4185 1734 4252 atque
1768 4177 1896 4252 hinc
1923 4180 2035 4233 col-

430 4248 564 4327 ligat
591 4248 989 4327 professionem
1011 4250 1369 4327 monasticam
1394 4266 1425 4305 a
1443 4248 1730 4327 monachis
1757 4248 1920 4327 etiam
1945 4264 2033 4304 ve-

426 4319 670 4390 te'ribtis,
718 4324 913 4380 saltem
956 4322 1116 4378 tacite
1165 4330 1221 4377 et
1262 4321 1695 4392 interpretative,
1741 4319 2029 4392 emissam;

426 4399 653 4469 ejusque
675 4394 830 4469 vim,
868 4410 965 4451 seu
1006 4390 1425 4469 obligationem;
1472 4400 1526 4446 et
1558 4390 2033 4469 pravaricationis

424 4461 649 4537 pinnam
674 4466 768 4538 hic
784 4461 1538 4538 expressameuochontra
1557 4461 1845 4519 haereticos
1869 4461 2033 4534 hujus

426 4534 694 4612 temporis
709 4534 1331 4612 Aobse'rvandumsQuod
1365 4534 1570 4612 si_qui_s
1597 4541 1810 4606 quaerat
1836 4549 1908 4588 an
1940 4549 2032 4589 ea-

427 4604 559 4668 dem
582 4608 749 4665 fuerit
769 4624 836 4664 eo
859 4608 1059 4664 saecqu
1090 4604 1357 4677 religiosa;
1385 4605 1510 4677 vitae
1521 4604 1710 4677 forma
1735 4619 2029 4677 quae_nunc

430 4690 539 4763 seu
568 4680 705 4763 ιιίξιίι
749 4681 940 4763 plene.
955 4674 1344 4763 εεξιδὲεθξῖάυηι
1371 4674 2024 4763 ειειίιῐξίειιίηίφδμίυθτίι·

428 4756 572 4810 Nam
594 4761 653 4808 et
680 4746 871 4823 primis
892 4746 1152 4823 Ecclesiae
1173 4746 1515 4823 temporibus
1536 4762 1649 4802 non
1676 4747 1857 4823 solum
1898 4762 2028 4818 pau-

2054 3263 2099 3329 C
2132 3276 2256 3387 oadp.
2290 3264 2413 3329 l9),
2451 3261 2545 3318 ubi
2576 3260 2657 3344 ait
2691 3276 2788 3319 eos
2812 3260 2921 3345 .qui
2951 3277 3011 3320 se
3040 3262 3441 3347 monachorum
3489 3263 3738 3348 instituto

2132 3348 2162 3387 a
2204 3334 2468 3387 dicerent.
2510 3342 2671 3387 tacite
2698 3333 3021 3387 cmhbatum
3050 3336 3342 3387 admittere
3369 3351 3737 3387 consumma-

2262 3340 2468 3396 cerent,
2510 3332 2671 3388 tacite
2698 3332 3021 3391 cmlibatum
3050 3336 3342 3391 admittere
3369 3336 3738 3394 consuevisse.

2134 3405 2323 3474 Itaque
2349 3404 2476 3474 hoc
2522 3402 2689 3459 etiam
2737 3404 2945 3461 tamdiu
2997 3415 3271 3463 servatum
3322 3416 3438 3474 est,
3475 3409 3738 3474 quamdiu

2133 3473 2432 3556 priScanil'la
2457 3474 2629 3556 pietas
2655 3490 2718 3530 ac
2746 3476 3077 3556 ‘verecundia
3102 3480 3235 3533 satis
3256 3476 3364 3535 fuit
3387 3473 3455 3535 ad
3485 3473 3739 3556 homines

2136 3543 2192 3600 in
2240 3543 2895 3621 officio_'con_tinendos__:
2926 3561 3215 3621 processu
3258 3565 3391 3621 vero
3439 3551 3738 3621 temporis,

2134 3627 2413 3673 crescente
2442 3614 2737 3672 hominum
2760 3614 2998 3687 malitia,
3029 3620 3336 3677 consultius
3359 3635 3425 3677 ac
3451 3614 3622 3677 tutius
3659 3614 3744 3677 vi;

2136 3703 2260 3760 sum
2288 3696 2396 3756 est,
2426 3687 2498 3743 ab
2518 3687 2586 3743 iis
2618 3689 2711 3759 qui
2737 3703 2860 3745 vere
2880 3690 3117 3760 religiosi
3146 3702 3243 3748 aut
3271 3692 3523 3748 monachi
3553 3692 3738 3751 haberi

2138 3759 2370 3825 vellent,
2437 3774 2748 3832 expressam
2815 3759 3236 3832 promissionem
3293 3772 3410 3819 tam
3478 3764 3742 3820 castitatis

2137 3845 2304 3904 quam
2350 3830 2767 3904 paupertatiset
2805 3830 3130 3904 ddedientiae
3167 3835 3383 3899 exigere
3424 3851 3437 3887 :
3481 3835 3743 3904 quemad-

2137 3901 2367 3956 modum
2393 3908 2452 3954 et
2487 3903 2557 3955 D.
2586 3901 2819 3959 Basilius
2858 3901 3060 3957 ibidem
3087 3904 3363 3969 decernit,
3405 3910 3463 3956 et
3496 3901 3581 3958 alii
3613 3906 3741 3961 reli-

2081 4022 2087 4027 .
2136 3971 2361 4040 gionum
2392 3969 2709 4028 fundatores
2735 3981 2790 4027 et
2830 3972 3169 4029 institutores
3204 3981 3540 4040 statuerunt;
3578 3975 3743 4031 tacita

2134 4051 2315 4112 tamen
2345 4041 2676 4112 professione
2707 4058 2820 4098 non
2860 4044 3109 4105 exclusa,
3156 4043 3251 4099 sed
3282 4043 3441 4098 certis
3478 4044 3745 4100 conditio-

2136 4110 2305 4184 nibus
2322 4110 2420 4182 per
2436 4127 2622 4166 sacros
2656 4128 2892 4168 canones
2902 4113 3327 4184 circumscripta
3352 4131 3366 4168 ε
3391 4114 3540 4168 unde
3559 4129 3744 4184 parem

2139 4180 2338 4261 accipit
2355 4196 2483 4236 cum
2509 4196 2758 4251 expressa
2787 4182 3124 4253 professione
3164 4180 3482 4239 ﬁrmitatem
3518 4180 3574 4240 et
3601 4185 3742 4240 obli-

2140 4258 2440 4322 gationem.

2140 4308 2243 4395 _d_
2283 4320 2394 4375 Alii
2423 4318 2638 4376 codices
2674 4339 2697 4395 Δε
2736 4321 3037 4379 Secundum
3071 4325 3364 4395 Scriptura:
3399 4329 3737 4383 smtentiam.

2139 4391 2411 4468 Habetur
2436 4400 2621 4468 autem
2672 4391 2793 4468 haec
2830 4395 3109 4468 sententia
3164 4391 3310 4468 apud
3384 4398 3741 4455 Ecclesiasten

2138 4478 2328 4536 capsv
2355 4462 2457 4536 his,
2471 4462 2648 4519 verbis
2676 4482 2689 4519 :
2731 4467 2796 4523 Si
2831 4466 2968 4536 quid
3001 4462 3364 4532 uouisti'Deo,
3418 4486 3486 4525 ne
3518 4474 3741 4527 moreris

2138 4534 2363 4612 reddere
2381 4553 2398 4589 :
2419 4534 2666 4612 displicet
2681 4540 2822 4592 enim
2837 4534 2890 4591 ei
2904 4538 3135 4607 infidelis
3159 4544 3211 4594 et
3226 4537 3400 4595 stulta
3417 4544 3740 4612 promissio;

2137 4608 2409 4685 multoque
2428 4608 2618 4685 melius
2634 4612 2835 4664 estnon
2851 4623 3055 4674 uouere,
3082 4626 3248 4681 quam
3266 4616 3391 4681 post
3406 4608 3587 4667 uotum
3600 4629 3741 4685 pro-

2135 4681 2303 4733 missa
2310 4672 2438 4732 ἠοη
2468 4672 2723 4734 reddere.

2207 4755 2229 4823 ῗ
2258 4748 2991 4823 Abrenuntiationis,_sicut_
3022 4758 3080 4806 et
3119 4750 3531 4823 abnegationis,
3571 4766 3740 4809 voca-

334 4908 351 4915 '
430 4884 799 4959 inonachi,uti
815 4908 882 4949 ex
898 4891 1128 4946 Philone
1143 4896 1357 4944 constat
1375 4884 1514 4955 (Lib.
1533 4887 1600 4959 de
1621 4884 1751 4942 Vita
1770 4903 1907 4959 supp

430 4815 697 4896 pertatetti
709 4864 727 4890 ,
773 4821 1074 4896 castitatem
1088 4858 1103 4884 ,
1140 4826 1197 4873 et
1224 4815 1590 4896 obedientiam
1621 4815 2029 4896 proﬁtebantur
2134 4817 2331 4896 bulum
2340 4829 2624 4896 sumptum
2639 4834 2706 4896 ex
2720 4819 2897 4896 verbis
2910 4821 2994 4875 Sal
3002 4821 3204 4896 vatoris
3218 4815 3362 4896 apud
3380 4815 3701 4896 Matthaaum
3725 4841 3737 4877 :

1912 4890 2026 4958 li.);
2137 4892 2199 4946 Si
2233 4892 2356 4959 quis
2382 4892 2499 4943 vult
2533 4892 2715 4944 venire
2737 4894 2862 4960 post
2886 4906 2988 4951 me,
3036 4891 3264 4956 abneget
3299 4893 3659 4960 semetipsum,
3688 4897 3739 4947 et

428 4966 524 5023 sed
544 4974 602 5022 et
630 4966 746 5020 voti
776 4961 989 5018 vincqu
1017 4959 1086 5017 ad
1110 4959 1232 5016 haec
1250 4967 1513 5031 perpetuo
1541 4958 1871 5031 observanda
1897 4960 2032 5031 obli~
2140 4960 2296 5031 tollat
2318 4974 2521 5013 crucem
2548 4975 2705 5013 suam
2722 4958 2747 5021 ,’
2766 4964 2818 5013 et
2869 4963 3129 5031 sequatur
3152 4975 3236 5012 me
3263 4958 3499 5031 (Μαιεὴῖ
3522 4970 3617 5028 x).
3670 4965 3738 5018 Et

427 5037 715 5109 gabantur.
746 5036 818 5090 ita
846 5041 908 5089 ut
932 5033 1000 5087 ab
1024 5031 1120 5086 illo
1151 5027 1556 5109 statu-deficere
1592 5027 1834 5109 illicitum
1853 5029 2024 5109 plane
2131 5029 2277 5109 apud
2301 5031 2508 5083 Lucam
2537 5046 2549 5082 :
2574 5031 2758 5109 omnis
2773 5045 2841 5083 ea:
2862 5030 3008 5109 vobis
3028 5030 3126 5109 qui
3138 5044 3244 5085 non
3268 5027 3547 5109 renuntiat
3564 5027 3744 5109 omni-

425 5098 492 5163 εἷο
514 5106 782 5164 nefarium
807 5103 1284 5176 censeretur,_I-Ioc
1305 5106 1520 5176 tantum
1540 5098 1798 5165 interest,
1822 5098 2027 5176 siquid
2138 5100 2235 5176 bus
2282 5114 2403 5167 qua:
2444 5100 2717 5176 possidet,
2758 5114 2866 5153 non
2904 5104 3077 5176 potest
3120 5117 3264 5176 meus
3292 5119 3401 5176 esse
3443 5105 3741 5176 discipulus

428 5179 683 5245 interest,
726 5174 878 5248 quod
914 5189 1024 5248 non
1072 5170 1252 5248 adhuc
1284 5178 1442 5248 tanta
1484 5170 1661 5248 inerat
1715 5169 2029 5225 monasticis
2139 5171 2296 5248 (Luc.
2330 5174 2489 5248 xlv).
2519 5169 2877 5248 Quidautem
2899 5172 2969 5227 sit
2995 5171 3299 5248 abnegatio,
3329 5174 3445 5248 sive
3470 5169 3746 5233 abrenun-

426 5249 574 5306 hisee
608 5240 1089 5311 votis-auctoritas,
1131 5242 1263 5309 sive,
1290 5251 1356 5296 ut
1381 5240 1647 5311 Theologi
1687 5248 1912 5307 vocant,
1939 5255 2032 5295 so-

427 5320 677 5376 Iemnitas
718 5336 731 5371 :
763 5326 818 5373 et
839 5315 1084 5371 fortassis
1125 5314 1353 5369 initione
1393 5327 1645 5383 expresse
1668 5311 1939 5383 quidem,
1969 5319 2033 5383 ut

427 5406 554 5447 vero
580 5388 812 5446 similius
849 5395 960 5451 est,
989 5401 1052 5441 ac
1081 5384 1294 5456 publice
1321 5388 1447 5456 vota
1470 5382 1897 5449 emittebantur;
1934 5382 2032 5439 sed

426 5477 489 5516 ea
534 5458 827 5534 professio,
876 5474 942 5513 ex
976 5455 1257 5534 communi
1302 5455 1553 5534 omnium
1593 5469 1760 5534 sensu
1800 5461 2031 5534 ethon-_

426 5525 619 5599 cerasa,
672 5531 747 5587 ita
774 5525 905 5601 erat
928 5528 1177 5601 religioso
1210 5527 1386 5601 _statui
1422 5541 1666 5601 annexa,
1708 5525 2032 5601 utuetiamsi

430 5596 735 5678 vpeenulla
761 5599 909 5656 facta
932 5596 1078 5656 esse't
1100 5596 1384 5678 professio,
1429 5608 1621 5678 tamen
1642 5596 2034 5678 intelligeretur
2143 5599 2211 5678 D_.
2239 5596 2984 5678 Gregorius(L_ib.v_Meral.
3015 5617 3061 5654 c.
3085 5604 3202 5678 5_)_:
3234 5596 3492 5678 Mundus,
3526 5596 3738 5678 inquit,

427 5674 587 5730 simul
616 5689 743 5729 cum
766 5678 911 5742 statu
931 5666 1180 5742 suscepta
1205 5670 1323 5742 ejus
1347 5668 1699 5741 professionis
1719 5666 2027 5742 obligatio:
2142 5668 2193 5721 ei
2211 5669 2498 5742 cruciﬁarus
2529 5673 2667 5742 erat,
2698 5671 2830 5738 quia
2857 5670 2996 5725 hunc
3014 5670 3167 5742 cordi
3191 5684 3287 5723 suo
3302 5670 3427 5742 jam
3468 5666 3743 5742 mortuum

428 5759 493 5801 eo
535 5745 741 5801 scilicet
779 5741 947 5799 modo
978 5738 1106 5813 quo'
1139 5738 1284 5813 nunc
1326 5738 1600 5813 castitatis
1625 5747 1815 5813 votum
1848 5738 2037 5813 _sacr_i_s_
2143 5741 2489 5813 nonamabat
2521 5739 2645 5813 εξεᾴ
2665 5744 2715 5795 et
2731 5742 2966 5813 seipsum
2996 5740 3197 5813 mundo
3218 5741 3583 5813 cruciﬁa'erat,
3606 5740 3743 5813 quia

427 5815 711 5871 ordinibus
748 5807 1399 5886 annexum__inte|ligitur.
1443 5810 1607 5886 Quod
1633 5824 1703 5886 ex_
1743 5812 1813 5886 ρ.
1848 5807 2037 5886 Basilii
2148 5808 2311 5886 talem
2332 5824 2389 5886 se
2414 5810 2726 5886 eiemhibere
2746 5807 3064 5886 studuit,_ut
3085 5810 3176 5886 ab.
3186 5823 3264 5886 eo.
3294 5809 3457 5886 qugsi
3476 5810 3741 5886 φρῖξαιε,

426 5887 673 5960 quodam
721 5886 842 5943 loco
892 5882 1116 5956 intelligi
1163 5873 1347 5955 poiest
1380 5873 1593 5952 (Epist.
1626 5880 1705 5936 ad
1755 5879 2035 5949 Amphilo.
2586 5885 2785 5950 posset.
2829 5880 2902 5933 Et
2923 5876 3063 5934 intra
3093 5897 3107 5932 :
3136 5875 3579 5940 Qm'aigt'turnoc
3597 5873 3744 5928 Pau-

2136 5239 2299 5315 tiatlo
2323 5245 2489 5315 (sunt
2502 5239 2651 5315 enim
2667 5241 2791 5315 haec
2813 5239 3171 5315 synonyma):
3194 5239 3298 5301 late
3322 5244 3605 5304 disseritur
3623 5249 3740 5306 col-

2141 5311 2342 5395 latione
2370 5312 2547 5395 tertia,
2587 5312 2680 5368 ubi
2724 5313 2794 5369 de
2817 5311 3554 5376 tribus'abrenuntiationum
3582 5335 3744 5393 gene-

2139 5383 2293 5439 ribus
2323 5383 2520 5451 agitur.
3582 5383 3615 5393 ν

2210 5446 2341 5529 {Ad
2371 5454 2592 5529 Galatas
2625 5463 2781 5511 sexto
2810 5470 2931 5527 cap.
2967 5455 3099 5513 dicit
3127 5460 3423 5529 Apostolus
3452 5480 3466 5517 :
3505 5462 3741 5517 Mundus

2138 5526 2280 5600 mihi
2648 5530 2744 5600 est,
2794 5531 2847 5582 et
2872 5526 2963 5598 ego
3003 5526 3224 5584 mundo.
3258 5530 3416 5598 Quod
3463 5546 3743 5600 exponens
