3996 6198
140 5608 144 5612 ‘
224 5598 543 5668 (ιυαηάοιιυε

250 381 347 443 195

1588 373 1868 435 lOANNlS
1902 370 2204 473 CASSIAM

3447 368 3547 430 196

245 510 451 568 mundo
477 508 605 567 huic
628 523 745 567 esse
773 506 1112 573 cruciﬁxum,
1142 505 1347 577 tibique
1372 503 1520 561 hunc
1548 501 1836 561 mundum.
1868 506 1923 570 Α
1944 500 2354 568 constrinxerit,
2400 499 2666 573 applicare
2732 493 3017 557 debemus.
3066 496 3137 553 Et
3172 496 3316 553 sicut
3356 494 3405 552 is
3450 495 3547 568 qui

220 602 542 659 Considera
565 617 695 674 ergo
721 600 1057 658 conditiones
1081 598 1280 666 crucis,
1303 596 1406 654 sub
1431 596 1587 669 cujus
1620 604 1674 653 te
1695 595 1840 653 dein-

245 713 371 768 ceps
412 703 749 753 sacramento
797 701 1016 767 oportet
1050 691 1107 748 in
1144 690 1244 747 hac
1278 690 1400 747 luce
1437 689 1669 758 versari,
1714 689 1842 761 quia

236 790 356 861 jam
382 797 445 846 tu
481 805 593 844 non
630 787 794 855 vivis,
828 784 924 842 sed
963 784 1052 840 ille
1077 782 1208 840 vivit
1231 783 1285 838 in
1308 792 1396 850 te,
1430 781 1523 855 qui
1551 790 1636 838 est
1660 781 1844 839 cruci-

244 884 393 940 ﬁxus
416 898 517 954 pro
540 890 596 937 te
614 882 826 947 (Galat.
852 883 945 945 ιι).
965 881 1045 934 Eo
1065 892 1200 948 ergo
1222 876 1410 934 habitu
1429 893 1493 933 ac
1515 877 1709 950 ﬁgura,
1733 891 1844 948 qua

244 993 344 1048 pro
369 974 527 1031 nobis
553 974 609 1029 in
637 971 875 1045 patibulo
904 968 1014 1027 fuit
1041 970 1130 1027 ille
1153 986 1468 1043 suspensus,
1495 986 1595 1027 nos
1626 985 1843 1043 quoque

241 1083 461 1125 necesse
483 1075 565 1122 est
588 1066 647 1121 in
690 1064 793 1121 hac
818 1066 930 1121 vita
953 1064 1173 1136 degere,
1212 1074 1275 1121 ut
1299 1062 1503 1122 scilicet
1540 1062 1841 1121 secundum

244 1160 418 1219 David
441 1160 609 1233 (Psal.
648 1162 922 1228 cxvm),
951 1157 1233 1231 alﬁgentes
1269 1156 1337 1214 de
1377 1156 1578 1214 timore
1617 1156 1840 1239 Domini

240 1272 431 1313 carnes
469 1262 716 1322 nostras,
757 1253 1045 1310 universas
1082 1250 1389 1309 voluntates
1430 1267 1493 1308 ac
1540 1250 1838 1321 desideria,

240 1366 352 1407 non
392 1355 597 1423 nostra
635 1346 1088 1420 concupiscentia:
1120 1345 1433 1415 servientis,
1474 1345 1571 1403 sed
1598 1345 1839 1402 mortiﬁ-

241 1441 442 1499 cationi
476 1439 594 1513 ejus
615 1438 914 1496 habeamus
942 1437 1122 1494 affixa.
1150 1437 1242 1495 Sic
1267 1437 1411 1494 enim
1439 1437 1661 1494 Domini
1694 1452 1839 1510 prae-

246 1542 467 1608 ceptum
483 1531 829 1605 implebimus
851 1531 1086 1588 dicentis
1105 1532 1331 1599 (Matth.
1354 1534 1427 1599 x)
1456 1549 1469 1585 :
1498 1530 1605 1601 Qui
1624 1546 1738 1587 non
1760 1546 1840 1587 ac-

241 1630 374 1704 cipit
420 1643 639 1693 crucem
688 1642 843 1683 suam
894 1634 949 1683 et
992 1626 1241 1699 sequitur
1287 1642 1411 1697 me,
1454 1641 1568 1682 non
1622 1633 1709 1683 est
1750 1641 1841 1682 me

242 1724 457 1797 dignus.
486 1720 592 1779 Sed
616 1722 756 1777 forte
778 1720 925 1777 dicas
952 1739 965 1775 :
997 1719 1288 1792 Quomodo
1315 1728 1495 1792 potest
1516 1719 1686 1777 homo
1712 1736 1840 1776 cru-

240 1831 362 1872 cem
388 1830 543 1872 suam
559 1814 765 1886 jugiter
788 1821 1027 1886 portare,
1055 1812 1136 1869 vel
1160 1812 1625 1886 quemadmodtnm
1653 1812 1842 1871 vivens

1948 595 2187 667 patibulo
2216 594 2398 651 crucis
2426 590 2671 666 aﬂigitur
2692 608 2806 649 non
2833 591 2951 666 jam
2977 589 3266 662 praesentia
3293 596 3549 644 contem-

1948 690 2150 762 platur,
2174 705 2276 745 nec
2302 688 2371 745 de
2394 688 2509 745 suis
2534 686 2922 745 affectionibus
2943 685 3170 759 cogitat,
3199 699 3311 739 non
3337 681 3551 755 prodie

1947 782 2186 840 crastino
2212 781 2575 839 sollicitudine
2603 795 2841 853 curaque
2867 777 3217 845 distenditur,
3246 777 3391 833 nulla
3417 791 3547 848 pos-

1946 877 2161 936 sidendi
2195 875 2641 949 concupiscentia
2676 883 3046 948 permovetur,
3091 873 3238 929 nulla
3265 870 3548 944 superbia,

1947 971 2096 1027 nulla
2137 969 2523 1039 contentione,
2582 968 2731 1025 nulla
2783 966 3130 1024 aemulatione
3178 963 3548 1031 succenditur,

1949 1080 2063 1121 non
2084 1061 2155 1121 de
2175 1063 2536 1137 praesentibus
2559 1061 2710 1119 dolet
2746 1060 2978 1135 injuriis,
3009 1075 3119 1116 non
3152 1057 3551 1131 prmteritarum

1943 1157 2064 1230 jam
2086 1156 2426 1227 recordatur,
2468 1147 2636 1229 seque
2662 1171 2790 1211 cum
2835 1153 3013 1210 adhuc
3040 1152 3213 1224 spirat
3242 1151 3298 1207 in
3322 1165 3552 1224 corpore

1950 1246 2169 1307 cunctis
2185 1250 2473 1308 elementis
2497 1246 2671 1307 credit
2713 1264 2833 1307 esse
2867 1246 3223 1316 defunctum,
3255 1245 3385 1302 illuc
3411 1260 3548 1317 pra:-

1950 1344 2177 1402 mittens
2219 1344 2305 1402 sui
2356 1343 2540 1402 cordis
2581 1343 2835 1401 intuitum
2854 1384 2871 1413 ,
2916 1358 3027 1415 quo
3076 1356 3138 1399 se
3178 1355 3295 1397 non
3336 1338 3552 1397 dubitat

1950 1440 2095 1498 illico
2120 1438 2478 1497 transiturum
2509 1460 2523 1496 :
2554 1438 2629 1496 ita
2662 1454 2766 1496 nos
2788 1452 3008 1511 quoque
3031 1440 3058 1470 ³
3098 1437 3296 1493 timore
3322 1434 3550 1493 Domini

1948 1536 2234 1594 cruciﬁxos
2279 1543 2497 1609 oportet
2538 1535 2624 1592 his
2661 1534 2947 1604 omnibus,
2993 1534 3049 1591 id
3088 1540 3203 1602 est,
3234 1547 3347 1589 non
3370 1531 3551 1589 solum

1948 1628 2253 1687 carnalibus
2295 1629 2466 1696 vitiis,
2506 1643 2699 1686 verum
2726 1628 2893 1685 etiam
2916 1625 3046 1699 ipsis
3086 1624 3367 1683 elementis
3393 1639 3552 1689 mor-

1949 1733 2076 1782 tuos
2111 1740 2266 1793 esse,
2306 1723 2435 1781 illuc
2459 1722 2727 1781 habentes
2769 1722 2960 1779 oculos
2995 1719 3193 1776 anima:
3223 1726 3430 1775 nostra:
3457 1717 3554 1775 de-

1950 1818 2121 1884 ﬁxos,
2150 1832 2262 1891 quo
2300 1832 2404 1874 nos
2440 1831 2661 1889 sperare
2705 1814 2969 1872 debemus
2999 1811 3293 1870 momentis
3329 1810 3553 1884 singulis

239 1908 363 1983 quis
390 1908 567 1983 possit
596 1922 715 1963 esse
737 1906 1067 1963 cruciﬁxus?
1101 1905 1248 1964 Audi
1286 1907 1551 1965 rationem
1582 1906 1837 1966 breviter.
1867 1924 1916 1989 Β
1949 1910 2302 1985 migraturos.
2337 1911 2461 1966 Hoc
2482 1909 2628 1966 enim
2656 1907 2825 1966 modo
2869 1906 3221 1964 mortiﬁcatas
3248 1904 3551 1977 poterimus

769 2002 1014 2058 CAPUT
1050 2003 1303 2060 XXXV.

514 2096 666 2166 Quod
686 2113 824 2152 emat
860 2100 1048 2151 nostra
1076 2098 1235 2151 timor
1261 2098 1481 2153 Domini
1502 2098 1595 2153 sit.

308 2196 457 2251 Crux
495 2200 684 2250 nostra
714 2191 886 2248 timor
926 2190 1150 2247 Domini
1195 2200 1299 2248 est.
1330 2192 1481 2249 Sicut
1508 2208 1639 2267 ergo
1663 2192 1841 2253 cruci-

237 2290 381 2346 ﬁxus
404 2288 527 2361 quis
556 2287 673 2359 jam
697 2302 810 2342 non
836 2301 934 2358 pro
962 2284 1129 2341 animi
1154 2284 1239 2341 sui
1272 2294 1427 2343 motu
1456 2286 1707 2345 membra
1742 2304 1839 2347 sua

236 2396 515 2455 quoquam
536 2378 791 2436 movendi
810 2378 896 2435 vel
916 2372 1269 2435 convertendi
1288 2378 1453 2437 habet
1471 2387 1794 2452 potestatem
1817 2399 1831 2435 :

232 2476 308 2533 ita
348 2484 403 2532 et
426 2490 531 2531 nos
571 2474 875 2531 voluntates
914 2481 1133 2529 nostras
1176 2488 1241 2529 ac
1266 2471 1560 2543 desideria,
1604 2489 1715 2530 non
1747 2489 1841 2531 se-

234 2569 478 2627 cundum
508 2567 565 2626 id
589 2565 739 2640 quod
766 2565 932 2624 nobis
955 2582 1123 2623 suave
1142 2574 1224 2625 est
1246 2582 1313 2623 ac
1338 2566 1571 2625 delectat
1605 2567 1674 2625 ad
1694 2584 1840 2641 prae-

236 2676 363 2719 sens
380 2702 397 2732 ,
433 2659 532 2718 sed
574 2658 876 2718 secundum
921 2658 1099 2733 legem
1140 2657 1400 2730 Domini,
1439 2674 1549 2732 quo
1592 2675 1696 2717 nos
1749 2659 1839 2717 illa

1951 2002 2235 2060 universas
2254 2000 2723 2075 concupiscentias
2744 2008 2985 2068 nostras,
3016 2006 3071 2057 et
3092 1997 3321 2056 affectu
3348 1995 3550 2056 habere

1950 2096 2211 2154 carnales.

2469 2230 2713 2290 CAPUT
2748 2228 3025 2289 XXXVI.

1949 2355 2101 2427 Quod
2122 2356 2453 2415 renuntiatio
2479 2363 2668 2413 nostra
2689 2355 2829 2414 nihil
2846 2359 3042 2427 prosit,
3066 2356 3118 2411 si
3134 2353 3332 2412 eisdem
3354 2354 3548 2426 quibus

2336 2432 2761 2485 renuntiavimus
2792 2429 3149 2500 implicemur.
3430 2440 3433 2441 '

2015 2569 2157 2627 Cave
2183 2584 2313 2643 ergo
2338 2584 2410 2626 ne
2435 2567 2571 2642 quid
2609 2567 2901 2640 aliquando
2934 2583 3130 2624 eorum
3156 2582 3400 2624 resumas
3421 2579 3547 2637 quae

1944 2662 2261 2720 renuntians
2289 2661 2555 2737 abjecisti,
2587 2670 2644 2720 et
2668 2655 2697 2696 ⁵
2724 2671 2915 2720 contra
2939 2662 3162 2721 Domini
3198 2660 3548 2719 interdictum

1343 2816 1599 2873 ALARDI
1636 2818 1860 2891 GAZIEI
1896 2819 2458 2877 COMMENTARIUS.

236 2965 320 3024 lus
346 2964 542 3049 mundi
564 2966 795 3049 gloruzm
817 2966 1113 3049 qurerebat,
1134 2982 1229 3023 nec
1250 2980 1286 3049 ᾳ
1520 2964 1696 3049 gloria
1721 2966 1835 3038 ipse

236 3038 601 3110 querebatur,
631 3045 682 3095 et
704 3056 759 3094 se
775 3038 995 3110 mundo,
1027 3043 1077 3110 et
1098 3039 1362 3110 mundum
1388 3039 1497 3093 sibi
1515 3041 1833 3110 cruci/larum

236 3107 349 3193 esse
359 3112 658 3193 gloriatur.
848 3109 1165 3193 Gregorius.
1194 3107 1424 3193 Pulchra
1446 3116 1630 3165 autem
1651 3107 1704 3193 in
1727 3108 1833 3193 hoc

235 3180 409 3254 capite
443 3191 499 3238 et
518 3181 762 3253 sequenti
795 3180 1096 3236 instituitur
1120 3180 1461 3250 comparatio
1486 3180 1742 3236 monachi
1773 3190 1832 3237 et

235 3252 476 3310 hominis
498 3252 643 3309 cruci
664 3249 836 3323 afﬁxi,
860 3250 1006 3323 lectu
1027 3248 1343 3323 dignissima
1366 3258 1425 3306 et
1451 3251 1623 3323 praxi.
1650 3253 1831 3322 Quam

234 3249 476 3310 ho‘minis
498 3249 643 3309 cruci
664 3249 836 3316 afﬁxi,
860 3250 1006 3307 lectu
1027 3249 1343 3332 dignissima
1366 3258 1425 3306 et
1451 3251 1623 3323 praxi.
1650 3253 1829 3322 Quam

231 3324 695 3397 comparationem
750 3321 1027 3397 Caesarius
1064 3321 1252 3378 Itidem
1277 3323 1427 3397 (Lib.
1468 3336 1588 3397 χιιι
1617 3339 1678 3397 ο.Δ
1709 3328 1829 3397 10),

2012 2960 2040 3002 δ
2056 2967 2266 3041 Alludit
2280 2968 2349 3041 ad
2360 2968 2551 3041 locum
2576 2966 2817 3041 Μετιὴωί
2841 2982 2999 3025 xxxv
3017 2965 3216 3041 capite,
3232 2968 3326 3041 ubi
3350 2964 3549 3026 Domi-

1892 3052 1893 3055 ‘
1939 3054 2066 3112 nus,
2098 3039 2167 3096 de
2191 3038 2408 3096 excidio
2452 3039 2976 3112 Hierosolymorum
3014 3038 3414 3112 et'calamitate
3440 3043 3545 3095 Ju-

1938 3108 2459 3182 daaorumloquens,
2487 3110 2562 3167 ait
2602 3130 2615 3164 :
2657 3108 2800 3180 Iuno
2825 3114 2925 3180 qui
2950 3113 3011 3166 in
3037 3111 3229 3167 Judaa
3255 3116 3410 3174 sunt,
3442 3113 3547 3178 fu-

1942 3184 2105 3250 giant
2133 3181 2228 3252 ad_
2247 3181 2481 3247 montes;
2512 3187 2564 3237 et
2606 3184 2707 3252 qui
2733 3184 2792 3236 in
2820 3186 2971 3245 tecto,
3008 3198 3116 3237 non
3144 3182 3453 3245 descendat,
3481 3186 3546 3237 ut

1939 3246 2094 3308 tollat
2116 3246 2329 3324 aliquid
2349 3253 2415 3309 de
2443 3254 2596 3309 domo
2614 3246 2747 3319 sua;
2775 3258 2828 3308 et
2853 3255 2953 3323 qui
2972 3255 3030 3307 in
3059 3268 3216 3322 agro,
3244 3268 3349 3324 non
3370 3268 3537 3307 rever-

1938 3328 2107 3396 tatur
2131 3322 2312 3380 tollere
2355 3327 2595 3380 tunicam
2620 3340 2796 3396 suam.
2827 3322 3004 3396 Quem
3038 3324 3242 3396 locum
3257 3322 3422 3396 etiam
3463 3325 3536 3378 D.

233 3391 377 3451 non‘
413 3396 502 3471 ille
550 3394 880 3471 Arelatensis
941 3391 1259 3465 episcopus,
1311 3392 1430 3471 s_ed_
1454 3393 1829 3471 Cisterciensis
1864 3407 1912 3471 α
1941 3393 2180 3471 ῌὶιετίυε
2225 3396 2451 3471 mystice
2501 3404 2557 3452 et
2601 3391 2906 3471 moraliter,
2956 3402 3020 3451 ut
3064 3394 3173 3471 hic_
3203 3393 3536 3471 Cassianus,

233 3465 556 3549 monachus,
582 3465 828 3549 apposite
856 3473 1303 3549 et-consentanee
1324 3464 1466 3549 huic
1487 3464 1611 3521 loco
1639 3465 1829 3549 expla:
1874 3464 1911 3471 '
1938 3464 2347 3549 interpretatur.
2374 3464 2744 3549 Quo-quidem
2774 3480 2947 3549 sensu
2972 3480 3093 3549 vere
3118 3464 3322 3549 dicitur
3343 3480 3541 3549 mons-

233 3546 330 3595 nat
354 3539 411 3593 in
438 3536 585 3591 hunc
608 3535 837 3592 modum
871 3554 885 3592 :
916 3537 1127 3605 Duplex
1155 3540 1234 3591 est
1258 3536 1634 3604 religiosorum
1667 3535 1831 3591 cruci-

231 3611 362 3678 ﬁan'o
378 3650 393 3670 ,
418 3609 647 3661 hominis
666 3608 940 3661 interioris
956 3621 1054 3678 per
1071 3606 1304 3660 alienam
1326 3608 1761 3675 compassionem,
1779 3611 1832 3662 et

232 3677 457 3734 hominis
469 3679 749 3733 exterioris
756 3692 855 3746 per
859 3677 1142 3746 propriam
1152 3678 1329 3730 carnis
1347 3678 1807 3745 mortiﬁcationem
1814 3718 1828 3732 .

235 3751 384 3807 Crux
401 3750 542 3804 enim
559 3748 762 3802 dicitur
778 3763 814 3801 a
832 3749 1076 3801 cruciatu
1096 3765 1112 3800 :
1130 3762 1269 3801 crus:
1283 3748 1662 3802 monachorum
1680 3750 1831 3817 rigor

232 3821 440 3875 ordinis
470 3824 566 3883 est,
590 3824 703 3875 tum
726 3824 950 3888 propter
965 3818 1182 3886 vigilias
1197 3821 1247 3871 et
1259 3819 1541 3881 orationes,
1570 3823 1686 3873 tum
1701 3836 1831 3889 pro-

226 3896 352 3961 pter
358 3892 576 3962 jejunio
599 3896 651 3947 et
672 3890 1077 3958 castigationes;
1103 3892 1218 3943 tum
1238 3892 1459 3962 propter
1478 3890 1755 3962 silentium
1777 3894 1829 3945 et

231 3961 391 4033 opera
417 3961 707 4029 manuum;
738 3965 853 4016 tum
873 3963 1094 4033 propter
1127 3961 1307 4033 carnis
1343 3961 1747 4033 continentiam,
1778 3965 1832 4016 et

228 4030 665 4090 vestimentorum
707 4033 977 4100 stratique
1008 4030 1294 4085 duritiam.
1351 4031 1457 4098 Qui
1489 4035 1671 4086 autem
1704 4036 1832 4087 sunt

231 4106 469 4163 Christi?
488 4106 593 4173 Qui
613 4119 733 4161 cum
756 4102 1010 4174 Apostolo
1036 4102 1212 4158 dicere
1230 4105 1459 4172 possunt
1476 4102 1690 4172 (Galat.
1708 4108 1788 4163 ιι)
1810 4122 1825 4162 :

231 4177 442 4233 Christo
460 4177 660 4248 conﬂari
681 4190 867 4231 sumus
1064 4192 1083 4228 :
1107 4175 1207 4244 qui
1227 4189 1442 4248 carnem
1467 4189 1627 4248 suam
1648 4177 1829 4230 cruci-

229 4250 488 4315 ﬁaemnt,
512 4246 574 4303 id
596 4252 693 4310 est,
720 4248 867 4301 cruci
890 4247 1200 4314 affirm-unt,
1227 4261 1346 4299 cum
1372 4246 1518 4300 vitiis
1536 4261 1753 4316 operum
1774 4250 1829 4301 et

229 4320 659 4387 concupiscentiis
671 4318 1057 4371 desideriorum
1074 4322 1377 4385 pugnantes
1402 4335 1419 4370 :
1435 4332 1529 4371 nec
1546 4322 1827 4387 ponuntur

230 4388 317 4442 illi
332 4388 438 4442 duo
458 4389 682 4457 genitivi
698 4387 937 4453 plurales
959 4387 1463 4449 instrumentaliter,
1487 4387 1581 4441 sed
1590 4390 1823 4456 passive,

232 4474 289 4513 eo
308 4458 451 4528 quod
469 4473 570 4527 per
586 4457 813 4528 virtutes
837 4457 895 4508 in
920 4457 1098 4508 carnis
1117 4458 1475 4528 maceratione
1499 4460 1827 4528 morum-

232 4525 341 4584 tur:
364 4525 489 4584 Tres
512 4528 670 4588 clavi,
691 4525 886 4595 quibus
911 4539 1101 4595 corpus
1116 4526 1362 4578 monachi
1376 4528 1522 4579 cruci
1540 4526 1695 4581 debet
1718 4542 1827 4583 esse

229 4602 471 4669 afﬁxam,
500 4603 607 4654 tres
628 4601 753 4651 sunt
773 4598 999 4669 virtutes
1018 4611 1129 4669 per_
1144 4610 1300 4669 quas,
1328 4599 1459 4669 teste
1480 4598 1822 4669 Hieronymo,

231 4666 500 4740 martyres
523 4670 839 4737 efﬁciuntur,
860 4667 1057 4740 scilicet
1076 4666 1400 4740 obedientia,
1412 4667 1700 4740 patientia,
1722 4670 1824 4722 hu.

230 4737 434 4798 militiis
456 4761 472 4799 :
495 4756 717 4797 manum
738 4737 986 4793 monachi
999 4737 1251 4791 dextram
1276 4739 1506 4806 conligat
1524 4738 1822 4794 obedientia

228 4817 344 4870 sine
369 4813 824 4875 murmuratione;
852 4810 1135 4864 sinistram
1157 4809 1430 4878 patientia
1454 4810 1572 4864 sine
1597 4811 1822 4865 simula-

231 4889 372 4942 tione
389 4905 405 4941 :
424 4887 634 4942 clavum
647 4883 959 4939 obedientite
969 4880 1212 4952 impellat
1233 4895 1642 4952 amorsuperna:
1655 4882 1825 4936 liber-

230 4960 362 5014 tatis
382 4977 399 5012 :
423 4959 634 5013 clavum
646 4955 928 5026 patientia
944 4951 1105 5008 timOr
1118 4966 1289 5023 prima:
1312 4951 1637 5026 gehennalis.
1662 4954 1824 5009 Pedes

228 5031 376 5084 illius
402 5045 533 5083 vera
560 5024 839 5082 humilitas
861 5027 1120 5093 conﬁgat;
1149 5028 1212 5079 ut
1232 5038 1340 5078 non
1360 5024 1532 5078 solum
1552 5026 1820 5094 prcelatis,

226 5101 319 5155 sed
338 5105 389 5154 et
405 5098 674 5167 fratribus
693 5111 748 5150 se
764 5100 987 5165 propter
1000 5096 1279 5167 Christum
1292 5094 1562 5164 subjiciat,
1578 5101 1641 5151 ut
1652 5097 1825 5152 dicere

222 5173 394 5241 possit
411 5186 530 5224 cum
548 5168 839 5241 Psalmista
854 5166 1027 5241 (Psgl.
1042 5169 1286 5241 exvit!)
1317 5167 1681 5241 :_Humiliatus
1703 5183 1822 5222 sum

226 5236 629 5312 usquequaque,
656 5238 912 5312 Domine:
936 5238 1006 5291 Et
1028 5238 1087 5289 in
1108 5236 1216 5312 alio
1230 5237 1441 5312 psalmo
1468 5239 1593 5312 (Ps.
1625 5244 1775 5312 va)
1804 5257 1817 5294 :

228 5308 538 5383 Imposuisti
561 5310 795 5383 homines
836 5322 1007 5383 super
1033 5308 1216 5383 capita
1244 5311 1453 5383 nostra.
1486 5311 1601 5383 Duo
1621 5309 1784 5383 pedes
1802 5351 1817 5370 ,

226 5378 429 5454 duplea:
449 5386 528 5436 est
544 5379 817 5454 superbia,
839 5378 1034 5454 mentis
1053 5378 1316 5454 scilicet‘et
1337 5380 1573 5448 corporis
1596 5397 1613 5433 :
1633 5383 1685 5433 et
1700 5380 1823 5454 licet

226 5449 478 5525 superbia
505 5449 667 5523 caput
694 5451 768 5525 sit
795 5451 1039 5525 omnium
1062 5449 1348 5516 vitiorum;
1377 5465 1483 5503 non
1518 5454 1700 5504 tamen
1726 5452 1821 5525 in-

226 5521 450 5595 congrue
470 5521 582 5595 per
598 5521 785 5595 pedes,
827 5522 925 5589 qui
948 5521 1144 5595 inﬁma:
1179 5525 1317 5595 sunt.
1340 5525 1527 5595 partes
1555 5523 1817 5595 corporis,

634 5595 920 5663 signatur;
951 5590 1096 5659 quod
1136 5593 1277 5645 enim
1314 5590 1481 5663 valde
1511 5590 1723 5645 odimus
1769 5596 1821 5646 et

223 5660 566 5740 despicimus,
589 5660 927 5740 hoc'pedibus
942 5662 1305 5740 conculcamus
1332 5679 1349 5715 :
1368 5660 1511 5715 unde
1519 5663 1679 5740 _.los_ue

223 5733 393 5799 Isrdel
418 5745 481 5794 ut
523 5737 660 5793 colla
686 5733 875 5803 regum
918 5733 1570 5803 calcarenturpracepit.
1604 5735 1688 5803 Ita
1729 5733 1821 5791 ille

222 5809 556 5870 monachum
582 5806 652 5864 ad
670 5802 844 5862 instar
871 5803 1114 5875 hominis
1139 5802 1396 5875 cruciﬁxi
1407 5802 1673 5875 depingit.

291 5888 318 5957 ξ
346 5879 641 5957 Quomodo
668 5874 923 5957 monachi
943 5874 1204 5957 dicantur
1229 5873 1438 5933 mundo
1462 5873 1665 5934 mortui
1698 5876 1821 5935 vide

223 5946 400 6011 collaf.
431 5961 500 6011 24
528 5968 652 6026 cap.
690 5955 727 6008 9
754 5946 1105 6021 explicatum.

1907 3914 1910 3917 η
1936 3890 2258 3947 disserentes

1935 3537 2041 3608 cho
2081 3535 2436 3608 interdictum
2479 3535 2560 3608 de
2591 3535 2934 3608 perfectionis
2973 3544 3119 3608 tecto
3156 3535 3536 3608 descendendo

1935 3607 2137 3679 aliquid
2169 3608 2360 3663 tollere
2401 3623 2465 3662 ex
2506 3606 2607 3679 hisf
2633 3622 2759 3678 quae
2802 3606 3191 3679 abrenuntians
3228 3606 3534 3679 abdicarit;

1935 3677 2127 3751 aut‘de
2152 3693 2285 3750 agro
2330 3677 2667 3751 Evangelicaé
2691 3678 3020 3751 operationis
3040 3678 3266 3751 reverti,
3299 3685 3361 3734 ut
3385 3677 3538 3751 tuni-

1935 3764 2019 3817 ca,
2048 3749 2156 3805 hoc
2192 3748 2302 3814 est,
2330 3748 2564 3804 externis
2590 3758 2646 3805 et
2671 3748 3066 3817 temporalibus
3092 3749 3284 3813 bonis,
3329 3748 3536 3817 quibus

1935 3834 1995 3892 se
2030 3820 2302 3891 spoliarit,
2327 3819 2668 3892 revestiatur.
2836 3819 3052 3892 juvabit
3083 3820 3178 3876 hic
3218 3821 3313 3877 SS.
3347 3819 3537 3892 Patres

2318 3890 2570 3947 audiisse.
2636 3890 2875 3947 Hilarius
2942 3890 2999 3947 in
3050 3891 3450 3947 commentario
3516 3909 3533 3947 :

1938 3964 2170 4026 Tectum,
2201 3961 2399 4033 inquit,
2428 3967 2509 4018 est
2531 3962 2722 4017 domus
2748 3964 3068 4032 fastigium,
3099 3968 3152 4017 et
3178 3963 3535 4017 habitationis

1936 4035 2099 4088 totius
2134 4035 2343 4088 excelsa
2368 4036 2648 4103 perfectio.
2675 4036 2782 4102 Qui
2801 4036 2974 4103 igitur
3000 4036 3059 4087 in
3087 4036 3536 4088 consummatione

1936 4049 2099 4088 tonus
2134 4049 2648 4159 emceischperfectw.
2675 4049 2779 4102 qui
2801 4049 2974 4103 igitur
3000 4050 3059 4087 in
3087 4049 3533 4088 consummatione

1934 4104 2125 4159 domus
2150 4120 2283 4167 siue,
2323 4107 2333 4117 '
2396 4110 2495 4168 est,
2523 4108 2583 4159 in
2612 4105 2787 4159 cordis
2815 4107 2903 4159 sui
2924 4106 3252 4175 perfectione
3279 4107 3533 4159 constite-

1934 4177 2029 4238 rit,
2052 4176 2364 4231 descendere
2381 4179 2439 4231 in
2460 4177 2752 4231 humiliora
2770 4191 2953 4231 rerum
2969 4176 3312 4230 secretarium
3329 4175 3534 4245 cupidi.

1935 4251 2047 4301 tate
2067 4263 2175 4301 non
2200 4247 2370 4302 debet.
2399 4249 2471 4302 Et
2495 4248 2594 4316 qui
2617 4248 2677 4299 in
2701 4262 2856 4315 agro,
2886 4247 3084 4302 scilicet
3099 4248 3306 4316 positus
3327 4247 3387 4301 in
3403 4262 3533 4317 ope-

1934 4320 2145 4372 ratione
2162 4319 2436 4387 prcecepti,
2457 4316 2649 4371 nonad
2662 4333 2821 4371 curas
2834 4319 3101 4387 pristinas
3120 4316 3443 4380 revertatur,
3462 4318 3529 4372 ob

1934 4403 2071 4459 quas
2089 4393 2327 4443 veterum
2349 4387 2544 4442 exinde
2560 4390 2942 4457 peccaminum,
2967 4388 3163 4459 quibus
3182 4393 3345 4443 antea
3367 4392 3533 4459 conta

1937 4458 2184 4526 gebatur,
2212 4459 2317 4512 erit
2333 4460 2571 4512 tunicam
2589 4459 2971 4514 relicturus.D.
2990 4458 3363 4526 Hieronymus
3383 4458 3531 4515 Lici-

1935 4518 2087 4583 nium
2123 4518 2195 4601 ad
2223 4528 2680 4600 perseverantiam
2708 4529 2961 4586 hortatur
2989 4529 3179 4586 multis
3199 4518 3530 4601 ~hujusmodi

1933 4598 2581 4672 sententiis'coacervatis
2599 4641 2614 4666 ,
2652 4601 2807 4672 quasi
2833 4600 2888 4656 in
2918 4601 3065 4657 idem
3105 4598 3479 4672 spectantibus
3511 4619 3527 4656 :

1934 4670 2157 4725 Obsecro
2188 4674 2258 4734 te,
2286 4670 2466 4741 inquit
2488 4670 2692 4741 (Epist:
2718 4675 2844 4738 28),
2873 4677 2926 4727 et
2964 4670 3153 4727 moneo
3170 4674 3419 4742 parentis
3446 4675 3532 4739 af-

1853 4761 1904 4824 D
1935 4742 2193 4827 fectuaut‘
2205 4744 2303 4825 qui
2313 4743 2598 4827 Sodomam
2616 4743 2889 4813 reliquisti
2903 4748 2923 4809 (
3092 4757 3197 4799 xxx
3216 4748 3234 4807 )
3255 4784 3273 4808 ,
3387 4759 3531 4827 φορ,

1935 4817 2070 4867 tana
2088 4814 2379 4880 festinans,
2398 4819 2522 4883 post
2541 4819 2754 4882 tergum
2771 4830 2836 4869 ne
2852 4816 3108 4884 respicias
3129 4833 3145 4868 :
3162 4830 3229 4868 ne
3243 4816 3423 4869 aratri
3436 4816 3531 4869 sti-

1933 4899 2060 4937 vam
2080 4887 2230 4950 (Luc.
2257 4888 2377 4947 Ix),
2410 4901 2475 4939 ne
2501 4886 2773 4953 ﬁmbriam
2808 4886 3129 4947 Saluatoris,
3158 4900 3226 4939 ne
3256 4886 3528 4940 cincinnos

1932 4954 2069 5024 ejus,
2112 4957 2282 5010 noctis
2317 4971 2438 5011 rore
2465 4955 2797 5023 madefactos
2825 4957 3063 5019 (Cantia.
3084 4958 3188 5023 v),
3213 4971 3346 5026 quos
3368 4957 3531 5012 semel

1933 5030 2109 5080 tenere
2131 5027 2353 5096 coepisti,
2384 5026 2683 5096 aliquando
2703 5028 2979 5092 dimittas;
3004 5042 3068 5080 ne
3093 5027 3161 5081 de
3187 5032 3319 5081 tecto
3340 5029 3530 5082 virtu-

1932 5101 2049 5151 tum
2070 5099 2309 5166 pristina
2337 5100 2663 5167 quasiturus
2688 5100 3002 5152 vestimenta
3026 5097 3342 5162 descendas;
3367 5115 3436 5153 ne
3460 5099 3530 5153 de

1931 5183 2066 5236 agro
2085 5171 2376 5223 revertaris
2401 5169 2618 5222 domum
2634 5170 2851 5233 (Matth.
2868 5172 3074 5233 xxw);
3093 5185 3160 5223 ne
3182 5172 3525 5239 campestria,

1930 5254 2052 5292 cum
2068 5240 2203 5293 Loth
2217 5240 2369 5306 (Gen.
2386 5253 2507 5295 xm
2519 5242 2559 5305 ).
2577 5244 2630 5293 et
2646 5255 2855 5293 amoma
2874 5240 3151 5295 hortorum
3163 5239 3387 5309 diligas,
3405 5256 3525 5309 qua!

1929 5324 2038 5363 non
2069 5311 2376 5379 irrigantur
2389 5310 2455 5363 de
2477 5312 2618 5372 calo,
2635 5314 2697 5364 ut
2723 5315 2871 5364 terra
2884 5317 3091 5373 sancta,
3111 5311 3206 5365 sed
3224 5311 3290 5365 de
3306 5310 3457 5366 turbi

1930 5382 2149 5447 ﬂumine
2156 5381 2429 5444 Iordanis,
2449 5386 2735 5451 postquam
2755 5381 2935 5435 dulces
2943 5396 3117 5451 aquas
3130 5384 3304 5437 maris
3317 5384 3534 5437 Mortui

1930 5455 2301 5507 commixtimw
2327 5454 2582 5506 mutavit.
2609 5453 2831 5522 Caepisse
2854 5454 3147 5507 multorum
3171 5458 3278 5519 est;
3304 5454 3530 5508 adsul-

1929 5537 2050 5577 men
2066 5525 2389 5593 pervenisse.
2412 5538 2725 5592 paucorum.
2755 5525 2858 5591 Qui
2879 5526 2937 5578 in
2954 5524 3131 5579 stadio
3145 5529 3391 5588 currunt,
3417 5540 3529 5580 om-

1928 5608 2019 5647 nes
2043 5595 2261 5664 quidem
2284 5598 2539 5661 currunt;
2564 5596 2658 5649 sed
2682 5611 2821 5649 unus

1929 5669 2043 5736 vi).
2067 5667 2145 5721 At
2160 5669 2346 5719 contra
2357 5665 2509 5719 nobis
2531 5665 2752 5721 dieitur.
2767 5667 2854 5723 Sic
2868 5665 3089 5729 currite,
3107 5671 3168 5721 ut
3185 5667 3525 5736 comprehen-

1928 5735 2076 5809 datis
2096 5738 2139 5803 (l
2165 5737 2281 5791 Cor.
2315 5740 2422 5790 lxi.
2454 5738 2527 5791 D.
2558 5737 2890 5809 Augustinus
2928 5737 2982 5792 in
3009 5737 3237 5809 epistola
3258 5735 3329 5809 ad
3356 5738 3525 5809 Hesy-

1928 5805 2110 5880 chium
2137 5808 2347 5876 (Epist.
2376 5811 2477 5873 80)
2500 5825 2517 5863 :
2537 5811 2599 5863 In
2628 5805 3090 5880 tribulationibus,
3122 5808 3311 5880 inquit.
3343 5805 3527 5863 caven-

1928 5877 2060 5932 dum
2084 5881 2183 5939 est,
2206 5894 2273 5932 ne
2296 5881 2585 5949 quisquam
2608 5879 2843 5934 devictus
2870 5879 2946 5934 ad
2968 5877 3240 5934 cumulem
3265 5881 3435 5934 vitam
3456 5880 3526 5934 de

1927 5949 2209 6020 spirituali
2221 5950 2549 6005 sublimitate
2565 5949 2880 6019 descendat;
2904 5956 3003 6008 aut
3023 5953 3121 6022 qui
3135 5951 3446 6022 profecerat
3461 5952 3521 6007 in

2839 5596 3039 5666 accipit
3064 5597 3307 5650 bravium
3329 5597 3377 5658 (ι
3399 5596 3519 5651 Cor.
3632 5606 3643 5609 <
