3996 6198
279 276 362 336 l9?
668 278 754 337 DE
790 272 1270 339 C(ENOBIORUM
1306 278 1549 341 INSTIT.
1591 274 1718 340 LIB.
1757 272 1854 340 IV.
1897 311 1967 324 —
2003 272 2093 338 DE
2129 270 2511 338 INSTI'I‘UTIS
2547 275 3134 357 RENUNTIAN'I‘IUM.

3454 286 3555 343 198

276 407 479 469 (Matth.
507 409 699 473 xxxv)
720 405 790 462 de
816 422 948 480 agro
974 408 1295 480 evangelicae
1314 408 1644 481 operationis
1661 425 1845 466 rever-
1872 411 1927 474 Α
1956 414 2262 479 paupertas,
2305 421 2473 478 quam
2499 422 2648 463 nunc
2673 423 2860 464 coram
2887 408 3005 479 ipso
3041 406 3321 480 professus
3350 425 3432 479 es,
3464 427 3553 466 us-

273 511 368 566 sus,
408 497 690 555 invenieris
740 500 923 558 tunica
973 509 1090 570 tua,
1150 518 1256 575 qua
1314 514 1370 561 te
1426 503 1845 577 exspoliaveras,

275 592 490 649 revestiri
515 613 532 648 :
551 609 731 667 neque
765 595 837 652 ad
875 594 1109 653 hamiles
1147 607 1501 670 terrenasque
1530 598 1722 655 mundi
1749 597 1849 654 hu-

266 686 342 759 jus
381 678 847 762 concupiscentias
882 707 949 748 ac
988 691 1164 749 studia
1198 692 1518 762 revolvaris,
1564 700 1620 749 et
1659 701 1850 750 contra

271 782 445 839 Christi
477 783 805 841 mandatum
830 784 899 842 de
922 784 1279 858 perfectionis
1309 794 1457 843 tecto
1491 785 1847 856 descendens,

268 877 436 934 tollere
465 878 667 952 aliquid
709 894 1012 951 praesumas
1053 897 1120 937 ex
1165 879 1252 937 his
1291 896 1418 953 quae
1463 881 1849 938 abrenuntians

266 970 524 1029 abdicasti.
579 966 721 1030 Cave
759 989 831 1030 ne
870 982 1183 1046 parentum,
1209 990 1281 1031 ne
1318 973 1623 1031 affectionis
1665 974 1847 1047 pristi-

262 1079 336 1122 na
358 1063 683 1134 recorderis,
721 1074 779 1122 et
811 1066 881 1123 ad
920 1082 1079 1123 curas
1107 1066 1268 1139 hujus
1303 1066 1485 1124 saeculi
1522 1066 1845 1124 sollicitudi-

260 1173 451 1230 nesque
486 1167 798 1227 revocatus,
836 1157 1139 1215 secundum
1183 1159 1478 1216 Salvatoris
1522 1159 1847 1217 sententiam

261 1263 457 1320 ponens
499 1264 726 1306 manum
786 1256 935 1305 tuam
974 1263 1137 1321 super
1176 1258 1442 1319 aratrum,
1489 1257 1545 1306 et
1586 1249 1848 1321 aspiciens

256 1349 413 1411 retro,
431 1356 601 1415 regno
617 1341 880 1399 caelorum
896 1350 1056 1414 aptus
1070 1357 1187 1398 esse
1200 1358 1314 1399 non
1331 1342 1508 1414 possis
1528 1345 1708 1415 (Luca:
1723 1357 1786 1397 1x
1802 1341 1843 1412 ).

257 1438 386 1493 Cave
427 1452 501 1492 ne
542 1435 760 1508 quando
810 1435 1147 1509 superbiam,
1188 1451 1356 1509 quam
1397 1451 1542 1492 nunc
1581 1434 1845 1509 incipiens

253 1528 605 1587 ardore-ﬁdei
654 1544 717 1586 ac
756 1529 912 1603 plena
952 1529 1260 1587 humilitate
1298 1530 1539 1600 calcasti,
1575 1546 1706 1587 cum
1733 1546 1845 1588 cu:-

250 1622 382 1696 peris
432 1623 774 1696 psalmorum
811 1623 894 1680 vel
934 1622 1289 1696 professionis
1334 1621 1499 1697 hujus
1541 1623 1845 1698 quamdam

248 1716 491 1773 notitiam
529 1715 835 1789 degustare,
865 1716 1128 1789 paulatim
1160 1716 1339 1783 elatus
1372 1717 1694 1774 resuscitare
1731 1733 1845 1773 me-

247 1810 445 1878 diteris,
471 1826 535 1868 ac
548 1810 852 1868 secundum
875 1811 1126 1884 Apostoli
1151 1811 1475 1870 sententiam
1497 1813 1709 1880 (Galat.
1741 1811 1844 1882 Il),
1878 1833 1926 1894 Β

246 1922 364 1978 quae
398 1905 711 1963 destruxisti
737 1906 942 1963 iterum
986 1905 1326 1964 reaediﬁcans
1369 1905 1845 1979 praevaricatorem

243 1999 543 2057 constituas
564 1998 948 2072 temetipsum;
968 1999 1068 2056 sed
1108 1999 1296 2071 potius
1319 2008 1381 2056 ut
1401 1999 1457 2055 in
1485 1999 1590 2056 hac
1627 1997 1842 2055 nudita-

241 2104 311 2164 te,
331 2110 503 2167 quam
533 2110 724 2151 coram
750 2098 871 2152 Deo
905 2103 962 2151 et
987 2094 1195 2168 angelis
1219 2094 1339 2166 ejus
1366 2092 1646 2166 professus
1664 2107 1744 2159 es,
1774 2092 1846 2150 ad

239 2188 409 2246 ﬁnem
452 2204 625 2261 usque
663 2188 942 2261 perdures.
970 2190 1033 2245 In
1071 2187 1176 2244 hac
1199 2202 1417 2260 quoque
1446 2186 1744 2244 humilitate
1757 2190 1846 2258 zac

237 2282 515 2355 patientia,
554 2298 663 2355 qua
699 2291 762 2340 ut
796 2283 1149 2356 suscipereris
1184 2282 1243 2339 in
1274 2281 1609 2340 monasterio
1651 2281 1844 2340 decem

234 2376 432 2434 diebus
457 2392 560 2450 pro
587 2375 801 2434 foribus
832 2393 1184 2450 perseverans
1212 2376 1398 2434 multis
1414 2375 1695 2450 Jaerymis
1728 2375 1841 2432 im—

234 2470 493 2542 plorasti;
520 2486 636 2527 non
658 2471 827 2528 modo
850 2470 1129 2543 persistas,
1156 2486 1344 2527 verum
1376 2468 1542 2527 etiam
1567 2468 1842 2543 proﬁcias,

231 2571 399 2637 atque
442 2579 773 2640 succresca.
821 2564 961 2622 Satis
1002 2564 1149 2621 enim
1192 2563 1458 2621 miserum
1494 2571 1577 2620 est
1613 2571 1678 2621 ut
1711 2579 1841 2620 cum

228 2655 436 2715 debeas
478 2672 510 2713 a
535 2657 859 2714 rudimentis
902 2673 966 2714 ac
1000 2656 1313 2731 primordiis
1339 2657 1453 2714 tuis
1486 2657 1737 2730 provehi,
1784 2667 1842 2714 et

226 2751 300 2807 ad
338 2748 734 2824 perfectionem
768 2750 1009 2820 tendere,
1040 2752 1202 2809 etiam
1238 2750 1467 2823 ahipsis
1501 2750 1727 2824 incipias
1768 2751 1840 2809 ad

226 2842 497 2902 inferiora
538 2844 795 2902 recidere.
839 2847 963 2903 Non
994 2846 1140 2903 enim
1176 2844 1269 2918 qui
1310 2845 1538 2919 cmperit
1564 2844 1705 2915 hac,
1740 2845 1840 2903 sed

222 2940 318 3011 qui
347 2942 777 3013 perseveraverit
803 2941 865 2998 in
888 2941 974 2999 his
997 2959 1171 3017 usque
1199 2942 1271 3003 ad
1303 2942 1493 3011 ﬁnem,
1528 2941 1621 3000 hic
1657 2943 1839 3000 salvus

221 3035 334 3092 erit
357 3035 588 3109 (Matth.
616 3054 661 3095 χ
684 3044 734 3094 et
753 3042 968 3107 xxxv).

749 3146 988 3202 CAPUT
1023 3144 1319 3202 XXXVII.

1956 516 2061 572 que
2089 500 2159 557 ad
2188 508 2496 556 extremum
2520 500 2665 569 vitae,
2693 496 3157 573 quemadmodum
3186 510 3401 575 arrepta
3446 512 3552 573 est,

1956 610 1988 651 a
2014 603 2068 651 te
2096 611 2208 651 non
2236 593 2401 651 fuerit
2422 594 2710 650 custodita.
2733 594 2891 664 Quod
2916 601 2979 650 ut
3003 594 3174 665 possis
3202 594 3453 667 implere,
3492 604 3556 652 tu

1957 692 1982 721 ³
2011 688 2129 761 ejus
2155 688 2357 761 capita,
2385 687 2445 744 id
2480 696 2583 756 est,
2614 686 3009 761 cogitationum
3045 676 3302 760 principia
3338 704 3557 762 semper

1956 785 2205 855 observa,
2233 778 2261 817 δ
2285 785 2355 845 ad
2380 785 2651 842 seniorem
2684 785 2886 842 scilicet
2928 800 3061 841 mox
3088 800 3151 841 ea
3175 784 3444 843 deferens.
3471 789 3557 843 Ita

1955 879 2102 937 enim
2139 879 2317 936 disces
2340 879 2646 951 perniciosa
2688 879 2807 951 ejus
2834 879 2991 935 initia
3022 885 3323 950 conterere,
3354 880 3400 937 si
3425 880 3559 937 nihil

1952 990 2015 1030 ex
2045 973 2123 1029 eis
2146 972 2348 1030 seniori
2373 981 2469 1029 tuo
2494 971 2773 1029 erubueris
2792 974 3053 1030 revelare.

2448 1091 2697 1153 CAPUT
2732 1091 3062 1147 XXXVIII.

1952 1199 2028 1251 De
2052 1196 2417 1251 renuntiantis
2440 1196 2863 1265 praparatione,
2898 1193 3186 1249 adversum
3213 1195 3585 1262 tentationes,‘

2413 1267 2543 1323 etde
2564 1268 2757 1336 paucis
2784 1265 3091 1333 imitandis.

2021 1384 2369 1457 Quapropter
2403 1380 2703 1439 secundum
2733 1380 3028 1453 Scriptura:
3061 1380 3390 1439 sententiam
3422 1386 3556 1451 (Eo-

1951 1477 2039 1531 cli.
2076 1476 2155 1549 n)
2190 1490 2440 1550 egressus
2481 1473 2551 1531 ad
2584 1474 2927 1531 serviendum
2965 1474 3231 1543 Domino,
3268 1482 3352 1532 sta
3394 1474 3452 1531 in
3485 1475 3555 1531 ti-

1951 1586 2108 1627 more
2128 1571 2252 1639 Dei,
2269 1580 2324 1626 et
2341 1583 2584 1641 praepara
2613 1568 2853 1624 animam
2875 1576 3029 1623 tuam
3054 1584 3163 1624 non
3192 1568 3263 1624 ad
3282 1568 3550 1641 requiem,

1952 1678 2068 1719 non
2111 1662 2182 1718 ad
2226 1661 2598 1728 securitatem,
2633 1675 2747 1715 non
2775 1660 2845 1715 ad
2881 1660 3119 1728 delicias,
3149 1661 3247 1717 sed
3282 1660 3353 1717 ad
3376 1668 3557 1717 tenta-

1953 1756 2134 1812 tiones
2168 1765 2224 1811 et
2262 1753 2561 1827 angustias.
2611 1756 2714 1809 Per
2750 1752 2949 1807 multas
2997 1753 3143 1808 enim
3176 1753 3560 1812 tribulationes

1952 1856 2170 1919 Oportet
2213 1862 2319 1903 nos
2363 1844 2589 1902 introire
2635 1845 2693 1901 in
2735 1859 2964 1916 regnum
2991 1845 3093 1901 Dei
3128 1849 3344 1913 (Actor.
3387 1846 3556 1918 λιν).

1952 1944 2197 2012 Angusta
2219 1951 2464 2010 namque
2489 1945 2574 1994 est
2598 1945 2754 2010 porta
2783 1944 2840 1993 et
2864 1944 3013 1993 arcta
3043 1936 3123 1991 via
3154 1953 3279 2009 qua
3310 1937 3463 1994 ducit
3487 1937 3559 1994 ad

1951 2032 2140 2101 vitam,
2175 2041 2233 2089 et
2266 2030 2425 2105 pauci
2455 2038 2583 2088 sunt
2605 2031 2698 2102 qui
2747 2031 3029 2087 inveniunt
3071 2046 3214 2087 eam.
3261 2032 3557 2089 Considera

1952 2143 2083 2201 ergo
2110 2135 2167 2184 te
2194 2126 2264 2184 de
2290 2125 2478 2200 paucis
2504 2133 2560 2182 et
2585 2124 2774 2181 electis
2802 2122 3085 2194 effectum,
3115 2134 3173 2181 et
3204 2140 3276 2181 ne
3303 2124 3555 2197 exemplo

1950 2236 2016 2278 ac
2034 2230 2229 2293 tepore
2258 2218 2628 2277 multitudinis
2641 2217 2964 2290 refrigescas
2983 2239 2997 2275 :
3016 2219 3117 2276 sed
3144 2219 3261 2275 vive
3285 2227 3349 2277 ut
3372 2220 3551 2292 pauci,

1948 2323 2012 2370 ut
2038 2328 2168 2371 cum
2198 2314 2383 2386 paucis
2400 2312 2628 2369 inveniri
2661 2312 2927 2369 merearis
2944 2312 3005 2369 in
3038 2327 3208 2385 regno
3237 2312 3361 2369 Dei.
3388 2313 3554 2371 Multi

1947 2407 2092 2464 enim
2104 2416 2234 2464 sunt
2244 2407 2441 2476 vocati,
2460 2407 2614 2478 pauci
2630 2421 2758 2463 vero
2768 2407 2920 2464 electi
2940 2408 3164 2480 (Matth.
3179 2422 3265 2464 xx
3281 2412 3335 2464 et
3346 2408 3510 2481 χχιι)
3532 2432 3547 2477 ;

1948 2511 2002 2558 et
2022 2502 2250 2575 pusillus
2285 2510 2371 2558 est
2402 2516 2555 2574 grex,
2587 2500 2673 2558 cui
2712 2501 3041 2574 complacuit
3078 2502 3226 2575 patri
3258 2502 3554 2561 haeredita-

1948 2604 2064 2652 tem
2097 2596 2231 2653 dare
2252 2597 2453 2665 (Luae
2485 2609 2584 2651 χιι
2597 2599 2637 2662 ).
2671 2598 2863 2668 Itaque
2885 2611 2998 2652 non
3025 2596 3138 2653 leve
3172 2596 3389 2653 noveris
3434 2612 3555 2655 esse

1946 2696 2256 2760 peccatum,
2284 2696 2308 2723 °
2344 2684 2738 2759 perfectionem
2773 2685 3082 2759 professum
3118 2688 3457 2760 quempiam,
3486 2705 3553 2746 ea

1948 2796 2071 2853 qua:
2106 2788 2239 2837 sunt
2264 2778 2581 2851 imperfecta
2626 2779 2848 2836 sectari.
2875 2779 2966 2836 Ad
3003 2794 3169 2851 quem
3207 2779 3555 2852 perfectionis

1945 2882 2154 2931 statum
2181 2873 2268 2930 his
2293 2866 2551 2947 gradibus
2576 2881 2740 2946 atque
2761 2872 2871 2930 hoc
2896 2872 3084 2929 ordine
3108 2873 3443 2946 pervenitur.

2465 2992 2709 3050 CAPUT
2748 2993 3029 3049 XXXIX.

2036 3106 2145 3172 Quo
2170 3102 2359 3165 ordine
2385 3102 2460 3159 ad
2477 3064 2865 3173 perfectionem
2893 3104 3176 3161 ascendere
3195 3109 3455 3177 oporteat.

218 3234 396 3304 Quod
430 3233 675 3315 δίᾳδοιω
714 3241 896 3292 ποεινο
938 3237 1039 3306 ﬁni
1069 3252 1275 3306 semper
1312 3236 1620 3300 insidietur,
1667 3241 1718 3291 et
1748 3250 1841 3315 ηοξ
1874 3204 1919 3267 C
2020 3207 2049 3250 ά
2077 3219 2406 3292 Principium
2440 3228 2647 3276 nostrae
2671 3221 2861 3287 salutis
2888 3221 3244 3296 ejusdemque
3278 3222 3546 3311 custodia,

457 3307 573 3378 ejus
604 3312 767 3378 caput
779 3308 985 3378 jugiter
1016 3308 1295 3364 observare
1324 3308 1625 3365 debeamus.

291 3409 574 3468 Versutus
590 3410 735 3467 enim
757 3425 976 3483 serpens
1002 3410 1216 3482 (Gerws.
1240 3414 1348 3477 IlI)
1375 3409 1626 3466 calcanea
1649 3380 1840 3466 nosira

218 3518 459 3577 semper
507 3504 788 3576 observat,
817 3505 874 3563 id
917 3514 1019 3572 est,
1044 3504 1332 3563 insidiatur
1365 3504 1528 3563 exitui
1553 3516 1764 3573 nostro,
1781 3511 1838 3559 et

218 3608 411 3669 usque
446 3598 506 3655 in
539 3598 701 3656 ﬁnem
741 3599 863 3657 vita:
902 3608 1108 3657 nostra:
1152 3616 1253 3658 nos
1291 3601 1645 3673 supplantare
1672 3614 1837 3655 cona-

1948 3313 2096 3368 sicut
2137 3311 2276 3375 dixi,
2318 3312 2485 3368 timor
2513 3312 2737 3369 Domini
2764 3321 2863 3369 est.
2892 3316 2996 3370 Per
3025 3314 3169 3370 hunc
3197 3306 3346 3371 enim
3374 3323 3428 3372 et
3452 3316 3551 3373 iui-

1946 3406 2085 3463 tium
2109 3406 2498 3473 conversionis,
2530 3415 2586 3463 et
2611 3406 2870 3462 vitiorum
2899 3409 3169 3481 purgatio,
3196 3416 3253 3466 et
3288 3409 3551 3466 virtutum

1946 3500 2214 3569 custodia,
2256 3499 2341 3558 his
2376 3502 2468 3575 qui
2510 3500 2828 3569 imbuuntur
2873 3500 2945 3558 ad
2992 3502 3135 3559 viam
3181 3502 3548 3576 perfectionis,

1943 3596 2255 3667 acquiritur.
2286 3597 2394 3666 Qui
2437 3612 2564 3654 cum
2606 3596 2972 3669 penetraverit
3007 3596 3248 3654 hominis
3283 3604 3548 3668 mentem,

216 3697 338 3748 tur.
377 3693 449 3748 Et
474 3692 675 3750 idcirco
703 3694 841 3751 bene
868 3694 1099 3767 cmpisse
1123 3694 1257 3751 nihil
1286 3694 1555 3767 proderit,
1588 3709 1690 3750 nec
1717 3693 1834 3765 ple-
1943 3699 2328 3764 contemptum
2367 3705 2557 3747 rerum
2601 3690 2852 3747 omnium
2881 3689 3051 3762 parit;
3091 3691 3421 3748 oblivionem
3450 3707 3550 3763 pa-

214 3799 297 3840 no
342 3782 563 3843 fervore
614 3786 1035 3849 renuntiationis
1097 3788 1389 3859 arripuisse
1450 3787 1732 3859 principia,
1787 3785 1838 3841 si
1944 3792 2187 3852 rentum,
2223 3783 2523 3858 mundique
2550 3785 2722 3857 ipsius
2746 3783 2916 3858 gignit
2943 3784 3237 3842 horrorem
3271 3792 3553 3841 :contem-

212 3878 350 3937 hac
396 3872 675 3957 congruu‘s
694 3882 863 3938 etiam
902 3880 1027 3937 ﬁnis
1064 3880 1311 3936 similiter
1336 3896 1449 3936 non
1487 3879 1841 3936 commenda—
1946 3885 2045 3947 ptu
2078 3886 2265 3934 autem
2287 3894 2355 3935 ac
2390 3878 2690 3951 privatione
2716 3875 3032 3934 facultatum
3070 3877 3341 3945 omnium,
3371 3874 3553 3931 humi-

211 3973 368 4030 verit
407 3982 573 4046 atque
616 3971 976 4041 concluserit,
1021 3968 1328 4041 Christique
1361 3968 1639 4026 humilitas
1680 3978 1843 4042 atque
1950 3969 2073 4025 litas
2095 3970 2410 4042 acquiritur.
2445 3974 2470 4002 °
2511 3968 2804 4025 Humilitas
2846 3985 2977 4026 vero
3020 3969 3107 4026 his
3152 3968 3363 4027 indiciis
3398 3983 3550 4025 com-

1330 4096 1587 4152 ALARDI
1625 4096 1853 4153 GAZASI
1889 4094 2449 4151 COMMENTARIUS.

212 4220 518 4278 anteriora
540 4233 597 4275 se
628 4216 934 4281 extendens,
965 4214 1252 4290 deiicienda
1281 4218 1339 4273 in
1361 4219 1669 4290 posteriora
1713 4219 1840 4288 deﬁ-
1939 4220 2219 4290 perfectus
2259 4231 2386 4281 esse,
2421 4215 2580 4280 vade,
2619 4214 2786 4272 vende
2823 4215 3003 4272 omnia
3037 4231 3162 4290 qua:
3184 4213 3363 4283 habes,
3395 4218 3448 4274 et
3472 4214 3547 4275 da

211 4297 354 4349 aut.
398 4290 536 4348 Vide
577 4290 732 4363 plura
770 4291 824 4346 in
848 4289 1101 4347 eamdem
1138 4289 1465 4347 sententiam
1502 4290 1572 4347 ad
1614 4306 1737 4363 cap.
1766 4296 1836 4345 27
1938 4289 2292 4363 pauperibus,
2318 4292 2370 4343 et
2391 4291 2531 4363 ueni,
2548 4304 2767 4359 sequere
2795 4304 2898 4344 me.
2923 4289 3083 4363 Unde
3102 4303 3441 4363 consequens
3463 4300 3548 4363 est

213 4364 319 4419 lib.
348 4378 473 4419 vn.
577 4360 596 4363 “
1373 4430 1406 4432 77
1447 4430 1458 4432 7
1523 4431 1531 4432 7
1637 4431 1642 4432 7
1681 4360 1702 4363 “
1942 4360 2260 4432 religiosum
2293 4375 2405 4432 non
2434 4360 2551 4416 leve
2581 4368 2868 4432 peccatum
2895 4360 3210 4432 admittere,
3241 4360 3301 4418 ut
3331 4361 3420 4418 hic
3456 4362 3542 4419 di-

288 4439 329 4507 ‘7
356 4435 515 4505 Ejus,
542 4433 732 4507 supple
767 4434 1053 4507 serpentis,
1079 4432 1185 4507 hoc
1220 4440 1323 4502 est,
1355 4430 1580 4507 diaboli,
1614 4431 1832 4507 dequo
1942 4430 2104 4507 citur,
2150 4431 2200 4507 si7
2226 4430 2471 4507 studium
2511 4430 2606 4488 seu
2647 4430 2912 4507 affectum
2939 4431 3341 4507 adipiscendis
3367 4431 3542 4507 perfeg

216 4501 480 4562 Isidorus
503 4501 763 4577 apposite
806 4501 880 4561 ad
924 4501 1072 4578 hunc
1115 4506 1294 4561 locum
1340 4503 1470 4578 dicit
1516 4523 1528 4558 :
1580 4501 1834 4561 Diabolus
1942 4502 2135 4559 ctionis
2152 4501 2396 4578 obiiciat,
2407 4511 2510 4578 aut
2533 4503 3014 4578 remittat:7mult9
3032 4501 3204 4578 magis
3228 4505 3272 4559 si
3296 4501 3385 4560 sic
3400 4505 3547 4578 apud

215 4590 448 4647 serpens
500 4573 873 4640 est'lubricus,
909 4577 1061 4646 cujus
1096 4578 1148 4631 si
1181 4577 1365 4645 capiti,
1411 4575 1471 4628 id
1508 4581 1605 4638 est,
1640 4579 1836 4645 prima:
1865 4637 1908 4647 ﬁ
1945 4589 2005 4629 se
2026 4573 2250 4647 statuat,
2284 4583 2340 4630 et
2366 4573 2512 4631 dicat
2551 4592 2567 4629 :
2602 4575 2742 4647 Nolo
2780 4575 2850 4631 ad
2875 4573 3264 4647 perfectionem
3298 4575 3543 4647 tendere,

216 4637 567 4718 suégestioni
579 4664 685 4704 non
707 4637 1002 4711 resistitur,
1034 4652 1175 4702 totus
1193 4637 1260 4700 in
1487 4637 1681 4719 cordis,
1707 4648 1838 4702 dum
1864 4637 1916 4699 D
1947 4652 2041 4701 aut
2065 4641 2120 4700 in
2139 4661 2201 4701 ea
2217 4637 2565 4719 progressum
2590 4644 2784 4719 facere.
2814 4637 2907 4719 Ita
2919 4645 3310 4719 intelligendus
3326 4646 3395 4697 D.
3414 4637 3546 4719 Hie;

220 4715 352 4773 non
389 4721 639 4783 sentitur,
692 4720 937 4775 illabitur
989 4719 1211 4787 (Isidor.
1266 4717 1359 4773 lib.
1417 4730 1469 4773 ιι
1516 4717 1582 4771 de
1629 4733 1833 4774 summo
1941 4715 2368 4789 ronymus'cur'n
2398 4716 2476 4789 ad
2501 4715 2863 4789 Heliodorum
2893 4716 2966 4770 ita
2999 4715 3234 4789 scribit;
3263 4716 3345 4789 Tu
3360 4715 3544 4789 perfe-

223 4794 380 4859 Bono
402 4806 449 4844 c.
482 4797 503 4843 ι
525 4788 567 4859 ).
906 4809 933 4836 κ
997 4783 1008 4787 ’
1320 4858 1325 4859 7
1941 4783 2085 4845 ctum
2105 4793 2154 4842 te
2183 4790 2302 4853 fore
2318 4788 2587 4855 pollicitus
2604 4801 2676 4840 es.
2695 4787 2835 4859 Nam
2855 4785 3092 4854 quando,
3119 4784 3308 4859 relicta
3323 4783 3539 4859 militia,

1943 4866 1994 4915 te
2013 4859 2268 4913 castrasti
2287 4853 2512 4925 propter
2544 4872 2712 4924 regna
2742 4853 3010 4918 scalarum,
3033 4854 3167 4923 quid
3194 4853 3350 4908 aliud
3375 4869 3542 4923 quam

1941 4931 2243 5000 perfectam
2266 4933 2482 5000 secutus
2505 4940 2557 5000 es
2583 4928 2791 5000 vitam?

2071 5000 2157 5052 De
2201 4997 2397 5050 timore
2443 4993 2546 5068 717)ei
2602 4994 2846 5064 pluribus
2888 4993 2943 5048 in
2968 4993 3112 5068 locis
3154 5003 3362 5068 agetur.
3405 4996 3544 5055 Vide

1946 5069 2043 5125 lib.
2060 5082 2157 5124 xu
2181 5083 2230 5139 c.
2263 5071 2353 5132 31,
2373 5065 2555 5139 collat.
2585 5071 2616 5119 3
2637 5080 2759 5138 cap.
2786 5071 2871 5131 18,
2895 5066 3075 5123 collat.
3102 5073 3158 5124 11
3192 5065 3310 5139 cap.
3338 5074 3374 5125 6
3396 5077 3451 5125 et
3472 5076 3541 5139 8;

1946 5151 2022 5209 et,
2060 5141 2104 5195 si
2140 5137 2307 5204 lubet,
2334 5137 2423 5193 adi
2453 5137 2933 5209 Turrecrematum
2960 5146 3191 5196 tractatu
3221 5137 3293 5196 59
3339 5142 3398 5197 in
3428 5137 3541 5200 Re;

1945 5207 2070 5284 gula
2110 5211 2180 5264 D.
2232 5208 2535 5281 Benedicti,
2575 5207 2645 5265 de
2680 5207 2878 5266 timore
2921 5210 3144 5268 Domini
3178 5209 3308 5270 fuse
3359 5228 3423 5270 ac
3456 5214 3542 5287 pie

1944 5289 2287 5340 tractantem.

2014 5360 2038 5399 θ
2062 5351 2402 5427 Humilitatis
2426 5350 2619 5411 decem
2643 5359 2818 5424 actus,
2854 5369 2951 5411 seu
2975 5353 3174 5427 ofﬁcia,
3218 5356 3310 5414 hic
3345 5374 3538 5416 recen-

1943 5434 2047 5495 set,
2075 5424 2344 5499 qumfere
2378 5426 2707 5499 conveniunt
2740 5436 2794 5482 et
2829 5427 3142 5485 coincidunt
3163 5424 3299 5486 'cum
3326 5429 3542 5487 duode-

1942 5499 2049 5554 cim
2096 5496 2359 5571 gradibus
2387 5496 2709 5553 humilitatis
2741 5512 2772 5552 a
2807 5501 2880 5554 D.
2925 5499 3235 5571 Benedicto
3257 5500 3545 5570 assignatis

1946 5569 2160 5653 (Cap?!
2188 5569 2432 5653 Regalis)
2463 5588 2477 5624 :
2741 5571 2889 5625 scala
2904 5572 3003 5625 illa
3016 5570 3276 5653 erigenda
3303 5569 3544 5653 est,un

1942 5638 2003 5695 in
2021 5638 2202 5696 somno
2221 5641 2378 5695 Iacob
2402 5643 2680 5711 apparuit,
2705 5656 2805 5710 per
2832 5657 3003 5711 quam
3021 5643 3073 5711 ei
3092 5638 3464 5711 descendentes
3493 5644 3545 5693 et

1946 5658 2003 5695 in
2021 5657 2202 5696 somno
2221 5657 2378 5695 Jacoo
2402 5657 2437 5694 a
2511 5657 2680 5705 aruit,
2705 5657 2805 5710 per
2832 5657 2997 5711 quam
3021 5657 3071 5695 et
3092 5657 3464 5694 descendentes
3493 5657 3543 5693 et

1946 5711 2282 5767 ascendentes
2322 5657 2510 5780 αγιρέῗὲ
2540 5714 2871 5768 visebantur.
2905 5710 3012 5764 Sed
3042 5709 3121 5780 de
3146 5705 3453 5780 humilitate
3486 5714 3543 5758 et

293 4855 327 4893 "
363 4855 563 4916 Dehac
586 4859 807 4918 salutari
831 4860 1077 4918 doctrina
1105 4867 1163 4916 et
1186 4858 1440 4916 cautione
1477 4860 1576 4915 SS.
1604 4862 1833 4915 Patrum

223 4947 328 5001 pro
351 4930 642 5002 juniorum
662 4946 761 4988 seu
784 4931 1114 4989 novitiorum
1143 4930 1485 5002 institutione
1520 4945 1585 4985 ac
1609 4931 1839 5002 tuitione

223 5000 498 5075 adversus
520 5002 817 5059 diabolicas
844 5004 1246 5075 suggestiones,
1282 5000 1489 5075 dictum
1514 5000 1674 5075 estin
1700 5016 1839 5075 prae-

222 5073 553 5154 eedentibus
594 5076 757 5147 (Cap.
798 5081 833 5131 8
871 5070 999 5131 εἴθ
1029 5074 1192 5145 hujus
1230 5073 1377 5147 lib.),
1415 5080 1471 5128 et
1516 5070 1645 5128 alibi
1683 5070 1837 5145 plura

220 5145 509 5200 dicentur.

293 5256 350 5300 ρ.
378 5214 785 5300 Perfectionem
836 5217 1182 5300 proﬁtentur
1209 5213 1496 5300 religiosi,7
1525 5229 1639 5270 non
1687 5212 1838 5300 quod

221 5284 413 5343 sta'tim
462 5296 752 5360 teneantur
795 5284 919 5360 esse
961 5287 1214 5360 perfecti;
1266 5284 1375 5360 sed
1404 5284 1535 5360 quia
1571 5302 1679 5360 per
1705 5284 1861 5360 'vota.

223 5372 325 5413 sna
353 5358 766 5415 constituuntur
790 5357 847 5414 in
875 5355 1022 5416 statu
1059 5355 1530 5431 perfectionis'(S7.
1566 5355 1748 5431 Thom.
1778 5359 1837 5410 2-

227 5432 284 5493 2,
308 5446 363 5499 q.
392 5436 519 5494 186,
541 5435 651 5485 art.
676 5438 697 5485 1
724 5436 774 5486 et
802 5436 865 5498 2;
896 5428 1099 5488 Navar.
1130 5435 1406 5485 comment.
1429 5428 1545 5484 l‘de
1570 5428 1829 5499 Regular.

225 5515 377 5575 actm.
404 5508 444 5557 9
478 5504 684 5575 et710),
719 5509 891 5575 atque
926 5501 1034 5557 hoc
1069 5502 1188 5575 ipso
1239 5500 1557 5575 obligantur
1601 5499 1830 5575 in_omni

223 5572 465 5655 για-ωδ
498 5571 573 5655 ad
610 5570 1023 5655 perfectionem,
1048 5570 1197 5655 velut
1236 5573 1301 5655 ad
1332 5570 1616 5655 proprium
1641 5571 1831 5655 ﬁnem,

221 5643 454 5714 tendere
492 5652 553 5699 et
593 5643 869 5714 aspirare;
907 5643 1177 5714 servando
1221 5643 1483 5699 nimirum
1514 5643 1831 5714 Evangelica

222 5713 475 5789 consilia,
511 5728 637 5789 quae
661 5712 796 5770 sunt
817 5722 940 5770 vota
964 5713 1288 5789 essentialia,
1329 5722 1385 5770 et
1412 5728 1525 5770 sum
1544 5712 1833 5789 religionis

224 5781 500 5856 instituta.
525 5781 673 5856 quae
710 5794 839 5841 sunt
881 5784 1168 5856 aptissima
1213 5784 1611 5856 consequendaa
1657 5781 1834 5856 pcrfe-

224 5853 434 5913 ctionis
459 5853 849 5927 instrumenta,
865 5853 1024 5929 juxta
1044 5855 1181 5914 illud
1198 5853 1445 5913 Matthéi
1474 5868 1591 5911 nx
1617 5873 1631 5916 ;
1657 5854 1720 5913 Si
1751 5855 1833 5908 vis

1944 5782 2062 5862 619.8
2082 5781 2339 5862 ειεᾷίιξυε
2365 5775 2519 5862 plere
2532 5783 2652 5862 ,ειὲο
2674 5780 2851 5862 .|.°<.=°.(
2864 5781 2986 5862 W2:
3008 5775 3540 5862 .35“);§.2E.EPB.E‘:‘P
3556 5815 3581 5835 ο

1943 5841 2118 5921 ἐξιᾶοῖ
2132 5852 2235 5907 tria
2256 5841 2576 5907 humilitatis
2600 5847 2794 5904 indicia
2811 5841 2919 5900 hoc
2943 5846 3065 5898 loco
3087 5841 3540 5895 commemorata.
