3996 6198
419 294 521 350 199

412 513 748 583 voluntates;
781 514 1042 581 secundo,
1072 513 1116 570 si
1139 529 1251 568 non
1290 513 1468 569 solum
1496 520 1716 568 actuum
1759 526 2007 580 suorum,

413 621 604 663 verum
641 607 805 663 etiam
849 606 1238 679 cogitationum
1280 604 1415 661 nihil
1450 620 1614 661 suum
1641 605 1891 662 celaverit
1927 621 2013 661 se-

411 700 658 769 niorem;
689 700 872 770 tertio,
916 701 960 756 si
1006 699 1139 755 nihil
1167 714 1283 756 suae
1309 698 1642 767 discretioni,
1675 699 1770 756 sed
1806 699 2013 772 judicio

414 795 532 867 eius
568 796 819 851 universa
863 792 1192 861 committat,
1237 809 1304 849 ac
1340 792 1550 850 monita
1588 795 1705 867 ejus
1732 793 1918 851 sitiens
1949 809 2014 850 ac

410 888 642 946 libenter
668 887 972 955 auscultet;
999 897 1219 960 quarto,
1245 887 1290 944 i
1316 887 1372 944 in
1395 888 1655 945 omnibus
1681 896 1859 944 servet
1882 888 2016 945 obe-

408 983 692 1053 dientiam,
722 982 1199 1040 mansuetudinem
1231 990 1286 1039 et
1309 983 1582 1055 patientiae
1611 983 2012 1051 constantiam;

410 1077 627 1149 quinto.
655 1078 701 1134 si
731 1093 845 1134 non
891 1076 1074 1135 solum
1105 1075 1357 1148 iniuriam
1395 1075 1592 1145 inferat
1628 1075 1783 1147 nulli,
1819 1076 1915 1133 sed
1944 1092 2014 1131 ne

409 1174 478 1230 ab
512 1172 619 1229 alio
648 1160 872 1246 quidem
908 1171 1127 1227 sibimet
1161 1172 1463 1243 irrogatam
1502 1170 1685 1227 doleat
1721 1180 1884 1243 atque
1918 1170 2015 1226 tri-

409 1277 611 1334 stetur;
641 1276 820 1334 exto,
870 1265 916 1324 si
954 1266 1092 1323 nihil
1130 1275 1278 1339 agat,
1321 1266 1459 1324 nihil
1500 1274 1821 1338 praesumat,
1862 1265 2014 1338 quod

409 1378 523 1419 non
562 1362 646 1418 vel
689 1360 1003 1418 communis
1042 1360 1378 1433 regula,‘vel
1411 1360 1682 1432 maiorum
1713 1360 2013 1416 cohortan-

360 1448 367 1455 ’
410 1466 502 1514 tur
529 1455 808 1527 exempla;
834 1454 1092 1527 septimo,
1113 1454 1158 1509 si
1193 1453 1344 1510 omni
1368 1453 1571 1509 vilitate
1610 1460 1894 1511 contentus
1917 1454 2032 1520 sit,-

411 1557 465 1605 et
491 1548 563 1606 ad
583 1548 768 1604 omnia
796 1563 921 1619 qua:
945 1547 1047 1603 sibi
1088 1546 1483 1619 praecipiuntur
1517 1545 1668 1602 velut
1694 1545 2011 1617 operarium

408 1643 725 1700 malum'se
756 1641 1082 1714 judicaverit
1115 1650 1172 1697 et
1217 1640 1534 1714 indignum;
1570 1648 1788 1710 octavo,
1831 1640 1877 1696 si
1919 1655 2011 1696 se-

408 1735 697 1805 metipsum
723 1734 938 1790 cunctis
965 1731 1280 1789 inferiorem
1309 1748 1420 1788 non
1445 1731 1732 1803 superficie
1772 1747 2014 1803 pronun-

1761 288 2040 349 JOANNIS
2076 290 2380 351 CASSIANI

411 419 712 491 probatur:
739 406 942 492 primo,
974 417 1019 475 si
1043 416 1401 477 mortiﬁcatas
1422 416 1480 473 in
1512 432 1571 473 se
1593 415 1791 472 habeat
1818 432 2010 473 omnes
2038 420 2093 484 Α
2132 412 2136 416 ’

3610 296 3718 355 200

2706 421 2949 479 CAPUT
2985 420 3135 477 XLI.

2118 568 2185 621 In
2223 571 2628 639 congregatione
2665 571 2970 627 camobitica
3005 572 3284 627 constituti
3318 570 3455 640 quid
3492 571 3719 627 tolerare

2445 640 2450 646 ’
2613 658 2676 696 ac
2699 645 2958 717 sustinere
2989 642 3234 699 debeant.

2191 798 2328 869 Quae
2360 796 2545 854 omnia
2573 807 2637 854 ut
2663 799 2836 871 possis
2862 801 3142 873 consequi,
3179 807 3236 858 et
3261 800 3362 858 sub
3394 800 3499 858 hac
3532 803 3718 875 regula

2120 890 2345 960 spiritali
2385 900 2648 964 perpetuo
2691 884 3004 964 perdurare,
3038 895 3141 950 tria
3174 894 3290 951 haec
3330 895 3387 951 in
3422 910 3717 970 congrega-

2120 983 2269 1040 tione
2303 987 2608 1043 necessario
2637 987 2991 1045 custodienda
3021 998 3151 1046 sunt
3174 989 3294 1058 tibi,
3330 999 3391 1045 ut
3417 990 3620 1047 scilicet
3642 1008 3719 1049 se-

2120 1076 2362 1135 cundum
2391 1080 2696 1137 Psalmistae
2726 1083 3053 1138 sententiam
3083 1083 3253 1153 (Psai.
3277 1085 3532 1156 xxxvn)
3562 1103 3576 1139 :
3604 1088 3715 1155 Ego

2119 1178 2298 1227 autem
2322 1177 2602 1244 tamquam
2619 1176 2818 1232 surdus
2838 1193 2945 1232 non
2967 1178 3275 1242 audiebam,
3307 1182 3358 1234 δε
3376 1182 3511 1235 sicut
3536 1186 3716 1237 mutus

2119 1268 2218 1335 qui
2261 1283 2367 1321 non
2395 1271 2574 1338 aperit
2616 1285 2673 1325 os
2700 1286 2890 1337 suum;
2927 1277 2980 1327 et
3019 1274 3203 1341 factus
3228 1262 3347 1328 sum
3385 1275 3523 1329 sicut
3566 1276 3717 1331 homo

2118 1376 2226 1415 non
2254 1362 2499 1427 audiens,
2521 1368 2573 1419 et
2591 1380 2697 1419 non
2725 1366 2925 1421 habens
2948 1369 3006 1420 in
3043 1382 3133 1423 ore
3157 1382 3253 1422 suo
3277 1367 3717 1438 redargutiones;

2118 1461 2179 1508 tu
2208 1470 2425 1526 quoque
2454 1456 2601 1512 velut
2636 1456 2836 1514 surdus
2866 1474 2931 1515 ac
2959 1467 3147 1515 mutus
3176 1466 3232 1514 et
3272 1475 3453 1516 caecus
3478 1460 3717 1532 incedas,

2120 1555 2181 1602 ut
2206 1548 2410 1620 absque
2432 1542 2573 1605 illius
2600 1552 3058 1623 contemplatione
3082 1552 3174 1625 qui
3199 1553 3295 1610 tibi
3319 1553 3483 1610 fuerit
3504 1555 3573 1610 ad
3595 1554 3719 1610 imi-

2118 1639 2347 1697 tandum
2388 1642 2587 1699 merito
2625 1642 2970 1716 perfectionis
3011 1646 3235 1715 electus,
3282 1646 3532 1703 universa
3570 1662 3720 1717 qua:-

2117 1749 2354 1806 cumque
2393 1735 2587 1792 videris
2631 1737 2813 1793 minus
2852 1737 3226 1795 aadiiicationis
3254 1738 3534 1808 habentia,
3568 1742 3718 1798 velut

410 1828 511 1884 tiet
543 1828 836 1891 labiorum,
870 1826 967 1882 sed
989 1825 1185 1882 intimo
1215 1825 1397 1881 cordis
1433 1824 1621 1885 credat
1649 1823 1881 1893 affectu;
1911 1842 2010 1882 no-
2035 1838 2085 1901 B
2117 1842 2293 1885 caecus
2312 1844 2422 1885 non
2445 1829 2742 1895 videas;ne
2766 1832 3043 1889 animatus
3065 1848 3257 1889 eorum
3285 1834 3375 1906 qui
3402 1833 3522 1891 haec
3544 1845 3718 1906 agunt

408 1938 503 1989 no,
552 1921 597 1978 si
639 1921 881 1993 linguam
925 1918 1198 1986 cohibeat,
1250 1918 1337 1975 vel
1382 1934 1497 1977 non
1534 1918 1606 1976 sit
1643 1918 1916 1979 clamosus
1953 1921 2008 1977 in

410 2030 566 2084 voce;
606 2013 841 2081 decimo,
864 2012 911 2069 si
944 2028 1057 2069 non
1079 2012 1152 2069 sit
1173 2010 1344 2068 facilis
1380 2028 1445 2068 ac
1478 2021 1764 2085 promptus
1790 2012 1845 2069 in
1871 2013 2003 2071 risu.

408 2110 629 2166 Talibus
668 2122 911 2180 namque
942 2106 1173 2170 indiciis,
1201 2116 1258 2163 et
1285 2105 1371 2162 his
1406 2106 1692 2174 similibus,
1727 2107 2009 2167 humilitas

408 2220 537 2261 vera
560 2202 915 2276 dignoscitur.
947 2201 1086 2272 Quae
1112 2216 1241 2257 cum
1261 2199 1425 2256 fuerit
1458 2201 1513 2256 in
1549 2200 1773 2258 veritate
1795 2217 2008 2275 posses-

408 2315 490 2368 sa,
524 2295 811 2355 confestim
838 2304 895 2353 te
940 2296 1013 2353 ad
1054 2294 1400 2364 charitatem,
1439 2310 1564 2367 quia
1598 2296 1856 2353 timorem
1893 2312 2009 2354 non

409 2391 595 2460 habet,
627 2389 799 2463 gradu
836 2386 1220 2445 excellentiore
1247 2386 1525 2459 perducet,
1564 2402 1659 2458 per
1690 2403 1857 2460 quam
1890 2389 2010 2445 uni-

410 2502 565 2543 versa
595 2500 721 2557 quaa
744 2484 895 2556 prius
917 2498 1029 2538 non
1063 2481 1181 2539 sine
1208 2496 1368 2554 pinna
1405 2481 1714 2539 formidinis
1749 2481 2010 2539 observa-

408 2581 531 2648 bas,
562 2578 768 2650 absque
791 2577 903 2634 ullo
926 2576 1113 2634 labore
1137 2576 1286 2639 velut
1311 2575 1626 2632 naturaliter
1649 2574 1872 2647 incipies
1907 2591 2011 2631 cu-

408 2674 633 2740 stodire,
667 2677 695 2707 ⁸
732 2688 845 2729 non
882 2672 1001 2745 jam
1030 2670 1494 2742 contemplatione
1526 2669 1800 2743 supplicii,
1836 2671 1919 2726 vel
1945 2670 2013 2726 ti-

411 2768 581 2825 moris
611 2767 780 2837 illius,
817 2766 916 2824 sed
954 2780 1142 2822 amore
1173 2764 1341 2837 ipsius
1383 2764 1516 2822 boui
1561 2773 1618 2821 et
1657 2763 2012 2820 delectatione

411 2862 696 2919 virtutum.

1010 2999 1249 3059 CAPUT
1283 2998 1409 3055 XL.

407 3129 559 3200 Quod
610 3144 720 3185 non
757 3129 946 3184 debeat
986 3123 1566 3200 mmiachusemempla
1584 3125 1931 3200 perfectionis
1973 3142 2008 3179 a

619 3200 806 3255 multis
826 3203 1089 3270 expetere,
1120 3199 1213 3253 sed
1242 3197 1311 3251 ab
1330 3213 1458 3265 uno,
1483 3197 1566 3252 vel
1581 3199 1788 3266 paucis.

477 3333 567 3392 Ad
607 3331 757 3407 quod
798 3339 863 3388 ut
902 3331 1081 3387 valeas
1116 3327 1326 3387 facilius
1368 3327 1669 3402 pervenire,
1697 3320 1727 3359 ⁵
1763 3329 2007 3401 exempla

403 3428 504 3485 tibi
547 3436 677 3485 sunt
716 3425 1039 3482 imitationis
1073 3441 1137 3482 ac
1178 3424 1301 3481 vitae
1330 3422 1584 3495 perfectae
1609 3422 1667 3478 in
1708 3437 2002 3495 congrega-

400 3522 549 3578 tione
578 3519 965 3587 commoranti,
993 3519 1258 3591 apaucis,
1281 3516 1453 3572 immo
1483 3516 1551 3571 ab
1586 3530 1717 3583 uno,
1750 3515 1830 3569 vel
1871 3514 2006 3570 duo-

400 3616 527 3684 bus,
547 3631 659 3671 non
688 3631 718 3670 a
749 3613 990 3686 pluribus
1013 3610 1335 3684 expetenda.
1376 3612 1517 3666 Nam
1545 3616 1742 3677 praeter
1768 3607 1823 3663 id
1855 3607 2004 3680 quod

402 3711 711 3767 examinata
747 3709 855 3765 vita
875 3716 1038 3781 atque
1066 3705 1138 3763 ad
1168 3719 1370 3778 purum
1403 3711 1626 3760 excocta
1650 3700 1917 3773 reperitur
1943 3700 1998 3758 in

404 3803 615 3876 paucis;
661 3801 822 3859 etiam
855 3799 1005 3857 istud
1045 3815 1111 3855 ex
1151 3797 1258 3854 hoc
1299 3795 1549 3853 utilitatis
1584 3793 1810 3863 accedit,
1852 3793 2001 3865 quod

401 3897 469 3954 ad
505 3895 898 3971 perfectionem
942 3891 1206 3966 propositi
1243 3891 1424 3964 hujus,
1466 3888 1522 3945 id
1557 3897 1659 3956 est,
1690 3887 2004 3945 caenobialis

400 3991 548 4059 vitae,
591 3989 898 4062 diligentius
940 3986 1062 4060 quis
1103 3984 1267 4042 unius
1316 3981 1577 4038 imbuitur
1627 3997 1691 4037 ac
1732 3981 2005 4037 formatur

401 4085 670 4158 exemplo.

2117 1922 2457 1990 auctoritate,
2501 1922 2581 1978 vel
2610 1921 2809 1992 forma,
2854 1924 2925 1982 ad
2965 1925 3023 1983 id
3050 1926 3199 1999 quod
3244 1927 3485 1984 deterius
3523 1938 3628 1997 est,
3663 1937 3720 1985 et

2113 2016 2261 2089 quod
2286 2025 2410 2074 ante
2438 2017 2818 2087 damnaveras,
2842 2018 3165 2077 traducaris.
3203 2021 3258 2078 Si
3288 2020 3718 2089 inobedientem,

2114 2112 2159 2168 si
2191 2120 2598 2180 contumacem,
2637 2114 2683 2170 si
2723 2113 3101 2170 detrahentem
3129 2114 3390 2179 audieris,
3435 2113 3515 2171 vel
3558 2130 3720 2172 secus

2115 2215 2282 2272 quam
2312 2201 2409 2257 tibi
2442 2201 2711 2259 traditum
2748 2212 2833 2259 est
2855 2202 3055 2275 aliquid
3084 2202 3467 2261 admittentem
3492 2217 3603 2259 non
3631 2203 3718 2259 of-

2116 2288 2378 2358 fendaris,
2425 2306 2529 2347 nec
2575 2291 2643 2347 ad
2693 2290 3023 2348 imitandum
3077 2307 3205 2348 eum
3250 2292 3344 2348 tali
3370 2292 3719 2350 subvertet-is

2117 2386 2368 2456 exemplo
2400 2402 2416 2440 :
2455 2384 2553 2440 sed
2590 2393 2651 2440 ut
2686 2384 2907 2452 surdus,
2942 2385 3036 2457 qui
3072 2385 3190 2442 base
3220 2385 3434 2458 penitus
3472 2401 3575 2442 nec
3615 2402 3715 2443 au-

2116 2476 2282 2533 dieris
2309 2478 2560 2534 universa
2591 2479 2949 2534 transmittas.
2975 2478 3031 2535 Si
3061 2478 3161 2534 tibi
3188 2478 3266 2534 vel
3295 2478 3553 2550 cuiquam
3577 2494 3721 2535 con-

2116 2570 2272 2634 vicia,
2324 2570 2370 2626 si
2415 2571 2729 2644 irrogantur
2771 2572 3005 2645 injuria,
3047 2581 3163 2629 esto
3207 2572 3524 2642 immobilis,
3553 2581 3610 2628 et
3643 2573 3719 2630 ad

2116 2664 2528 2737 responsionem
2544 2665 2759 2722 talionis
2776 2674 2838 2721 ut
2854 2674 3045 2721 mutus
3058 2667 3325 2736 ausculta,
3341 2681 3554 2737 semper
3571 2664 3721 2722 hunc

2117 2759 2423 2816 Psalmista:
2447 2761 2771 2817 versiculum
2799 2761 2857 2816 in
2883 2761 3047 2817 corde
3077 2769 3172 2817 tuo
3195 2760 3492 2817 decantans
3521 2780 3534 2817 :
3567 2760 3716 2830 Dixi,

2118 2854 2422 2912 custodiam
2469 2855 2581 2911 vias
2619 2870 2794 2923 meas,
2836 2862 3041 2911 utnon
3085 2855 3404 2929 delinquam
3439 2855 3495 2911 in
3530 2855 3715 2929 lingua

2116 2962 2261 3004 mea.
2294 2949 2461 3005 Posui
2493 2949 2572 3004 ori
2601 2963 2729 3005 meo
2753 2948 3058 3005 custodiam
3083 2965 3214 3006 cum
3241 2950 3563 3006 consisteret
3588 2965 3717 3021 pec-

2116 3048 2268 3097 cator
2298 3042 2554 3098 adversus
2592 3058 2706 3110 me,
2731 3042 2987 3099 obmutui
3026 3051 3081 3098 et
3108 3042 3427 3100 humiliatus
3467 3057 3612 3109 sum,
3657 3051 3719 3099 et

2113 3132 2239 3188 silui
2262 3149 2293 3189 a
2321 3133 2479 3189 bonis
2508 3133 2680 3206 (Psal.
2720 3138 3010 3202 xxxvm).
3038 3144 3060 3170 ο
3103 3138 3312 3191 Verum
3356 3143 3413 3191 et
3445 3142 3716 3206 quartum

2033 3218 2080 3282 C
2116 3226 2220 3283 hoc
2248 3242 2360 3299 pra:
2382 3227 2639 3284 omnibus
2667 3229 2877 3298 excole,
2904 3228 3053 3302 quod
3083 3227 3203 3286 haec
3230 3243 3352 3302 qua
3375 3243 3535 3299 supra
3572 3227 3721 3284 dixi-

2116 3337 2240 3378 mus
2263 3322 2368 3379 tria
2399 3330 2559 3377 ornet
2584 3331 2749 3395 atque
2775 3322 3145 3390 commendet,
3175 3323 3235 3379 id
3265 3333 3367 3391 est,
3393 3331 3454 3379 ut
3483 3322 3718 3379 stultum

2115 3425 2191 3486 te,
2212 3415 2515 3473 secundum
2540 3417 2795 3489 Apostoli
2816 3418 3142 3473 sententiam
3165 3420 3218 3484 (i
3243 3419 3363 3474 Cor.
3392 3420 3520 3484 in),
3539 3414 3716 3474 facias

2113 3511 2167 3567 in
2199 3511 2304 3566 hoc
2332 3509 2565 3579 mundo,
2604 3519 2667 3565 ut
2689 3510 2763 3566 sis
2796 3510 3010 3583 sapiens
3048 3530 3062 3567 :
3089 3510 3227 3567 nihil
3259 3511 3467 3567 scilicet
3504 3510 3717 3567 discer-

2110 3619 2269 3669 nens,
2285 3603 2423 3660 nihil
2442 3603 2745 3676 dijudicans
2763 3621 2829 3661 ex
2848 3604 2935 3661 his
2949 3620 3070 3677 quae
3080 3605 3178 3661 tibi
3194 3603 3395 3661 fuerint
3408 3604 3712 3676 imperata;

2052 3706 2056 3711 '
2110 3698 2206 3755 sed
2232 3712 2360 3754 cum
2387 3698 2541 3753 omni
2565 3697 2912 3770 simplicitate
2933 3713 2998 3754 ac
3021 3698 3130 3755 ﬁde
3160 3698 3524 3755 obedientiam
3553 3712 3712 3753 sem-

2110 3809 2207 3866 per
2229 3792 2509 3862 exhibeas,
2528 3792 2663 3849 illud
2689 3791 3075 3849 tantummodo
3097 3800 3377 3861 sanctum,
3400 3791 3531 3848 illud
3549 3791 3710 3858 utile,

2110 3887 2245 3945 illud
2285 3888 2504 3959 sapiens
2546 3901 2667 3943 esse
2701 3884 2976 3959 judicans,
3024 3886 3282 3959 quicquid
3318 3886 3443 3953 tibi,
3492 3886 3572 3941 vel
3618 3886 3712 3943 lex

2110 3982 2236 4050 Dei,
2258 3982 2342 4038 vel
2376 3981 2621 4038 Senioris
2646 3996 2874 4037 examen
2906 3980 3180 4037 indixerit.
3217 3982 3337 4037 Tali
3372 3980 3520 4037 enim
3549 3980 3714 4036 insti-

2108 4077 2322 4134 tutione
2356 4075 2640 4147 fundatus,
2674 4076 2778 4133 sub
2817 4074 2919 4132 hac
2950 4075 3233 4147 disciplina
3279 4075 3481 4148 poteris
3507 4074 3711 4132 durare

1488 4232 1747 4290 ALARDI
1786 4231 2015 4290 (ἓΑΖᾸΞῐ
2054 4229 2618 4289 COMMENTARIUS.

397 4397 593 4454 nempe
620 4388 867 4454 sextum,
889 4379 1185 4454 septimum
1203 4385 1263 4454 et
1280 4385 1557 4454 octavum,
1588 4377 1780 4454 iisdem
1818 4376 1999 4432 verbis

395 4470 427 4509 a
470 4447 544 4509 DI
585 4452 880 4508 Benedicto
907 4447 1059 4521 inter
1090 4448 1290 4521 gradus
1318 4447 1651 4521 _humili_tatis
1691 4462 2000 4521 connume-

392 4524 523 4591 rari,
538 4532 601 4580 ut
623 4522 824 4579 ibidem
870 4519 1050 4576 videre
1063 4516 1169 4574 est.
1206 4516 1371 4572 Unde
1390 4516 1637 4588 suspicor
1658 4532 1726 4573 ex
1745 4517 1852 4573 hoc
1872 4518 1998 4574 loco

395 4593 566 4651 fuisse
592 4601 926 4650 mutuatum.
1160 4630 1163 4633 .

467 4670 494 4700 ⁸
513 4665 771 4723 Alludere
795 4662 1007 4719 videtur
1033 4658 1102 4717 ad
1131 4657 1255 4714 illos
1282 4656 1605 4723 versiculos;

613 4783 838 4836 Oderunt
867 4791 1066 4844 peccare
1087 4774 1203 4844 boni
1217 4774 1417 4844 virtutis
1436 4788 1600 4825 amore
1622 4793 1634 4824 :

613 4847 833 4898 Oderunt
861 4837 1057 4904 peccare
1077 4838 1193 4890 mali
1215 4837 1469 4888 formidine
1493 4844 1664 4901 pmnai.

394 4959 494 5016 Sed
543 4954 816 5027 praecipue
861 4948 1106 5027 adpillud
1150 4946 1377 5027 Joannis
1419 4943 1651 5027 apostoli
1699 4960 1712 4998 :
1749 4947 1995 5012 Perfecta

392 5018 629 5084 charitas
644 5018 795 5094 foras
809 5025 975 5079 mittit
995 5024 1236 5077 timorem
1258 5020 1313 5093 (1
1341 5022 1497 5074 Joan.
1533 5018 1644 5089 IV),
1664 5031 1863 5088 nempe
1881 5031 1988 5071 ser-

392 5102 828 5241 vngnb‘ieminerit
851 5163 1023 5219 lector
1046 5162 1135 5241 hic
1154 5160 1246 5241 agi
1278 5161 1357 5241 de
1373 5159 1618 5241 novitiis
1637 5166 1693 5215 et
1710 5157 1990 5241 incipien-

390 5241 556 5307 tibus,
591 5254 705 5294 non
740 5236 809 5290 de
843 5230 1276 5307 provectioribus
1313 5240 1369 5285 et
1400 5230 1669 5307 perfectis.
1706 5230 1986 5307 Siquidem

388 5299 654 5367 novitium
693 5308 795 5362 hac
838 5299 1000 5376 longa
1029 5299 1448 5376 oratione,__seu;
1466 5299 1859 5376 exhortatione,
1904 5300 1988 5354 in-

390 5381 662 5452 formabat
695 5387 752 5452 et
783 5369 1084 5452 instruebat
1107 5369 1390 5452 abbasille
1422 5369 1762 5452 Byn‘upliius,
1805 5377 1882 5452 .ut
1918 5386 1984 5425 ex

387 5450 818 5524 praecedentibus
838 5446 1225 5524 constat(C_ap.
1248 5450 1328 5524 .1}:
1357 5443 1570 5512 hujus).
1598 5443 1773 5524 Decet
1801 5443 1984 5524 itaque

388 5511 700 5597 hujusmodi
750 5511 1084 5597 novitiisuet'
1098 5511 1390 5597 tironibus,
1431 5511 1983 5597 cumhadhucnrudes

383 5582 515 5663 sint,
544 5603 598 5651 et
613 5608 727 5649 non
744 5605 807 5646 ea
826 5588 1011 5663 judicii
1029 5595 1086 5643 et
1112 5582 1691 5663 prudentiaafacultate
1715 5582 1978 5663 polleant,

386 5676 447 5723 ut
483 5652 659 5723 sciant
695 5652 988 5735 reprobare
1021 5652 1234 5735 malum
1280 5665 1337 5712 et
1381 5654 1576 5735 eligere
1610 5652 1840 5735 bonum,
1865 5652 1979 5735 hoc

382 5747 483 5804 est,
512 5739 740 5793 virtutes
759 5723 800 5787 ἐι
833 5730 971 5788 vitiis
1004 5730 1340 5804 discernere;
1379 5723 1495 5804 non
1540 5723 1738 5804 debere
1751 5723 1977 5804 multos

384 5795 630 5867 adhiberi
658 5804 969 5876 magistros,
1007 5818 1039 5858 a
1067 5799 1263 5878 quibus
1291 5797 1534 5878 exempla
1572 5795 1887 5878 imitationis
1920 5803 1978 5878 et

380 5880 633 5943 ineunda:
660 5870 784 5934 vitai
816 5870 1102 5947 expetant;
1127 5870 1233 5929 hoc
1267 5877 1371 5939 est,
1410 5883 1648 5942 quorum
1681 5870 1884 5924 intuitu
1915 5874 1974 5923 et

2106 4373 2407 4430 imitatione
2430 4371 2686 4429 studeant
2706 4387 2889 4429 mores
2910 4387 3041 4430 suos
3066 4386 3416 4443 componere,
3446 4386 3511 4428 ac
3532 4369 3706 4428 vitam

2106 4446 2420 4510 instituere;
2463 4443 2559 4499 sed
2602 4459 2771 4515 unum
2813 4444 3015 4515 potius,
3051 4444 3132 4500 vel
3168 4453 3316 4500 certe
3346 4458 3546 4515 paucos
3572 4458 3706 4499 vere

2106 4516 2394 4587 religiosos
2423 4513 3011 4587 proponi‘imitandos;
3039 4530 3166 4570 cum
3191 4513 3368 4571 multo
3401 4513 3607 4580 facilius
3632 4515 3707 4587 sit

2107 4583 2272 4642 unius
2309 4583 2560 4657 exemplo
2590 4585 2894 4658 informari,
2919 4602 3089 4658 quam
3123 4586 3532 4658 multorum,Aet
3558 4600 3598 4658 Ae
3622 4583 3708 4640 di-

2106 4674 2264 4714 verso
2301 4654 2537 4729 proclive
2565 4656 2864 4729 admodum
2904 4654 3144 4729 plurium
3173 4659 3427 4727 exemplo
3451 4654 3706 4728 iuniores

2104 4727 2407 4799 corrumpi,
2458 4736 2554 4783 aut
2605 4727 2921 4784 deteriores
2954 4727 3116 4785 efﬁci.
3160 4729 3413 4783 Proclivis
3453 4727 3592 4783 enim
3622 4732 3707 4781 est

2025 4807 2076 4869 D
2102 4802 2633 4880 mammeata.
2656 4804 2712 4854 εί
2726 4803 3197 4880 ΊυολνυἮΡίνίυίθδ
3213 4801 3703 4880 “sequacem-9:

2103 4877 2238 4950 certe
2261 4873 2498 4950 imitaris
2515 4870 2782 4950 uitiauait
2800 4873 2895 4950 ‘D._
2914 4870 3287 4950 Hieronymus
3318 4870 3479 4950 epist.
3507 4876 3543 4950 t
3568 4870 3706 4937 (Ad

2101 4946 2304 4998 Lwtam
2329 4943 2395 4997 de
2417 4944 2649 4996 institut.
2667 4942 2840 5009 ﬁlim).
2865 4947 2943 5012 At
2958 4940 3028 4996 de
3052 4939 3482 5012 prevectioribus
3498 4947 3556 4994 et
3574 4955 3706 5011 pru-

2099 5013 2446 5069 dentioribus
2473 5012 2629 5067 aliter
2654 5011 2997 5068 sentiendum
3035 5011 3099 5067 ex
3128 5012 3394 5068 sententia
3425 5013 3489 5066 B.
3517 5014 3702 5067 Auto-

2093 5084 2194 5151 nii,
2223 5100 2390 5157 quam
2423 5082 2592 5157 refert
2634 5087 2843 5157 Auctor
2881 5082 3127 5157 sequenti
3160 5082 3303 5138 libro
3344 5097 3497 5157 :_qua
3536 5080 3709 5137 docet

2094 5151 2428 5211 monachum
2444 5153 2670 5224 minime
2692 5151 2892 5209 debere
2919 5151 2988 5208 ab
3019 5169 3153 5220 uno,
3174 5151 3427 5224 quamvis
3447 5167 3700 5224 summo,

2093 5228 2340 5282 universa
2379 5241 2573 5295 genera
2618 5223 2881 5293 virtutum
2924 5222 3203 5295 expetere;
3234 5225 3395 5280 Alius
3428 5226 3589 5286 enim,
3617 5222 3706 5279 iu-

2091 5297 2232 5367 quit,
2257 5299 2488 5353 scientiae
2505 5297 2727 5365 ﬂoribus
2744 5301 3065 5358 exornatur,
3091 5297 3231 5351 alter
3244 5295 3577 5350 discretionis
3596 5311 3705 5349 ra-

2091 5371 2229 5423 tione
2246 5369 2513 5423 robustius
2546 5372 2922 5431 communitur,
2950 5369 3089 5423 alter
3110 5369 3393 5438 patientiae
3426 5368 3709 5435 gravitate

2088 5440 2380 5505 fundatur,
2407 5439 2549 5492 alius
2577 5439 2918 5502 humilitatis,
2949 5440 3091 5493 alius
3120 5440 3459 5494 cmitinentia'
3491 5439 3706 5493 virtute

2081 5512 2403 5578 prmfertur,
2423 5511 2566 5562 alius
2585 5509 2945 5576 simplicitatis
2971 5511 3156 5577 gratia
3176 5510 3483 5569 decoratur,
3510 5517 3617 5564 etc.

2159 5590 2180 5653 ἐ
2218 5584 2466 5653 Quatuor
2492 5580 2729 5653 colores,
2771 5595 2882 5653 seu
2912 5579 3256 5653 conditiones
3289 5579 3399 5637 veri
3437 5578 3710 5653 monachi

2085 5648 2264 5708 habes
2274 5651 2360 5706 hic
2379 5652 2528 5708 velut
2554 5649 2611 5705 in
2637 5648 2820 5706 tabula
2850 5649 3128 5720 depictas;
3155 5665 3359 5720 nempe
3388 5657 3447 5706 ut
3466 5648 3702 5720 surdus,

2083 5731 2294 5789 mutus,
2314 5737 2514 5785 cacus,
2540 5728 2601 5776 et
2625 5720 2825 5777 stultus
2849 5719 2977 5793 sit;
2994 5736 3132 5793 quas
3159 5719 3382 5793 quidem
3405 5719 3712 5777 moraliter

2081 5793 2459 5865 intelligendas
2486 5806 2624 5859 esse,
2656 5806 2771 5847 non
2796 5791 3034 5865 proprie,
3065 5799 3162 5848 aut
3177 5791 3435 5864 physice,
3459 5806 3573 5848 non
3603 5801 3709 5849 est:

2080 5864 2231 5937 quod
2250 5864 2537 5920 moneam.
