3996 6198
330 204 425 258 201
498 276 505 279 _

825 204 915 258 DE
951 198 1431 259 C(ENOBIORUM
1468 200 1706 257 INSTIT.
1748 200 1875 256 LIB.
1917 201 1918 206 “

2031 226 2096 239 -
2139 199 2228 253 DE
2264 197 2530 253 SPIRITU
2570 199 3127 256 GASTRIMARGIIE.

3522 208 3629 264 202
3660 178 3663 179 ί

330 334 609 397 perpetuo,
636 334 694 383 et
714 325 784 382 de
806 325 1066 384 cmnobio
1092 325 1254 383 nullis
1281 325 1671 383 tentationibus
1697 323 1922 392 inimici,
1947 328 2003 390 Α
2034 322 2280 378 sensibus
2307 320 2518 377 valeant
2558 321 2821 379 inbairere
2843 364 2859 390 ,
2908 323 3184 395 quoddam
3213 341 3279 383 ex
3326 327 3410 384 his
3454 332 3478 362 ⁸
3504 329 3629 387 bre-

329 418 488 475 nullis
510 417 841 476 factionibus
865 418 1024 476 devol
1034 419 1195 475 veris.

885 538 1126 597 CAPUT
1157 539 1337 595 XLII.

329 650 477 719 Quod
513 651 706 705 bonum
738 652 1019 723 patientia
1045 666 1157 706 sua:
1184 666 1290 723 non
1320 650 1513 723 debeat
1545 649 1835 703 monachus
1861 648 1928 703 de

394 723 629 777 aliorum
639 721 860 791 sperare
873 724 1091 786 virtute,
1114 721 1207 777 sed
1217 722 1284 775 de
1303 736 1405 775 sua
1422 722 1852 789 longanimitate.

393 832 542 903 Ergo
580 830 892 902 patientiam
921 838 1075 886 tuam
1104 845 1218 886 non
1253 828 1418 886 debes
1457 828 1524 886 de
1551 830 1779 886 aliorum
1807 844 1927 902 spe-

324 939 443 980 rare
478 925 672 981 virtute
690 967 706 995 ,
731 925 785 982 id
805 934 909 994 est,
938 934 1002 981 ut
1023 933 1159 981 tunc
1186 941 1304 982 eam
1346 925 1730 981 tantummodo
1760 927 1925 997 possi-

322 1016 475 1086 deas,
503 1034 630 1074 cum
649 1035 682 1075 a
722 1018 943 1075 nemine
971 1017 1141 1075 fueris
1173 1018 1405 1074 irritatus
1432 1037 1447 1074 :
1478 1018 1625 1090 quod
1667 1026 1728 1075 ut
1753 1019 1925 1091 possit

321 1127 434 1167 non
459 1113 694 1182 evenire,
733 1121 843 1169 tua;
872 1127 979 1168 non
1008 1112 1249 1183 subjacet
1294 1111 1579 1184 potestati;
1621 1112 1718 1169 sed
1746 1112 1924 1185 potius

319 1206 389 1262 de
412 1194 726 1265 humilitate
752 1215 843 1263 tua
876 1215 930 1263 et
956 1205 1379 1279 longanimitate,
1422 1221 1545 1279 quae
1585 1206 1640 1262 in
1666 1215 1764 1263 tuo
1795 1223 1923 1280 pen-
1964 1260 1965 1269 χ

317 1297 417 1355 det
438 1299 682 1356 arbitrio.

856 1418 1099 1475 CAPUT
1149 1418 1354 1473 XLIII.

388 1533 787 1602 Recapitulatio
817 1536 1160 1603 expositionis
1204 1549 1308 1604 per
1349 1548 1516 1604 quam
1561 1525 1850 1589 monachus

606 1605 682 1658 ad
719 1606 1101 1686 peﬁectionem
1120 1607 1291 1674 possit
1334 1604 1631 1659 ascendere.

2035 414 2265 472 viarium
2302 414 2574 487 colligam,
2605 431 2699 485 per
2728 416 2874 486 quod
2904 417 3076 488 possis
3103 417 3361 477 brevitate
3401 431 3454 479 et
3480 440 3632 481 com-

2036 506 2245 578 pendio
2282 506 2668 593 mandatorum
2698 509 3014 565 memoriter
3039 498 3283 568 universa
3318 516 3626 589 complecti.

2035 598 2177 656 Audi
2205 614 2335 673 ergo
2375 600 2560 672 paucis
2587 601 2833 658 ordinem
2884 617 2979 673 per
3018 619 3184 675 quem
3231 608 3520 668 ascendere
3559 613 3630 669 ad

2033 692 2421 765 perfectionem
2448 711 2723 752 summam
2750 696 2868 753 sine
2892 697 3002 753 ullo
3021 698 3204 756 labore
3227 717 3292 758 ac
3315 702 3633 762 difficultate

2032 786 2229 842 valeas.
2277 786 2610 858 Principium
2664 796 2865 844 nostra!
2888 789 3077 846 salutis
3125 792 3504 868 sapientiaeque
3539 813 3629 854 se-

2031 878 2269 935 cundum
2291 879 2592 951 Scripturas
2612 879 2779 937 timor
2803 881 3022 938 Domini
3039 888 3410 950 est(Praverb.
3435 894 3513 956 ι).
3546 894 3630 947 De

2029 970 2226 1029 timore
2276 973 2497 1029 Domini
2544 974 2786 1029 nascitur
2832 977 3184 1046 compunctio
3222 979 3494 1037 salutaris.
3548 985 3631 1040 De

2029 1065 2461 1136 compunctione
2489 1066 2671 1122 cordis
2698 1066 2946 1138 procedit
2977 1051 3401 1142 abrenuntiatio,
3430 1074 3484 1131 id
3514 1085 3593 1132 est
3613 1118 3629 1142 ,

2012 1158 2244 1215 'nuditas
2264 1167 2319 1216 et
2345 1168 2697 1232 contemptus
2720 1162 2967 1216 omnium
2995 1160 3338 1221 facultatum.
3362 1171 3445 1223 De
3471 1170 3633 1226 nudi-

2030 1259 2140 1308 tate
2166 1252 2440 1309 humilitas
2464 1261 2796 1325 procreatur.
2828 1257 2913 1310 De
2946 1255 3247 1313 humilitate
3283 1260 3632 1319 mortificatio

2028 1345 2367 1403 voluntatum
2437 1356 2744 1419 generatur.
2797 1348 3214 1407 Mortiﬁcatione
3288 1353 3629 1412 voluntatum

2027 1439 2393 1510 exstirpantur
2420 1448 2580 1513 atque
2606 1449 2945 1498 marcescunt
2967 1443 3215 1500 universa
3244 1445 3386 1502 vitia.
3423 1448 3630 1520 Expul-

2027 1529 2177 1586 sione
2223 1531 2474 1587 vitiorum
2496 1573 2511 1599 ,
2566 1532 2793 1599 virtutes
2846 1532 3170 1590 fructiﬁcant
3208 1544 3372 1607 atque
3410 1553 3629 1595 succre-

2026 1631 2207 1678 scunt.
2233 1623 2593 1680 Pullulatione
2621 1626 2883 1681 virtutum
2919 1627 3121 1697 puritas
3167 1629 3347 1685 cordis
3393 1632 3627 1703 acquiri-

390 1717 460 1772 Et
486 1723 547 1770 ut
571 1713 688 1791 hac
717 1713 898 1770 omnia
924 1727 1046 1785 quae
1080 1712 1258 1768 latiori
1278 1728 1536 1768 sermone
1558 1711 1763 1785 digesta
1792 1721 1920 1769 sunt
1955 1732 2007 1794 Β
2027 1726 2139 1774 tur.
2176 1715 2417 1771 Puritate
2467 1714 2646 1772 cordis
2698 1717 3025 1787 Apostolica:
3067 1718 3346 1776 charitatis
3376 1721 3631 1793 perfectio

316 1807 469 1864 cordi
517 1816 613 1863 tuo
665 1805 874 1862 facilius
915 1805 1272 1872 iuculcentur,
1320 1820 1385 1862 ac
1430 1805 1770 1862 tenacissime
1814 1806 1923 1862 tuis

2031 1803 2364 1874 possidetur.

1419 1931 1677 1986 ALARDI
1712 1930 1939 1986 GAZEI
1977 1930 2536 1987 COMMENTARIUS.

387 2044 413 2073 ⁸
446 2038 805 2105 Breviarium,
849 2035 1010 2093 etiam
1039 2035 1264 2093 vetustis
1291 2044 1347 2092 et
1380 2037 1586 2092 Latinis
1608 2036 1920 2093 auctoribus

310 2112 599 2176 usitatum,
627 2110 682 2166 id
700 2118 802 2171 est.
826 2108 1234 2179 compendium,
1253 2108 1648 2179 summarium;
1677 2108 1757 2179 vel
1783 2121 1921 2179 opus

311 2183 594 2238 concisum
630 2187 687 2236 et
726 2176 1140 2242 abbreviatum,
1166 2176 1356 2234 Graece
1396 2177 1636 2247 ἔπιτομή,
1679 2178 1760 2232 vel
1794 2176 1919 2229 an.

310 2253 663 2323 ιεφαλαίωσις.
707 2248 997 2323 Suetonius
1025 2248 1078 2302 in
1112 2254 1359 2323 Augusto
1390 2264 1406 2302 :
1450 2251 1592 2323 Fecit
1630 2253 1685 2323 et
1710 2249 1918 2323 breuia-
1951 2248 1956 2255 '

312 2319 460 2379 rium
477 2326 640 2378 totius
660 2322 894 2391 imperii,
901 2323 1166 2389 quantum
1180 2319 1411 2373 militum
1424 2320 1523 2372 sub
1542 2322 1710 2387 signis
1724 2319 1919 2389 ubique

313 2400 469 2457 esset,
500 2398 767 2463 quantum
784 2392 1026 2463 pecunia;
1049 2392 1324 2463 interm-io
1349 2395 1400 2443 et
1421 2391 1581 2463 ﬁscis,
1612 2394 1665 2444 et
1682 2392 1912 2463 vestiga.

312 2460 800 2520 Horum—residuis.
825 2460 976 2516 Idem
999 2460 1055 2514 in
1087 2460 1322 2530 Caligula
1352 2479 1365 2513 :
1394 2462 1620 2530 Dispens

312 2539 550 2590 marium
580 2535 852 2588 rationum
879 2532 1155 2598 offerenti.

1621 2462 1767 2515 atori
1793 2461 1916 2514 bre-

1236 2530 1401 2585 odem
1431 2529 1529 2585 aut
1550 2529 1695 2585 afﬁni
1730 2545 1913 2596 sensu,

314 2615 374 2660 ut
398 2604 830 2673 nomenclatura,
861 2601 1036 2657 brevis
1063 2609 1118 2673 et
1145 2601 1304 2656 breve
1332 2598 1528 2673 dicitur
1548 2600 1883 2673 substantive
1901 2641 1916 2660 .

313 2671 602 2731 masculini
624 2682 679 2729 et
697 2673 872 2728 neutri
892 2671 1104 2743 generis
1138 2688 1165 2743 :7
1186 2687 1296 2743 quo
1324 2671 1500 2743 modo
1531 2671 1727 2743 vulgus
1755 2674 1920 2743 Breve

313 2747 667 2816 apostolicum
692 2739 922 2816 usurpat
948 2760 960 2796 :
984 2758 1093 2813 quo
1114 2739 1297 2798 itidem
1321 2742 1383 2795 ι).
1412 2739 1743 2796 Benedictus
1766 2742 1916 2816 (Cap.

312 2813 500 2872 ixxn
548 2816 787 2884 Regulae)
818 2813 1070 2869 abbatem
1117 2821 1324 2877 monet,
1349 2816 1412 2867 ut
1437 2828 1620 2867 rerum
1645 2816 1696 2866 et
1720 2814 1920 2867 utensi-

314 2887 452 2941 lium
475 2887 789 2940 monasterii
811 2886 1016 2939 brevem
1041 2889 1253 2950 teneat;
1282 2897 1446 2954 quem
1474 2886 1921 2954 'l‘urrecrematus

312 2959 563 3013 notulam
610 2964 664 3011 et
715 2952 1461 3025 memorialemscripturam
1509 2952 1909 3025 interpretatur.

310 3027 423 3083 Sed
448 3027 738 3084 occasione
772 3024 895 3095 data
928 3023 1141 3081 dicendi
1165 3023 1568 3095 de'Breviartb,
1600 3023 1662 3078 in
1683 3024 1914 3095 gratiam

2022 2037 2200 2110 primo
2243 2036 2365 2110 quia
2394 2036 2638 2110 continet
2663 2050 2854 2092 omnes
2896 2037 3135 2108 psalmos
3163 2039 3359 2110 quibus
3398 2041 3633 2100 breviter

2024 2106 2209 2164 omnia
2259 2106 2790 2183 diyinaeiscripturae
2829 2106 3084 2183 mysteria
3120 2106 3495 2183 praecipuaque
3532 2118 3629 2171 Dei

2024 2127 2209 2164 omnia
2259 2127 2456 2163 alvma:
2500 2127 2790 2178 θοι-ιριιιηθ
2829 2127 3084 2179 myswna
3155 2127 3495 2183 mapuaque
3534 2127 3623 2171 Del

2023 2194 2189 2254 opera
2231 2187 2288 2254 ei
2310 2176 2578 2254 beneficia
2593 2192 2704 2254 per
2742 2178 2977 2254 modum
3020 2127 3189 2254 laudis
3225 2186 3623 2254 exprimuntur,

2024 2247 2105 2324 ut
2133 2249 2208 2324 ait
2254 2248 2551 2324 Dionysius
2592 2247 2681 2302 lib.
2724 2248 2793 2303 de
2843 2249 3043 2324 Eccles:
3096 2247 3326 2324 Hierarli
3355 2255 3527 2324 capite
3557 2247 3624 2321 3i

2020 2318 2213 2374 deinde
2269 2318 2615 2374 selectissima
2662 2333 2901 2390 quaeque
2944 2321 3112 2376 totius
3165 2323 3359 2378 veteris
3403 2318 3457 2379 et
3496 2318 3625 2382 novi

2020 2389 2354 2465 Testamenti
2374 2409 2390 2457 ;
2416 2390 2579 2445 tertio
2597 2389 2792 2444 selecta
2817 2391 3037 2445 Patrum
3055 2393 3379 2465 documenta
3395 2414 3411 2461 ς
3428 2406 3625 2465 quarto

2020 2461 2290 2534 praecipua
2324 2474 2556 2531 quaeque
2613 2468 2759 2534 gesta
2798 2468 3145 2517 sanctorum:
3208 2464 3398 2534 quinto
3437 2461 3629 2523 breves

2023 2530 2358 2603 precationes
2385 2530 2521 2603 quas
2562 2530 2819 2603 collectas
2863 2541 3090 2603 vocant,
3122 2530 3244 2603 quae
3275 2534 3385 2590 fere
3410 2551 3439 2590 a
3478 2552 3627 2593 sum-

2023 2599 2129 2674 mis
2154 2599 2503 2674 pontiﬁcibus
2547 2601 2865 2674 composita;
2914 2599 3173 2666 fuerunt;
3206 2613 3360 2659 sexto
3392 2607 3629 2674 hymnos

2022 2669 2230 2795 aligteios
2256 2686 2287 2724 a
2313 2669 2588 2752 _Patribus
2617 2669 2954 2739 compositos
2994 2674 3285 2753 (Leonard:
3330 2669 3540 2731 Lessius
3586 2680 3624 2732 l.

2026 2755 2072 2795 ιι
2180 2743 2367 2795 Justtt.
2393 2745 2446 2794 et
2473 2743 2597 2795 Jure
2617 2755 2661 2793 c.
2685 2746 2747 2794 37
2766 2740 2894 2794 dub.
2927 2745 3010 2795 8i.
3042 2746 3235 2795 Merito
3262 2752 3442 2795 Itanue
3469 2763 3624 2795 vom.

2026 2755 2072 2825 ιι
2092 2740 2374 2825 cie-justiti
2393 2745 2446 2794 et
2473 2743 2597 2795 Iure
2612 2755 2661 2820 ρ.
2685 2740 2894 2825 37_dub.
2927 2745 3010 2806 8).
3042 2743 3235 2825 [\‘lerito
3262 2744 3442 2825 itaque
3469 2763 3626 2802 voca-

2025 2818 2126 2892 t‘ur
2142 2810 2473 2892 Breviari‘um
2491 2852 2506 2877 ,
2532 2809 2660 2892 quia
2686 2820 2767 2892 est
2791 2812 3183 2892 compendium
3223 2809 3630 2892 omniumprae-

2024 2879 2295 2936 dictorum
2321 2879 2657 2935 admirabile.
2690 2882 2812 2950 Quo
2855 2879 3019 2937 etiam
3057 2882 3222 2938 modo
3264 2879 3630 2943 Tertullianus

2020 2953 2163 3017 (Lib.
2206 2953 2272 3007 de
2313 2953 2464 3008 Orat.
2498 2967 2614 3021 cap.
2656 2951 2709 3021 ι)
2750 2951 3055 3007 orationem
3092 2954 3441 3010 Dominicam
3473 2966 3630 3012 vocat

2016 3024 2356 3079 Breuiarium
2385 3025 2547 3076 totius
2576 3024 2875 3091 Evangelii.
2925 3022 3030 3078 Sed
3060 3023 3177 3079 haec
3219 3024 3418 3091 obiter,
3462 3034 3515 3081 et
3559 3043 3625 3083 ex

303 3098 621 3182 juniorum,‘
637 3095 847 3182 juvabit
874 3094 961 3151 hic
1005 3104 1222 3150 notasse
1228 3094 1517 3182 “codiceni.
1549 3091 1721 3174 illum]
1750 3109 1913 3182 quem
1943 3120 1988 3182 ρ
2019 3093 2301 3182 occasione
2323 3091 2462 3149 dicta
2508 3092 2575 3149 de
2604 3092 2895 3159 Breviario,
2926 3108 3035 3165 quo
3063 3094 3192 3149 nihil
3241 3094 3510 3152 habemus
3543 3096 3619 3152 l'a.

309 3163 432 3239 prae
456 3163 712 3239 manibus
736 3165 1025 3239 habemus,
1054 3180 1164 3239 quo
1192 3163 1437 3239 ofﬁcium
1450 3163 1707 3239 divinum
1737 3163 1916 3239 conti-
1945 3163 1988 3182 ν
2022 3163 2301 3219 miliarius.

305 3232 505 3303 betur,
556 3235 892 3290 Breviarium
953 3232 1240 3306 appellari,
1306 3232 1594 3305 multiplici
1662 3234 1913 3289 ratione:

1346 3477 1816 3573 LIBER
1895 3477 2279 3601 QUIN
2287 3479 2591 3588 TUS.

1502 3642 1583 3694 DE
1621 3642 1875 3693 SPIRITU
1910 3642 2426 3694 GASTRIMARGUE.

812 3873 1054 3929 CAPUT
1090 3870 1416 3925 PRIMUM.

305 3982 604 4038 Transitus
627 3978 699 4031 ab
731 3975 1001 4030 institutis
1019 3972 1373 4026 canobio-rum
1399 3970 1473 4022 ad
1503 3969 1921 4024 colluctationem

708 4052 822 4100 octo
843 4042 1233 4114 principalium
1254 4042 1528 4094 vitiorum.

378 4153 627 4226 Quintus
649 4149 827 4217 nobis,
845 4149 1069 4222 juvante
1100 4147 1239 4213 Deo,
1277 4143 1411 4201 liber
1448 4142 1548 4200 iste
1580 4141 1915 4215 procuditur.

2026 3871 2165 3925 Nam
2185 3872 2209 3901 ⁸
2242 3876 2365 3940 post
2385 3878 2617 3941 quatuor
2643 3869 2873 3937 libellos,
2900 3870 2990 3942 qui
3027 3886 3192 3943 super
3219 3871 3479 3929 institutis
3507 3890 3625 3931 mo-

2026 3961 2387 4015 nasteriorum
2414 3961 2609 4032 digesti
2636 3970 2795 4028 sunt,
2823 3978 2969 4018 nunc
3008 3963 3244 4033 arripere
3271 3966 3620 4024 colluctatio-

2027 4066 2154 4105 nem
2192 4045 2218 4082 ¹³
2254 4053 2512 4108 adversus
2536 4061 2665 4109 octo
2689 4054 2998 4125 principalia
3041 4056 3166 4110 vitia
3190 4058 3381 4114 vestris
3422 4060 3623 4116 oratio-

2028 4142 2211 4210 nibus,
2239 4144 2480 4199 Domino
2504 4144 2868 4214 confortante,
2892 4145 3259 4219 disponimus,
3284 4149 3337 4206 id
3360 4160 3442 4208 est
3464 4194 3479 4221 ,
3509 4155 3621 4227 pri-

1411 4268 1666 4324 ALARDI
1707 4267 1929 4323 GAZEI
1969 4266 2528 4323 COMMENTARIUS.

380 4390 410 4419 ⁸
437 4389 517 4442 Ita
542 4390 778 4463 quatuor
809 4379 975 4463 libras
997 4376 1362 4463 praecedentes
1407 4377 1509 4463 sub
1527 4390 1664 4459 .uno
1697 4375 1858 4431 titulo
1891 4392 1906 4430 :
1943 4383 1995 4445 D
2022 4374 2736 4463 metaphorice‘veropmne
2774 4375 3092 4463 principium
3112 4378 3432 4463 directivum
3457 4396 3619 4458 caput

304 4465 389 4517 De
430 4449 699 4512 institutis
735 4449 1204 4517 monasteriorum,
1231 4449 1309 4503 vel
1338 4449 1689 4503 coenobiorum
1706 4488 1721 4508 ,
1750 4462 1905 4501 com-

340 4528 595 4585 rehendit
624 4544 637 4580 :
669 4538 808 4594 quos
834 4520 1151 4594 Gennadius
1186 4528 1242 4575 et
1265 4519 1353 4594 alii
1373 4518 1485 4574 suis
1507 4518 1740 4590 propriis
1788 4520 1907 4594 titu-

325 4605 378 4655 is
406 4588 763 4668 distinguunt.
794 4592 910 4668 Alii
929 4606 1061 4668 vero
1105 4606 1214 4668 una
1258 4588 1555 4668 eademque
1586 4588 1907 4668 monastica-

302 4686 435 4727 rum
468 4658 867 4742 institutionum
897 4661 1247 4742 inscriptione
1287 4658 1678 4742 denominant“,
1702 4658 1908 4742 _sicque

305 4742 483 4797 libros
516 4736 801 4794 duodecim
848 4729 1249 4789 institutionum
1298 4746 1327 4784 a
1365 4730 1514 4786 libris
1561 4729 1908 4785 collationum

306 4817 611 4869 secernunt
650 4823 714 4864 ac
743 4814 1019 4877 separant,
1045 4810 1109 4859 ut
1143 4800 1270 4857 alibi
1295 4801 1500 4857 dictum
1538 4809 1623 4857 est
1660 4801 1781 4870 (Λᾶ
1812 4802 1904 4855 lib.

309 4898 358 4952 ι’
657 4947 785 5027 iibri
814 4962 879 5003 ac
913 4943 1254 5027 sequentium
1294 4942 1599 5027 communis
1634 4941 1909 5027 inscriptio

312 5031 416 5083 at.
446 5023 516 5080 de
529 5010 880 5092 'capitalibus‘
920 5010 1060 5072 vitiis
1089 5034 1102 5071 :
1130 5013 1376 5092 quamvis
1404 5013 1565 5069 etiam
1606 5010 1712 5068 sub
1747 5010 1911 5092 gene-

313 5095 416 5152 rali
467 5082 636 5149 titulo'
658 5088 1055 5145 institutionum
1102 5082 1530 5141 nionasticarum
1556 5082 1913 5153 comprehen-

313 5166 532 5222 dantur.
583 5163 800 5217 Horum
845 5158 1108 5215 librorum
1144 5154 1389 5210 meminit
1424 5154 1646 5210 Photius
1691 5154 1917 5210 Graecus

315 5237 369 5292 in
405 5250 511 5291 suo
539 5233 740 5305 elogio,
765 5228 1149 5305 eosquevalde
1161 5225 1533 5305 commendat,
1560 5233 1624 5280 ut
1649 5223 1719 5305 ibi
1738 5223 1917 5305 videre

316 5316 393 5363 est
419 5308 479 5362 in
510 5293 677 5375 hujus
703 5293 893 5375 operis
908 5298 1080 5354 initio.
1113 5299 1282 5353 Porro
1312 5295 1389 5375 de
1420 5296 1564 5375 vitiis
1606 5293 1917 5375 principali-

318 5377 435 5441 bus,
464 5364 964 5444 sive-cap‘ialibus,
999 5383 1234 5444 quorum
1260 5364 1638 5444 tractaiipnem
1668 5364 1920 5444 deinceps

321 5434 637 5521 aggreditur
680 5434 1306 5521 Cassianus,'q_t_iaedam
1348 5437 1490 5521 mihi
1536 5436 1807 5521 videniur‘
1834 5434 1921 5521 hic

388 5505 631 5573 Eeratim
675 5505 1046 5587 praenotanda.
1069 5505 1281 5587 I’rimo,
1312 5508 1498 5587 vitium
1522 5506 1753 5587 capitale
1775 5505 1919 5587 duo-

359 5604 423 5646 us
469 5587 650 5642 modis
677 5575 1014 5655 intelligitur.
1061 5579 1299 5655 Capitale
1327 5580 1531 5655 enim_a
1578 5575 1751 5655 capite
1778 5575 1919 5655 dici-

320 5667 440 5726 tur;
460 5664 629 5728 caput
646 5664 829 5728 autem
850 5648 1005 5728 sonat
1022 5648 1332 5728 membrum
1348 5649 1623 5728 quoddam
1637 5648 1884 5728 animalis
1903 5665 1917 5700 :

321 5717 471 5803 quod
517 5717 605 5784 est
655 5724 974 5797 principium
1018 5717 1380 5778 directionum
1430 5721 1597 5776 totius
1630 5717 1918 5774 animalis:

537 5819 802 5889 Panos.
839 5811 1049 5868 XLIX.

2020 4445 2276 4529 vocatur;
2307 4446 2451 4529 unde
2477 4454 2532 4529 et
2561 4445 2807 4503 homines
2844 4448 2933 4529 qui
2947 4445 3102 4529 'ali_o_s
3125 4452 3389 4529 _dirigunt
3423 4464 3480 4529 et
3509 4445 3620 4529 ign-

2018 4515 2247 4597 bernant
2269 4518 2441 4589 capita
2464 4518 2700 4597 aliorum
2722 4515 3234 4597 vocantur._Di_c_itur
3255 4515 3397 4597 Ergo
3422 4515 3615 4583 vitibm

2016 4589 2236 4662 capitaie
2259 4588 2372 4645 uno
2387 4588 2569 4662 _modo
2596 4604 2626 4644 a
2650 4588 2824 4662 capite
2844 4590 3057 4661 pr0prie
3073 4591 3240 4662 dicto,
3267 4588 3412 4650 etsic
3424 4597 3616 4652 vitium

2017 4658 2237 4729 capitale
2248 4659 2569 4731 appellatur,
2594 4658 2741 4730 quod
2767 4658 2927 4731 poena
2947 4658 3139 4731 rapitis
3168 4658 3615 4731 punitur(Thom.

2019 4734 2124 4796 1-2,
2136 4747 2189 4800 q.
2206 4736 2296 4796 34,
2308 4735 2411 4785 art.
2425 4736 2585 4793 3c“,
2602 4734 2653 4784 et
2663 4735 2770 4796 2-2,
2787 4747 2835 4799 q.
2855 4734 2910 4796 5,
2923 4735 3013 4795 48;
3026 4734 3179 4785 Joan.
3194 4733 3427 4786 Azorius
3438 4736 3616 4791 Instit.

2018 4802 2212 4855 moral.
2239 4816 2327 4865 ιγ,
2350 4816 2466 4868 cap.
2487 4805 2552 4853 t2
2568 4804 2609 4864 ).
2630 4802 2701 4853 At
2716 4815 2826 4854 non
2839 4800 2907 4852 ita
2923 4800 3178 4868 accipitur
3194 4800 3383 4854 vitium
3397 4804 3617 4868 capitale

2018 4870 2074 4925 in
2093 4870 2197 4925 hoc
2217 4867 2471 4940 tractatu,
2487 4883 2596 4940 quo
2616 4868 2683 4922 de
2702 4868 2848 4940 vitiis
2865 4867 3184 4940 capitalibus
3210 4869 3417 4940 agitur:
3438 4867 3620 4930 dicun-

2019 4948 2115 5016 tu_r_
2147 4939 2292 4993 enim
2321 4935 2589 5016 capitalia,
2615 4935 2774 5016 quod
2791 4937 2899 5016 sint
2925 4935 3091 4991 veluti
3116 4935 3418 5016 fontes,_vel
3444 4945 3614 5016 capita

2020 5009 2374 5082 reliquorum,
2390 5006 2433 5062 'e
2453 5007 2670 5082 quibus,
2692 5006 2840 5082 velut
2862 5022 2927 5062 ex
2949 5018 3201 5082 corrupta
3216 5013 3417 5082 radice,
3439 5006 3617 5077 omnis

2022 5077 2234 5160 generis
2260 5078 2383 5160 vitia
2411 5118 2428 5144 ,
2466 5077 2830 5160 turpitudines
2852 5118 2868 5143 ,
2898 5077 3146 5160 scandala
3179 5098 3259 5160 _ac
3286 5077 3618 5160 corruptelae

2024 5147 2732 5232 pioﬂuuntiquodtamen
2755 5164 2866 5232 non
2916 5151 2995 5205 sic
3027 5151 3396 5232 accipiendum
3420 5198 3436 5225 ,
3461 5147 3619 5232 quasi

2028 5218 2235 5301 singula
2270 5218 2650 5301 vitia'capitalia
2670 5228 2999 5301 caeterorurri
3017 5218 3264 5301 omnium
3284 5218 3467 5285 causae
3480 5218 3614 5301 'sint,

2028 5300 2079 5347 et
2102 5290 2335 5365 origines
2353 5332 2369 5358 ,
2395 5290 2491 5346 sed
2528 5290 2651 5361 quia
2681 5291 3111 5365 unumquodque
3139 5294 3356 5353 illorum
3387 5301 3458 5355 sit
3480 5290 3619 5360 muli

2026 5362 2468 5440 torum-aliorum
2483 5369 2652 5440 _caput
2674 5368 2731 5440 et
2755 5362 2936 5440 causa.
2953 5362 3132 5440 _Unde
3160 5374 3215 5421 et
3236 5367 3458 5440 singulis
3483 5373 3623 5430 vitiis

2028 5431 2571 5513 capitalibusumulta
2603 5431 2727 5487 vitia
2773 5448 2838 5488 ex
2869 5433 2996 5505 ipsis
3032 5437 3306 5513 nascentia
3322 5431 3622 5513 "assignan-

2028 5502 2136 5570 tur,
2158 5518 2281 5575 qua:
2307 5502 2434 5575 filiae
2461 5502 2712 5575 ipsorum
2732 5502 3010 5575 vocantur.
3036 5507 3289 5562 Secundo
3318 5502 3622 5567 notandum

2028 5573 2187 5651 quod
2201 5573 2523 5651 Cassianus}
2542 5576 2641 5651 Hic
2667 5578 2716 5629 et
2729 5574 2904 5651 collat.
2936 5581 3066 5651 4._c.
3100 5582 3165 5642 2)
3193 5586 3318 5651 octo
3341 5579 3464 5634 vitia
3485 5582 3626 5651 capi-

2027 5645 2176 5713 talia,
2199 5660 2298 5716 seu
2321 5645 2648 5716 principalia,
2680 5645 2895 5716 posuit,
2920 5646 3045 5716 quia
3079 5647 3392 5714 superbiam
3434 5645 3624 5716 octa'vo

2029 5731 2091 5771 ac
2130 5714 2291 5771 veluti
2325 5714 2593 5786 supremo
2617 5714 2740 5772 loco
2787 5714 3021 5771 interea
3053 5723 3316 5769 recenset.
3375 5719 3439 5767 Et
3467 5714 3626 5779 hujus

3310 5803 3339 5848 7
