3996 6198
444 385 550 439 207

1792 372 2071 430 JOANNIS
2106 372 2413 430 CASSIANI

3632 368 3725 423 208

448 506 746 574 sententia,
785 503 1125 562 monachum
1166 503 1259 575 qui
1305 509 1432 575 post
1459 486 1765 557 cmhobiale
1796 498 2045 572 proposi-
2075 502 2129 564 Α
2157 496 2377 565 habeat,
2426 493 2808 567 contemplari,
2852 492 3208 564 studioseque
3248 491 3557 564 decerpere.
3594 492 3728 550 Cun-

448 609 575 658 tum
613 599 833 672 fastigia
864 597 1065 654 nititur
1106 591 1441 652 sublimioris
1482 588 1839 664 perfectionis
1879 591 2051 646 attin-

445 710 607 766 gere,
652 701 710 748 et
739 689 1090 764 apprehenso
1117 683 1470 744 discretionis
1507 684 1789 750 examine,
1824 681 2048 756 proprio

440 788 559 859 jam
588 795 787 859 potens
818 794 903 840 est
930 791 1077 839 stare
1095 779 1328 853 judicio,
1362 786 1529 849 atque
1555 780 1579 810 ³
1609 775 1680 833 ad
1706 791 1887 832 arcem
1917 790 2053 831 ana-

445 881 736 937 choreseos
760 869 1108 950 pervenire,b
1126 872 1352 929 minime
1371 870 1577 949 debere
1588 869 1660 926 ab
1684 884 1823 937 uno,
1849 882 2045 941 quam-

447 972 530 1030 vis
550 987 793 1038 summo,
814 969 1070 1026 universa
1090 981 1289 1039 genera
1308 965 1580 1021 virtutum
1600 972 1871 1035 expetere.
1891 961 2051 1017 Alius

452 1067 598 1122 enim
628 1064 875 1121 scientiae
906 1061 1141 1119 floribus
1164 1067 1492 1127 exornatur,
1528 1059 1667 1113 alter
1700 1055 2051 1113 discretionis

444 1159 663 1215 ratione
689 1157 977 1213 robustius
1005 1153 1409 1220 communitur,
1440 1151 1579 1207 alter
1613 1148 1893 1223 patientia:
1918 1163 2051 1220 gra-

446 1252 621 1306 vitate
651 1232 946 1315 fundatur;
974 1246 1112 1303 alius
1138 1244 1486 1312 humilitatis,
1523 1244 1667 1300 alius
1694 1241 2051 1300 continentiae

445 1345 652 1400 virtute
680 1340 1000 1416 praefertur,
1036 1339 1179 1396 alius
1217 1337 1590 1411 simplicitatis
1617 1336 1791 1410 gratia
1816 1336 2049 1393 decora-

447 1444 560 1492 tur.
593 1436 699 1491 Hic
736 1431 1231 1507 magnanimitatis,
1259 1430 1351 1486 ille
1380 1428 1796 1494 misericordiae,
1824 1429 1931 1485 iste
1967 1427 2053 1483 vi-

449 1529 727 1600 giliarum,
755 1517 1291 1592 hic'taciturnitatis,
1313 1522 1404 1579 ille
1427 1521 1630 1579 laboris
1654 1521 1840 1579 studio
1862 1536 2052 1594 super-

448 1621 657 1676 eminet
705 1627 958 1675 cmteros.
1008 1620 1082 1673 Et
1124 1616 1330 1673 idcirco
1378 1615 1720 1672 monachum
1780 1613 2049 1687 spiritalia

443 1713 611 1768 mella
651 1711 890 1766 condere
930 1710 1288 1781 cupientem,
1332 1708 1482 1764 velut
1522 1722 1684 1779 apem
1730 1706 2051 1779 prudentis-

448 1804 650 1861 simam
696 1800 894 1857 debere
930 1814 1383 1872 unamquamque
1429 1799 1690 1855 virtutem
1717 1798 1788 1855 ab
1826 1798 1910 1854 his
1957 1798 2051 1870 qui

451 1909 576 1950 eam
606 1893 933 1949 familiarius
961 1891 1251 1964 possident
1279 1890 1552 1947 deﬂorare
1579 1899 1632 1947 et
1661 1889 1718 1946 in
1744 1889 1829 1946 sui
1858 1898 2052 1963 pecto-

448 1986 526 2041 ris
558 1999 683 2041 vase
720 1984 1013 2056 diligenter
1044 1982 1344 2041 recondere
1390 2002 1403 2037 :
1435 1998 1539 2038 nec
1567 1981 1700 2055 quid
1729 1983 1921 2039 minus
1949 1982 2053 2038 ali-

454 2080 580 2152 quis
604 2079 807 2159 habeat
846 2078 1142 2146 discutere,
1171 2076 1267 2134 sed
1294 2076 1401 2133 hoc
1424 2084 1648 2133 tantum
1676 2075 1808 2148 quid
1833 2075 2052 2133 virtutis

2160 597 2277 646 etas
2304 602 2546 660 namque
2574 587 2618 643 si
2645 586 2716 642 ab
2750 601 2863 643 uno
2888 584 3149 642 volumus
3174 583 3443 651 mutuari,
3477 592 3576 640 aut
3599 582 3731 641 difﬁ-

2158 682 2281 751 cile,
2303 689 2403 739 aut
2428 690 2576 738 certe
2595 696 2903 753 numquam
2926 678 3124 736 idonea
3147 679 3215 736 ad
3239 677 3569 735 imitandum
3589 677 3730 736 nobis

2160 773 2411 847 exempla
2433 781 2696 847 poterunt
2718 772 2962 846 reperiri.
2990 773 3132 842 Quia
3151 774 3176 805 °
3200 771 3327 828 licet
3347 770 3582 827 necdum
3602 771 3731 829 Chri-

2157 877 2308 926 stum
2349 868 2535 925 omnia
2569 866 2801 935 factum,
2832 865 3136 923 secundum
3164 864 3493 938 Apostolum
3522 868 3583 934 (ι
3624 866 3726 923 Cor.

2153 970 2275 1031 xv),
2305 962 2590 1020 videamus
2615 962 2672 1018 in
2700 962 2994 1029 omnibus;
3020 969 3202 1017 tamen
3229 959 3338 1016 hoc
3360 958 3528 1017 modo
3557 975 3733 1031 possu-

2154 1072 2283 1113 mus
2323 1071 2471 1122 eum,
2511 1055 2564 1111 id
2593 1064 2699 1123 est,
2741 1070 2842 1128 per
2878 1061 3065 1127 partes
3092 1054 3148 1109 in
3186 1051 3446 1109 omnibus
3482 1052 3727 1110 invenire.

2155 1153 2239 1208 De
2277 1151 2400 1222 ipso
2444 1148 2592 1205 enim
2621 1147 2844 1215 dicitur,
2889 1148 2980 1218 qui
3004 1144 3187 1203 factus
3216 1154 3301 1201 est
3334 1144 3499 1201 nobis
3526 1160 3586 1201 ex
3622 1149 3728 1205 Deo

2156 1243 2447 1315 sapientia,
2471 1243 2711 1315 justitia,
2741 1242 3004 1299 sanctitas
3032 1250 3089 1297 et
3107 1240 3424 1318 redemptio
3453 1242 3501 1307 (l
3530 1242 3638 1298 Cor.
3668 1246 3727 1307 ι).

2156 1340 2305 1393 Dum
2332 1351 2464 1409 ergo
2502 1336 2559 1391 in
2587 1334 2695 1392 alio
2727 1335 3014 1408 sapientia,
3046 1334 3107 1390 in
3144 1334 3255 1390 alio
3276 1334 3516 1405 justitia,
3554 1333 3606 1389 in
3634 1334 3730 1391 alio

2157 1430 2445 1497 sanctitas,
2479 1430 2540 1485 in
2579 1429 2687 1485 alio
2732 1427 3125 1494 mansuetudo,
3168 1426 3226 1482 in
3267 1426 3377 1482 alio
3417 1426 3651 1494 castitas,
3676 1426 3732 1485 in

2158 1523 2267 1578 alio
2295 1522 2597 1591 humilitas,
2628 1521 2685 1578 iu
2726 1521 2833 1577 alio
2859 1520 3119 1594 patientia
3160 1518 3448 1592 reperitur,
3478 1519 3733 1576 membra-

2156 1616 2256 1672 tim
2285 1615 2540 1674 Christus
2564 1631 2661 1688 per
2684 1629 3139 1688 unumquemque
3164 1629 3315 1670 nunc
3334 1621 3645 1669 sanctorum
3665 1612 3739 1670 di-

2155 1709 2304 1766 visus
2349 1718 2450 1766 est.
2482 1699 2510 1743 δ
2540 1708 3018 1766 Concurrentibus
3055 1722 3184 1763 vero
3231 1706 3505 1763 universis
3542 1706 3599 1761 in
3622 1706 3736 1762 uni-

2159 1810 2330 1858 tatem
2369 1801 2492 1859 lidci
2516 1817 2581 1858 ac
2605 1801 2847 1870 virtutis,
2873 1799 3119 1857 redditur
3141 1800 3195 1855 in
3222 1799 3404 1855 virum
3428 1797 3736 1871 perfectum,

2160 1892 2557 1966 plenitudinem
2581 1893 2667 1950 sui
2692 1892 2940 1965 corporis
2958 1892 3173 1963 (Ephes.
3198 1891 3301 1962 ιγ),
3331 1892 3388 1946 in
3409 1891 3740 1961 singulorum

2162 1986 2543 2043 membrorum
2570 2001 2832 2059 compage
2860 2001 2925 2042 ac
2949 1984 3280 2057 proprietate
3308 1983 3613 2056 perﬁciens.
3639 1986 3744 2041 Βο-

2159 2092 2266 2133 nec
2290 2093 2420 2151 ergo
2443 2078 2632 2134 veniat
2653 2078 2789 2135 illud
2832 2086 3054 2150 tempus
3081 2092 3192 2150 quo
3221 2077 3295 2133 sit
3332 2080 3485 2134 Deus
3522 2085 3543 2113 °
3571 2068 3741 2134 omnia

1468 2203 1474 2210 ’
1548 2230 1803 2286 ALARDI
1841 2230 2066 2287 GAZASI
2103 2230 2662 2288 COMMENTARIUS.

454 2372 704 2430 tionibus
728 2373 785 2428 in
812 2372 1080 2445 praeclaro
1110 2387 1275 2444 opere
1301 2371 1368 2429 de
1395 2372 1536 2445 Vitis
1559 2373 1787 2427 Patrum
1816 2387 1995 2445 nuper
2023 2388 2055 2429 a

455 2445 794 2515 scirestituto
814 2443 877 2499 'et
897 2443 1172 2500 illustrato
1201 2462 1213 2497 :
1242 2444 1401 2515 cujus
1428 2443 1672 2515 rationes
1698 2443 1845 2515 apud
1873 2443 2055 2515 ipsum

455 2514 720 2570 videndas
764 2515 1036 2585 relinquo,
1086 2530 1214 2570 cum
1261 2513 1349 2569 hic
1390 2522 1612 2585 tantum
1642 2513 2059 2585 'ex'occafsione

457 2585 757 2641 notationis
788 2584 1113 2656 Baroniana:
1137 2586 1204 2641 de
1231 2585 1453 2642 Antonii
1479 2584 1605 2639 Vita
1632 2586 1862 2656 ejusque
1886 2584 2059 2639 inter-

456 2665 614 2728 prete
640 2671 819 2711 sermo
846 2655 1115 2728 inciderit.

529 2730 554 2758 ⁸
579 2728 702 2807 Hoc
727 2734 829 2793 est,
860 2725 931 2781 ad
965 2723 1745 2807 culmen,_perfectionemque
1764 2725 2058 2807 vitae-ana-

458 2796 768 2865 choretica},
815 2812 939 2868 qua:
975 2805 1058 2853 est
1084 2795 1255 2853 veluti
1282 2811 1378 2851 arx
1418 2795 1673 2869 quidam
1699 2804 1754 2853 et
1778 2796 2056 2868 fastigium

457 2869 753 2923 religionis.
1019 2883 1032 2896 °

530 2932 701 2994 b‘Hae
723 2938 995 2994 sententia
1017 2939 1081 2992 B.
1106 2934 1338 3007 Antonii
1367 2934 1530 2989 docet
1556 2936 1772 3007 Auctor
1797 2950 1925 2990 eum
1958 2936 2054 3007 qui

459 3008 528 3083 ad
558 3008 953 3083 perfectionem
986 3006 1196 3083 tendit,
1224 3004 1449 3083 quique,
1474 3006 1824 3083 apprehensi},
1859 3004 2055 3083 inquit,

459 3079 801 3132 discretionis
813 3080 1077 3138 examine,
1095 3076 1319 3145 proprio
1326 3076 1448 3141 jam
1453 3081 1642 3143 potens
1662 3080 1740 3129 est
1756 3080 1902 3130 stare
1908 3076 2056 3145 judi-

460 3150 556 3209 cio,
586 3146 692 3201 hoc
723 3155 829 3212 est,
855 3146 949 3216 qui
991 3145 1063 3199 ita
1097 3143 1409 3216 prudentiae
1442 3152 1497 3200 et
1532 3144 1881 3216 discretionis
1906 3143 2054 3202 dono

460 3218 723 3286 praeditus
764 3214 887 3283 est,‘
906 3223 970 3271 ut
1006 3214 1181 3287 possit
1219 3215 1405 3270 omnia
1435 3214 1705 3340 lprobare,
1744 3225 1802 3272 et
1840 3216 2052 3272 solum-

460 3289 626 3340 modo
655 3286 801 3340 auod
829 3287 1039 3340 bonum
1068 3294 1152 3340 est
1179 3293 1364 3340 tenere
1406 3286 1421 3340 (
1494 3286 1670 3340 Thess.
1703 3288 1786 3340 vl.
1822 3290 1938 3340 non
1964 3287 2052 3340 de-

459 3289 626 3343 modo
655 3286 801 3357 quod
829 3287 1039 3343 bonum
1068 3294 1152 3341 est
1179 3293 1364 3357 tenere
1406 3286 1463 3357 (I
1494 3286 1670 3342 Thess.
1703 3288 1787 3356 v),
1822 3290 1938 3342 non
1964 3287 2057 3343 de-

460 3358 590 3429 bere
635 3355 702 3412 ab
753 3373 868 3413 uno
925 3356 1154 3429 homine
1196 3355 1448 3429 omnium
1493 3357 1762 3429 virtutum
1804 3358 2054 3429 exempla

460 3428 562 3508 sibi
588 3443 902 3510 proponere
926 3427 1223 3510 imitanda;
1250 3427 1345 3510 scd
1373 3444 1402 3482 a
1430 3427 1722 3510 multis,cet
1740 3427 1797 3509 in
1824 3427 2056 3510 singulis

459 3497 727 3570 inspicere
764 3500 894 3569 quid
939 3500 1211 3570 optimum
1253 3506 1420 3570 atque
1456 3497 2051 3570 perfectissimum'sit;

461 3567 587 3623 cum
627 3567 838 3624 constet
871 3567 1155 3624 neminem
1194 3567 1516 3624 mortalium
1562 3567 1617 3621 in
1656 3568 1807 3622 omni
1855 3568 2054 3625 virtute

459 3639 741 3709 excellere,
784 3638 882 3695 sed
929 3637 1078 3695 hunc
1123 3638 1437 3709 prudentia,
1483 3637 1651 3692 alium
1703 3636 2048 3707 fortitudine,

459 3709 626 3765 alium
668 3708 771 3780 alia
810 3709 1015 3764 virtute
1052 3708 1334 3780 superare,
1370 3709 1762 3780 velsuperari,
1800 3716 1863 3763 ut
1896 3710 2053 3780 quis-

459 3794 567 3848 que
604 3779 781 3851 magis
810 3780 891 3851 vel
936 3778 1140 3851 minus
1154 3781 1212 3834 in
1256 3778 1360 3834 hac
1402 3778 1610 3851 veliilla
1641 3794 1702 3851 se
1726 3778 2051 3851 exercuerit.

458 3850 620 3920 Quod
662 3849 1442 3922 pfaaclarumidocumentum
1462 3849 1607 3905 idem
1641 3849 1739 3922 _i_ll_e
1778 3850 2057 3922 Antonius

459 3919 701 3994 magnus
740 3937 855 3977 non
903 3921 1082 3976 verbis
1132 3919 1483 3994 solummodo
1536 3919 1817 3994 tradidit,_
1846 3920 1962 3994 sed
2001 3929 2056 3977 et

459 3988 710 4062 exemplo
734 4000 787 4046 et
810 4007 974 4063 opere
997 3991 1269 4063 praestitit.
1302 3993 1464 4056 Nam,
1495 3999 1557 4045 ut
1583 3988 1751 4046 refert
1785 3992 1840 4046 S.
1874 3991 2055 4046 Atha-

454 4063 668 4126 nasius,
692 4064 766 4117 sic
786 4065 1022 4118 omnium
1044 4065 1288 4130 fratrum
1307 4063 1672 4117 aemulabatur
1694 4063 1915 4116 meliora
1941 4064 2057 4117 cha-

454 4136 712 4197 rismata,
730 4140 794 4188 ut
811 4140 1091 4204 tamquam
1106 4136 1225 4204 apis
1239 4134 1669 4203 prudentissima
1679 4136 1937 4204 proprias
1955 4135 2057 4187 sin-

458 4205 715 4269 gulorum
740 4208 950 4272 gratias
976 4206 1251 4270 hauriret;
1282 4204 1443 4273 hujus
1473 4206 1875 4265 continentiam,
1908 4205 2057 4259 illius

446 4274 854 4339 jucunditatem
863 4280 1001 4328 secta
1009 4276 1189 4336 batur,
1204 4277 1363 4328 istius
1375 4277 1535 4328 lenita
1542 4279 1665 4336 tem,
1678 4276 1824 4328 illius
1836 4276 2057 4342 vigilan-

463 4344 617 4402 tiam,
646 4343 870 4394 alterius
892 4344 1106 4409 legendi
1120 4345 1482 4397 wmulabatur
1502 4345 1865 4409 industriam;
1891 4347 2055 4399 istum

451 4410 813 4477 jejunantem,
839 4412 993 4463 illum
1013 4412 1166 4464 humi
1184 4415 1533 4479 quiescentem
1556 4415 1896 4478 mirabatur;
1924 4416 2058 4470 alte-

460 4483 578 4533 rius
592 4482 933 4548 patientiam,
954 4481 1178 4534 alterius
1196 4483 1662 4536 mansuetudinem
1680 4484 2019 4550 prtedicabat
2036 4505 2053 4539 :

374 4612 385 4617 φ
459 4553 698 4603 omnium
722 4565 928 4619 quoque
950 4552 1212 4603 vicariam
1230 4566 1360 4619 erga
1379 4565 1433 4604 se
1453 4554 1686 4605 retinens
1710 4553 2052 4618 charitatem,

460 4623 627 4690 atque
650 4623 749 4673 uni
754 4623 918 4689 versis
939 4622 1203 4674 uirtutum
1218 4623 1472 4691 partibus
1494 4624 1757 4689 irrigatus
1784 4624 1858 4678 ad
1878 4626 2054 4680 sedem

450 4694 737 4761 propriam
772 4692 1197 4759 regrediebatur.
1225 4692 1309 4747 Ibi
1333 4707 1505 4746 secum
1528 4695 1778 4747 universa
1805 4699 2057 4763 pertrac-

458 4767 599 4826 tans,
631 4766 867 4817 omnium
888 4765 945 4817 in
964 4777 1019 4817 se
1044 4763 1180 4818 bona
1200 4764 1473 4818 nitebatur
1490 4766 1805 4833 exprimere.
1837 4766 1970 4822 Haec
1990 4770 2057 4821 A-

458 4833 745 4890 thanasius
774 4836 841 4890 de
872 4836 927 4890 S.
960 4834 1206 4889 Antonio
1251 4835 1580 4905 (Theodoret.
1623 4837 1679 4888 in
1709 4837 1912 4891 Hister.
1954 4838 2049 4894 SS.

456 4908 704 4969 Patrum,
732 4921 775 4960 c.
800 4911 873 4973 5).
907 4905 995 4962 Ad
1022 4905 1169 4962 hunc
1188 4905 1353 4961 etiam
1380 4905 1606 4961 modum
1636 4905 1864 4961 Publius
1886 4908 2055 4963 abbas

456 4978 840 5031 sanctissimus
868 4992 998 5032 suos
1025 4975 1334 5033 cmnobitas
1364 4976 1711 5044 hortabatur,
1742 4986 1805 5033 ut
1829 4978 1967 5034 alter
1989 4994 2053 5034 ex

2166 2380 2228 2429 ut
2254 2377 2322 2430 ab
2343 2376 2450 2429 alio
2469 2376 2644 2431 discas
2667 2376 3044 2436 humilitatem,
3071 2374 3140 2428 ab
3164 2374 3271 2428 alio
3284 2376 3639 2443 patientiam:
3664 2375 3746 2430 hic

2166 2450 2217 2499 te
2251 2448 2381 2499 silen
2390 2448 2547 2507 tium,
2591 2447 2681 2499 ille
2714 2446 2898 2500 doceat
2930 2445 3412 2507 mansuetudinem,
3448 2453 3552 2500 etc.
3593 2447 3657 2499 Et
3687 2445 3745 2500 in

2163 2515 2409 2587 Epistola
2454 2515 2523 2570 ad
2570 2514 2926 2587 Eustochium
2972 2517 3167 2585 (Epist.
3216 2519 3323 2581 22),
3367 2514 3746 2585 Aigyptiorum

2164 2585 2575 2657 monachorum
2612 2585 2861 2657 instituta
2891 2600 3361 2657 commemorans,
3392 2594 3582 2657 narrat
3614 2600 3750 2657 quo-

2165 2656 2335 2711 modo
2363 2655 2455 2710 alii
2491 2656 2732 2712 aliorum
2757 2656 2989 2711 virtutes
3017 2665 3074 2712 et
3098 2655 3243 2726 varia
3271 2654 3440 2726 dona,
3464 2654 3750 2726 perfectio-

2164 2741 2374 2797 nesque
2402 2726 2775 2798 observarent,
2805 2735 2861 2781 et
2888 2726 2994 2798 sibi
3023 2726 3091 2798 ad
3120 2724 3748 2798 imitandum‘propone-

2164 2796 2304 2853 rent.
2332 2800 2541 2867 Hymno
2570 2798 2729 2860 dicto,
2758 2796 2952 2867 inquit,
2979 2797 3053 2852 ad
3072 2799 3341 2867 praesepia
3366 2796 3451 2862 (id
3479 2796 3564 2852 est
3584 2796 3752 2853 cellu-

2163 2867 2274 2934 las)
2300 2868 2555 2933 redeunt;
2594 2870 2679 2923 ibi
2702 2884 2871 2937 usque
2902 2868 2977 2922 ad
2999 2883 3273 2937 vesperam
3302 2883 3420 2921 cum
3448 2870 3559 2923 suis
3586 2882 3753 2921 unus-

2162 2940 2389 3006 quisque
2418 2939 2678 3008 loquitur,
2707 2944 2758 2993 et
2790 2939 2924 2993 dicit
2956 2958 2972 2992 :
3009 2938 3237 2993 Vidistis
3262 2939 3437 2999 illum,
3466 2944 3517 2992 et
3547 2938 3700 2993 illum
3721 2941 3750 2992 ἱ)

2165 3012 2372 3077 quanta
2394 3010 2451 3061 in
2476 3012 2591 3079 ipso
2606 3011 2676 3063 sit
2696 3011 2941 3078 gravitas
2954 3012 2982 3063 ?
2994 3013 3258 3078 quantum
3271 3010 3542 3062 silentium
3554 3011 3581 3062 ?
3591 3024 3751 3078 quam

2163 3079 2472 3132 moderatus
2506 3082 2778 3134 incessus?
2802 3081 2865 3135 Si
2896 3081 3169 3148 inﬁrmum
3197 3079 3451 3140 riderint,
3480 3081 3751 3133 consolan-

2164 3153 2257 3273 Ξέν
2288 3168 2303 3203 :
2332 3151 2384 3202 si
2409 3152 2467 3203 in
2497 3152 2597 3205 Dei
2616 3165 2797 3205 amore
2818 3151 3129 3217 ferventem,
3160 3150 3509 3204 cohortantur
3535 3150 3610 3204 ad
3633 3154 3757 3204 stu-

2226 3236 2334 3273 um.

2226 3236 2334 3273 um.

2232 3292 2256 3321 ε
2280 3293 2540 3360 Spectant
2570 3290 2661 3346 illa
2690 3290 2853 3346 verba
2878 3288 3127 3362 Apostoli
3154 3288 3221 3345 ad
3252 3290 3461 3362 Coloss.
3494 3304 3594 3362 ut,
3624 3291 3752 3348 0m-

2162 3362 2256 3413 nia
2285 3366 2335 3415 et
2360 3363 2417 3415 in
2446 3363 2691 3416 omnibus
2713 3360 2974 3418 Christus.
3008 3360 3120 3417 Ubi
3148 3363 3327 3416 omnia
3350 3361 3754 3430 intelliguntur,

2164 3444 2287 3502 qua:
2313 3430 2382 3485 ad
2410 3433 2831 3487 renovationem
2855 3431 3105 3502 hominis
3132 3431 3425 3501 pertinent,
3446 3431 3512 3487 de
3536 3445 3640 3502 qua
3674 3430 3754 3488 ibi

2162 3500 2275 3571 agit
2299 3503 2622 3572 Apostolus,
2650 3510 2714 3557 ut
2726 3501 2964 3572 justitia,
2995 3502 3280 3567 sanctitas,
3309 3511 3365 3556 et
3387 3517 3510 3572 qua:
3533 3500 3661 3557 mox
3687 3502 3760 3558 ab

2161 3570 2430 3639 Apostolo
2462 3570 2885 3627 enumerantur.
2929 3572 3146 3628 Dicitur
3178 3580 3364 3627 autem
3398 3570 3647 3628 Christus
3690 3587 3757 3629 ea

2163 3640 2352 3695 omnia
2368 3655 2485 3697 esse
2506 3642 2565 3697 in
2586 3642 2871 3707 omnibus,
2892 3642 2946 3697 id
2970 3652 3074 3711 est,
3098 3644 3155 3699 in
3176 3643 3331 3698 omni
3356 3642 3650 3698 hominum
3670 3658 3759 3711 ge-

2162 3725 2312 3777 nere,
2333 3717 2447 3765 no'n
2475 3712 2654 3785 solum
2678 3712 2986 3785 causaliter,
3011 3730 3108 3770 seu
3135 3722 3418 3785 tamquam
3440 3712 3767 3785 principalis

2164 3795 2348 3867 causa,
2383 3789 2446 3836 ut
2485 3784 2668 3851 Deus;
2702 3784 2799 3865 sed
2821 3783 3015 3865 .etiam
3042 3783 3346 3867 meritoria,
3374 3783 3480 3866 hoc
3512 3783 3767 3867 est,‘_pe.r

2163 3852 2427 3907 meritum
2453 3867 2570 3908 sua:
2593 3852 2866 3924 passionis
2894 3871 2907 3907 :
2934 3870 3043 3925 quo
3068 3870 3229 3910 sensu
3259 3854 3427 3910 etiam
3459 3853 3600 3910 infra
3623 3852 3770 3912 dici-

2163 3927 2256 3977 tur
2294 3941 2305 3977 :
2337 3924 2443 3991 Qui
2471 3925 2651 3990 factus
2681 3929 2758 3979 est
2781 3924 2931 3979 nobis
2952 3924 3031 3980 cce
3055 3930 3159 3982 Deo
3191 3928 3485 3995 sapientia,
3510 3927 3765 3995 justitia,

2162 3996 2422 4067 sanctitas
2442 3999 2493 4049 et
2514 3996 2808 4067 redemptio
2830 3997 2880 4061 (Ι
2903 3997 3021 4067 Cor.
3034 4066 3037 4067 ν
3052 4012 3072 4052 ι
3087 3998 3129 4067 ).
3154 3997 3361 4051 Verum
3380 3995 3509 4067 quia
3535 3995 3769 4067 hancre-

2161 4065 2384 4138 novatio
2406 4080 2503 4120 seu
2527 4065 2736 4138 novitas
2759 4065 3006 4138 hominis
3025 4065 3316 4138 inchoatur
3334 4065 3559 4138 quidem
3582 4065 3776 4138 in_hac

2162 4133 2269 4219 vita
2304 4151 2398 4207 per
2420 4135 2652 4219 gratiam
2677 4146 2729 4193 et
2746 4136 3228 4219 justilicationem,
3258 4145 3313 4218 at
3342 4133 3497 4219 plene
3522 4144 3579 4219 et
3601 4136 3771 4192 abso-

2164 4202 2274 4278 lute
2293 4202 2404 4260 non
2424 4202 2705 4278 perficitur
2721 4202 2777 4262 et
2795 4202 3355 4273 consummatur,nisi
3380 4207 3435 4263 in
3455 4206 3645 4263 futura
3668 4222 3777 4278 per

2161 4273 2441 4360 integram
2459 4276 2662 4360 animae
2687 4284 2747 4360 e‘t.
2761 4278 3009 4360 corporis
3034 4278 3487 4360 reformationem
3478 4286 3567 4360 Aet
3587 4273 3780 4360 glori-

2161 4343 2503 4411 ﬁcationem;
2535 4346 2658 4402 ideo
2695 4348 2829 4403 dicit
2857 4343 3152 4405 Cassianus
3192 4348 3431 4404 necdum
3471 4343 3776 4405 Christum

2161 4413 2587 4540 olmniatfactum
2619 4416 2786 4474 videri
2815 4418 2871 4474 in
2900 4419 3181 4487 omnibus,
3208 4419 3416 4475 scilicet
3438 4418 3686 4491 perfecte
3713 4428 3781 4476 et

2163 4500 2191 4540 a
2236 4500 2297 4540 so
2321 4502 2352 4539 u
2383 4501 2430 4540 e.

2163 4494 2430 4540 absolute.

2233 4544 2262 4588 ἀ
2287 4556 2499 4644 Alludit
2524 4571 2716 4644 rursus
2740 4557 2808 4615 ad
2833 4558 3119 4644 illa_verba.
3143 4560 3390 4644 Apostoli
3409 4559 3620 4644 _Ep_hes.
3654 4574 3731 4644 tv
3761 4578 3779 4616 :

2162 4631 2698 4702 Donecdoccurramus
2717 4646 2893 4685 omnes
2917 4633 2975 4685 in
3000 4631 3261 4687 unitatem
3286 4633 3436 4702 ﬁdei,
3456 4635 3507 4686 et
3534 4633 3787 4699 agnitio-

2161 4700 2245 4752 nis
2270 4698 2373 4768 ﬁlii
2389 4700 2504 4761 Dei,
2533 4701 2591 4752 in
2614 4702 2795 4754 uirum
2814 4703 3135 4769 perfectum,
3162 4705 3219 4756 in
3246 4698 3554 4757 mensuram
3576 4698 3787 4757 ’wtatis

2154 4769 2515 4843 plenimdinis
2546 4770 2763 4843 Christi.
2786 4769 2903 4838 Sed
2934 4772 3114 4827 virum
3147 4771 3453 4843 perfectum
3479 4771 3569 4827 hic
3596 4771 3794 4843 inter:

2161 4848 2410 4911 pretatur
2434 4839 2711 4912 Christum
2740 4841 2949 4912 ipsum,
2976 4858 3102 4898 cum
3127 4839 3313 4898 tamen
3338 4842 3562 4898 evidens
3585 4841 3672 4897 sit
3704 4841 3795 4898 ad

2162 4910 2266 4965 nos
2292 4925 2353 4985 ea
2376 4910 2534 4966 verba
2558 4910 2778 4985 referri,
2800 4928 2937 4983 quos
2963 4915 3261 4984 Apostolus
3283 4913 3415 4969 dicit
3435 4913 3490 4968 in
3516 4913 3792 4985 generali

2163 4980 2418 5036 omnium
2447 4980 2845 5039 resurrectione
2882 4980 3234 5047 occursuros,
3273 4985 3327 5040 id
3358 4993 3463 5048 est,
3491 4980 3797 5039 evasuros

455 5045 947 5133 pltcroqpssiduam
977 5048 1285 5133 utilitatem.
1311 5062 1505 5133 capere
1532 5056 1844 5133 conaretur,
1889 5058 2053 5133 atque
2087 5055 2136 5116 D
2249 5051 2397 5133 viros
2432 5050 2720 5133 perfectos,
2754 5053 2809 5107 in
2840 5069 3157 5133 mensuram
3197 5045 3378 5133 tetatis
3404 5045 3798 5133 plenitudinis

455 5113 543 5168 hic
583 5114 806 5185 quidem
849 5116 997 5171 illius
1035 5113 1520 5174 mansuetudinem
1563 5113 1919 5176 imitaretur:
1963 5113 2053 5176 ille

456 5192 649 5260 contra
678 5185 1156 5260 mansuetudinem
1182 5204 1346 5260 suam,
1374 5190 1541 5260 hujus
1578 5191 1694 5244 zelo
1732 5190 2050 5256 roboraret;

456 5254 713 5329 aliusab
757 5256 1250 5329 alio_vigilantiam
1296 5254 1557 5322 disceret;
1607 5260 1761 5315 illum
1808 5254 2049 5318 vicissim

445 5324 647 5400 jejunii
695 5324 1094 5400 austeritatem;
1120 5329 1346 5384 doceret
1389 5348 1404 5385 :
1452 5330 1692 5400 denique
1720 5346 1915 5387 omnes
1943 5332 2049 5388 sibi

455 5396 691 5473 invicem
712 5407 767 5452 et
788 5397 1039 5473 discipuli
1068 5398 1265 5473 fierent
1280 5408 1334 5455 et
1345 5396 1628 5473 magistri.
1638 5400 1743 5473 _S_ic_
1756 5402 1909 5457 enim
1935 5403 2051 5469 [ore

452 5467 694 5530 dicebat,
720 5477 785 5523 ut
808 5467 946 5543 alter
967 5486 1029 5543 ex
1054 5470 1281 5543 alterius
1306 5471 1414 5543 vita
1440 5467 1562 5543 quae
1584 5470 1689 5526 sibi
1711 5467 2053 5530 deerant'de-

452 5547 757 5605 sumentes,
782 5538 1241 5609 perfectissimum
1266 5538 1535 5599 virtutum
1556 5544 1846 5599 cumulum
1868 5545 2050 5599 conﬁ-

454 5615 658 5685 cerent.
705 5610 797 5665 Sic
824 5620 877 5666 et
905 5614 975 5685 D.
1004 5611 1381 5685 Hieronymus
1410 5614 1477 5685 ad
1518 5614 1810 5670 Rusticum
1846 5631 2047 5671 mona-

451 5681 622 5757 chum
656 5690 779 5757 post
805 5682 955 5757 varia
986 5681 1318 5757 documenta
1353 5684 1775 5757 subditlEpist.
1817 5685 1916 5757 4):
1950 5690 2051 5742 Per

450 5753 562 5807 hazc
585 5755 764 5808 omnia
784 5753 860 5807 ad
879 5754 1021 5808 illud
1040 5754 1212 5809 tendit
1231 5758 1425 5818 oratio,
1445 5761 1508 5809 ut
1528 5753 1743 5811 deceam
1763 5760 1813 5811 te
1830 5753 1935 5811 non
1960 5762 2051 5812 tuo

437 5824 653 5893 judicio
685 5824 1087 5888 dimittendum,
1113 5825 1207 5879 sed
1228 5827 1405 5879 vivere
1432 5826 1619 5880 debere
1645 5830 1700 5881 in
1727 5831 2052 5883 monasterio

424 5896 544 5950 sub
586 5896 749 5950 unius
788 5895 1075 5966 disciplina
1104 5897 1306 5956 Patris,
1343 5899 1708 5966 consortioque
1736 5899 2049 5960 multorum,

2164 5120 2552 5197 Christi_,_etc.,
2594 5124 2721 5197 quia
2759 5140 2875 5179 cum
2904 5129 3107 5181 venerit
3133 5127 3278 5197 quod
3313 5120 3623 5197 perfectum
3661 5128 3792 5187 est.

2159 5194 2509 5266 evacuabitur
2533 5195 2678 5264 quod
2700 5211 2768 5250 ea:
2792 5200 2952 5266 parte
2976 5201 3054 5251 est
3081 5200 3125 5261 (l
3141 5194 3277 5254 'Cor.
3309 5194 3467 5264 itm).

2229 5272 2251 5299 ο
2271 5264 2415 5333 Quid
2442 5263 2526 5334 sit,
2540 5263 2723 5320 Deum
2757 5263 2942 5321 omnia
2969 5282 3087 5322 esse
3115 5269 3169 5323 in
3193 5267 3478 5334 omnibus,
3509 5274 3564 5322 et
3589 5281 3799 5334 quan-

2158 5332 2230 5408 do
2259 5332 2365 5408 crit
2387 5333 2537 5408 illud
2559 5342 2799 5408 tempus,
2831 5337 2962 5393 scite
2985 5347 3041 5393 et
3063 5332 3478 5394 accommodate
3507 5337 3576 5393 ad
3615 5332 3805 5391 hunc

2158 5405 2609 5481 Cassiani‘lo_e._um
2634 5405 3013 5464 illustrandum
3039 5409 3269 5481 explicat
3295 5412 3358 5481 ι).
3383 5408 3809 5481 Hieronymus

2157 5474 2442 5549 hisverbis
2467 5478 2658 5547 (Epist.
2689 5481 2814 5543 147,
2842 5483 2967 5533 tom.
3014 5474 3152 5546 III):
3185 5480 3338 5548 Quod
3359 5482 3439 5535 ait
3464 5474 3807 5549 Apostolus

2160 5547 2213 5612 (Ι
2242 5547 2359 5603 Cor.
2385 5552 2502 5612 xv)
2530 5566 2541 5601 :
2569 5550 2637 5603 Ut
2660 5552 2893 5605 sit'Deus
2912 5553 3091 5604 omnia
3114 5553 3172 5605 in
3194 5547 3458 5611 omnibus,
3478 5547 3575 5604 hoc
3603 5564 3809 5604 sensu

2159 5618 2529 5687 accipiendum
2564 5623 2642 5673 est
2679 5638 2695 5673 :
2723 5623 2998 5683 Dominus,
3030 5637 3094 5676 ac
3123 5623 3376 5679 Salvator
3405 5625 3594 5675 noster
3627 5634 3811 5674 nunc

2158 5691 2338 5762 omnia
2357 5704 2463 5743 non
2488 5692 2639 5762 estin
2663 5692 2925 5753 omnibus,
2947 5692 3041 5747 sed
3059 5707 3195 5762 pars
3218 5695 3278 5746 in
3304 5692 3558 5761 singulis.
3602 5691 3819 5745 Verbi

2157 5761 2361 5826 gratia,
2401 5762 2458 5813 in
2489 5760 2767 5816 Salomone
2793 5760 3079 5826 sapientia,
3114 5764 3171 5817 in
3210 5760 3685 5822 David’bonitas,
3739 5762 3815 5814 in

2157 5829 2255 5901 Job
2266 5832 2556 5899 patientia,
2580 5832 2641 5884 in
2668 5829 2886 5887 Daniel}
2902 5834 3130 5901 cognitio
3150 5835 3489 5901 futurorum,
3514 5834 3575 5886 in
3605 5834 3816 5887 Petro

2156 5900 2308 5967 ﬁdes,
2328 5902 2387 5954 in
2416 5901 2637 5956 Phinees
2665 5907 2717 5956 et
2735 5903 2902 5958 Paulo
2935 5900 3097 5966 zelus,
3128 5905 3185 5958 in
3210 5906 3414 5959 Joanne
3433 5904 3814 5972 virginitas.
