3996 6198
281 187 381 242 209

775 184 865 239 DE
900 182 1389 241 C(ENOBIORUM
1424 185 1670 242 INSTIT.
1709 186 1836 243 LIB.
1880 187 1942 243 V.
1985 217 2050 227 —
2092 187 2181 242 DE
2216 186 2484 243 SPIRITU
2523 187 3083 246 GASTRIMARGI/E.

3478 197 3587 255 2l0

281 307 334 362 in
370 305 647 374 omnibus,
700 306 757 362 in
804 307 1061 379 praesenti
1102 316 1286 381 potest
1324 309 1434 366 hoc
1470 323 1585 381 quo
1630 308 1872 366 diximus
1902 319 1955 382 Α
1985 308 2469 385 uniformisregula
2491 310 2777 383 custodiri,
2806 312 2930 385 quia
2944 329 3047 372 nec
3064 314 3238 373 robur
3256 332 3431 374 unum
3450 334 3585 374 cun-

279 398 467 469 modo,
512 398 568 456 id
607 406 708 467 eet,
748 416 845 473 per
867 408 1052 473 partes
1093 401 1357 459 virtutum
1385 417 1506 459 esse
1531 402 1589 459 in
1619 401 1879 460 omnibus

280 494 447 562 Deus,
477 493 601 550 licet
625 494 874 551 nondum
904 511 1001 568 per
1036 496 1429 568 plenitudinem
1457 511 1653 555 earum
1690 497 1877 554 omnia

279 584 346 641 sit
388 585 446 640 in
493 585 771 644 omnibus.
824 588 966 657 Quia
1014 588 1145 645 licet
1183 604 1326 646 unus
1360 588 1637 663 religionis
1674 597 1877 646 nostra:

280 679 347 736 sit
405 679 546 744 finis,
612 680 978 754 professiones
1032 690 1217 739 tamen
1262 682 1495 741 diversa
1558 682 1756 754 quibus
1808 683 1876 740 ad

279 775 455 830 Deum
477 773 793 845 tendimus;
820 774 964 832 sicut
979 775 1034 830 in
1058 775 1444 832 collationibus
1471 776 1753 832 seniorum
1777 775 1879 849 ple-

279 867 396 925 nius
417 867 805 941 disputandum
822 876 908 925 est
927 872 949 939 (
970 869 1108 927 Vide
1131 871 1312 925 collat.
1344 878 1397 936 1,
1424 875 1489 924 18
1508 874 1560 925 et
1594 869 1873 936 19).Ιάεο-

278 975 379 1033 que
403 959 752 1029 discretionis
770 970 827 1018 et
848 961 1203 1019 continentia
1218 963 1395 1019 forma
1416 963 1484 1019 ab
1501 963 1585 1019 bis
1603 972 1689 1020 est
1717 964 1875 1020 nobis

278 1054 594 1127 peculiarius
617 1056 945 1129 expetenda,
980 1072 1011 1112 a
1035 1056 1229 1128 quibus
1255 1056 1483 1113 virtutes
1508 1056 1606 1113 has
1637 1072 1734 1129 per
1755 1074 1876 1131 gra-

276 1146 410 1204 tiam
450 1149 683 1221 Spiritus
713 1150 889 1206 sancti
929 1149 1150 1206 uberius
1189 1148 1733 1222 videmus’eflluere;
1762 1168 1875 1209 non

274 1240 423 1313 quod
454 1241 604 1298 ullus
639 1258 764 1315 quae
802 1243 856 1297 in
896 1242 1098 1297 multos
1135 1241 1302 1298 divisa
1338 1251 1471 1299 sunt
1506 1244 1655 1300 solus
1702 1246 1875 1317 possit

271 1335 578 1407 acquirere,
610 1335 706 1393 sed
746 1345 808 1392 ut
844 1335 898 1392 in
929 1334 1011 1392 his
1033 1335 1193 1393 bonis
1230 1352 1471 1408 quorum
1500 1353 1727 1411 capaces
1756 1354 1874 1397 esse

271 1444 585 1500 possumus,
621 1429 693 1487 ad
731 1445 924 1487 eorum
961 1445 1068 1487 nos
1093 1430 1452 1489 imitationem
1480 1433 1574 1506 qui
1609 1448 1672 1491 ea
1703 1450 1871 1507 pecu-

272 1520 454 1578 liarius
491 1522 796 1594 obtinuere,
823 1523 1132 1581 tendamus.
1536 1536 1541 1541 ‘

895 1618 1140 1674 CAPUT
1176 1620 1242 1674 V.

273 1712 423 1781 Quod
465 1727 572 1766 non
611 1714 786 1782 possit
826 1712 896 1766 ab
932 1713 1496 1805 omnibusjuniformis
1528 1713 1868 1785 jejuniomm
1898 1743 1946 1805 Β

820 1784 1009 1851 regula
1032 1783 1311 1839 custodiri.

340 1878 526 1948 Itaque
544 1879 567 1908 ³
594 1890 759 1948 super
776 1874 1111 1948 jejuniorum
1142 1877 1309 1934 modo
1335 1877 1482 1935 haud
1516 1887 1694 1948 potest
1720 1878 1876 1936 facile

1985 413 2086 470 etis
2128 413 2447 487 corporibus
2493 414 2652 485 inest,
2708 430 2829 485 nec,
2885 415 3026 472 sicut
3066 424 3283 475 caetera
3333 416 3582 488 virtutes,

1984 515 2150 572 animi
2178 516 2346 573 solius
2373 516 2550 589 rigore
2575 525 2854 588 parantur.
2880 519 2952 573 Et
2978 516 3180 575 idcirco
3218 517 3344 590 quia
3387 532 3500 573 non
3527 516 3584 572 in

1983 619 2098 675 sola
2125 617 2441 676 fortitudine
2463 618 2663 676 mentis
2678 619 2999 688 consistunt,
3024 635 3153 676 cum
3171 618 3416 692 corporis
3435 619 3588 676 enim

1987 720 2344 792 possibilitate
2375 720 2713 792 participant,
2736 720 2899 777 talem
2920 735 3081 793 super
3101 719 3189 777 his
3210 718 3590 777 definitionem

1985 821 2243 878 traditam
2267 821 2428 879 nobis
2453 823 2784 894 accepimus,
2814 815 2842 855 δ
2875 821 3153 879 diversum
3174 837 3292 879 esse
3326 821 3584 879 refectio-

1982 925 2068 981 nis
2091 925 2314 997 quidem
2342 932 2556 998 tempus
2583 941 2647 982 ac
2670 924 2900 982 modum
2919 934 2973 982 et
2995 924 3327 998 qualitatem,
3356 941 3452 996 pro
3483 926 3588 982 im-

1984 1027 2099 1100 pari
2146 1027 2350 1085 scilicet
2395 1042 2694 1098 corporum
2739 1036 2907 1097 statu,
2959 1027 3041 1083 vel
3085 1034 3247 1084 aetate
3289 1042 3354 1082 ac
3395 1042 3530 1083 sexu
3571 1046 3586 1084 :

1986 1145 2149 1185 unam
2179 1137 2358 1185 tamen
2388 1144 2507 1186 esse
2527 1128 2783 1187 omnibus
2812 1145 2911 1202 pro
2943 1129 3143 1185 mentis
3171 1128 3507 1185 continentia
3535 1136 3592 1185 et

1981 1235 2147 1291 animi
2198 1235 2396 1292 virtute
2446 1235 2815 1308 castigationis
2865 1234 3133 1307 regulam.
3192 1235 3383 1306 Neque
3435 1234 3590 1291 enim

1977 1341 2184 1398 cunctis
2211 1340 2467 1413 possibile
2494 1350 2577 1397 est
2602 1340 3034 1398 hebdomadibus
3062 1340 3335 1413 protelare
3349 1339 3584 1412 jejunia,

1976 1447 2073 1507 sed
2091 1462 2162 1503 ne
2193 1445 2439 1503 triduana
2458 1442 2700 1519 quidem,
2728 1445 2812 1503 vel
2844 1445 3103 1515 biduana,
3131 1444 3307 1502 inedia
3331 1443 3585 1501 refectio-

1979 1571 2108 1613 nem
2150 1556 2255 1613 cibi
2296 1554 2542 1613 differre.
2579 1560 2623 1611 Α
2673 1553 2863 1610 multis
2910 1553 3110 1626 quippe
3156 1552 3475 1625 aegritudine
3528 1561 3587 1609 et

1979 1663 2219 1718 maxime
2258 1661 2410 1717 senio
2448 1644 2563 1734 jam
2603 1659 2858 1732 defessis,
2892 1674 2962 1716 ne
3000 1675 3173 1731 usque
3215 1660 3286 1716 ad
3327 1674 3586 1716 occasum

1979 1771 2203 1845 quidem
2228 1768 2642 1842 solisjejunium
2661 1769 2776 1825 sine
2794 1767 3090 1824 afflictione
3113 1767 3393 1824 toleratur.
3415 1771 3439 1800 °
3458 1771 3583 1825 Non

1983 1876 2240 1934 omnibus
2272 1874 2581 1933 infusorum
2612 1874 2949 1947 leguminum
2988 1889 3115 1931 esus
3138 1874 3392 1931 convenit
3428 1890 3583 1931 ener-

1363 2002 1621 2058 ALARDI
1656 2003 1882 2059 GAZzEl
1919 1999 2478 2059 COMMENTARIUS.

271 2117 329 2170 in
355 2117 553 2171 castoris
575 2120 784 2170 cratera.
813 2116 941 2172 Cum
963 2120 1145 2170 autem
1162 2131 1343 2169 rerum
1369 2118 1605 2170 omnium
1630 2120 1755 2185 ﬁnis
1776 2118 1873 2170 ad-

267 2189 490 2248 venerit,
509 2192 633 2241 tunc
657 2189 838 2240 omnia
852 2188 913 2240 in
932 2188 1179 2241 omnibus
1208 2188 1329 2247 erit,
1357 2191 1419 2240 ut
1445 2188 1652 2255 singuli
1668 2192 1877 2242 sancto-

267 2273 394 2311 rum
430 2272 607 2312 omnes
638 2260 865 2311 virtutes
902 2258 1158 2320 habeant,
1196 2260 1256 2310 ut
1280 2258 1351 2310 sit
1376 2258 1618 2314 Christus
1642 2262 1783 2313 totus
1816 2261 1875 2313 in

265 2330 487 2408 carneis.
513 2331 652 2408 Hisce
671 2329 755 2408 D_.‘
768 2326 1160 2408 Hieronymus.

352 2402 377 2431 ³
398 2398 486 2454 Sic
517 2407 573 2453 et
610 2401 682 2453 D.
715 2396 946 2453 Basilius
974 2396 1028 2452 in
1072 2398 1279 2471 Regula
1310 2397 1718 2456 monachorum
1754 2415 1872 2470 cap.

270 2474 338 2525 10
363 2473 488 2539 (Ea:
502 2473 739 2525 versione
762 2471 966 2538 Ruﬁni,
987 2473 1037 2523 et
1056 2471 1114 2522 in
1126 2473 1255 2539 Reg.
1272 2472 1385 2537 fus.
1405 2472 1607 2540 disput.
1629 2487 1747 2540 cap.
1772 2474 1873 2538 l9),

267 2540 356 2597 ubi
387 2540 588 2611 quaerit
608 2540 1106 2611 quaaisitimensura
1133 2540 1503 2608 continentiae,
1528 2541 1583 2598 id
1610 2550 1713 2607 est,
1734 2550 1872 2596 tem-

267 2609 549 2683 perantiae,
574 2609 668 2665 seu
704 2609 1089 2683 abstinentiae?
1129 2620 1183 2666 et
1218 2612 1507 2683 respondet
1538 2629 1552 2665 ε
1595 2614 1870 2679 Quantum

264 2681 341 2736 ad
359 2681 521 2745 cibos,
550 2684 713 2751 prout
738 2696 865 2735 usus
894 2681 1147 2750 deposcit,
1185 2684 1268 2736 vel
1291 2681 1445 2745 (etas,
1480 2683 1561 2736 vel
1589 2684 1761 2745 labor,
1787 2684 1869 2737 vel

264 2754 432 2807 robur
455 2754 711 2822 corporis,
732 2753 814 2806 vel
827 2753 1169 2807 commoditas
1189 2757 1299 2808 est:
1316 2756 1397 2807 ita
1413 2755 1575 2807 etiam
1590 2757 1641 2807 et
1658 2753 1866 2816 modus,

262 2829 315 2878 et
340 2825 580 2893 qualitas
616 2823 999 2893 temperabitur
1016 2824 1134 2877 cibi.
1157 2825 1341 2893 Neque
1360 2826 1502 2878 enim
1522 2825 1774 2892 possibile
1794 2828 1873 2878 est

263 2910 443 2949 omnes
466 2895 673 2961 fratres
707 2909 874 2947 unum
901 2894 1143 2948 ordinem
1176 2911 1239 2949 ac
1262 2895 1480 2949 modum
1511 2895 1593 2948 vel
1625 2895 1871 2962 regulam

261 2965 551 3020 custodire.
580 2967 653 3020 Hi
678 2980 799 3018 vero
831 2968 925 3034 qui
950 2967 1074 3018 sani
1097 2970 1243 3027 sunt,
1266 2969 1489 3035 possunt
1516 2980 1693 3019 omnes
1726 2980 1867 3019 eam-

262 3036 386 3090 dem
411 3050 720 3090 mensuram
740 3040 914 3089 tenere
925 3037 983 3088 in
998 3037 1343 3090 abstinentia.
1368 3037 1653 3091 Immutari
1684 3039 1865 3089 autem

260 3110 472 3176 oportet
479 3121 580 3176 per
602 3106 863 3174 singulos,
882 3107 940 3158 in
957 3106 1149 3173 quibus
1162 3121 1325 3161 causa
1337 3107 1523 3174 aliqua
1533 3106 1865 3161 diversitatis

260 3178 475 3238 existit,
488 3177 835 3245 providentia
854 3191 915 3228 ac
930 3178 1228 3244 provisione
1243 3191 1424 3230 eorum
1445 3176 1637 3245 quibus
1650 3176 1865 3245 dispen-

259 3244 590 3327 sqndieura
619 3246 729 3327 hac
756 3247 1033 3325 commissa
1066 3250 1163 3327 esi.
1199 3247 1265 3299 Et
1395 3244 1712 3327 benedictus

256 3323 336 3371 40
357 3333 375 3381 ;
409 3315 783 3383 Unusquisque
803 3316 1085 3383 proprium
1102 3315 1299 3369 donum
1324 3315 1480 3369 habet
1494 3330 1560 3368 ea:
1578 3320 1704 3377 Deo,
1722 3315 1864 3370 alius

256 3329 336 3371 40
357 3333 375 3381 ;
412 3329 783 3383 unusquisque

255 3389 363 3449 sic,
391 3386 538 3439 alius
557 3401 679 3439 vero
697 3387 772 3439 sic
792 3329 842 3455 (ll)

253 3457 558 3526 pulositate
588 3472 624 3510 a
660 3456 809 3509 nobis
839 3470 1083 3509 mensura
1114 3458 1284 3510 victus
1316 3457 1548 3511 aliorum
1575 3458 1860 3511 statuitur.

261 3527 469 3594 Quibus
516 3531 695 3581 autem
736 3526 906 3580 donat
942 3529 1080 3581 Deus
1123 3528 1463 3582 tolerantiam
1500 3527 1860 3590 abstinentia,

256 3600 543 3667 propriam
569 3613 624 3651 se
651 3598 929 3652 habituros
965 3598 1254 3653 mercedem
1294 3600 1486 3653 sciant.
1514 3597 1665 3665 Quod
1687 3600 1737 3653 si
1764 3603 1863 3654 aut

263 3670 370 3723 loci
392 3670 696 3731 necessitas,
735 3672 835 3722 aut
864 3668 1035 3731 labor,
1068 3673 1167 3723 aut
1195 3669 1365 3723 ardor
1393 3671 1597 3724 aestatis
1625 3671 1861 3739 amplius

252 3741 579 3808 poposcerit,
600 3741 659 3793 in
685 3739 911 3793 arbitrio
1150 3742 1421 3802 consistat,
1441 3739 1782 3797 considerans
1802 3742 1861 3794 in

261 3811 529 3880 omnibus,
556 3826 622 3865 ne
638 3810 892 3880 subrepat
917 3811 1157 3873 satietas,
1180 3811 1262 3865 vel
1294 3811 1541 3865 ebrietas.

335 3873 362 3911 δ
392 3882 547 3935 Patet
581 3896 647 3935 ex
685 3873 938 3935 hoc-loco
963 3881 1174 3935 varium
1215 3880 1379 3935 fuisse
1399 3880 1502 3935 illis
1526 3880 1777 3935 Patribus
1804 3888 1861 3935 et

259 3950 549 4006 monachis
591 3951 876 4020 utriusque
920 3964 1083 4020 sexus
1116 3949 1406 4020 jejuuandi
1435 3948 1664 4004 modum
1696 3968 1708 4002 :
1740 3949 1862 4005 aliis

256 4021 598 4077 strictiorem
641 4030 697 4075 et
739 4017 1132 4083 austeriorem,
1174 4017 1296 4071 aliis
1338 4017 1517 4071 minus
1557 4026 1855 4086 austerum,

250 4107 361 4160 pro
408 4092 630 4160 impari,
671 4088 865 4160 inquit,
912 4103 1194 4160 corporum
1232 4091 1403 4160 statu,
1440 4087 1523 4160 vel
1561 4091 1736 4160 estate,
1780 4091 1861 4143 vel

252 4155 437 4225 Sea-tt;
463 4155 598 4214 alios
623 4155 766 4213 enini
797 4155 1017 4228 integris
1048 4155 1483 4228 hebdomadibus
1502 4156 1708 4228 jejunia
1729 4172 1857 4228 pro-

254 4232 490 4296 telasse,
520 4228 574 4286 id
601 4237 703 4295 est,
736 4227 969 4298 integras
998 4227 1366 4284 hebdomadas
1386 4227 1690 4299 jejunasse;
1723 4227 1861 4299 alios

255 4300 539 4366 triduana,
569 4307 665 4355 aut
684 4299 917 4354 biduana
942 4314 1212 4367 servasse;
1250 4298 1679 4370 aliosintegram
1706 4298 1857 4370 Qua-

256 4370 629 4451 dijagesimatu
651 4370 1016 4451 absque__cibo
1040 4378 1101 4451 et
1127 4368 1584 4451 potujejunasse;
1624 4368 1857 4451 denique

258 4439 401 4499 alios
445 4442 576 4498 solis
616 4439 977 4514 leguminibus
1017 4439 1420 4514 aut'oleribus;
1452 4440 1589 4514 alios
1637 4439 1855 4514 modico

260 4529 424 4584 pane,
468 4527 643 4584 eoque
672 4510 850 4584 'sicco,
893 4511 946 4584 id
987 4519 1089 4580 est,
1129 4511 1331 4584 absque
1370 4510 1597 4584 obsonio
1638 4510 1853 4584 (cujus-

256 4581 412 4640 inodi
438 4581 641 4639 victum
666 4582 795 4638 alias
823 4583 969 4650 (Lib.
1002 4596 1085 4650 ιγ,
1106 4600 1151 4637 c.
1180 4581 1284 4651 21⁷)
1311 4582 1632 4653 ξηροφαγίαν,
1666 4581 1851 4651 idest,

256 4656 535 4710 siccorum
559 4668 713 4709 esum
734 4653 914 4709 vocari
938 4653 1205 4717 diximus)
1235 4652 1524 4708 contentos
1552 4652 1738 4708 fuisse.
1773 4656 1854 4709 De

255 4725 466 4797 quibus
499 4724 758 4797 videndus
792 4723 1130 4797 Epiphanius
1154 4723 1214 4797 in
1238 4723 1345 4797 line
1373 4723 1493 4778 libri
1524 4733 1721 4797 contra
1746 4726 1855 4781 He-

1982 2119 2152 2180 licias,
2166 2121 2229 2172 ut
2249 2117 2411 2185 duplo
2421 2115 2547 2186 plus
2564 2116 2813 2185 temporis
2829 2114 3069 2169 inediam
3084 2114 3248 2181 facile
3260 2117 3581 2185 sustineant,

1982 2192 2033 2244 et
2058 2191 2154 2242 via:
2169 2192 2400 2249 tantum,
2423 2202 2518 2241 sea:
2531 2186 2720 2240 diebus
2735 2186 2981 2254 expletis,
3000 2186 3314 2239 alimentum
3344 2201 3584 2240 necessa-

1982 2260 2132 2337 rium
2148 2258 2612 2337 degustent._l_iacc
2625 2254 2739 2337 illi:
2766 2255 2974 2337 Quibus
2988 2255 3212 2337 ‘a‘ccedii
3224 2257 3291 2310 D.
3322 2258 3584 2337 augusti:

1983 2345 2087 2385 nus
2114 2326 2259 2396 (Lib.
2301 2344 2321 2383 ι
2353 2328 2418 2382 de
2444 2331 2576 2384 Mor.
2615 2328 2755 2384 Eccl.
2790 2342 2907 2396 cap.
2940 2330 3043 2392 31)
3078 2326 3145 2381 de
3172 2326 3466 2382 Coenobitis
3494 2327 3580 2383 sui

1982 2401 2248 2470 temporis
2276 2399 2393 2454 haec
2417 2398 2658 2454 scribens
2686 2398 2942 2470 :Jejunia
2971 2399 3135 2452 etiam
3168 2412 3394 2470 prorsus
3418 2400 3583 2452 incre-

1984 2468 2179 2526 dibilia
2205 2472 2399 2525 multos
2430 2485 2668 2525 exercere
2686 2469 2870 2528 didici,
2898 2484 3005 2522 non
3032 2468 3269 2537 quotidie
3294 2470 3454 2522 semel
3479 2470 3576 2523 sub

1975 2547 2178 2596 noctem
2191 2542 2473 2611 reﬁciendo
2493 2555 2702 2610 corpus,
2729 2540 2874 2611 quod
2903 2543 2981 2593 est
3000 2554 3383 2611 usquequaque
3405 2542 3579 2594 usita-

1977 2609 2266 2674 tissimum,
2292 2611 2386 2665 sed
2410 2609 2719 2665 continuum
2738 2609 3001 2671 triduum,
3031 2610 3114 2664 vel
3141 2611 3374 2678 amplius
3399 2612 3577 2680 swpis-

1975 2685 2132 2761 sime1
2151 2685 2266 2737 sine
2284 2682 2397 2735 cibo
2425 2697 2487 2761 uc
2501 2684 2635 2761 potu
2649 2680 2858 2761 dueere.

2057 2761 2079 2823 ἐ
2106 2753 2386 2823 Ιιθευίωειι
2427 2747 2915 2823 dicituuquidquid
2947 2764 2979 2804 e
3005 2755 3167 2823 terra:
3194 2749 3325 2823 satis
3362 2748 3415 2803 in
3458 2750 3576 2806 sili-

1976 2822 2096 2893 quis
2118 2819 2379 2877 nascitur.
2415 2823 2589 2877 Varro
2612 2819 2706 2875 lib.
2740 2833 2763 2874 ι
2793 2819 2863 2874 de
2886 2821 2969 2893 Re
2993 2819 3190 2874 rustica
3215 2838 3226 2873 :
3260 2822 3574 2893 Legumina,

1977 2890 2170 2964 inquit,
2198 2893 2499 2947 evelluntur
2524 2907 2550 2945 e
2573 2895 2740 2964 terre,
2756 2905 2863 2943 non
2879 2890 3249 2964 subsecuntur,
3274 2891 3575 2964 utfruges;

1975 2958 2096 3033 quia
2120 2964 2265 3033 quod
2288 2965 2368 3033 ita
2397 2964 2667 3031 legantur,
2698 2962 2970 3029 legumina
2989 2961 3135 3015 dicta
3162 2966 3308 3033 sunt.
3332 2958 3578 3033 isidorus

1972 3031 2211 3105 Etymwol.
2247 3032 2338 3088 lib.
2370 3047 2503 3089 xvu
2523 3048 2641 3103 cap.
2665 3037 2697 3086 ιι
2725 3050 2736 3085 :
2765 3033 3062 3105 Legumina
3082 3047 3117 3085 a
3154 3031 3572 3105 legendqdicta,

1969 3102 2166 3160 veteres
2183 3108 2324 3160 enim
2341 3105 2563 3159 meliora
2583 3102 2807 3173 quaeque
2826 3102 3100 3170 legebant;
3116 3104 3225 3155 sive
3241 3102 3388 3171 quod
3411 3118 3576 3157 manu

1972 3176 2240 3244 legantur,
2272 3191 2439 3244 neque
2452 3176 2733 3229 sectionem
2754 3175 3056 3241 requirant.
3075 3174 3425 3241 Leguminum
3444 3174 3572 3244 plu-

1971 3243 2111 3300 rima
2130 3250 2258 3301 sunt
2272 3243 2482 3315 genera,
2515 3261 2583 3300 ea:
2606 3246 2798 3314 quibus
2816 3244 2972 3311 faba,
2990 3244 3121 3305 lens,
3146 3245 3289 3313 pisa,
3311 3243 3568 3310 faselum,

1971 3319 2125 3386 cicer,
2171 3318 2457 3386 lupinum,
2478 3318 2725 3386 gratiora
2760 3317 2819 3386 in
2856 3329 2959 3373 usu
2992 3315 3264 3369 hominum
3294 3315 3568 3386 videntur.

859 3385 977 3440 Cor.
1002 3390 1144 3451 xu).
1163 3388 1239 3462 _E_t
1252 3385 1373 3462 ideo
1388 3400 1505 3462 cum
1521 3386 1863 3462 aliquascru-
1889 3400 1934 3462 ρ
1973 3385 2162 3462 Infusa
2208 3384 2393 3441 autem
2443 3384 2720 3462 iegumiua
2766 3384 3238 3462 dicuntur,___aqua_
3289 3384 3573 3462 dumtaxat

1972 3454 2273 3511 madefacta
2305 3464 2401 3512 aut
2427 3454 2615 3512 diltha.
2653 3456 2741 3510 Sic
2770 3469 2914 3526 saepe
2949 3455 3004 3509 in
3041 3454 3175 3526 Vitis
3204 3457 3449 3522 Patrum,
3480 3458 3571 3509 in-

1970 3528 2395 3597 funderepanes,
2419 3542 2516 3596 pro
2538 3540 2834 3593 macerare,
2857 3525 2957 3581 aut
2981 3525 3349 3595 madefacere;
3375 3526 3465 3581 lib.
3492 3541 3572 3582 III

1968 3612 2127 3681 num,
2143 3603 2205 3681 4_:
2231 3597 2561 3681 Infundebat
2566 3613 2761 3679 panem
2786 3599 2842 3651 in
2861 3613 3063 3722 aquam
3086 3597 3264 3653 dicens
3291 3617 3307 3652 :
3334 3601 3470 3680 Dum
3484 3598 3570 3652 hic

1968 3684 2128 3722 nanis
2164 3670 2497 3722 infunditur.
2537 3678 2675 3722 etc.:
2709 3669 2801 3722 Ilb.
2828 3684 2868 3722 ν
2932 3667 3093 3722 tbello
3119 3674 3152 3722 4
3181 3687 3194 3720 :
3228 3668 3441 3722 ΙηΓῑιᾰιτ
3467 3684 3569 3722 va-

1963 3671 2128 3738 panis
2164 3670 2497 3737 infunditur,
2537 3667 2675 3735 etc.;
2709 3668 2801 3724 lib.
2828 3684 2868 3722 v
2913 3667 3093 3723 libello
3119 3674 3152 3722 4
3181 3687 3194 3720 :
3228 3668 3441 3736 Infudit
3462 3684 3569 3737 pa-

1968 3755 2110 3811 nem,
2129 3744 2179 3795 et
2200 3740 2339 3795 sedit
2354 3744 2414 3794 ut
2432 3739 2801 3794 manducaret.
2828 3741 2998 3811 Porro
3021 3738 3406 3811 leguminibus,
3428 3750 3489 3793 ut
3513 3748 3570 3794 et

1968 3809 2229 3877 oleribus,
2278 3812 2581 3865 monachos
2620 3809 2988 3865 communiter
3038 3809 3117 3865 uti
3156 3810 3333 3864 solere
3382 3819 3568 3863 narrat

1968 3881 2132 3935 etiam
2165 3884 2234 3936 D.
2266 3882 2635 3952 Hieronymus
2664 3880 2718 3935 in
2742 3880 2899 3952 epist.
2933 3884 3004 3935 22
3047 3897 3060 3934 :
3096 3882 3330 3952 Vivitur,
3368 3877 3565 3952 inquit,

1962 3966 2122 4018 pane,
2155 3948 2511 4021 leguminibus
2541 3956 2591 4005 et
2613 3948 2863 4013 oleribus,
2894 3966 3014 4020 quae
3043 3950 3156 4004 sale
3175 3949 3282 4003 solo
3311 3948 3572 4021 condiun-

1969 4024 2080 4073 tur.
2114 4023 2184 4076 Et
2212 4020 2280 4076 fin
2319 4021 2611 4076 Hilarionis
2649 4021 2772 4076 Vita
2818 4039 2830 4074 :
2863 4023 2913 4075 A
2950 4021 3195 4074 vicesimo
3221 4020 3399 4088 primo
3424 4034 3570 4074 anno

1969 4104 2136 4157 usque
2163 4091 2237 4144 ad
2250 4094 2552 4145 vices-imum
2577 4093 2880 4158 septimum,
2906 4091 3076 4143 tribus
3095 4092 3253 4143 annis
3279 4088 3571 4145 dimidium

1970 4159 2125 4212 lentis
2151 4163 2450 4213 sextarium
2468 4161 2833 4225 madefactum
2851 4175 2996 4228 aqua
3010 4159 3227 4227 frigida
3251 4158 3492 4224 comedit,
3517 4161 3571 4216 et

1969 4229 2094 4283 aliis
2132 4231 2305 4283 tribus
2325 4245 2522 4298 panem
2546 4230 2764 4282 aridum
2785 4244 2904 4282 cum
2930 4229 3041 4283 sale
3064 4233 3115 4282 et
3150 4245 3313 4298 aqua.
3343 4231 3510 4284 Porro
3530 4244 3570 4288 α

1967 4301 2214 4353 vicesimo
2241 4302 2463 4369 septimo
2481 4314 2650 4369 usque
2671 4298 2745 4352 ad
2772 4302 3112 4362 tricesimum,
3135 4300 3311 4354 herbis
3337 4303 3570 4369 agresti-

1970 4369 2066 4424 bus
2078 4374 2127 4425 et
2140 4371 2500 4439 virgultorum
2511 4370 2869 4440 quorumdam
2882 4371 3153 4425 radicibus
3164 4371 3567 4428 crudissusten-

1966 4444 2113 4514 {atus
2136 4445 2232 4514 est.
2263 4443 2395 4514 Haec
2422 4442 2809 4514 Hieronymus.
2836 4445 2919 4497 De
2944 4442 3198 4514 lenticula
3224 4443 3408 4509 etiam,
3439 4456 3564 4514 qua

1963 4511 2105 4587 iuter
2149 4512 2420 4587 legumina
2461 4511 2747 4587 censetur,
2774 4528 3020 4587 necnon
3058 4513 3319 4587 lapsanio,
3369 4514 3423 4570 id
3452 4511 3556 4587 est,

1964 4581 2108 4656 olere
2144 4581 2346 4656 agresti
2375 4584 2657 4640 monachis
2687 4584 2950 4656 Egyptiis
2977 4581 3224 4640 familiari
3249 4581 3369 4640 cibo
3398 4581 3560 4656 supe-

1960 4654 2073 4710 rius
2095 4654 2272 4711 habita
2298 4663 2379 4711 est
2405 4655 2607 4711 mentio
2627 4657 2648 4723 (
2665 4654 2877 4712 Libi‘t'v
2901 4672 2946 4710 c.
2966 4661 3034 4711 20
3056 4660 3106 4711 et
3130 4657 3281 4720 ult.).
3301 4659 3371 4710 D.
3394 4654 3562 4710 etiam

1962 4725 2284 4797 Benedictus
2330 4726 2552 4782 tertium
2605 4726 2672 4781 de
2725 4726 3089 4797 leguminibus
3132 4725 3562 4797 pulmentarium

190 4844 213 4869 ,
255 4789 429 4861 ἔρεθε,
471 4803 527 4851 et
559 4789 853 4850 Palladius
868 4789 932 4869 in
974 4794 1640 4869 Lausiacis,‘Soeomeuus
1667 4794 1763 4850 lib.
1782 4811 1855 4869 ⁸γι
1887 4789 1938 4850 Ι)
1964 4794 2218 4869 fratribus
2244 4797 2492 4869 concedit
2515 4798 2678 4869 (ϐίῃ).
2704 4789 2977 4865 39Ἧθφ).
3006 4799 3078 4849 At
3106 4789 3451 4869 praeterhac
3478 4808 3564 4848 se-

252 4881 382 4938 cap.
418 4870 489 4938 28
512 4873 567 4921 et
592 4874 837 4938 sequent.
868 4867 986 4938 Nee
1004 4880 1120 4938 non
1139 4872 1192 4920 et
1220 4863 1357 4938 Vita}
1383 4865 1861 4938 Patrumiprmcla-

254 4935 340 4993 ris
362 4937 512 4992 notis
540 4944 593 4992 et
616 4935 1076 4992 observationibus
1100 4937 1171 4990 R.
1198 4938 1258 4992 Ρ.
1304 4935 1573 4991 Heriberti
1602 4935 1863 4993 Roswev—

254 4953 334 4993 ns
362 4953 512 4992 nons
540 4953 593 4992 et
616 4953 1076 4992 onservanomnus
1100 4953 1171 4990 ιι.
1199 4953 1258 4992 ιι.
1304 4953 1573 4991 nemnem
1603 4953 1801 4991 noswe
1838 4967 1862 4978 -

252 5007 307 5081 di
353 5023 387 5063 ε
437 5007 709 5081 Societate
744 5008 875 5081 Jesu
919 5005 1159 5081 theologi
1210 5021 1383 5081 nuper
1410 5005 1730 5081 _illu_s_trata2,
1770 4953 1862 5062 ubi

251 5076 547 5149 innumera
579 5076 849 5149 ejusmodi
881 5075 1192 5149 referuntur
1215 5075 1477 5149 exempla.
1503 5077 1634 5149 Δῌμο
1656 5084 1864 5149 spectat

251 5149 405 5221 quod
424 5148 495 5204 de
531 5146 811 5204 monachis
837 5146 1218 5221 Alexandrinis
1242 5146 1430 5221 scribit
1460 5146 1616 5221 Philo
1638 5146 1862 5221 Ju‘datus

252 5217 398 5290 ('Lib.
434 5220 501 5275 de
539 5222 652 5274 vita
689 5220 1029 5290 contempl.),
1068 5227 1124 5273 et
1156 5233 1234 5290 es
1261 5232 1327 5273 eo
1372 5217 1643 5290 Eusebius
1685 5219 1859 5276 Caesa-

253 5288 451 5347 riensis
482 5291 630 5361 (Lib.
671 5306 722 5346 ιι
747 5288 950 5346 Hister.
981 5305 1025 5361 ς.
1064 5294 1158 5356 16)
1185 5288 1268 5344 his
1299 5288 1477 5344 verbis
1508 5308 1521 5344 :
1549 5288 1734 5345 Cibum
1766 5294 1864 5345 aut

248 5364 521 5429 potionem
552 5377 702 5415 nemo
730 5362 945 5415 illorum
969 5365 1095 5415 ante
1115 5361 1239 5415 solis
1259 5375 1501 5415 occasum
1527 5362 1691 5430 capit.
1723 5361 1855 5427 Qui-

253 5432 387 5487 dam
408 5448 599 5505 porro,
622 5448 850 5502 quorum
867 5434 1063 5505 animis
1086 5432 1366 5505 ardentius
1392 5433 1628 5505 scientia:
1648 5430 1856 5505 deside-

255 5503 654 5565 rium'insidet,
697 5505 792 5557 via:
816 5504 975 5557 semel
1004 5503 1317 5557 toto'triduo
1345 5504 1450 5558 cibi
1479 5503 1850 5559 recordentur.

249 5574 517 5629 Nonnulli
546 5573 806 5628 illecebris
842 5575 1120 5645 sapientite
1157 5579 1307 5645 (qtae
1352 5575 1595 5629 salubria
1637 5575 1857 5630 virtutis

246 5651 521 5715 pracepta
542 5650 657 5699 tam
683 5646 911 5717 affatim
937 5648 987 5699 et
1009 5647 1208 5714 copiose
1228 5646 1541 5717 suppeditat
1568 5646 1859 5717 (quodam-

247 5717 407 5772 modo
428 5717 653 5772 invitati
666 5717 741 5772 sic
759 5716 1108 5781 oblectantur,
1130 5717 1359 5788 indeque
1384 5717 1516 5773 tales
1538 5716 1861 5787 capiuntde-

1966 4867 2064 4934 ria,
2091 4868 2329 4922 occurrit
2355 4866 2484 4920 mihi
2519 4861 2757 4936 lepidum
2779 4861 3414 4936 responsum'cujusdam
3442 4878 3562 4936 mo-

1967 4931 2147 5015 nachi,
2174 4936 2265 5008 qui
2293 4944 2514 5015 rogatus
2539 4931 2666 5015 quid
2695 4931 3201 5015 hodiecomedisset
3214 4933 3562 5015 ἢφθεροιιόῇῐ2

1967 5008 2116 5076 olera
2136 5002 2271 5061 cum
2301 5002 2460 5076 pisis;
2488 5002 2617 5076 quid
2646 5003 2793 5076 heri?
2820 5005 2933 5074 pisa
2964 5018 3090 5076 cum
3123 5002 3391 5076 oleribus;
3433 5004 3566 5076 quid

1968 5075 2170 5157 nudius
2211 5073 2445 5157 ieriius?
2482 5073 2591 5157 p'isa
2629 5082 2684 5130 et
2709 5073 2877 5157 eietfa:
2907 5073 3154 5157 Denique
3195 5075 3325 5147 quid
3368 5073 3564 5157 nudius

1966 5148 2234 5219 quartus?
2260 5145 2404 5219 olera
2452 5143 2505 5201 et
2534 5143 2793 5219 pisa._Sic
2820 5145 2909 5203 ille
2937 5143 3311 5219 quotidianum
3337 5156 3429 5203 aut
3452 5148 3563 5205 fre-

1967 5215 2138 5289 quens
2153 5215 2879 5289 admodumrmbnac'horum
2908 5215 3197 5274 obsonium
3217 5216 3393 5274 facere
3425 5219 3563 5275 iudi-

1968 5288 2100 5345 eans
2129 5289 2300 5356 (Vide
2324 5288 2480 5343 aliud
2515 5289 2819 5359 exemplum
2850 5290 2998 5360 apud
3023 5290 3336 5352 Ccesarium,
3371 5290 3464 5345 lib.
3499 5304 3564 5346 ιν

1962 5376 2081 5431 cap.
2108 5366 2207 5426 79;
2230 5361 2398 5417 Basil.
2419 5360 2513 5414 lib.
2541 5360 2607 5414 de
2631 5366 2820 5415 sancta
2852 5362 3033 5430 Virg;
3065 5362 3378 5431 Hieronym.
3405 5365 3561 5431 epist.

2058 5431 2138 5514 ad
2150 5434 2420 5514 Furiam).
2444 5432 2715 5514 Caeterum
2736 5447 2859 5514 esus
2876 5430 3209 5514 leguminum
3226 5430 3564 5514 quarutione

1966 5500 2054 5558 hic
2088 5501 2299 5559 dicatur
2326 5510 2632 5573 enervatus,
2675 5502 2824 5558 haud
2861 5500 2989 5558 satis
3016 5500 3265 5573 expedio,
3304 5501 3402 5556 nisi
3434 5500 3562 5573 me;

1966 5575 2263 5650 tpnymice,
2286 5574 2409 5646 quia
2439 5570 2715 5650 corpus_et
2759 5573 2894 5630 vires
2930 5570 3175 5650 enervat,
3208 5579 3370 5650 atque
3413 5570 3564 5650 debi-

1966 5641 2085 5700 litat
2121 5641 2853 5719 potiusquamconfirmat:
2882 5644 2970 5719 vel
2991 5641 3399 5719 comparatioue
3427 5641 3563 5719 alio:

1970 5729 2097 5771 rum
2118 5713 2369 5773 ciboruni
2394 5716 2704 5787 fortiorum,
2746 5730 2842 5773 seu
2880 5713 2971 5788 qui
3006 5713 3180 5783 magis
3216 5713 3466 5763 nutriunt
3513 5713 3574 5759 et
