3996 6198
368 240 473 317 21.3

1707 254 1987 312 JOANNIS
2026 254 2330 312 CASSIANI

3568 249 3672 303 2l6

368 381 616 453 pacitatis
642 396 757 439 sua:
777 381 1076 440 saturitatis
1100 380 1627 456 onereturingluvie.
1664 383 1785 438 Non
1808 380 1957 437 enim
1987 384 2041 447 Α
2067 388 2258 453 gnata,
2309 378 2538 436 noxium
2578 376 2836 436 vitiorum
2875 374 3127 434 fomitem
3173 374 3503 448 igneumque
3549 387 3672 429 suc-

367 476 599 548 qualitas
642 477 792 545 sola,
826 476 921 533 sed
949 477 1114 533 etiam
1154 476 1427 549 quantitas
1470 489 1723 531 escarum
1744 514 1761 541 ,
1790 473 1964 531 aciem
2069 472 2289 540 cenditﬁ

366 568 548 626 cordis
584 569 855 640 obtundit,
881 586 944 627 ac
970 578 1151 626 mente
1177 584 1304 626 cum
1345 583 1504 625 carne
1531 567 1731 640 pariter
1765 566 1965 637 impiu-

1467 684 1723 740 ALARDI
1758 684 1983 740 GAZEI
2022 682 2577 740 COMMENTARIUS.

360 807 536 863 quam
565 799 806 863 mentem
834 791 905 861 pii
938 790 1104 863 patris
1133 798 1190 863 et
1231 789 1556 863 legislatoris
1590 789 1865 863 Benedicti
1890 798 1971 846 at-

369 860 697 918 tendendum
719 902 734 925 ,
779 860 845 933 et
873 860 953 916 ex'
979 860 1186 933 judicio
1228 860 1583 917 et'sententia
1622 861 1971 933 praelatorum

371 934 458 1005 pie
477 930 936 1013 interpretandam
959 930 1164 1013 (Epist.
1191 933 1394 1013 287,.lib.
1422 937 1550 1013 ψ).
1582 930 1660 986 Ex
1677 931 1835 1013 cujus
1859 932 1973 988 lon-

386 1019 452 1076 ga
496 1002 659 1057 nimis
694 1010 757 1076 et
799 1002 1003 1076 prolixa
1039 1002 1422 1076 disput_atione_
1612 1016 1734 1076 qua:
1760 1002 1829 1057 ad
1858 1017 1973 1057 rem

373 1071 622 1130 nostram
656 1081 708 1128 et
746 1071 851 1128 loci
879 1072 947 1144 de
981 1089 1091 1144 quo
1127 1071 1346 1144 agimus
1376 1071 1798 1144 elucidationem
1821 1088 1971 1144 prm-

373 1088 622 1130 nostram
656 1088 708 1128 er
747 1088 851 1128 ioci
879 1088 947 1128 ae
981 1089 1091 1144 quo
1135 1088 1165 1127 a
1222 1088 1346 1128 mus
1376 1088 1798 1128 emendationem
1838 1088 1971 1144 pra-:-

372 1146 526 1226 cipue
554 1151 828 1214 spectant,
853 1143 1027 1226 visum
1054 1152 1139 1198 est
1161 1088 1472 1226 ἕπει-ρας,
1487 1151 1541 1198 et
1560 1141 1651 1226 hic
1672 1143 1971 1226 ascribere,

372 1213 570 1286 quibus
589 1213 712 1281 eos,
760 1213 940 1282 quoad
976 1228 1292 1269 mensuram
1322 1213 1510 1282 panis,
1553 1222 1609 1268 et
1638 1222 1798 1284 potus
1833 1214 1974 1269 male

371 1285 440 1363 ab
475 1283 606 1363 ipsis
638 1283 991 1363 intellectam,
1018 1284 1091 1338 ita
1130 1284 1411 1363 redarguit
1437 1284 1634 1363 simul,
1664 1284 1974 1363 etsolertcr

370 1354 593 1410 instruit
643 1373 654 1408 :
686 1356 748 1410 Si
782 1357 922 1408 enim
943 1370 1209 1425 propensa
1241 1355 1381 1409 libra
1399 1357 1562 1425 panis
1588 1357 1647 1408 in
1670 1354 1759 1409 die
1781 1370 1972 1409 mona-

373 1426 468 1480 cho
505 1439 611 1479 non
632 1425 927 1494 suffecerit;
953 1428 1005 1479 si
1039 1427 1122 1479 vel
1143 1426 1411 1480 modicum
1441 1441 1613 1494 supra
1644 1426 1871 1489 libram,
1896 1426 1980 1479 vel

373 1441 468 1480 eno
505 1441 611 1479 non
632 1441 927 1494 sunecerit;
953 1442 1002 1479 si
1039 1441 1120 1479 vel
1143 1441 1411 1480 moaicum
1441 1441 1613 1495 supra
1644 1441 1871 1489 noram,
1896 1441 1979 1479 vel

370 1511 474 1566 pro
496 1496 636 1549 libra
658 1496 814 1563 aliud
833 1498 1119 1565 sumpserit
1143 1515 1159 1550 :
1190 1498 1299 1550 nisi
1316 1497 1585 1564 integram
1611 1498 1829 1550 tertiam
1848 1511 1981 1565 par-

377 1572 482 1621 tem
496 1566 570 1619 ad
588 1582 720 1635 opus
730 1582 886 1620 omnm
902 1569 951 1621 si
956 1567 1369 1628 bireddendam,
1382 1567 1678 1629 cellerario,
1695 1582 1801 1620 non
1820 1567 1984 1621 alteri

376 1637 677 1691 reddiderit
704 1656 720 1690 :
750 1639 801 1691 si
818 1639 966 1706 plus,
1003 1639 1085 1690 vel
1121 1639 1299 1691 minus
1323 1638 1390 1691 de
1418 1638 1559 1690 libra
1588 1639 1647 1689 in
1669 1639 1855 1707 prima
1893 1652 1985 1691 re—

377 1709 604 1774 fectione
630 1707 933 1774 comederit,
956 1722 1121 1776 quam
1141 1711 1203 1760 ut
1228 1709 1388 1761 tertia
1404 1721 1538 1776 pars
1559 1707 1636 1760 ad
1657 1707 1983 1761 servandum

378 1777 600 1860 residua
626 1780 718 1860 sit,
749 1778 810 1832 id
957 1782 1021 1831 ut
1048 1792 1142 1831 nec
1160 1778 1285 1860 plus
1305 1779 1467 1860 tertia
1481 1782 1661 1860 parte,
1685 1791 1781 1831 nec
1804 1780 1984 1832 minus

378 1847 671 1901 comedenti
685 1850 919 1917 supersit
943 1865 960 1900 :
989 1863 1119 1901 num
1146 1847 1265 1901 ideo
1301 1847 1733 1916 condeninamur,
1769 1863 1797 1903 e
1817 1864 1989 1917 para-

378 1920 495 1971 diso
523 1918 887 1980 excludimur,
917 1922 979 1971 ut
1008 1919 1236 1988 perjuri,
1272 1922 1323 1971 et
1339 1918 1444 1987 filii
1459 1918 1780 1986 perditionis
1811 1922 1872 1973 in
1899 1921 1985 1971 in-

379 1991 600 2055 fernum
633 1990 1007 2043 retrudimur?
1044 1988 1186 2055 Quid
1221 1994 1400 2042 autem
1427 1989 1492 2042 de
1513 1989 1624 2043 illis
1653 1989 1861 2052 dicetis,
1891 1991 1990 2058 qui

2075 793 2284 854 ritatis,
2302 806 2424 860 qua:
2441 791 2517 845 ad
2532 791 2783 845 universa
2802 805 2857 845 se
2871 787 3135 852 extendit,
3152 790 3204 860 et
3216 787 3396 860 omnia
3409 800 3507 860 sua
3522 786 3673 860 recti-

2077 862 2264 917 tudine
2282 854 2429 917 recta
2442 863 2599 928 facit,
2614 861 3025 926 attestaturguti
3041 860 3104 913 B.
3119 857 3459 928 Augustinus
3472 858 3531 910 in
3538 854 3673 911 libro

2077 933 2145 987 de
2166 933 2406 989 Moribus
2424 927 2670 987 Ecclesia
2690 932 2959 986 catholica:
2980 933 3170 984 contra
3193 927 3512 984 Maniclueos
3533 930 3674 981 scri-

2082 1004 2207 1058 bens
2229 1003 2363 1057 dicit
2387 1022 2405 1057 :
2427 1003 2708 1059 Contincnt
2717 1017 2772 1056 se
2785 1002 2953 1070 igitur
2971 1001 3018 1053 ii
3028 1002 3125 1069 qui
3129 1003 3355 1069 possunt
3369 999 3488 1070 (qui
3496 1002 3673 1070 tamen

2078 1078 2205 1128 sunt
2226 1074 2667 1137 innumerabiles)
2689 1076 2741 1127 et
2766 1068 3108 1132 a'carnibus,
3130 1068 3188 1123 et
3214 1086 3250 1123 a
3277 1070 3423 1131 vino,
3453 1068 3590 1123 duas
3611 1069 3675 1124 ob

2078 1159 2289 1207 causas,
2303 1144 2386 1198 vel
2402 1148 2625 1213 propter
2638 1144 2884 1211 fratrum
2907 1140 3445 1213 imbecillitatemvel
3450 1145 3676 1209 propter

2079 1215 2381 1284 libertatem
2395 1209 2551 1268 suam
2566 1209 2812 1284 (spectat
2830 1212 3012 1268 locum
3032 1210 3276 1284 Apostoli
3295 1209 3364 1284 ad
3385 1212 3553 1265 Rom.
3569 1218 3675 1265 xw

2079 1285 2148 1341 de
2178 1283 2396 1339 vitando
2423 1281 2679 1340 seandalo
2708 1282 3102 1345 inﬁrmorum).
3136 1281 3386 1337 Charitas
3404 1284 3676 1351 prcecipue

2080 1355 2410 1420 custoditur;
2430 1356 2693 1409 charitati
2711 1356 2902 1415 victus,
2922 1353 3183 1407 charitati
3201 1366 3393 1413 sermo,
3418 1352 3679 1407 charitati

2087 1427 2323 1489 habitus,
2338 1427 2599 1480 charitati
2609 1426 2791 1479 vultus
2801 1428 3025 1489 aptatur
3038 1441 3056 1477 :
3080 1424 3251 1477 coitur
3269 1424 3328 1476 in
3342 1438 3528 1484 unam,
3554 1438 3676 1477 con-
3688 1452 3700 1462 -

2086 1499 2441 1566 spiraturque
2450 1497 2771 1551 charitatem
2788 1513 2804 1548 :
2819 1494 3184 1566 hancviolare,
3199 1498 3477 1566 tamquam
3487 1497 3674 1566 Deum,

2086 1564 2244 1635 nefas
2255 1564 2489 1621 duiaitur.
2503 1569 2689 1624 Sciunt
2703 1567 2839 1620 hanc
2850 1564 3274 1619 commendatam
3281 1578 3390 1618 esse
3398 1580 3434 1617 a
3445 1564 3674 1628 Christo,

2088 1643 2140 1692 et
2158 1639 2438 1709 apostolis,
2459 1644 2523 1692 ut
2542 1640 2593 1692 si
2610 1638 2721 1691 haec
2738 1652 2852 1690 una
2868 1635 3037 1709 desit,
3046 1636 3236 1689 inania
3257 1636 3371 1709 sint
3391 1636 3571 1709 omnia
3584 1654 3602 1689 :
3627 1637 3678 1690 si

2089 1706 2209 1762 hard
2233 1708 2400 1771 adsit,
2419 1709 2584 1777 plena
2620 1710 2730 1762 sint
2765 1708 2945 1777 omnia
2966 1706 3226 1777 (Cap._34
3260 1708 3445 1773 Πομ).
3477 1706 3676 1777 Hacte-

2087 1793 2192 1833 nus
2215 1780 2405 1835 Petrus
2420 1775 2783 1845 Venerabilis,
2807 1786 2863 1831 et
2878 1775 2949 1831 ab
2970 1776 3087 1847 ipso
3106 1775 3401 1847 citatushD.
3424 1776 3654 1847 Augusti
3673 1806 3680 1812 ·

2088 1863 2213 1905 nus.
2260 1852 2325 1904 In
2369 1848 2566 1919 quibus
2620 1847 2907 1919 recitandis
2947 1845 3163 1919 tametsi
3208 1845 3538 1919 proliirum,‘
3566 1863 3680 1902 non

2084 1928 2272 1990 tamen
2300 1915 2594 1990 lectoribus
2614 1918 2881 1990 religiosis
2911 1915 3320 1973 molestum'me
3342 1915 3507 1990 fuisse
3539 1932 3678 1990 con-

2091 1989 2231 2057 fido,
2281 2005 2411 2046 cum
2462 1989 2595 2045 nihil
2649 1988 2900 2044 instituto
2951 1996 3140 2043 nostro
3183 1988 3678 2052 accommodatius,

378 2064 535 2139 extra
552 2063 836 2139 enatant,
870 2064 923 2112 et
946 2060 1260 2112 necessitate
1283 2061 1602 2139 monasterii
1635 2057 1984 2139 per-diversa
2008 2076 2056 2139 B
2087 2060 2567 2139 nihil_expressius,
2592 2060 2727 2116 nihil
2744 2058 3465 2139 efﬁcacius,_et_accura_tius
3491 2057 3677 2139 afferri

381 2135 530 2183 eunt:
548 2131 758 2185 snzulto
787 2135 1019 2212 tempore
1046 2145 1081 2181 a
1448 2126 1683 2212 absunt?
1706 2131 1984 2212 Numquid
2009 2126 2056 2139 ν
2090 2126 2346 2212 potuissé_
2366 2130 2648 2212 videatur;
2699 2138 2761 2185 ut
2802 2128 3364 2212 plane_re.|igio_mih_i
3399 2126 3562 2212 fuerit
3597 2129 3678 2212 vel

380 2215 590 2268 semper
604 2215 800 2268 panem
818 2214 977 2269 suum
999 2200 1266 2252 trutinare
1271 2203 1522 2267 poterunt
1536 2202 1849 2269 ?Numquid
1858 2217 1985 2255 sem-

379 2284 499 2338 per,
521 2275 569 2323 et
588 2270 786 2338 ubique
803 2268 1136 2322 cellerarium
1155 2272 1470 2323 monasterii
1490 2285 1663 2324 secum
1682 2268 1873 2325 habere
1893 2287 1985 2324 va-

384 2340 566 2393 lebunt
584 2381 600 2402 ,
642 2342 739 2407 qui
783 2339 999 2409 quando
1045 2340 1123 2393 bis
1152 2339 1502 2406 comederint,
1534 2342 1750 2394 tertiam
1769 2346 1985 2409 partem

385 2410 538 2464 libra:
566 2426 677 2464 sure
703 2410 778 2464 ad
806 2425 1006 2481 canam
1034 2410 1195 2481 illam
1213 2413 1612 2481 recepturinec
1629 2412 1696 2465 de
1716 2410 1824 2464 alio
1844 2427 1986 2481 pane

385 2482 673 2534 comessuri
715 2480 1079 2534 commendare
1109 2478 1362 2535 valeant?
1390 2482 1462 2534 Et
1501 2478 1643 2535 intra
1674 2498 1686 2533 :
1714 2478 1981 2544 Non'ita,

385 2566 491 2604 non
520 2554 597 2605 ita
629 2554 795 2604 sensit
822 2555 1059 2613 sanctus,
1100 2553 1198 2620 qui
1234 2552 1436 2621 spiritu
1461 2553 1697 2605 omnium
1711 2551 1987 2621 justorum

380 2622 573 2690 plenus
598 2623 771 2689 fuisse
793 2621 995 2674 dicitur
1018 2639 1034 2674 :
1059 2637 1166 2675 non
1189 2623 1269 2674 ita
1294 2623 1497 2676 sensit:
1523 2622 1617 2676 sed
1641 2623 1829 2677 audite
1850 2623 1986 2691 quid

385 2694 626 2746 senserit.
652 2692 978 2747 Intellectum
997 2692 1111 2761 ejus
1128 2692 1291 2746 verba
1311 2694 1582 2761 sequentia
1595 2692 1984 2747 demonstrant.

388 2763 538 2828 Quod
561 2765 613 2816 si
632 2763 803 2828 labor,
830 2762 1024 2831 inquit,
1053 2764 1196 2829 forte
1211 2762 1384 2829 major
1402 2765 1584 2829 factus
1602 2764 1797 2831 fuerit,
1819 2766 1877 2817 in
1896 2779 1989 2816 ar-

318 2838 319 2841 “
388 2832 569 2903 bitrio,
600 2838 652 2887 et
674 2837 939 2902 potestate
980 2833 1193 2886 abbatis
1219 2835 1323 2886 erit
1346 2835 1426 2897 (si
1453 2834 1733 2903 eapediat)
1771 2834 1989 2903 aliquid

385 2900 602 2970 augere,
620 2900 822 2958 remota
840 2918 957 2971 prce
967 2904 1206 2956 omnibus
1219 2904 1441 2972 crapula
1462 2900 1989 2973 :utnumquamsub-

385 2980 538 3042 repat
580 2974 834 3027 monacho
871 2973 1191 3042 indigeries;
1221 2976 1351 3041 quia
1380 2974 1521 3027 nihil
1547 2977 1625 3027 sic
1656 2976 1988 3028 contrarium

388 3050 467 3098 est
491 3047 639 3099 omni
659 3045 983 3106 Christiano,
1006 3044 1261 3113 quomodo
1282 3045 1528 3113 crapula,
1554 3046 1691 3098 sicut
1708 3046 1789 3099 ait
1812 3048 1988 3100 Domi-

388 3130 489 3169 nus
517 3120 693 3169 noster
721 3133 736 3168 :
771 3114 976 3176 Videte,
998 3130 1064 3167 ne
1087 3119 1380 3182 graventur
1402 3115 1565 3168 corda
1590 3117 1845 3169 restrain
1868 3131 1987 3169 cra-

382 3186 521 3255 pula
547 3189 703 3251 (Luc.
728 3191 888 3247 xxr).
917 3187 1041 3239 ch
1066 3187 1276 3247 dicens,
1304 3186 1439 3253 quid
1457 3185 1613 3239 aliud
1635 3202 1799 3255 quam
1824 3201 1991 3240 neces-

388 3258 604 3311 sitatem
628 3257 877 3316 retinuit,
909 3258 1103 3309 vitium
1133 3258 1468 3324 amputavit;
1492 3261 1656 3324 atque
1683 3258 1741 3310 in
1763 3257 1990 3311 arbitrio

390 3327 603 3382 abbatis
629 3332 817 3381 cuncta
854 3326 1166 3394 hujusmodi
1192 3342 1300 3380 esse
1326 3330 1567 3381 censuit?
1595 3327 1700 3382 Sed
1727 3332 1778 3381 et
1805 3329 1989 3381 omnia

389 3398 549 3451 verba
593 3398 708 3466 ejus
733 3398 799 3450 de
840 3413 1096 3452 mensura
1117 3402 1276 3466 potus
1318 3400 1618 3459 tractantis,
1661 3413 1835 3452 nonne
1866 3399 1990 3451 huic

389 3473 586 3521 nostra:
609 3469 971 3535 intelligentia
995 3469 1403 3537 astipulantur?
1425 3470 1550 3535 Quae
1577 3469 1848 3522 brevitatis
1864 3484 1990 3536 gra-

319 3574 338 3593 .
393 3541 473 3592 tia
498 3540 723 3607 libenter
737 3541 1231 3603 intermitteremus;
1256 3538 1348 3592 sed
1367 3541 1497 3606 quia
1519 3540 1601 3592 his
1625 3540 1862 3592 maxime
1878 3539 1992 3607 qius

391 3610 634 3671 intentio,
662 3614 826 3677 atque
849 3610 1098 3662 discretio
1126 3610 1365 3676 cognosci
1379 3613 1573 3677 potest,
1607 3614 1812 3678 oportet
1843 3614 1904 3662 ut
1932 3625 1994 3663 ea

386 3695 654 3748 ponamus
677 3680 843 3749 (Cap.
867 3682 934 3734 39
959 3683 1085 3747 Reg.
1100 3681 1141 3746 ).
1178 3681 1569 3749 Unusquisque,
1591 3682 1692 3741 ait,
1708 3681 1993 3749 propriam

393 3746 593 3805 donum
621 3746 882 3805 habet'ea:
922 3746 1048 3812 Deo,
1081 3750 1225 3803 alius
1260 3746 1365 3811 sic,
1395 3746 1536 3803 alius
1559 3765 1682 3803 vero
1708 3746 1785 3804 sic
1806 3746 1865 3815 (Ι
1891 3752 1989 3805 Co-

392 3823 525 3876 riut.
571 3836 661 3877 vn
679 3825 717 3888 ).
743 3821 952 3877 Etideo
976 3836 1093 3874 cum
1122 3822 1308 3889 aliqua
1336 3821 1747 3890 scrupulositate
1776 3836 1811 3873 a
1842 3821 1991 3875 nobis

392 3909 644 3947 mensura
691 3894 859 3947 victus
905 3892 1138 3943 aliorum
1174 3893 1539 3953 constituitur,
1571 3898 1675 3945 etc.
1721 3895 1991 3946 Bonorum

393 3964 733 4017 diversitates
771 3964 997 4016 diversis
1039 3978 1073 4014 a
1101 3964 1205 4015 Deo
1231 3962 1428 4015 donari
1451 3962 1611 4024 dicit,
1642 3966 1693 4015 et
1729 3961 1846 4015 ideo
1874 3977 1992 4016 cum

392 4035 810 4104 scrupulositate
854 4047 1161 4086 mensuram
1194 4034 1365 4086 victus
1411 4033 1645 4086 alterum
1685 4034 1989 4098 constituit;

391 4104 755 4161 constituendo
796 4107 973 4157 tamen
997 4105 1136 4158 mittil
1163 4104 1415 4172 praecipit
1444 4121 1460 4157 :
1497 4104 1590 4157 sed
1631 4119 1747 4158 eam
1775 4118 1994 4157 mensu-

393 4192 531 4240 ram,
558 4191 724 4245 quam
736 4176 910 4245 ponit,
928 4190 1081 4244 posse
1094 4174 1328 4242 sufficere
1341 4175 1614 4241 fratribus
1631 4174 1828 4240 credit;
1849 4176 1899 4227 si
1915 4174 1994 4227 la-

397 4245 511 4307 bor,
537 4252 635 4300 aut
654 4247 839 4307 ardor,
870 4250 969 4299 aut
998 4247 1247 4315 quaelibet
1264 4248 1546 4300 necessitas
1571 4246 1807 4314 amplius
1825 4260 1993 4313 popo-

393 4318 578 4376 scerit,
629 4318 687 4367 in
731 4317 959 4368 arbitrio
1007 4319 1211 4370 Prioris
1258 4318 1564 4381 constituit;
1604 4318 1905 4385 superﬂua,
1944 4318 1995 4368 et

394 4386 591 4437 vitiosa
612 4388 823 4437 tantum
838 4400 978 4437 more
996 4400 1091 4438 suo
1103 4400 1363 4451 resecans,
1385 4391 1434 4438 et
1449 4386 1647 4438 idcirco
1667 4389 1989 4447 satietatem,

394 4460 495 4509 aut
518 4455 827 4508 ebrietatem
847 4456 1024 4506 cave-ri
1042 4457 1099 4524 in
1118 4455 1361 4524 omnibus
1385 4455 1694 4508 admonens.
1719 4456 1811 4510 Sic
1836 4454 1949 4524 ipse
1974 4472 1988 4508 :

397 4540 462 4580 ac
480 4525 702 4579 demum
731 4531 852 4592 post
885 4538 1051 4593 pauca
1080 4523 1152 4578 ita
1184 4523 1456 4578 concludit
1482 4543 1494 4578 :
1520 4527 1628 4578 Hoc
1651 4523 1881 4580 Sanctus
1906 4525 1995 4580 ille

395 4596 680 4656 intellexit,
714 4595 808 4648 hoc
835 4595 1050 4663 scripsit
1076 4613 1092 4648 :
1120 4596 1221 4649 hac
1249 4594 1314 4648 de
1343 4609 1505 4648 causa
1526 4596 1665 4648 nihil
1689 4596 1844 4649 aliud
1860 4596 1991 4662 diﬂi-

394 4669 533 4730 nire,
555 4667 693 4720 nihil
708 4667 999 4736 prrecipere
1009 4666 1179 4719 voluit
1200 4682 1217 4719 :
1237 4666 1331 4718 sed
1340 4680 1441 4735 pro
1455 4666 1722 4735 qualitate
1739 4666 1990 4727 locorum,

396 4743 714 4808 temporum,
742 4752 966 4799 morum,
988 4737 1388 4806 inﬁrmitatum,
1419 4743 1469 4791 et
1492 4736 1822 4791 diversorum
1851 4739 1992 4791 acci-

394 4810 635 4866 dentium
664 4810 823 4871 cibos,
836 4811 1016 4879 potus,
1042 4812 1227 4870 vestes,
1250 4812 1300 4862 et
1331 4808 1404 4861 ad
1425 4812 1717 4862 extremum
1738 4811 1987 4862 universa

394 4887 509 4936 tam
522 4882 851 4952 corporibus,
871 4896 1034 4949 quam
1053 4879 1342 4933 animabus
1361 4882 1677 4943 necessaria,
1700 4880 1933 4933 subditis
1950 4897 1988 4952 (ι

392 4950 643 5007 Patribus
667 4950 794 5005 dari
816 4954 1075 5018 sancivit;
1096 4954 1407 5005 animarum
1433 4953 1604 5006 saluti
1619 4951 1988 5005 tantummodo

394 5025 650 5087 intentus,
682 5027 733 5075 et
769 5038 887 5075 eam
922 5025 1030 5076 sive
1057 5017 1269 5086 dando,
1286 5017 1418 5078 'sive
1457 5023 1843 5084 subtrahendo,
1877 5024 1989 5077 sive

387 5092 673 5161 parcendo,
690 5093 798 5145 sive
811 5094 1146 5161 corripiendo
1159 5109 1452 5162 procurare
1469 5094 1725 5148 sollicitus
1743 5095 1894 5162 (Cap.
1920 5095 1987 5146 40

394 5166 573 5231 Reg).
599 5163 707 5215 Hoc
731 5163 960 5215 ostendit
980 5164 1219 5216 omnibus
1244 5166 1359 5229 fere
1378 5167 1437 5218 in
1454 5165 1581 5218 locis
1596 5165 1810 5232 Regula:
1832 5179 1942 5217 sure
1967 5179 1987 5216 .-

395 5234 491 5286 hoc
515 5232 823 5304 specialiter
861 5232 993 5304 dicit
1019 5235 1079 5285 in
1098 5236 1347 5301 capitulo
1382 5237 1630 5304 superius
1673 5235 1841 5295 dicto,
1881 5249 1987 5302 quo

395 5307 626 5357 tractat:
644 5303 705 5357 Si
712 5317 887 5356 omnes
902 5302 1387 5372 debentcequaliter
1403 5302 1703 5359 necessaria
1717 5306 1987 5372 accipere?

394 5375 563 5436 Sicut,
584 5375 787 5442 inquit,
809 5375 1069 5442 scriptum
1084 5379 1179 5436 est,
1202 5375 1546 5429 dividebatur
1563 5376 1815 5441 singulis,
1828 5379 1989 5443 prout

394 5446 584 5513 cuique
608 5459 737 5512 opus
757 5446 871 5498 erat
895 5446 1046 5507 (Act.
1072 5450 1174 5509 Iv).
1206 5446 1310 5500 Ubi
1327 5461 1430 5500 non
1455 5446 1701 5506 dicimus,
1721 5450 1783 5498 ut
1800 5460 1986 5513 perso-

394 5530 615 5581 narum,
640 5515 784 5583 quod
803 5515 965 5575 absit,
987 5518 1220 5584 acceptio
1234 5518 1307 5570 sit
1332 5534 1347 5569 :
1373 5516 1468 5570 sed
1484 5517 1988 5583 inﬁrmitatumcon-

392 5587 671 5640 sideratio.
707 5587 810 5641 Ubi
830 5588 928 5653 qui
945 5588 1122 5639 minus
1144 5587 1369 5655 indiget,
1394 5591 1525 5653 agat
1548 5590 1654 5640 Deo
1676 5588 1904 5653 gratias,
1936 5592 1989 5643 et

394 5671 499 5710 non
516 5658 877 5711 contristetur.
900 5659 1004 5724 Qui
1018 5671 1141 5709 vero
1160 5658 1285 5725 plus
1303 5657 1533 5725 indiget,
1561 5656 1874 5711 humilietur
1888 5674 1988 5727 pro
2022 5665 2033 5674 ‘

394 5729 638 5796 nfirmita
650 5731 728 5788 te,
756 5743 861 5782 non
894 5728 1186 5782 extollatur
1210 5744 1311 5797 pro
1355 5728 1729 5781 misericordia
1763 5747 1779 5782 :
1828 5733 1879 5783 et
1906 5731 1988 5783 ita

393 5800 572 5855 omnia
596 5799 829 5853 membra
851 5803 1007 5855 erunt
1029 5798 1085 5852 in
1100 5813 1247 5868 pace.
1273 5801 1409 5855 Huic
1431 5800 1634 5855 rationi
1652 5800 1840 5870 regula
1863 5800 1989 5855 cha-

2087 2199 2219 2272 iota,
2265 2201 2347 2257 vel
2386 2201 2598 2272 apicem
2636 2199 2820 2257 unum‘
2857 2199 3152 2270 prasterire.
3196 2199 3360 2255 Libet
3397 2208 3577 2255 tamen
3619 2209 3679 2256 et

2087 2271 2317 2327 alterum
2365 2271 2609 2343 ejusdem
2661 2271 2967 2343 sententiae,
2991 2278 3318 2343 assertorem
3382 2285 3677 2337 accersere,

2086 2343 2358 2398 Joannem
2377 2339 2666 2414 Bertelium
2680 2341 2933 2414 abbatem
2941 2339 3498 2414 Luxcmburgensem,
3527 2351 3681 2414 eum;

2128 2428 2196 2467 ue
2224 2428 2388 2484 super
2402 2413 2615 2484 Begula
2645 2416 2713 2468 D.
2738 2410 3032 2484 Benedicti,
3056 2411 3224 2467 modo
3250 2410 3452 2484 serium
3469 2410 3681 2484 ,Amodo

2117 2480 2333 2554 acetum
2360 2480 2718 2554 dialo‘gisqtam.
2745 2483 2872 2554 Ejus
2899 2481 3059 2537 verba
3080 2490 3211 2554 sunt
3231 2480 3296 2536 ad
3322 2481 3474 2536 illum
3495 2482 3682 2554 locum

2092 2552 2317 2624 Regulae
2331 2550 2621 2621 spectantia
2651 2572 2664 2606 :
2690 2550 2839 2620 Quod
2858 2558 3038 2607 autem
3055 2553 3187 2624 dicit
3207 2555 3299 2624 (D.
3327 2550 3683 2624 Benedictus)

2092 2623 2158 2678 de
2176 2622 2336 2692 panis
2361 2624 2505 2677 libra
2518 2626 2805 2693 unicuique
2826 2624 3072 2692 religioso
3094 2623 3297 2685 danda,
3315 2627 3366 2676 et
3385 2622 3530 2691 quod
3557 2624 3686 2677 reli-

2094 2696 2235 2763 quia:
2257 2695 2536 2748 scrutandis
2553 2700 2681 2749 sunt
2697 2710 2801 2764 pro
2823 2696 3113 2749 cantaturis
3139 2711 3174 2747 a
3192 2694 3486 2755 cellerario,
3510 2695 3685 2749 nescio

2092 2780 2225 2818 num
2247 2767 2328 2818 ita
2344 2765 2494 2833 juste
2518 2766 2845 2819 intellemerit
2865 2765 3206 2827 Benedictus,
3235 2764 3685 2833 quemadmodum

2092 2850 2286 2889 sonare
2320 2836 2571 2889 videntur
2614 2836 2778 2889 verba
2815 2837 3032 2903 Regula:
3064 2854 3080 2888 :
3126 2836 3267 2891 Nam
3310 2837 3387 2888 sic
3411 2837 3523 2888 viro
3550 2837 3682 2903 Dei,

2096 2906 2296 2985 θνητάςίέ
2310 2920 2574 2985 Petere-eras
2594 2922 2698 2985 me
2720 2907 3112 2985 [υέεεθξιὲ.
3137 2909 3222 2985 τρε
3239 2910 3455 2985 eorm!
3475 2908 3685 2985 inmte»

2095 2991 2159 3029 ac
2172 2975 2320 3043 juste
2341 2975 2520 3043 objici,
2547 2976 2692 3045 quod
2710 2976 2901 3030 debeat
2920 2977 3033 3030 illis
3053 2976 3200 3037 dari,
3235 2976 3490 3044 quicquid
3503 2992 3537 3028 a
3553 2976 3690 3045 reli-

2096 3042 2259 3115 giosis
2274 3048 2329 3099 in
2343 3042 2525 3100 mensa
2546 3042 2874 3115 relinquitur
2895 3046 3028 3115 (non
3051 3050 3229 3101 tamen
3241 3042 3342 3115 per
3358 3042 3545 3100 atauus
3558 3042 3688 3100 illo-

2096 3132 2239 3179 rum,
2252 3121 2315 3170 ut
2324 3117 2549 3185 quidam
2563 3121 2763 3187 putant
2791 3122 2841 3171 et
2860 3118 3072 3182 volunt)
3088 3138 3101 3182 ;
3118 3116 3212 3170 sed
3221 3117 3360 3171 hunc
3374 3118 3687 3185 locumputo

2096 3190 2178 3241 ita
2204 3187 2497 3255 intelligere
2538 3188 2879 3244 Benedictum
2907 3206 2923 3240 :
2952 3189 3207 3244 Servetur
3233 3202 3368 3256 pars
3391 3188 3552 3256 panis
3578 3203 3687 3256 pro

2083 3260 2403 3323 .crrnaturis,
2422 3263 2476 3312 et
2498 3259 2647 3320 talis,
2670 3274 2791 3327 quae
2815 3262 3055 3328 respectu
3077 3257 3303 3327 prandii
3325 3272 3429 3311 non
3459 3257 3689 3312 excedat

2095 3331 2153 3382 in
2181 3344 2328 3383 cama
2352 3344 2491 3396 saepe
2518 3329 2716 3383 dictam
2746 3329 2943 3382 libram
2973 3347 2989 3382 :
3016 3344 3143 3382 nam
3178 3330 3235 3382 in
3263 3328 3688 3396 prlecedentibus

2099 3345 2153 3382 in
2181 3344 2328 3383 cana
2352 3345 2378 3383 s
2464 3345 2491 3382 e
2518 3344 2716 3383 dictam
2746 3344 2943 3382 noram
2973 3347 2989 3382 :
3016 3344 3143 3382 nam
3178 3344 3235 3382 in
3263 3344 3688 3396 prleceaentwus

2099 3404 2150 3453 et
2175 3344 2516 3468 sequeng'als
2539 3399 2787 3469 capitulis
2810 3399 2946 3453 nihil
2969 3398 3124 3453 aliud
3147 3399 3410 3460 clamitat,
3437 3414 3599 3469 quam
3623 3402 3689 3469 ut

2172 3485 2399 3539 uperum
2424 3474 2474 3523 et
2487 3468 2755 3539 hospitum
2783 3485 2912 3523 cura
2938 3469 3213 3523 habeatur.
3237 3470 3370 3524 Haec
3392 3469 3480 3524 ille
3505 3468 3690 3539 θυι]ιί-

2094 3485 2399 3593 pauperum
2424 3485 2755 3539 etnospttum
2783 3485 2912 3523 cura
2938 3485 3213 3523 noceatur.
3237 3485 3370 3524 Haec
3392 3485 3480 3524 me
3505 3485 3689 3546 suun~

2122 3540 2445 3611 iter‘magis,
2485 3555 2657 3611 quam
2673 3540 2952 3611 eleganter
2966 3541 3347 3611 A(Diialog.718).
3373 3540 3453 3593 Ex
3490 3539 3689 3611 quibus

2100 3607 2382 3681 omnibus,
2403 3618 2464 3665 ut
2487 3607 2610 3665 huic
2630 3607 2993 3681 diSputationi
3020 3607 3184 3665 tinem
3216 3607 3540 3681 imponam,
3560 3610 3690 3681 bre-

2098 3680 2233 3754 viter
2263 3679 2460 3750 colligo
2495 3678 2913 3754 tres’rat’iones,
2952 3678 3065 3735 sive
3092 3695 3282 3736 causas
3297 3678 3689 3754 'rationabiles,

2098 3758 2153 3805 et
2173 3750 2365 3820 iustas,
2387 3766 2509 3821 quae
2530 3750 2645 3806 tum
2665 3750 3069 3807 sanctissimum
3090 3758 3295 3821 patrem
3310 3750 3689 3818 Benedictum,

2096 3828 2214 3893 tum
2234 3821 2352 3893 ejus
2373 3836 2717 3877 successores
2742 3821 2987 3893 ejusdem
3013 3821 3216 3877 ordinis
3238 3829 3437 3892 patres,
3461 3829 3518 3893 et
3550 3836 3692 3891 pra:-

2098 3892 2265 3963 sules,
2293 3900 2350 3963 et
2390 3893 2531 3963 ipsas
2554 3892 3002 3963 congregationes
3024 3907 3243 3947 movere
3266 3892 3553 3963 potuerint
3569 3932 3585 3957 ,
3625 3907 3694 3947 ac

2098 3962 2296 4017 merito
2321 3959 2628 4030 debuerint,
2659 3959 2854 4018 oram
2883 3963 3107 4034 largam,
3136 3971 3197 4017 ut
3221 3959 3535 4017 afﬂuentem
3556 3978 3694 4087 gor-

2098 4033 2326 4087 tionem.
2351 4048 2415 4087 ac
2442 4049 2753 4087 mensuram
2782 4033 2933 4087 nanis
2955 4032 3323 4087 quotidianam
3341 4075 3356 4087 .
3388 4042 3519 4087 nuta
3594 4046 3694 4087 ua-

2097 4033 2337 4115 tionem,
2351 4048 2415 4088 ac
2442 4049 2754 4115 mensuram
2782 4032 3323 4115 panisquotidianam
3341 4042 3519 4115 ,_puta
3556 4032 3694 4087 dua-

2100 4119 2222 4159 rum
2271 4104 2469 4170 trium,
2495 4113 2590 4161 aut
2630 4102 2868 4174 quatuor
2893 4102 3175 4169 librarum,
3200 4102 3459 4158 fratribus
3495 4102 3695 4173 imper-

2096 4145 2375 4243 tieudam,
2426 4191 2490 4229 ac
2514 4174 2941 4245 distribuendam
2978 4173 3306 4245 judicarent.
3349 4173 3695 4245 Primaratio

2100 4259 2268 4315 quam
2294 4244 2471 4315 tangit
2498 4248 2567 4300 D.
2600 4244 2950 4311 Benedictus,
2980 4242 3047 4299 ex
3074 4245 3504 4300 consideratione
3534 4242 3697 4298 labo-

2101 4330 2248 4395 rum,
2299 4324 2353 4395 et
2393 4329 2659 4395 Operum,
2690 4316 2885 4395 quibus
2908 4315 3182 4395 _monac_hi
3236 4315 3550 4395 insudarent
3586 4333 3600 4369 :
3634 4316 3702 4371 Si

2102 4384 2274 4457 labor,
2303 4384 2475 4456 inquit
2502 4385 2633 4450 (Ubi
2653 4384 2863 4457 supra),
2893 4388 3075 4453 factus
3101 4389 3275 4453 fuerit
3296 4386 3490 4455 major,
3522 4388 3584 4439 in
3597 4401 3698 4457 ars

2104 4455 2262 4509 bitrio
2291 4460 2341 4510 et
2381 4461 2644 4525 potestate
2673 4455 2885 4511 abbatis
2915 4459 3019 4512 erit
3059 4460 3142 4524 (si
3179 4457 3459 4527 eapediat)
3484 4456 3703 4525 aliquid

2101 4541 2313 4593 augere,
2341 4527 2643 4599 etc.,_quod
2664 4528 3091 4599 intelligendum,
3120 4527 3199 4582 ait
3216 4530 3701 4592 Turrecrcmatus,

2100 4612 2207 4650 non
2228 4602 2437 4652 tantum
2461 4597 2527 4651 de
2549 4598 2726 4653 labore
2749 4601 2809 4652 in
2827 4597 2999 4666 agris,
3024 4603 3074 4653 et
3096 4600 3154 4651 in
3175 4599 3419 4666 operibus
3435 4613 3705 4655 manuum

2104 4666 2333 4739 (quibus
2367 4668 2632 4739 nimirum
2676 4677 2920 4739 tempore
2965 4672 3037 4724 D.
3090 4666 3457 4739 Benédictiiet
3502 4667 3697 4739 multis

2103 4737 2327 4807 posthac
2363 4738 2701 4809 temporibus
2754 4737 3015 4794 vacabant
3047 4739 3302 4794 monachi
3337 4738 3410 4794 ob
3443 4738 3696 4806 inopiam

2020 4830 2070 4893 Ι)
2100 4810 2347 4893 etvictus
2372 4810 2790 4893 necessitatem),
2816 4811 2910 4864 sed
2923 4810 3178 4893 etiamide
3204 4810 3389 4893 labore
3396 4812 3459 4893 in
3488 4811 3698 4893 officiis

2100 4879 2322 4943 divinis,
2348 4883 2488 4935 sicut
2500 4886 2578 4935 est
2600 4884 2657 4935 in
2672 4881 2854 4936 diebus
2864 4881 3203 4942 solemnibus,
3220 4883 3277 4935 in
3292 4881 3484 4949 quibus
3503 4881 3698 4934 solem-

2094 4953 2212 5005 nius
2237 4952 2454 5006 dicendo
2476 4953 2715 5021 ofﬁcium
2734 4952 2976 5006 monachi
3000 4957 3376 5006 consueverunt
3397 4952 3566 5005 multo
3586 4966 3703 5005 am-

2088 5022 2238 5090 ptius
2267 5024 2526 5077 laborare.
2555 5023 2643 5077 Sic
2670 5023 2800 5090 ipse.
2835 5028 2903 5076 lit
2925 5021 3186 5077 Bertelius
3210 5022 3337 5076 item
3358 5021 3448 5076 ubi
3476 5036 3643 5091 supra
3679 5040 3695 5075 :

2095 5093 2369 5161 Majorem,
2400 5093 2589 5162 inquit,
2618 5094 2844 5147 laborem
2877 5097 3047 5155 vocat,
3076 5109 3178 5161 quo
3200 5096 3283 5147 ita
3318 5093 3703 5161 defatigantur

2096 5178 2336 5233 corpora,
2366 5168 2425 5219 ut
2443 5165 2568 5218 inde
2589 5165 2927 5219 imbecillitas
2956 5164 3029 5217 ad
3053 5165 3423 5233 spiritualium
3444 5178 3700 5233 perseve-

2095 5237 2335 5289 rantiam
2365 5240 2646 5305 sequatur;
2675 5241 2726 5290 et
2752 5250 2925 5305 quem,
2963 5250 3065 5304 pro
3092 5236 3355 5303 qualitate
3374 5234 3700 5289 conditionis

2095 5309 2146 5359 et
2184 5310 2379 5368 status,
2408 5307 2629 5361 discreti
2648 5322 2825 5361 rerum
2863 5306 3327 5360 administratores
3354 5305 3701 5360 considerant

2094 5391 2203 5431 esse
2224 5381 2429 5446 prater
2447 5378 2680 5432 solitum.
2721 5375 2967 5433 Secunda
3009 5376 3184 5442 ratio,
3215 5376 3273 5431 in
3300 5375 3609 5432 subsidium
3640 5383 3701 5446 et

2094 5445 2513 5519 subiectionem
2568 5462 2869 5519 pauperum
2918 5465 2932 5501 :
2987 5462 3182 5518 nempe
3227 5454 3303 5519 ut
3339 5462 3403 5501 ex
3454 5445 3702 5516 reliquiis

2095 5531 2299 5572 mensm
2327 5516 2584 5590 fratrum'
2599 5516 2780 5590 plures
2803 5519 3052 5590 alantur,
3067 5516 3133 5573 et
3160 5517 3599 5590 reﬁcianturpau

2094 5602 2203 5661 res,
2225 5596 2280 5661 et
2308 5586 2619 5661 ampliores
2641 5589 3001 5661 eleemosynaa
3028 5588 3182 5655 ﬁant,
3207 5604 3334 5661 cum
3361 5586 3624 5658 quidquid
3663 5602 3700 5641 a

2094 5657 2362 5733 religiosis
2389 5657 2442 5714 in
2479 5675 2665 5733 mensa
2698 5657 3039 5733 relinquitur,
3085 5657 3416 5733 pauperibus
3448 5657 3697 5733 erogan-

2093 5728 2227 5801 dum
2250 5728 2349 5798 sit,
2375 5739 2437 5801 ut
2473 5731 2717 5801 superius
2758 5748 2822 5788 ex
2849 5728 3053 5787 eodem
3081 5728 3315 5787 Bertelio
3358 5728 3698 5801 audivimus.

2096 5800 2272 5869 Quam
2296 5800 2515 5873 quidam
2541 5798 3007 5874 eleemosynarum
3029 5802 3367 5875 largitionem
3404 5798 3704 5872 hospitali—
