3996 6198
339 149 432 204 217

947 272 1180 330 CAPUT
1207 273 1302 329 Vl.

574 409 725 476 Quod
761 425 868 466 non
896 411 1006 467 solo
1036 412 1161 468 uino
1187 425 1331 467 mens
1353 410 1678 466 inebriatur.

399 555 422 585 ³
445 551 788 622 Quibuslibet
813 555 956 611 escis
981 554 1219 612 refectus
1245 563 1434 612 venter
1455 554 1749 612 seminaria
1769 553 1926 612 luxu-

336 647 425 704 riae
457 647 614 719 parit,
659 662 762 704 nec
802 649 1058 720 praevalet
1097 664 1254 706 mens
1289 648 1686 706 discretionum
1730 647 1926 720 guber-

336 744 520 802 nacula
548 745 840 816 moderari,
863 740 890 779 ⁵
906 746 1160 804 ciborum
1189 745 1436 819 pondere
1461 744 1776 818 pmfocata.
1802 747 1926 802 Non

332 837 472 894 enim
494 839 611 896 sola
648 837 866 912 crapula
906 839 1012 896 vini
1051 847 1300 896 mentem
1329 837 1598 894 inebriare
1623 837 1922 904 consuevit,

331 944 518 987 verum
535 930 704 987 etiam
717 939 1048 988 cunctarum
1057 945 1305 987 escarum
1319 930 1567 986 nimietas
1589 929 1926 986 vacillantem

328 1038 450 1081 eam
473 1040 541 1082 ac
572 1023 953 1082 nutabundam
979 1023 1178 1082 reddit:
1204 1021 1467 1094 omnique
1504 1022 1833 1096 integritatis
1861 1039 1927 1079 ac

328 1117 581 1190 puritatis
625 1118 1085 1191 contemplatione
1119 1115 1389 1189 dispoliat.
1427 1115 1725 1172 Sodomitis
1761 1131 1925 1172 causa

825 148 916 203 DE
951 147 1431 205 οαεΝοΒιοιιυιι
1466 147 1712 205 INSTIT.
1753 148 1878 206 LIB.
1925 150 1994 206 V.
2033 181 2106 194 —
2145 155 2235 210 DE
2269 154 2536 213 SPIRITU
2575 155 3135 214 GASTRIMABGIE.

3532 159 3638 226 ἕδη

1955 279 2012 342 Λ
2042 277 2412 336 subversionis
2451 286 2616 352 atque
2651 279 2902 347 luxuria,
2944 293 3059 335 non
3101 278 3215 335 vini
3253 280 3494 352 crapula,
3536 281 3634 338 sed

2032 370 2291 429 saturitas
2308 371 2518 428 exstitit
2525 371 2699 445 panis.
2711 371 2855 429 Audi
2869 372 3174 429 Dominum
3193 387 3291 445 per
3309 372 3632 446 prophetam

2033 463 2381 521 Hierusalem
2408 465 2780 537 increpantem
2801 467 3020 534 (Ezech.
3052 469 3191 533 xvr)
3217 483 3231 522 :
3261 469 3287 498 ο
3314 464 3462 538 Quid
3485 465 3630 522 enim

2035 557 2280 628 peccavit
2304 573 2463 615 soror
2485 567 2579 616 tua
2599 559 2864 629 Sodoma,
2884 559 2984 616 nisi
3004 559 3135 632 quia
3160 575 3358 633 panem
3377 575 3544 616 suum
3574 559 3631 616 iu

2030 650 2315 707 saturitate
2341 659 2400 708 et
2437 649 2729 708 abundatia
2758 651 3118 710 comedebat?
3161 655 3229 709 Et
3250 653 3378 726 quia
3420 670 3515 727 per
3541 669 3628 712 sa-

2031 743 2314 801 turitatem
2338 745 2493 818 panis
2523 745 2946 818 inexstinguibili
2969 745 3146 802 carnis
3189 745 3405 803 fuerant
3435 747 3630 804 ardore

2033 838 2304 909 succensi,
2340 837 2554 911 judicio
2599 839 2694 894 Dei
2731 839 2950 895 caelitus
2989 847 3119 895 sunt
3167 839 3289 911 igne
3332 840 3637 912 sulphureo

2033 932 2370 988 concremati
2412 933 2578 999 (Gen.
2609 933 2775 1000 xu).
2807 931 2966 1002 Quod
3005 931 3052 988 si
3077 931 3196 988 illos
3221 932 3342 989 sola
3381 933 3635 990 nimietas

2033 1023 2190 1094 panis
2203 1023 2271 1080 ad
2283 1031 2394 1080 tam
2415 1031 2753 1098 praeruptum
2769 1024 3103 1098 ﬂagitiorum
3130 1025 3490 1098 praecipitium
3513 1025 3641 1083 vitio

2033 1117 2296 1174 satietatis
2323 1117 2570 1192 impegit,
2595 1118 2728 1191 quid
2765 1117 3100 1176 censendum
3130 1125 3213 1174 est
3243 1118 3312 1175 de
3349 1119 3433 1176 his
3469 1106 3499 1150 τί
3543 1120 3637 1191 qui

1424 1260 1678 1316 ΑΙ..ΑῆΒί
1713 1260 1940 1316 ΕΑΖᾸΞΙ
1975 1259 2535 1320 COMMENTARIUS.

325 1383 424 1439 tati
456 1381 680 1438 alﬁnem
723 1379 854 1438 huic
878 1380 1056 1438 ordini
1087 1381 1233 1438 velut
1275 1381 1618 1440 essentialem
1660 1384 1781 1438 DD.
1819 1385 1932 1439 Loo

327 1452 616 1509 vanienses
653 1461 984 1524 censuerunt
1011 1456 1105 1524 (In
1143 1469 1380 1523 respons.
1414 1454 1489 1509 ad
1522 1455 1724 1524 Qiixst.
1758 1456 1935 1524 Aqui-

328 1526 614 1596 cincten.).
635 1523 817 1596 Tertia
845 1523 1006 1596 ratio,
1027 1523 1095 1580 ad
1118 1523 1432 1596 augendum
1457 1523 1716 1580 meritum
1740 1523 1934 1580 mona-

328 1593 586 1667 chorum,
615 1592 709 1665 qui
749 1609 808 1649 se
841 1594 914 1649 ab
943 1592 1021 1649 eis
1058 1592 1315 1667 quze'sibi
1349 1603 1704 1667 apponuntur
1735 1604 1930 1667 sponte

327 1664 607 1721 abstinent
623 1663 844 1790 propter
873 1667 1055 1746 Deum
1073 1663 1141 1721 et
1154 1663 1351 1720 animae
1377 1663 1634 1747 salutem,
1657 1663 1927 1748 parciore,

327 1751 496 1790 uuam
533 1749 657 1790 num
674 1750 720 1790 δι
764 1752 776 1788 ι
809 1743 1070 1790 sunnetit.
1103 1750 1360 1790 mensura
1387 1743 1654 1790 contenti.
1697 1744 1927 1790 scientes

325 1751 496 1808 quam
533 1749 657 1808 quae
674 1743 776 1808 sibi
809 1743 1070 1808 suppetit,
1103 1750 1360 1808 mensura
1387 1743 1654 1803 contenti,
1697 1743 1932 1808 scientes

325 1789 762 1877 sanguine
780 1789 1007 1876 (pnis;
1033 1789 1097 1861 i'v
1109 1789 1135 1877 )i
1150 1789 1350 1877 satis
1367 1789 1664 1877 etiam;
1680 1789 1930 1862 aisais:
1958 1789 2008 1852 Β

325 1893 382 1948 re
407 1882 459 1934 et
474 1875 766 1948 penurmm
778 1879 924 1946 pati.
950 1875 1088 1946 Quae
1111 1875 1216 1948 fuit
1235 1876 1459 1948 insignis
1471 1877 1718 1934 doctrina
1739 1879 1796 1934 S.
1825 1879 1930 1932 Pa-

325 1945 536 2004 choniii
579 1945 817 2010 abbatis,
848 1945 1073 2014 qui,’ut
1097 1947 1232 2002 alias
1257 1945 1466 2002 dictum
1505 1955 1612 2014 est,
1658 1952 1930 2002 monaste-

325 1963 536 2004 cnomu
579 1963 817 2010 stipatis,
848 1963 965 2072 ius,
1009 1963 1073 2002 ut
1097 1963 1232 2002 alias
1257 1963 1466 2002 uictum
1505 1963 1612 2014 est,
1658 1963 1930 2002 monaste-

325 2022 472 2074 rium
495 2018 774 2088 quoddam
801 2019 852 2072 si
885 2019 908 2072 i
929 2017 1230 2087 subjectum
1252 2020 1544 2086 ingressus,
1569 2035 1690 2073 cum
1710 2019 1934 2073 vidisset

322 2091 380 2144 in
403 2089 597 2144 culina
613 2088 752 2142 nihil
764 2093 968 2142 coctum
983 2089 1253 2155 fratribus
1266 2091 1546 2158 apparari,
1570 2091 1936 2157 gravitersuc-

324 2162 560 2223 censuit,
605 2173 769 2228 coquo
817 2159 940 2213 licet
984 2163 1292 2221 excusante,
1341 2159 1484 2228 quod
1537 2160 1746 2226 fratres
1792 2159 1934 2214 nihil

322 2229 962 2298 coctumsibiappositum
980 2229 1324 2284 comederent.
1337 2232 1426 2284 An
1434 2229 1720 2297 ignoratis,
1737 2229 1930 2298 inquit,

323 2303 465 2372 quod
481 2301 786 2372 gloriosum
793 2301 869 2354 sit
881 2314 1107 2372 semper,
1121 2299 1388 2360 abstinere
1395 2301 1653 2372 presenti
1653 2301 1748 2354 bus
1757 2302 1932 2356 ?Nam

319 2370 370 2428 si
385 2373 521 2442 quis
540 2370 610 2424 ab
633 2386 696 2424 ea
716 2385 775 2423 re
789 2385 911 2440 qua:
934 2371 991 2423 in
1015 2373 1131 2439 ejus
1149 2375 1227 2424 est
1243 2374 1525 2439 potestate,
1555 2370 1742 2424 divim
1762 2372 1932 2425 consi-

320 2443 613 2498 deratione
625 2455 680 2495 se
697 2442 948 2503 continet,
973 2455 1231 2511 magnum
1255 2443 1594 2510 consequitur
1613 2457 1649 2495 a
1661 2445 1768 2497 Deo
1781 2456 1931 2511 prce-

321 2515 521 2568 mium.
542 2511 631 2568 Ab
646 2527 710 2564 ea
731 2526 853 2566 vero
881 2526 939 2566 re
957 2510 1109 2580 cujus
1133 2511 1325 2566 utendi
1335 2512 1606 2565 licentiam
1627 2527 1734 2566 non
1747 2510 1928 2573 habet,

319 2585 579 2653 quadam
601 2583 839 2637 noscitur
858 2583 1163 2637 necessitate
1184 2581 1416 2636 cohiberi
1439 2600 1456 2635 :
1481 2585 1532 2653 et
1562 2581 1680 2636 ideo
1710 2585 1934 2653 propter

318 2651 723 2709 abstinentiam
751 2657 987 2707 coactam
1009 2655 1172 2721 atque
1196 2653 1462 2714 inutilem,
1491 2652 1703 2718 frustra
1719 2651 1936 2705 videtur

320 2728 648 2794 exspectare
674 2723 981 2777 mercedem.
1007 2724 1247 2794 Denique
1271 2737 1390 2775 cum
1409 2721 1595 2791 plures
1619 2736 1748 2776 esca:
1771 2737 1937 2791 appo-

317 2793 742 2862 sitcefuerint,si
754 2795 956 2860 fratres
961 2794 1176 2863 parcius
1191 2793 1276 2847 his
1287 2796 1512 2847 utuntur
1520 2795 1934 2862 propter-Deum,

322 2870 456 2920 tunc
476 2863 639 2934 apud
656 2867 824 2919 Deum
847 2864 954 2918 sibi
978 2865 1276 2934 maximam
1301 2879 1448 2933 spem
1465 2869 1748 2934 reponunt.
1766 2865 1842 2934 De
1859 2864 1934 2916 ci-

324 2935 408 2989 bis
438 2933 632 2990 autem
661 2948 792 3004 quos
828 2949 937 2987 non
975 2933 1174 2996 vident,
1200 2950 1294 2987 nec
1325 2935 1401 2989 eis
1433 2933 1508 2987 ad
1529 2933 1936 3004 percipiendum

319 3007 579 3072 facultas
608 3004 724 3057 ulla
745 3004 1002 3058 tribuitur
1022 3023 1039 3057 :
1056 3005 1313 3072 quomodo
1327 3019 1426 3073 pro
1443 3007 1936 3073 parcimoniaprx-

321 3078 512 3130 mium
539 3073 884 3130 conceditur?
907 3073 995 3129 Sic
1011 3073 1071 3127 in
1101 3073 1216 3127 Vita
1243 3074 1300 3128 S.
1327 3072 1628 3130 Pachomii.
1661 3081 1736 3130 At
1754 3072 1822 3130 de
1853 3072 1938 3129 his

323 3145 494 3202 satis.

405 3217 434 3245 ⁸
459 3215 530 3267 D.
560 3210 935 3284 Hieronymus
961 3211 1118 3281 epist.
1159 3219 1220 3267 to
1263 3229 1276 3264 :
1313 3211 1592 3284 Nonnulli,
1620 3212 1816 3283 inquit,
1853 3215 1936 3268 ri-

325 3289 460 3339 tam
473 3282 736 3352 pudicam
763 3282 1128 3352 appetentium
1150 3285 1208 3336 in
1239 3282 1410 3336 medio
1446 3283 1639 3338 itinere
1665 3282 1936 3347 corruunt,

321 3355 473 3409 dum
487 3353 661 3406 solam
669 3352 1046 3408 abstinentiam
1058 3355 1301 3408 carnium
1314 3358 1582 3420 curant,et
1591 3355 1939 3423 leguminibus

321 3427 571 3480 onerant
603 3424 952 3496 stomachum,
985 3440 1105 3496 qua:
1131 3424 1404 3496 moderate
1429 3440 1695 3495 parceque
1720 3431 1937 3496 sumpta

322 3495 577 3550 innoxia
601 3497 748 3549 sunt.
774 3494 841 3549 Et
860 3492 954 3549 lib.
988 3492 1033 3552 ῐι
1055 3495 1110 3550 in
1127 3492 1490 3552 Jovinianuin
1517 3512 1531 3550 :
1557 3492 1739 3552 Etiam
1765 3492 1936 3551 expi-

323 3566 567 3622 lissimis
587 3566 717 3620 cibis
729 3566 952 3620 vitanda
967 3569 1192 3622 satietas
1205 3571 1284 3622 est
1309 3584 1327 3620 :
1350 3566 1490 3620 nihil
1511 3569 1651 3621 enim
1665 3570 1745 3622 ita
1756 3568 1939 3622 obruit

322 3640 606 3699 animum,
633 3641 696 3692 ut
716 3637 906 3707 plenus
932 3642 1133 3700 tenter,
1163 3643 1216 3693 et
1242 3642 1570 3705 exxstuans,
1587 3643 1638 3691 et
1660 3639 1763 3692 huc
1784 3638 1938 3692 illuc-

318 3723 437 3777 que
455 3722 520 3762 se
542 3711 769 3771 vertens,
787 3712 837 3764 et
854 3711 912 3763 in
933 3713 1114 3764 ructus
1137 3709 1221 3764 vel
1233 3709 1468 3778 crepitus
1482 3713 1760 3763 ventorum
1783 3709 1940 3776 efﬂa-

317 3782 480 3848 tio_ne
509 3780 797 3848 respirans.

397 3841 429 3881 ¹³
461 3841 612 3903 Hinc
644 3851 715 3902 D.
748 3847 1182 3917 Chrysostomus
1203 3850 1387 3911 (Hom.
1417 3853 1487 3901 44
1518 3849 1574 3900 in
1596 3849 1782 3911 Joan.)
1809 3864 1822 3899 :
1849 3849 1942 3902 Ni-

317 3919 414 3973 hil
453 3919 592 3987 gula
615 3919 995 3986 perniciosius;
1029 3917 1279 3987 obtusum
1307 3921 1357 3968 et
1394 3930 1632 3987 crassum
1664 3917 1942 3983 ingenium

313 3985 508 4058 facit,
539 3985 812 4058 carnalem
843 3985 1376 4058 egeatuintellectum,
1405 3985 1655 4058 negsinit
1685 3991 1767 4058 ut;
1784 3987 1944 4054 quid-

313 4053 513 4128 quam
529 4056 837 4123 perspiciat.
871 4057 943 4110 Et
963 4053 1090 4110 alibi
1118 4054 1388 4128 eleganter
1420 4071 1434 4108 :
1460 4055 1611 4128 Sicut
1639 4053 1942 4128 navis’one-

315 4123 505 4183 raria
534 4139 652 4193 qua:
677 4140 842 4194 supra
867 4141 1024 4181 suam
1051 4123 1480 4195 magnitudinem
1514 4123 1754 4179 vehenda
1783 4128 1941 4195 cepit,

310 4197 526 4253 onen's
548 4195 918 4262 magnitudine
947 4201 1176 4266 grauata
1197 4196 1586 4264 submergitur;
1611 4197 1690 4249 ita
1707 4199 1944 4265 corporis

311 4267 522 4323 nostri
529 4269 748 4331 natura,
763 4268 814 4321 si
821 4268 1005 4336 plures
1017 4267 1219 4337 accepit
1236 4267 1394 4329 cibos,
1407 4282 1572 4336 quam
1585 4268 1736 4333 ferre
1743 4269 1937 4336 possit,

310 4341 672 4411 ingestorum
689 4340 1008 4411 gravitatem
1025 4353 1131 4392 non
1151 4339 1350 4411 ferens,
1370 4339 1430 4391 in
1445 4337 1776 4411 perditionis
1787 4339 1940 4407 pela-

315 4424 429 4478 gus
456 4408 822 4476 demergitur,
849 4413 901 4464 et
923 4413 1139 4469 nautas.
1171 4411 1223 4462 et
1252 4408 1653 4476 gubernatores,
1684 4413 1736 4463 et
1762 4411 1938 4478 meum

314 4494 466 4535 onus
488 4494 616 4533 cum
639 4479 938 4532 hominibus
954 4479 1136 4548 perdit
1151 4481 1242 4542 (In
1266 4479 1449 4532 homil.
1471 4494 1585 4533 con.
1615 4479 1803 4534 luxur.
1821 4480 1859 4548 ).

2039 1391 2097 1439 et
2131 1383 2427 1466 juvenibus
2471 1383 2713 1454 vitando,
2756 1383 2934 1466 multa
2969 1382 3227 1466 praeclare
3255 1380 3634 1466 _D._Hier99y-

2039 1453 2164 1510 mus
2190 1461 2305 1509 toto
2335 1454 2473 1512 libro
2499 1470 2549 1511 ιι
2590 1453 2777 1511 contra
2813 1453 3184 1522 Jovinianum,
3216 1453 3310 1509 ubi
3341 1453 3458 1509 haec
3495 1453 3634 1507 inter

2038 1524 2140 1579 alia
2165 1523 2326 1594 (Cap.
2358 1529 2450 1593 6.)
2479 1543 2492 1580 :
2521 1529 2627 1581 Fac
2651 1541 2797 1581 esum
2824 1529 3073 1580 carnium
3099 1527 3300 1579 cunctis
3325 1524 3633 1578 nationibus

2038 1609 2146 1649 esse
2160 1610 2502 1666 communem,
2525 1600 2576 1651 et
2589 1598 2796 1666 passim
2814 1598 2968 1650 licere
2985 1596 3128 1665 quod
3141 1597 3346 1666 passim
3357 1596 3601 1662 gignitur
3615 1612 3632 1647 :

2039 1664 2175 1733 quid
2192 1666 2266 1719 ad
2284 1681 2400 1729 nos,
2663 1667 2986 1720 conversatio
2997 1664 3060 1718 in
3076 1665 3214 1720 ccelis
3235 1668 3349 1718 est?
3363 1667 3462 1732 qui
3475 1679 3637 1732 super

2038 1734 2424 1803 Pythagoram,
2447 1741 2497 1789 et
2515 1736 2900 1804 Empedoclem,
2921 1741 2974 1789 et
2993 1750 3168 1790 omnes
3182 1736 3460 1802 sapientia:
3477 1738 3636 1788 secta-
3719 1794 3730 1802 ,

2041 1808 2202 1867 tores,
2226 1821 2333 1860 non
2356 1807 2408 1860 ei
2435 1805 2708 1868 debemur,
2735 1807 2824 1859 cui
2853 1807 3146 1866 nascimur,
3177 1805 3271 1858 sed
3292 1805 3379 1857 cui
3402 1805 3635 1857 renasci-

2036 1891 2188 1942 mur;
2214 1877 2313 1945 qui
2329 1880 2712 1945 repugnantem
2735 1891 2966 1938 carnem,
2991 1880 3041 1930 et
3067 1875 3142 1929 ad
3163 1874 3450 1929 libidinum
3473 1875 3638 1928 incen-

2039 1947 2155 2000 tiva
2180 1947 2476 2015 rapientem
2504 1946 2685 2001 inedia
2711 1945 3103 2015 subjugamus?
3129 1948 3268 2002 Esus
3294 1946 3558 2005 carnium,
3588 1948 3640 1998 et

2032 2020 2192 2086 potus
2220 2018 2354 2079 cini,
2383 2019 2692 2086 ventrisque
2716 2019 2995 2083 saturitas,
3019 2017 3367 2071 seminarium
3391 2015 3636 2086 libidinis

2040 2084 2136 2142 est.
2170 2087 2318 2141 Unde
2347 2092 2398 2143 et
2425 2084 2662 2144 Comicus
2693 2105 2710 2140 :
2738 2088 2866 2144 Sine
2900 2089 3100 2150 Cerere,
3131 2087 3332 2155 inquit,
3371 2089 3422 2139 et
3449 2084 3637 2155 Libero

2039 2159 2210 2228 friget
2243 2159 2438 2213 Venus.
2475 2159 2542 2212 Et
2566 2157 2620 2228 in
2648 2157 2806 2228 epist.
2835 2163 2923 2223 22,
2950 2157 3018 2212 ad
3050 2153 3436 2228 Eustochium,
3461 2153 3552 2228 ubi
3573 2169 3636 2208 ex

2039 2227 2228 2283 multis
2256 2229 2548 2298 praemissis
2571 2227 2642 2284 ita
2671 2227 2948 2284 concludit
2979 2246 2992 2282 :
3023 2229 3084 2284 Si
3106 2227 3240 2296 quid
3262 2228 3444 2296 itaque
3471 2227 3528 2279 in
3555 2240 3637 2279 me

2033 2302 2209 2368 potest
2233 2297 2343 2354 esse
2375 2301 2606 2366 consilii,
2651 2300 2706 2353 in
2738 2304 2957 2368 experto
2990 2298 3243 2359 creditur,
3277 2297 3371 2351 hoc
3397 2298 3635 2368 primum

2035 2367 2233 2431 moneo,
2265 2369 2360 2424 hoc
2397 2370 2644 2435 obtestor,
2673 2373 2735 2424 ut
2769 2367 2966 2439 sponsa
3003 2370 3203 2426 Christi
3226 2369 3413 2422 vinum
3449 2367 3635 2434 fugiat

2035 2454 2134 2508 pro
2160 2455 2374 2494 veneno.
2407 2443 2532 2496 Haec
2556 2438 2808 2495 adversus
2837 2438 3245 2494 adolescentiam
3270 2439 3452 2507 prima
3477 2451 3635 2508 arma

2038 2507 2161 2564 sunt
2187 2509 2505 2564 diemonum.
2541 2512 2742 2566 Vinum
2764 2515 2815 2565 et
2842 2511 3194 2565 adolescentia
3224 2509 3428 2578 duplex
3449 2511 3526 2560 est
3555 2507 3639 2559 in-

2041 2579 2285 2650 cendium
2309 2581 2602 2650 voluptatis
2635 2597 2651 2632 :
2681 2581 2814 2650 quid
2849 2582 3020 2634 oleum
3054 2583 3280 2646 flammis
3313 2578 3638 2650 adjicimusif

2043 2649 2180 2718 quid
2198 2649 2735 2720 ardentigcorpusculo
2751 2651 2988 2716 fomenta
3010 2651 3218 2718 ignium
3234 2650 3600 2720 ministramus
3611 2649 3640 2699 ?

2043 2715 2148 2790 etc.
2179 2721 2252 2774 Et
2277 2718 2467 2790 alioin
2503 2715 2623 2777 loco
2649 2715 2904 2790 (In’cap.
2924 2734 2964 2776 v
2989 2715 3146 2788 epist.
3188 2719 3262 2771 ad
3291 2719 3468 2775 Galat.
3486 2717 3510 2790 )7
3535 2715 3640 2790 hoc

2043 2787 2188 2844 idem
2218 2789 2506 2846 consilium
2545 2785 2852 2845 conﬁrmat—
2875 2785 3060 2845 dicetis
3095 2806 3109 2842 :
3141 2790 3286 2846 Licet
3311 2804 3393 2842 me
3415 2785 3640 2855 quidam

2042 2861 2100 2930 in
2119 2875 2177 2930 eo
2197 2860 2333 2915 libro
2351 2875 2509 2930 quem
2528 2861 2595 2916 de
2611 2861 2886 2918 Servanda
2901 2862 3214 2929 uirginitate
3229 2859 3440 2928 scripsi,
3463 2871 3642 2930 repre-

2042 2929 2378 2985 hendendum
2383 2937 2594 3000 putent,
2609 2931 2751 3000 quod
2762 2932 3000 2986 dixerim
3013 2931 3362 2985 adolescentes
3371 2929 3640 3000 itat‘inum

2042 3001 2226 3056 debere
2244 2995 2434 3070 fugere
2455 3007 2517 3057 ut
2538 2995 2809 3065 venenum,
2835 3017 2938 3057 non
2956 3017 3038 3056 me
3055 3002 3328 3056 sententiis
3343 2995 3636 3068 paenitebit.

2046 3072 2189 3140 Opus
2210 3075 2412 3143 quippe
2437 3074 2515 3127 ibi
2535 3075 2708 3142 magis
2730 3075 2848 3127 uini
2862 3089 3025 3142 quam
3047 3073 3148 3143 Dei
3165 3087 3200 3124 a
3221 3071 3642 3143 nobisgcreatura

1971 3149 2018 3212 ε
2047 3139 2428 3210 damnata—est;
2445 3149 2497 3198 et
2512 3139 2780 3198 licentiam
2797 3139 3639 3212 abstulimusjueentuti,proprio

2045 3215 2226 3294 ωέαιίθ
2239 3208 2423 3294 salue
2439 3215 2889 3294 νςτυεηέίιριεέιιδ
2908 3208 3172 3294 mea?
3185 3227 3382 3294 retur
3403 3208 3634 3294 ζ’ίίῖθέλάίτ

2041 3282 2168 3352 plus
2195 3284 2410 3346 biberet,
2437 3278 2488 3354 et
2507 3287 2733 3354 periret.
2761 3287 2980 3340 Rursus
3003 3278 3207 3354 etalibi
3235 3283 3442 3354 (Epist.
3474 3284 3551 3354 lo_
3563 3278 3640 3354 ad

2046 3351 2300 3419 Furiam)
2357 3355 2409 3408 in
2470 3351 2610 3410 hanc
2651 3353 2976 3410 sententiam
3033 3353 3110 3408 sic
3161 3351 3406 3424 loquitur
3463 3368 3476 3404 :
3525 3351 3641 3424 Non

2045 3427 2244 3480 Etnxi
2277 3427 2447 3494 ignes,
2491 3441 2598 3481 non
2646 3426 2914 3482 Vulcania
2948 3425 3125 3487 tellus,
3160 3422 3268 3478 non
3309 3422 3641 3494 Veswvuset

2046 3491 2488 3566 Oylmpus'tantis
2499 3497 2777 3552 ardoribus
2789 3501 3038 3558 astuant,
3051 3500 3113 3550 ut
3115 3495 3146 3564 j
3148 3494 3378 3566 uveniles
3392 3491 3640 3546 medulla:

2042 3568 2165 3643 gina
2182 3565 2432 3643 plenxet
2446 3568 2679 3643 dapibus
2694 3569 3063 3643 inflammatis.
3087 3568 3222 3643 Haec
3243 3565 3633 3643 Hieronymus.

2043 3634 2250 3708 Verum
2287 3636 2446 3708 hujus
2475 3634 2578 3694 loci
2607 3634 2893 3708 occasione
2921 3637 3132 3692 videtur
3155 3636 3243 3708 hic
3269 3634 3638 3708 de_abstinen-

2044 3705 2119 3762 tia
2163 3723 2195 3762 a
2245 3704 2502 3781 carnibus
2539 3715 2594 3763 et
2641 3707 2787 3781 vino,
2835 3717 3105 3781 quatenus
3141 3705 3213 3781 ad
3261 3704 3541 3781 religiosos
3586 3709 3642 3780 et

2046 3777 2628 3853 monachosAspectat;
2665 3775 3280 3853 Alatius'disserendum.
3340 3777 3420 3853 ιιι¹
3452 3775 3642 3841 primis

2045 3856 2259 3919 constat
2285 3843 2597 3919 hujusmodi
2633 3847 3012 3904 abstinentiam
3056 3845 3246 3902 multis
3274 3843 3453 3919 modis
3491 3855 3644 3894 com-

2047 3917 2318 3988 mendari,
2353 3912 2414 3973 ἶο
2448 3919 2516 3974 ab
2542 3920 2868 3988 auctoritate
2901 3919 3215 3988 Scriptura,
3255 3918 3317 3969 2°
3355 3912 3426 3968 ab
3453 3925 3644 3988 exem-

2051 3987 2140 4056 Ριο
2169 3979 2564 4063 apostolorum,
2595 3993 2654 4042 3°
2688 3987 2756 4042 ab
2784 3979 3038 4058 exemplo
3065 3979 3310 4063 veterum
3332 3979 3644 4063 monacho-

2050 4054 2275 4131 rum_:et
2309 4057 2761 4131 anachoretarum
2781 4097 2797 4123 ,
2840 4064 2900 4131 4ο
2947 4054 3014 4112 ex
3055 4054 3253 4125 regulis
3296 4061 3353 4108 et
3390 4054 3648 4131 institutis

2048 4126 2149 4202 SS.
2188 4127 2440 4202 Patrum,
2463 4131 2526 4182 5°
2559 4142 2622 4182 ex
2652 4120 2889 4202 decretis
2912 4120 3276 4202 _summ6_rum_
3297 4120 3638 4202 pontiﬁcum.

2055 4197 2340 4252 Postremo
2392 4196 2462 4252 ab
2510 4197 2769 4266 exemplis
2816 4196 3014 4266 divina:
3064 4194 3544 4266 animadversionis
3589 4194 3640 4266 in

2047 4274 2478 4348 transgressores
2535 4261 2846 4348 liujusmodi
2900 4266 3161 4340 regularis
3203 4263 3537 4322 abstinentia:
3587 4261 3638 4317 in

2048 4339 2212 4393 veteri
2238 4339 2609 4395 Testamento.

2116 4410 2160 4463 Ι.
2184 4481 2187 4482 ν
2211 4409 2401 4482 Daniel
2435 4409 2508 4464 ita
2551 4409 2621 4466 de
2649 4424 2708 4464 se
2737 4408 2976 4482 loquitur
3016 4429 3028 4466 :
3067 4411 3130 4465 In
3169 4410 3356 4465 diebus
3398 4409 3508 4463 illis
3545 4424 3640 4478 ego

2043 4479 2238 4535 Daniel
2264 4480 2508 4550 lugebam
2537 4483 2708 4536 trium
2734 4479 3183 4538 hebdomadarum
3208 4483 3414 4537 diebus.
3443 4483 3643 4535 Panem

394 4552 424 4582 ⁸
453 4547 696 4618 Vulgata
741 4549 930 4604 Versio
954 4544 1140 4602 'habet
1181 4548 1395 4618 (Ezech.
1431 4550 1565 4618 XVI)
1611 4568 1626 4616 ς
1655 4551 1787 4605 Ecce
1821 4544 1935 4605 haec
1964 4544 2015 4606 D
2043 4544 2452 4608 desiderabilem
2475 4569 2579 4608 non
2605 4554 2839 4618 comedi;
2877 4558 2928 4608 et
2955 4569 3098 4616 caro,
3125 4557 3177 4607 et
3207 4556 3390 4608 vinum
3422 4568 3527 4605 non
3552 4553 3640 4604 in-

312 4621 447 4687 fuit
466 4619 744 4691 iniquitas
753 4619 993 4691 Spdomce
1009 4620 1209 4691 sororis
1233 4622 1359 4684 tux,
1375 4619 1650 4691 superbia,
1673 4623 1938 4676 saturitas

315 4691 526 4760 panis,
551 4693 603 4742 et
626 4689 982 4751 abundantia,
1005 4693 1058 4744 et
1068 4690 1237 4742 otium
1260 4691 1432 4758 ipsius
1455 4694 1507 4744 et
1527 4690 1768 4759 ﬁliarum
1788 4691 1936 4760 ejus;

312 4767 374 4840 e_t
391 4775 637 4840 manum
649 4774 810 4828 egeno
833 4764 886 4840 et
895 4761 1126 4840 pauperi
1139 4775 1248 4840 non
1264 4761 1606 4840 porrigebat;
1615 4760 1726 4840 U_bi
1747 4771 1938 4816 notan-

317 4831 472 4888 dum
505 4837 762 4902 quatuor
782 4838 879 4886 aut
898 4829 1152 4902 quinque
1184 4829 1348 4902 _vitia_
1369 4829 1532 4886 tribui
1573 4829 1849 4893 Sodoma,
1880 4840 1942 4888 ut

313 4899 554 4982 causas:
570 4899 765 4982 excidii
785 4908 839 4955 et
855 4899 1226 4982 subversionis
1253 4899 1443 4982 ipsius,
1463 4915 1586 4982 quae
1610 4908 1791 4982 tamen
1809 4917 1938 4982 cum

321 4970 586 5044 peccatis
613 4971 936 5028 Judazorum
968 4969 1184 5044 collata,
1213 4969 1395 5044 multo
1426 4969 1638 5026 minora
1665 4981 1720 5027 et
1743 4971 1937 5044 leviora

317 5039 672 5124 censentur;
696 5057 898 5124 nempe
909 5039 1470 5124 superbientugulam,
1487 5056 1652 5124 quam
1672 5041 1942 5124 propheta

323 5121 506 5185 vocat
536 5112 697 5185 panis
733 5111 1109 5185 saturitatem;
1155 5111 1472 5185 divitiarum
1504 5111 1938 5185 abundantiam,

321 5184 442 5240 hoc
468 5182 568 5240 est
598 5183 911 5255 avaritiam;
941 5191 998 5239 et
1039 5182 1372 5255 vacationem
1401 5182 1621 5255 a_boni_s
1662 5182 1939 5254 operibus,

319 5269 515 5326 quam
543 5262 707 5309 vocat
733 5252 941 5326 otium;
970 5261 1025 5309 et
1046 5252 1647 5326 immisericordiamin
1679 5252 1941 5326 pauperes

320 5323 385 5381 ret
416 5339 674 5406 egenos;
697 5340 762 5405 ex
788 5323 990 5406 quibus
1019 5324 1157 5380 vitiis
1186 5323 1300 5406 duo
1323 5332 1538 5380 tantum
1567 5323 1655 5380 hic
1679 5323 1956 5397 Expressit-

318 5394 542 5451 auctbr
569 5408 674 5450 suo
700 5394 944 5450 instituto
971 5395 1402 5452 accommodata.

399 5454 432 5497 τί
475 5465 547 5520 Id
595 5472 712 5546 est,
747 5463 841 5536 qui
880 5465 1002 5522 licet
1042 5465 1225 5546 validi,
1273 5475 1340 5546 et,
1371 5465 1628 5546 valentes,
1681 5465 1938 5546 carnibus

323 5543 530 5610 tamen
570 5541 624 5590 et
665 5537 787 5590 vino
816 5551 924 5610 non
949 5550 1006 5591 se
1047 5543 1352 5610 temperant
1399 5555 1413 5592 :
1444 5537 1577 5610 quin
1615 5538 1795 5610 potius
1825 5539 1934 5610 rim-

323 5605 635 5678 moderate
659 5613 716 5662 et
755 5606 1083 5678 voluptuose
1114 5605 1179 5663 iis
1211 5605 1531 5665 abutuntur.
1556 5605 1658 5678 De
1686 5609 1936 5666 carnium

315 5683 381 5732 et
413 5674 540 5734 viiii
574 5691 696 5746 usu,
736 5674 1036 5750 praesertim
1075 5677 1458 5748 immoderato,
1501 5677 1936 5738 adolescentibus

2041 4619 2304 4677 troierunt
2325 4625 2382 4678 in
2398 4638 2454 4678 os
2473 4639 2646 4679 meum
2669 4624 2896 4690 (Daniel.
2916 4627 3009 4692 χ).
3028 4625 3088 4678 ln
3113 4638 3254 4678 novo
3280 4632 3477 4692 autem
3491 4635 3643 4692 come

2045 4692 2337 4764 mendatur
2369 4695 2608 4764 Joannes
2650 4697 2918 4764 Baptista,
2953 4690 3049 4762 qui
3076 4695 3290 4764 locustis
3319 4696 3371 4764 et
3407 4690 3642 4764 silvestri

2043 4764 2216 4826 melle,
2233 4763 2408 4834 inquit
2427 4759 2791 4834 Hieronymus
2813 4765 2901 4833 (L.
2921 4759 3040 4834 ii'in
3057 4762 3328 4834 lavinian.
3340 4759 3378 4828 ),
3393 4761 3639 4834 uescitur,

2044 4848 2151 4887 non
2172 4830 2423 4888 carnibus
2449 4830 2647 4898 (Matt;
2669 4833 2776 4901 ιιι)
2795 4830 2829 4898 ς’
2843 4833 3205 4898 habitatioque
3227 4830 3444 4901 deserti,
3477 4834 3525 4883 et
3549 4831 3643 4883 in-

2046 4903 2314 4956 cunabula
2348 4904 2722 4957 monachorum
2762 4900 2960 4956 talibus
3003 4901 3322 4955 inchoantur
3347 4900 3639 4956 alimentis.

2049 4973 2120 5026 Et
2148 4972 2484 5040 Augustinus
2526 4971 2720 5044 (Serm.
2753 4977 2846 5036 65,
2877 4971 2944 5026 de
2982 4970 3190 5044 Temp.)
3217 4991 3228 5024 :
3257 4973 3504 5035 Joannes,
3543 4973 3639 5038 ait,

2042 5056 2341 5112 prcecursor
2366 5043 2600 5105 Domini,
2645 5043 2856 5098 locustis
2889 5045 2949 5097 in
2975 5058 3143 5098 eremo
3179 5047 3228 5098 et
3254 5047 3458 5112 agresti
3492 5046 3643 5099 melle

2046 5115 2308 5176 nutritur,
2335 5129 2438 5168 non
2463 5115 2782 5168 animalium
2805 5115 3074 5178 carnibus,
3101 5130 3206 5170 non
3229 5115 3496 5169 uolucrum
3520 5131 3643 5169 sua-

2048 5186 2311 5256 vitatibus
2325 5187 2592 5256 pascitur.
2623 5188 2734 5241 Nec
2760 5185 2935 5241 solum
2956 5201 2988 5241 a
3015 5187 3290 5252 carnibus,
3313 5185 3408 5241 sed
3427 5194 3482 5240 et
3505 5199 3642 5256 pane

2047 5263 2105 5311 et
2129 5252 2254 5311 vino
2281 5252 2561 5312 abstinuit.
2596 5256 2759 5314 Unde
2786 5265 2839 5311 et
2865 5257 3114 5314 Salvator
3137 5258 3215 5313 ait
3242 5276 3256 5312 :
3292 5257 3450 5312 Venit
3475 5252 3641 5311 Ioan-

2047 5342 2138 5382 nes
2172 5329 2421 5397 Baptista
2449 5343 2614 5397 neque
2650 5328 2975 5385 manducans

2045 5399 2226 5453 vinum
2249 5400 2393 5468 (Luc.
2419 5399 2551 5469 vu).
2584 5401 2651 5454 Et
2670 5401 2961 5468 Apostolus
2979 5397 3052 5456 ad
3074 5404 3355 5456 Romanos
3374 5397 3637 5469 scribens.

2045 5467 2376 5541 Bonumest,
2415 5467 2610 5541 inquit,
2635 5467 2740 5524 non
2769 5471 3093 5525 manducare
3121 5479 3330 5524 carnem
3359 5470 3536 5541 etnon
3560 5467 3644 5518 bi-

2046 5539 2162 5594 bere
2197 5541 2402 5604 uinum,
2438 5535 2608 5610 neque
2637 5542 2696 5596 in
2725 5557 2828 5610 quo
2855 5544 3031 5609 frater
3059 5547 3180 5612 tuus
3213 5535 3638 5612 scandalizath

2042 5615 2141 5692 ειμι
2177 5603 2489 5692 inﬁmam"
2510 5603 2701 5692 ἰξίορπς.
2720 5603 2872 5692 390'-
2905 5603 3645 5692 ειέιυίδειε.ΧεέτένέεεεῑΨ-Ηεὲί

2044 5672 2314 5738 Batonius
2340 5685 2468 5750 (An.
2500 5672 2701 5741 Christi
2731 5672 3115 5752 57)'peculiare
3138 5675 3306 5732 fuisse
3333 5672 3389 5724 in
3421 5672 3506 5724 illa
3531 5672 3650 5736 pri-

3005 5345 3220 5399 panem,
3260 5343 3426 5396 neque
3466 5329 3644 5399 bibens
3736 5328 3745 5339 ⁶
