3996 6198
338 241 444 296 223

1684 230 1967 289 JOANNIS
2002 228 2303 287 CASSIANI

3538 229 3645 283 224

336 359 610 431 concedit,
637 369 695 418 et
731 360 823 434 qui
856 367 1040 417 totum
1077 359 1180 418 sibi
1214 336 1323 434 pro
1358 356 1709 416 continentia
1742 371 1934 413 amore
1962 359 2018 423 Α
2042 358 2126 412 nis
2152 370 2334 411 curam
2363 369 2430 411 ne
2462 354 2699 423 feceritis
2725 354 2787 408 in
2811 352 3091 434 desideriis
3121 350 3290 422 (Rom.
3336 350 3491 422 xm).
3520 352 3646 407 Non

338 454 699 529 denegarem;
753 470 925 529 quam
966 454 1062 529 qui
1100 469 1194 512 eas
1235 453 1340 510 sub
1388 451 1724 509 inﬁrmitatis
1774 466 1941 509 occa-

340 553 492 611 sione
530 560 811 613 sumentes
841 567 1161 609 mensuram
1196 549 1538 608 sufﬁcientia
1573 548 1937 608 custodirent.

342 646 528 703 Habet
562 647 730 702 etiam
770 645 1018 718 corporis
1052 644 1396 702 imbecillitas
1437 643 1791 702 continentiae
1827 658 1943 701 sum

343 736 618 812 palmam,
652 737 956 795 dummodo
990 738 1128 794 escis
1163 736 1458 795 defectioni
1499 737 1679 795 carnis
1718 737 1944 795 indultis

346 832 528 889 adhuc
568 832 905 901 indigentem
935 845 994 887 se
1030 828 1327 889 refectione
1352 831 1658 899 defraudet,
1698 837 1944 889 tantum-

344 939 451 995 que
498 938 623 980 esus
670 923 964 997 indulgeat,
1009 933 1278 996 quantum
1318 922 1570 981 sufficere
1616 922 1685 981 ad
1732 922 1946 981 vivendi

344 1030 506 1072 usum
544 1015 917 1088 temperantia:
956 1015 1214 1073 discretio
1243 1016 1420 1089 rigida
1441 1016 1785 1089 judicaverit,
1827 1031 1942 1072 non

346 1118 618 1181 quantum
655 1108 909 1166 desiderii
939 1110 1211 1183 appetitus
1234 1110 1498 1183 exposcit.
1538 1111 1941 1168 Esculentiores

280 1244 285 1250 .
345 1202 455 1258 cibi
497 1210 562 1259 ut
599 1210 893 1274 procurant
926 1203 1173 1274 corporis
1217 1203 1534 1273 sanitatem,
1568 1204 1642 1260 ita
1674 1204 1943 1261 castitatis

343 1309 459 1350 non
495 1293 749 1350 adimunt
797 1294 1111 1366 puritatem,
1153 1296 1200 1351 si
1245 1310 1375 1352 cum
1422 1294 1803 1353 moderatione
1846 1312 1945 1353 su-

346 1395 584 1443 mantur.
613 1387 888 1459 Quidquid
914 1388 1066 1445 enim
1087 1386 1423 1447 fortitudinis
1444 1405 1609 1448 causa
1630 1405 1729 1449 esu
1751 1406 1944 1447 eorum

347 1480 658 1552 percipitur,
687 1482 1028 1555 aegritudinis
1069 1482 1257 1540 labore
1299 1498 1365 1540 ac
1389 1483 1695 1542 defectione
1715 1500 1946 1554 consu-

345 1572 534 1629 mitur.
565 1573 936 1643 Quamobrem
961 1581 1025 1631 ut
1048 1575 1180 1631 nulli
1204 1576 1367 1632 statui
1397 1577 1565 1633 virtus
1592 1578 1947 1649 parcimonize

349 1665 629 1732 adimitur,
681 1667 757 1722 ita
796 1682 869 1722 ne
908 1667 1235 1740 integritatis
1277 1667 1506 1740 quidem
1544 1670 1947 1727 consummatio

348 1756 669 1829 denegatur.

932 1851 1173 1909 CAPUT
1210 1854 1363 1909 VIII.

513 1945 776 2011 Quomodo
812 1945 986 2000 cibum
1012 1952 1259 2017 appetere
1284 1964 1346 2003 ac
1373 1962 1575 2003 sumere
1604 1947 1778 2003 liceat.

420 2036 719 2093 Verissima
772 2046 859 2093 est
903 2038 1090 2110 itaque
1137 2042 1397 2108 Patrum,
1446 2039 1950 2112 probatissimaque

351 2130 659 2199 sententia,
703 2130 1052 2203 jejuniorum
1104 2140 1165 2188 et
1208 2132 1558 2189 continentia:
1606 2131 1846 2189 modum
1896 2133 1952 2189 in

352 2238 618 2279 mensura
653 2225 927 2296 parcitatis
968 2233 1209 2293 tantum,
1246 2234 1303 2281 et
1337 2225 1697 2298 castigatione
1734 2227 1952 2283 consis-

353 2325 497 2385 tere,
532 2325 588 2372 et
628 2316 775 2374 hunc
814 2334 938 2375 esse
983 2318 1239 2390 perfectae
1279 2319 1500 2375 virtutis
1543 2320 1601 2375 in
1651 2335 1953 2377 commune

351 2410 607 2467 omnibus
644 2411 837 2479 finem,
883 2419 944 2467 ut
987 2413 1054 2469 ab
1096 2413 1256 2482 escis,
1298 2428 1684 2484 quassumere
1728 2421 1954 2470 susten-

354 2502 503 2559 tandi
543 2506 791 2576 corporis
843 2507 1167 2564 necessitate
1210 2509 1623 2581 compellimur,
1666 2509 1847 2567 adhuc
1897 2510 1953 2566 in

354 2597 600 2667 appetitu
631 2613 823 2654 earum
861 2600 1028 2671 positi
1070 2608 1468 2673 temperemus.
1511 2603 1773 2673 Quamvis
1797 2604 1950 2660 enim

358 2688 480 2760 quis
533 2706 766 2765 corpore
828 2693 903 2749 sit
957 2694 1250 2766 infirmus,
1315 2694 1619 2769 perfectam
1684 2697 1953 2755 virtutem

355 2796 682 2856 aequamque
716 2786 955 2844 robustis
983 2803 1047 2844 ac
1073 2789 1222 2846 sanis
1256 2788 1313 2844 in
1343 2789 1604 2845 omnibus
1628 2789 1950 2860 possidebit,

355 2874 401 2931 si
428 2875 718 2946 desideria,
746 2895 871 2953 quae
909 2880 1170 2955 fragilitas
1208 2882 1387 2938 carnis
1418 2898 1530 2938 non
1562 2883 1749 2952 exigit,
1789 2899 1955 2939 men—

355 2971 427 3027 tis
452 2972 636 3045 rigore
660 2976 908 3046 castiget.
942 2975 1245 3047 Apostolus
1275 2990 1513 3046 namque
1542 2976 1618 3029 ait
1648 2992 1661 3029 :
1694 2978 1765 3031 Et
1792 2979 1815 3007 '
1846 2992 1953 3031 car-

2044 464 2176 523 ergo
2217 463 2415 506 curam
2455 447 2579 521 ejus
2613 445 2952 505 omnimodis
2984 430 3296 513 interdixit,
3344 443 3444 501 sed
3485 452 3549 501 ut
3586 444 3644 501 in

2045 542 2332 601 desideriis
2377 541 2561 611 fleret,
2611 540 2918 617 denegavit.
2975 539 3386 613 Voluptuosam
3432 536 3650 595 ademit

2047 636 2389 710 diligentiam
2434 637 2618 693 carnis
2635 676 2651 704 ,
2700 633 3164 709 gubernationem
3207 632 3332 689 vita
3383 646 3648 689 necessa-
3724 630 3727 633 “
3827 647 3836 656 ο

2048 733 2193 789 riam
2228 747 2347 788 non
2384 731 2617 788 exclusit
2660 750 2673 787 :
2714 730 2873 799 illud,
2903 745 2977 787 ne
3003 727 3342 801 indulgentia
3366 728 3545 784 carnis
3580 727 3650 784 ad

2049 823 2454 881 desideriorum
2495 824 2882 896 occupationes
2909 823 3107 878 noxias
3133 820 3519 886 devolvamur;
3545 820 3652 877 hoc

2051 932 2203 987 vero,
2239 933 2313 974 ne
2346 900 2684 990 corruptum.
2713 925 2903 973 nostro
2945 916 3081 973 vitio
3128 930 3329 987 corpus
3376 915 3653 987 spiritales

2051 1026 2116 1067 ac
2141 1011 2480 1068 necessarias
2506 1008 2822 1067 functiones
2848 1008 3075 1081 implere
3098 1023 3213 1064 non
3238 1007 3432 1080 possit.

2651 1150 2896 1208 CAPUT
2934 1149 3036 1206 IX.

2050 1275 2124 1329 De
2145 1287 2392 1329 mensura
2404 1273 2821 1353 castigationuni
2837 1268 3296 1355 assumendum,
3317 1269 3654 1339 remedioque

2736 1356 2959 1413 πελαγία.

2126 1481 2359 1537 Summa
2385 1479 2549 1554 igitur
2580 1478 2941 1536 continentiae
2980 1492 3093 1534 non
3116 1476 3232 1533 sola
3265 1476 3533 1548 temporis
3559 1490 3658 1531 ra-

2054 1575 2227 1644 tione,
2256 1590 2360 1632 nec
2387 1589 2642 1632 escarum
2671 1572 2931 1645 qualitate
2960 1569 3373 1634 tantummodo,
3409 1569 3502 1626 sed
3527 1578 3656 1627 ante
3706 1642 3723 1651 ’

2056 1669 2243 1724 omnia
2270 1667 2616 1724 conscientiae
2634 1666 2850 1739 judicio
2878 1666 3183 1739 colligenda
3220 1672 3325 1721 est.
3358 1658 3385 1696 ¹³
3409 1666 3657 1721 Tantum

1983 1772 2031 1834 Β
2057 1763 2210 1818 enim
2244 1761 2409 1819 debet
2446 1761 2819 1834 unusquisque
2862 1760 2970 1817 sibi
3017 1758 3345 1832 frugalitatis
3385 1758 3654 1827 indicere,

2054 1863 2323 1927 quantum
2368 1869 2648 1926 corporeae
2698 1853 3081 1910 obluctationis
3134 1868 3321 1927 pugna
3370 1852 3645 1925 deposcit.

2053 1947 2217 2004 Utilis
2243 1947 2472 2019 quidem
2514 1956 2572 2005 et
2609 1947 2950 2005 omnimodis
2986 1947 3325 2005 observanda
3355 1956 3439 2003 est
3478 1963 3656 2003 cano—

2057 2042 2176 2097 nica
2198 2040 2543 2113 jejuniorum
2582 2039 2875 2108 custodia;
2902 2039 3003 2098 sed
3026 2040 3133 2097 nisi
3165 2039 3310 2096 hanc
3335 2039 3474 2113 frugi
3497 2038 3658 2095 fuerit

2058 2134 2311 2191 ciborum
2351 2132 2576 2191 refectio
2613 2135 2938 2203 subsecuta,
2978 2131 3048 2188 ad
3088 2131 3414 2204 integritatis
3451 2132 3659 2188 calcem

2058 2244 2172 2285 non
2201 2227 2402 2300 poterit
2430 2228 2733 2299 pervenire.
2778 2228 3100 2299 Longorum
3142 2241 3384 2297 namque
3415 2224 3657 2297 jejunio-

2060 2337 2185 2377 rum
2206 2320 2409 2386 inedia,
2437 2319 2723 2377 saturitate
2748 2319 2996 2391 corporis
3024 2317 3423 2390 subsequente,
3451 2317 3663 2373 lassitu-

2059 2413 2255 2471 dinem
2281 2414 2465 2486 potius
2491 2411 2884 2484 temporalem,
2910 2427 3091 2485 quam.
3106 2412 3401 2484 puritatem
3430 2411 3663 2466 castita-

2059 2509 2131 2565 tis
2153 2507 2401 2580 acquirit.
2433 2506 2726 2579 lntcgritas
2743 2506 2942 2579 quippe
2962 2503 3173 2569 mentis
3191 2505 3392 2560 ventris
3412 2503 3664 2560 cohaeret

2059 2601 2274 2659 inedia.
2299 2603 2423 2657 Non
2441 2600 2606 2656 habet
2636 2609 2954 2673 perpetuam
2974 2597 3311 2656 castimoniae
3334 2597 3658 2669 puritatem,

2059 2694 2306 2768 quisquis
2328 2710 2441 2751 non
2462 2694 2655 2767 jugem
2672 2692 3055 2765 temperantiae
3083 2691 3451 2764 mqualitatem
3469 2699 3663 2747 tenere

2058 2797 2351 2846 contentus
2377 2795 2479 2844 est.
2511 2787 2771 2857 Quamvis
2796 2786 3037 2843 districta
3060 2781 3308 2859 jejunia,‘
3338 2785 3666 2842 succedente

2057 2883 2333 2955 superﬂua
2361 2881 2705 2949 remissione,
2741 2888 3061 2948 vacuantur,
3089 2889 3143 2936 et
3170 2881 3225 2935 in
3265 2879 3665 2952 gastrimargia)

2061 2975 2248 3031 vitium
2279 2974 2524 3046 protinus
2550 2971 2895 3029 collabuntur
2935 2990 2951 3028 :
2990 2975 3016 3005 ο
3060 2972 3257 3028 Melior
3292 2980 3379 3029 est
3419 2970 3664 3027 rationa-

1451 3104 1708 3161 ALARDI
1744 3105 1971 3162 GAZ/EI
2007 3104 2564 3163 COMMENTARIUS.

430 3225 729 3300 {Eodem
747 3226 913 3283 modo
946 3229 1018 3283 D.
1049 3228 1349 3300 Gregorius
1373 3243 1439 3284 ex
1464 3227 1566 3285 hac
1588 3230 1853 3285 sententia
1874 3246 1956 3286 ra-
1986 3235 2031 3297 Ο
2064 3230 2350 3286 admodum
2382 3228 2788 3290 medicamenta,
2818 3228 2896 3282 sic
2932 3228 3193 3282 alimenta
3229 3229 3537 3300 sumpturus
3564 3237 3663 3277 ac-

360 3296 650 3370 tiocinatur
677 3297 771 3354 lib.
805 3313 932 3355 xxx
959 3296 1315 3370 Moralfcap.
1348 3303 1414 3356 18
1443 3318 1455 3353 ε
1498 3302 1625 3368 Quae
1647 3303 1835 3369 igitur,
1870 3301 1955 3356 in-

360 3367 499 3441 quit,
527 3370 650 3437 ﬁeri
680 3371 738 3423 in
764 3370 1025 3426 desiderio
1046 3367 1380 3441 prohibetur,
1411 3373 1468 3425 in
1501 3367 1808 3427 necessitate
1835 3388 1961 3427 con-

330 3490 337 3493 .
361 3439 567 3512 ceditur
596 3458 618 3512 τί
644 3441 737 3494 sed
761 3457 901 3512 saepe
927 3439 1062 3496 dum
1087 3444 1297 3496 incaute
1318 3444 1625 3497 necessitati
1650 3444 1962 3497 condescen-

363 3509 561 3582 dimus,
583 3509 863 3566 desideriis
888 3513 1234 3567 deseruimus.
1258 3514 1663 3582 Nonnumquam
1685 3528 1805 3567 vero
1829 3513 1961 3567 dum

360 3580 1042 3637 desideriisimmoderatius
1052 3584 1265 3637 obviare
1273 3580 1856 3647 nitimurInecessitatis
1866 3586 1967 3637 mi-

360 3654 526 3707 serias
551 3667 820 3721 augemus.
851 3654 940 3709 Sic
975 3656 1117 3708 enim
1146 3668 1346 3708 necesse
1374 3658 1473 3717 est,
1502 3658 1564 3708 ut
1599 3668 1773 3707 arcem
1812 3655 1962 3723 quis-

363 3737 466 3791 que
503 3726 838 3778 continentia:
883 3728 1083 3788 teneat,
1125 3727 1385 3791 quatenus
1430 3740 1537 3779 non
1581 3739 1821 3787 carnem,
1870 3724 1963 3779 sed

360 3795 496 3865 vitia
521 3796 697 3848 carnis
719 3794 943 3849 occidat.
967 3796 1104 3850 Haec
1124 3794 1420 3864 Gregorius
1452 3808 1715 3865 perquam
1744 3809 1962 3849 accom-

362 3863 584 3920 modate
612 3865 684 3919 ad
727 3873 1049 3934 prmaentem
1079 3863 1262 3921 locum
1288 3866 1435 3930 (Lib.
1454 3863 1546 3920 'de
1573 3863 1714 3919 Vera
1749 3866 1955 3933 Virg.).

363 3934 464 3989 Cui
492 3937 766 3991 consentit
793 3939 863 3990 D.
891 3935 1125 3991 Basilius
1147 3935 1218 3990 ad
1244 3934 1388 3990 hunc
1414 3934 1644 3990 modum
1675 3935 1916 3991 scribens
1940 3956 1954 3990 :

364 4005 626 4071 Quoniam
666 4009 915 4062 innatum
966 4008 1117 4062 nobis
1157 4008 1389 4076 corporis
1430 4006 1755 4069 vehiculum,
1795 4021 1960 4074 neque

361 4079 527 4131 nimis
557 4078 796 4132 (amando
822 4080 1002 4144 frena,
1034 4092 1200 4147 neque
1228 4093 1417 4133 rursus
1444 4076 1721 4131 immodice
1748 4076 1845 4130 illa
1873 4092 1958 4131 re-

362 4148 576 4202 tinendo
599 4149 674 4202 ad
701 4150 921 4203 virtutis
944 4164 1160 4203 cursum
1175 4148 1466 4217 producere
1487 4152 1727 4217 oportet:
1758 4147 1959 4201 idcirco

361 4222 412 4271 et
444 4234 717 4287 corporum
751 4224 946 4282 status,
977 4223 1029 4273 et
1056 4220 1290 4281 habitus,
1321 4223 1373 4272 et
1407 4219 1642 4273 ciborum
1668 4218 1958 4287 qualitates

360 4288 576 4341 solerter
603 4291 882 4357 deplorare
910 4293 1205 4353 conveniet;
1238 4294 1300 4343 ut
1324 4289 1503 4344 ralido
1526 4290 1759 4358 quidem,
1789 4294 1840 4343 ct
1868 4304 1960 4342 re-

362 4360 477 4428 geto
504 4361 732 4426 corporis
750 4361 909 4423 frena
929 4361 1305 4421 immittamus,
1331 4364 1380 4413 et
1393 4376 1494 4428 per
1518 4360 1774 4422 inediam,
1797 4361 1962 4428 frigi-

363 4425 637 4498 dioresque
655 4428 791 4481 cibos
811 4429 1231 4482 redundantiam
1252 4425 1440 4483 caloris
1462 4445 1736 4484 arceamus
1758 4448 1774 4482 :
1794 4425 1958 4498 porro

364 4497 523 4549 senili
555 4502 606 4551 et
648 4499 976 4564 frigescenti,
1014 4499 1138 4558 cibi,
1173 4502 1429 4566 potusque
1471 4497 1842 4567 adjumentum
1883 4500 1958 4553 ad

359 4569 735 4621 sustentandas
757 4570 893 4621 vires
919 4569 1237 4635 ingeramus.
1272 4569 1338 4622 Et
1355 4582 1544 4623 rursus
1571 4567 1776 4623 ibidem
1802 4586 1816 4622 :
1838 4570 1953 4625 Sic-

363 4641 425 4691 ut
454 4640 511 4691 in
536 4639 676 4706 gula:
706 4610 1171 4707 intempeantuim
1195 4638 1482 4701 declinare,
1516 4654 1699 4707 grave,
1730 4643 1781 4693 et
1798 4610 1953 4709 peri-
1988 4610 2039 4672 D

362 4709 597 4763 culosum
627 4713 705 4764 est
740 4725 752 4762 :
784 4710 862 4762 ita
880 4724 980 4778 per
1005 4710 1228 4764 nimiam
1253 4709 1630 4764 abstinentiam
1657 4725 1843 4779 corpus
1869 4714 1961 4765 at-

363 4784 544 4843 terere,
570 4785 621 4836 et
643 4781 838 4835 inutile
862 4780 1101 4843 reddere,
1126 4782 1274 4850 omni
1290 4783 1529 4850 profecto
1564 4782 1770 4835 ratione
1796 4787 1957 4835 caret.

361 4853 537 4921 Neque
563 4854 705 4907 enim
739 4853 1003 4906 abstinere
1028 4868 1064 4905 a
1089 4848 1454 4922 obluptatibus
1482 4852 1625 4920 gulw
1648 4868 1750 4921 per
1775 4866 1831 4907 se
1858 4868 1958 4906 ee-

356 4924 648 4992 petendum
672 4929 779 4987 est;
801 4923 894 4978 sed
913 4925 1045 4993 quia
1069 4924 1142 4977 ad
1166 4925 1386 4978 virtutis
1411 4924 1815 4992 acquisitionem
1838 4940 1959 4977 con-

359 4995 486 5058 fert.
512 4996 660 5060 Quod
680 4998 730 5048 si
746 4994 904 5057 illud,
930 4996 1082 5064 cujus
1095 4997 1276 5063 gratia
1295 4995 1672 5049 abstinentiam
1688 4996 1952 5064 eligimus,

354 5078 459 5130 per
487 5065 890 5118 immoderatam
916 5067 1248 5134 negligamus
1288 5066 1541 5128 inediam,
1573 5070 1756 5120 contra
1795 5070 1955 5133 atque

362 5134 692 5187 instituimus
709 5176 725 5196 ,
754 5137 991 5206 agimus.
1011 5138 1147 5191 Nam
1175 5138 1375 5202 fracto,
1405 5138 1727 5206 contritoque
1756 5139 1956 5190 instru-

334 5202 535 5275 ‘mento
570 5220 736 5273 neque
770 5206 876 5257 Deo
914 5205 1169 5260 inluerere
1203 5221 1305 5275 per
1344 5207 1581 5261 lectionis
1609 5202 1660 5261 et
1690 5208 1956 5263 Orationis

360 5274 601 5328 studium
629 5289 909 5344 possumus
927 5315 944 5337 ,
980 5291 1146 5344 neque
1183 5274 1257 5329 ad
1287 5279 1531 5343 fratrum
1570 5277 1957 5344 beneﬁcentiam

360 5344 713 5399 humanitatis
752 5346 1005 5413 Ofﬁcium
1041 5347 1208 5400 obire.
1252 5349 1422 5415 Igitur
1463 5350 1513 5401 et
1550 5348 1784 5415 corporis
1828 5361 1958 5400 cura

362 5416 608 5470 habenda
636 5421 733 5477 est,
772 5432 875 5470 non
904 5418 1072 5485 ipsius
1101 5418 1300 5485 gratia,
1333 5418 1427 5473 sed
1452 5421 1512 5471 ut
1546 5418 1767 5471 servitio
1806 5417 1955 5470 illius

360 5486 434 5539 ad
468 5487 955 5559 philosophiatid
994 5495 1077 5541 est
1113 5488 1547 5559 contemplatisz
1589 5486 1745 5554 vitae)
1773 5487 1957 5559 studia

360 5559 446 5628 uti
462 5560 726 5627 possimus
745 5558 885 5623 (Lib.
917 5558 983 5612 de
1016 5559 1154 5614 Vera
1191 5558 1387 5628 γένυς).
1419 5562 1693 5628 Hactenus
1718 5561 1786 5613 D.
1810 5558 1959 5614 Basi-

360 5626 487 5701 lius.
526 5631 695 5701 Porro
725 5629 1004 5701 quomodo
1031 5628 1277 5701 corporis
1296 5626 1443 5701 cura
1482 5628 1541 5683 in
1570 5626 1693 5701 cibo
1731 5637 1786 5684 et
1824 5637 1956 5701 potu

360 5698 566 5773 absque
596 5698 868 5773 voluptate
905 5698 1149 5773 habenda
1183 5699 1275 5765 sit,
1311 5699 1551 5773 declarat
1584 5700 1658 5755 D.
1700 5698 1955 5773 Augusti-

359 5785 462 5827 nus
480 5770 573 5827 bis
600 5770 778 5827 verbis
810 5789 822 5827 :
854 5773 961 5827 Hoc
990 5786 1070 5827 me
1100 5771 1328 5827 docuisti
1357 5770 1658 5841 (Domine),
1688 5776 1749 5827 ut
1775 5770 1955 5842 quem-

2065 3303 2265 3357 cedam.
2284 3301 2388 3357 Sed
2404 3300 2533 3355 dum
2547 3300 2622 3353 ad
2637 3301 2865 3369 quietem
2875 3300 3143 3352 satietatis
3156 3313 3224 3351 ea:
3236 3296 3541 3369 indigentia
3556 3309 3669 3347 mo-

2067 3373 2221 3428 lestia
2244 3377 2472 3434 transeo,
2498 3372 2555 3424 in
2574 3367 2689 3439 ipso
2714 3371 2953 3424 transitu
2971 3370 3110 3423 mihi
3128 3369 3424 3422 insidiatur
3446 3367 3666 3439 laqueus

2066 3444 2518 3512 concupiscentia.
2560 3438 2679 3509 Ipse
2712 3443 2855 3494 enim
2890 3441 3153 3494 transitus
3189 3439 3448 3512 voluptas
3473 3440 3571 3496 est,
3614 3438 3668 3512 et

2066 3529 2173 3568 non
2195 3507 2272 3567 est
2290 3514 2450 3574 alius,
2480 3507 2934 3580 qua—transeam,
2962 3526 3126 3579 quam
3145 3525 3249 3579 quo
3273 3509 3507 3580 transire
3527 3507 3669 3580 cogit

2068 3585 2367 3639 necessitas.
2398 3584 2469 3637 Et
2488 3577 2620 3635 cum
2647 3582 2796 3636 salus
2827 3582 2901 3635 sit
2932 3577 3093 3636 causa
3127 3577 3318 3635 edendi
3344 3584 3394 3633 et
3423 3577 3664 3639 bibendi,

2067 3653 2322 3724 adjtmgit
2335 3668 2389 3707 se
2408 3657 2683 3721 tamquam
2694 3653 3013 3721 pedissequa
3026 3652 3320 3723 periculosa
3328 3648 3675 3724 jucunditas,
3684 3646 3701 3661 ‘

2069 3729 2121 3779 et
2135 3719 2458 3794 plerumque
2479 3719 2679 3792 praeire
2695 3719 2938 3794 conatur,
2967 3719 3165 3792 ut’ejus
3197 3737 3357 3776 causa
3377 3723 3495 3789 ﬁat,
3526 3719 3676 3794 quod

2067 3790 2256 3850 salutis
2292 3790 2453 3848 causa
2478 3790 2561 3848 me
2588 3795 2764 3860 facere
2793 3794 2877 3847 vel
2904 3793 3044 3856 dico,
3073 3790 3156 3848 uel
3189 3794 3304 3847 volo
3336 3810 3352 3845 :
3402 3805 3496 3844 nec
3521 3790 3670 3842 idem

2066 3866 2254 3920 modus
2282 3867 2562 3935 utriusque
2587 3868 2684 3919 est.
2713 3865 2851 3920 Nam
2881 3865 3023 3933 quod
3049 3865 3215 3919 saluti
3236 3864 3369 3918 satis
3393 3866 3491 3924 est,
3522 3860 3669 3935 dele-

2066 3938 2289 3991 ctationi
2310 3930 2506 4006 parum
2530 3939 2632 3989 est.
2658 3937 2728 3990 Et
2749 3930 3172 4004 sape—incertum
3188 3938 3269 4004 ﬁt,
3291 3937 3474 3987 utrum
3492 3930 3675 4006 adnue

2066 4003 2376 4062 necessaria
2401 4008 2631 4077 corporis
2670 4021 2800 4077 cura
2821 4003 3149 4060 subsidium
3184 4008 3357 4074 petat,
3400 4019 3472 4056 an
3511 4003 3671 4077 colu:

2104 4080 2285 4132 tuaria
2305 4073 2621 4147 cupiditatis
2649 4076 2875 4143 fallacia
2902 4073 3261 4130 ministerium
3281 4077 3546 4145 suppetat.
3572 4073 3673 4126 Ad

2176 4151 2437 4203 incertum
2450 4148 2722 4202 hilarescit
2739 4148 2938 4213 infelia:
2951 4149 3155 4210 anima,
3174 4151 3223 4200 et
3241 4148 3297 4200 in
3318 4161 3375 4198 eo
3389 4158 3644 4213 praepara
3653 4148 3679 4196 t

2065 4221 2423 4273 emationis
2446 4219 2824 4287 patrocinium,
2856 4218 3096 4285 gaudens
3116 4232 3222 4271 non
3245 4230 3503 4285 apparere
3528 4214 3675 4287 quid

2068 4291 2203 4344 satis
2244 4292 2317 4343 sit
2355 4284 2708 4343 moderationi
2742 4288 3083 4351 valetudinis,
3125 4292 3187 4342 ut
3219 4284 3434 4341 obtentu
3470 4284 3673 4338 salutis

2067 4360 2338 4413 obumbret
2350 4361 2615 4426 negotium
2634 4360 2945 4427 voluptatis.
2960 4361 3041 4413 lta
3058 4357 3314 4430 praeclare
3326 4355 3674 4427 Augustinus

2069 4431 2221 4495 (Lib.
2251 4444 2293 4483 x
2323 4430 2556 4496 Confess.
2583 4444 2703 4497 cap.
2736 4432 2855 4493 31).

2078 4493 2171 4579 -..δ’
2186 4503 2256 4555 D.
2282 4499 2656 4579 ljieronymus
2676 4498 2747 4554 ad
2767 4499 3129 4579 Nepotianum
3152 4502 3441 4579 :_Tantum,
3458 4495 3667 4579 inquit,

2067 4571 2171 4624 tibi
2188 4570 2404 4624 modum
2415 4570 2749 4639 jtjuniorum
2772 4572 2998 4639 impone,
3023 4575 3283 4639 quantum
3302 4571 3444 4636 ferre
3461 4572 3613 4637 potes
3649 4586 3669 4621 :

2066 4643 2179 4695 sint
2207 4642 2313 4695 tibi
2329 4656 2494 4710 pura,
2523 4645 2689 4701 casta,
2715 4642 3005 4709 simplicia,
3036 4641 3333 4703 moderata,
3364 4644 3416 4693 et
3438 4653 3541 4692 non
3571 4653 3677 4691 su-

2062 4711 2617 4781 perstitiosajcjunia.
2637 4711 2725 4765 Sic
2739 4711 2904 4766 abbas
2924 4711 3342 4783 MoysesCollat.
3364 4717 3393 4763 2
3412 4725 3534 4783 cap.
3559 4712 3631 4762 22
3654 4724 3670 4761 :

2068 4783 2340 4839 Generalis
2368 4782 2454 4836 hic
2481 4784 2815 4836 continentia:
2844 4781 3033 4836 modus
3056 4786 3151 4844 est,
3182 4787 3244 4836 ut
3270 4781 3559 4837 secundum
3581 4796 3678 4833 ca-

2062 4856 2359 4923 pacitatem
2376 4855 2590 4915 virium,
2618 4854 2700 4906 vel
2717 4855 2969 4923 corporis,
2992 4853 3071 4907 vel
3095 4855 3273 4907 (etatis
3293 4857 3505 4907 tantum
3527 4851 3672 4904 sibi-

2065 4928 2171 4978 met
2213 4925 2320 4979 cibi
2346 4926 2709 4992 unusquisque
2739 4923 3006 4986 concedat,
3046 4930 3313 4993 quantum
3349 4924 3674 4978 sustentatio

2066 4996 2264 5059 carnis,
2294 5010 2399 5050 non
2425 4998 2685 5064 quantum
2712 4994 3040 5049 desiderium
3070 4997 3376 5050 saturitatis
3405 4994 3671 5062 exposcit.

2070 5067 2139 5119 Et
2152 5080 2269 5136 cap.
2290 5066 2536 5135 sequenti
2560 5082 2574 5119 :
2593 5068 2717 5121 Hac
2730 5070 2806 5120 est
2825 5070 3117 5134 temperata
3135 5068 3471 5120 continentia-
3485 5079 3674 5132 (equa-

2069 5137 2217 5197 litas,
2240 5141 2401 5205 atque
2418 5152 2695 5199 mensura},
2716 5151 2834 5205 qua:
2849 5140 3075 5191 Patrum
3092 5152 3297 5205 quoque
3302 5137 3512 5206 judicio
3534 5150 3676 5188 com-

2060 5206 2339 5276 probatur,
2364 5211 2427 5261 ut
2441 5208 2812 5275 quotidianam
2823 5209 2985 5276 panis
2998 5209 3333 5274 refectionem
3346 5206 3671 5277 quotidiana

2065 5280 2343 5332 comitetur
2360 5280 2578 5341 esuries,
2604 5280 2665 5332 in
2686 5294 2812 5345 uno,
2835 5279 3111 5346 eodemque
3133 5283 3279 5333 statu
3298 5281 3542 5332 animum
3558 5292 3669 5345 pa-

2068 5349 2221 5419 riter,
2235 5364 2527 5419 corpusque
2545 5364 2874 5411 conservans,
2894 5365 2987 5403 nec
2992 5349 3072 5418 jej
3079 5351 3196 5403 unii
3213 5351 3537 5418 fatigatione
3549 5362 3668 5401 con-

2064 5418 2257 5482 cidere,
2269 5435 2361 5473 nec
2376 5418 2595 5488 gravari
2604 5424 2826 5474 mentem
2843 5423 3129 5475 saturitate
3141 5422 3474 5489 permittens.
3494 5421 3668 5473 Tanta

2064 5504 2296 5558 namque
2312 5491 2632 5558 frugalitate
2656 5492 2885 5557 fruitur,
2907 5496 2969 5546 ut
2988 5492 3259 5546 interdum
3278 5506 3334 5547 se
3342 5495 3465 5561 post
3488 5503 3671 5557 vespe-

2068 5576 2207 5623 ram,
2235 5576 2329 5615 nec
2352 5564 2569 5623 sentiat,
2599 5566 2694 5615 aut
2716 5564 3013 5617 meminerit
3035 5564 3299 5630 refecisse.

2135 5632 2159 5705 F
2193 5630 2277 5705 Ab
2298 5631 2688 5705 h_ac_sententia
2714 5640 2820 5688 stat
2842 5635 2908 5686 ι).
2943 5628 3314 5705 HierOnymus
3338 5630 3575 5702 primum
3608 5628 3669 5685 in

2063 5700 2290 5772 cpistola
2310 5701 2539 5768 decima,
2568 5704 2662 5759 ubi
2691 5705 2801 5759 ait:
2827 5706 3026 5759 Parcus
3051 5700 3215 5765 cibus,
3245 5708 3296 5758 et
3322 5700 3502 5757 center
3525 5716 3667 5756 sem-

2058 5788 2157 5843 per
2171 5775 2404 5830 csuricns
2425 5775 2691 5830 triduanis
2702 5774 2929 5845 jejuniis
2948 5776 3265 5845 prafertur.
3288 5777 3359 5831 Et
3379 5774 3545 5828 multo
3560 5787 3670 5826 me-
