3996 6198
310 317 418 370 225

809 316 900 370 DE
936 313 1416 371 C(ENOBIORUM
1455 312 1700 370 INSTIT.
1741 313 1867 369 LIB.
1909 315 1979 370 V.
2016 342 2090 357 —
2126 316 2215 372 DE
2249 315 2521 374 SPIRITU
2561 318 3120 377 GASTRIMABGUE.

3515 329 3622 385 226

305 438 431 495 bilis
479 454 608 495 cum
647 437 1025 497 moderatione
1058 438 1383 512 quotidiana
1414 438 1697 507 refectio,
1743 455 1914 512 quam
1940 444 1993 506 Α
2022 441 2158 497 lium
2187 440 2446 498 vitiorum
2468 441 2696 500 fomites
2724 444 2987 502 radicitus
3011 446 3331 504 excidantur
3361 468 3375 505 :
3405 450 3474 507 de
3500 453 3627 524 qui-

307 546 407 604 per
449 530 731 587 intervalla
760 530 1000 588 arduum
1046 531 1383 603 longumque
1417 530 1713 605 jejunium.
1750 532 1915 588 Novit

309 622 674 680 immoderata
730 624 912 681 inedia
962 610 1096 681 non
1123 622 1293 680 modo
1340 624 1543 681 mentis
1589 624 1915 682 labefactare

307 717 678 774 constantiam
696 759 713 783 ,
743 717 840 774 sed
880 718 1047 774 etiam
1088 717 1415 774 orationum
1450 715 1758 775 efﬁcaciam
1784 717 1914 775 red-

306 812 434 871 dere
458 812 780 869 lassitudine
797 812 1047 885 corporis
1073 819 1414 868 enervatam.

929 937 1171 994 CAPUT
1218 938 1296 991 X.

308 1053 401 1109 Ad
426 1050 845 1107 conservandam
865 1054 1060 1107 mentis
1087 1056 1138 1106 et
1159 1053 1390 1120 corporis
1409 1052 1727 1120 puritatem,
1748 1050 1914 1105 absti-

521 1125 766 1177 nentiam
812 1123 1048 1177 ciborum
1088 1136 1192 1175 non
1233 1135 1392 1191 posse
1426 1121 1695 1189 sufﬁcere.

378 1236 473 1294 Ad
503 1236 875 1310 integritatem
898 1234 1096 1292 mentis
1126 1242 1181 1291 et
1199 1235 1448 1308 corporis
1475 1234 1912 1293 conservandam

306 1329 641 1387 abstinentia
684 1330 931 1385 ciborum
982 1326 1098 1383 sola
1141 1342 1256 1384 non
1300 1327 1538 1397 sufﬁcit,
1568 1329 1675 1385 nisi
1714 1327 1917 1385 fuerint

306 1431 527 1480 caetera
554 1437 772 1494 quoque
801 1421 1029 1477 virtutes
1065 1420 1271 1477 animae
1307 1421 1635 1493 conjugataz.
1668 1421 1917 1478 Humili-

303 1522 393 1572 tas
440 1515 607 1587 igitur
655 1513 910 1586 primitus
956 1512 1286 1569 obedientiaa
1342 1514 1578 1584 virtute,
1632 1523 1688 1570 et
1731 1513 1917 1571 cordis

303 1606 678 1675 contritione,
724 1606 1082 1679 corporisque
1123 1604 1452 1680 fatigatione
1512 1606 1772 1665 discenda
1810 1616 1911 1664 est.

304 1700 677 1757 Pecuniarum
722 1715 834 1755 non
871 1699 1055 1755 solum
1097 1697 1321 1756 vitanda
1359 1708 1443 1757 est
1481 1701 1785 1772 possessio,
1818 1699 1916 1757 sed

304 1794 470 1850 etiam
527 1792 862 1849 desiderium
915 1807 1108 1849 earum
1159 1793 1422 1850 radicitus
1471 1791 1915 1866 exstirpaudum.

305 1888 429 1942 Non
454 1885 607 1941 enim
635 1900 728 1941 eas
765 1883 970 1942 sufﬁcit
992 1901 1105 1942 non
1143 1886 1372 1953 habere,
1412 1886 1562 1959 quod
1592 1886 1914 1960 plerumque

304 1978 442 2035 solet
470 1977 638 2033 etiam
677 1993 741 2032 ex
771 1978 1097 2035 necessitate
1127 1976 1491 2046 descendere,
1521 1978 1618 2035 sed
1642 1994 1712 2033 ne
1736 1978 1911 2050 ipsam

306 2071 527 2145 quidem
548 2111 566 2137 ,
608 2071 652 2125 si
683 2069 828 2126 forte
858 2070 1061 2126 oblata:
1097 2069 1337 2137 fuerint,
1390 2069 1628 2126 habendi
1674 2071 1914 2142 recipere

307 2162 669 2218 voluntatem.
706 2164 811 2218 Irae
836 2159 1211 2217 conterendus
1238 2168 1321 2217 est
1348 2160 1526 2231 furor,
1552 2161 1789 2218 tristitia:
1817 2178 1914 2219 su-

309 2254 548 2328 peranda
600 2254 869 2323 deiectio;
918 2251 1257 2320 cenodoxia,
1301 2252 1359 2310 id
1403 2261 1515 2319 est,
1564 2269 1701 2310 vana
1742 2254 1912 2328 gloria

310 2346 732 2410 contemnenda,
762 2346 1037 2418 superbiae
1063 2345 1358 2403 calcandus
1382 2354 1466 2403 est
1490 2345 1690 2415 fastus,
1716 2347 1914 2403 mentis

306 2454 524 2511 quoque
562 2439 736 2510 ipsius
775 2438 1057 2494 instabiles
1095 2437 1327 2509 vagique
1372 2437 1656 2494 discursus
1699 2436 1911 2494 assidua

309 2531 405 2587 Dei
438 2532 710 2587 memoria
762 2530 1095 2587 refrenandi.
1147 2530 1445 2603 Totiesque
1490 2530 1657 2586 nobis
1708 2539 1793 2588 est
1842 2531 1912 2589 ad

306 2624 827 2696 contemplationem
856 2625 963 2681 Dei
994 2623 1208 2681 lubrica
1239 2624 1422 2680 cordis
1450 2623 1623 2680 nostri
1650 2639 1909 2698 pervaga-

243 2720 251 2731 '
308 2718 385 2772 tio
416 2716 749 2782 reducenda,
778 2715 993 2788 quoties
1024 2715 1246 2771 subtilis
1272 2714 1449 2771 hostis
1476 2714 1547 2771 ab
1577 2714 1685 2772 hoc
1710 2714 1913 2771 intuitu

310 2818 555 2865 mentem
585 2810 857 2881 captivare
879 2817 1219 2881 pertentans,
1247 2808 1557 2864 recessibus
1584 2808 1759 2864 nostri
1786 2823 1915 2864 cor-

309 2903 389 2959 dis
416 2902 698 2974 irrepserit
718 2903 884 2967 (Vide
903 2905 1057 2959 Joan.
1083 2902 1409 2959 Climachum
1440 2901 1619 2971 gradu
1646 2905 1711 2955 14
1731 2908 1786 2957 et
1804 2907 1912 2968 15).

912 2989 1156 3075 CAPUT
1199 3019 1307 3073 χι.

314 3136 771 3205 Concupiscentias
808 3134 987 3188 carnis
1022 3148 1128 3187 non
1155 3134 1462 3201 exstingui,
1488 3133 1603 3187 nisi
1623 3148 1741 3187 cum
1769 3135 1917 3188 omni

735 3205 1124 3273 emstispatimte
1156 3205 1433 3258 vitiorum.

386 3317 738 3389 lmpossibile
770 3331 1009 3389 namque
1032 3325 1116 3372 est
1150 3318 1423 3390 exstingui
1461 3318 1633 3390 ignita
1662 3320 1907 3390 corporis

314 3410 626 3478 incentiva,
657 3408 982 3481 priusquam
1024 3414 1347 3465 ceterorum
1392 3424 1613 3482 quoque
1647 3410 1915 3484 principa-

2022 531 2130 589 bus
2164 532 2447 605 sigillatim
2495 532 2771 591 distinctis
2812 535 3007 593 libellis
3042 552 3146 595 suo
3185 539 3336 608 loco,
3386 540 3624 601 donante

2023 626 2299 693 Domino,
2328 625 2682 685 disseremus.
2732 630 2891 685 Nunc
2916 644 3046 687 .vero
3076 633 3417 705 propositum
3459 636 3624 694 nobis

2020 726 2104 775 est
2145 718 2213 775 de
2257 721 2670 793 gastrimargia,
2721 721 2778 779 id
2805 730 2907 790 est,
2956 723 3100 794 gula
3135 727 3621 799 concupiscentia,

2020 821 2213 871 contra
2242 830 2409 886 quam
2436 815 2600 872 nobis
2631 815 2842 887 primus
2869 816 3159 875 conﬂictus
3181 828 3293 889 est,
3322 820 3619 893 disputare.

2024 910 2049 940 "
2075 910 2393 980 Numquam
2437 907 2602 979 igitur
2640 909 2840 979 poterit
2884 909 3132 966 ardentis
3166 915 3625 986 concupiscentia;

2023 1000 2281 1056 stimulos
2309 1000 2586 1069 inhibere,
2619 1003 2872 1075 quisquis
2896 1003 3161 1062 desideria
3186 1006 3328 1077 gulae
3355 1007 3628 1066 refrenare

2020 1094 2342 1166 nequiverit.
2384 1095 2671 1153 Interioris
2713 1095 2951 1153 hominis
2995 1099 3222 1156 castitas
3258 1100 3474 1157 virtutis
3519 1101 3628 1160 hu-

2015 1185 2108 1258 jus
2169 1188 2651 1244 consummatione
2697 1187 3043 1246 discernitur.
3098 1193 3423 1265 Numquam
3479 1196 3628 1252 enim

2018 1281 2349 1338 robustioris
2396 1282 2615 1338 aemulis
2667 1282 2948 1340 colluctari
2990 1299 3151 1355 posse
3198 1285 3449 1342 conﬁdas
3495 1303 3626 1344 eum

2020 1389 2183 1447 quem
2226 1375 2285 1431 in
2330 1376 2529 1432 leviore
2555 1375 2817 1433 conflictu
2873 1379 3224 1450 conspexeris
3257 1379 3325 1435 ab
3356 1380 3629 1438 inﬁrmio-

2018 1468 2171 1525 ribus
2198 1469 2442 1540 potuisse
2463 1470 2729 1542 superari.
2763 1463 2791 1502 δ
2817 1470 3154 1527 Cunctarum
3182 1488 3419 1545 namque
3449 1474 3626 1531 virtu-

2019 1569 2139 1618 tum
2170 1577 2279 1619 una
2309 1571 2506 1619 natura
2549 1571 2666 1631 est,
2706 1563 2836 1619 licet
2863 1563 2921 1619 in
2967 1565 3169 1622 multas
3208 1565 3375 1623 dividi
3414 1567 3625 1638 species

2020 1662 2077 1711 et
2100 1654 2361 1711 vocabula
2389 1655 2711 1723 videantur;
2749 1657 2896 1712 sicut
2936 1657 3058 1713 auri
3097 1672 3316 1730 quoque
3341 1674 3450 1715 una
3487 1660 3622 1716 sub-

2021 1747 2223 1803 stantia
2251 1756 2363 1815 est,
2398 1748 2528 1803 licet
2564 1763 2663 1819 per
2698 1748 2873 1803 multa
2914 1749 3170 1820 variaque
3202 1751 3492 1807 monilium
3532 1768 3623 1824 ge-

1942 1857 1991 1919 B
2021 1853 2154 1894 nera
2200 1853 2301 1909 pro
2356 1837 2632 1893 artificum
2680 1838 2925 1895 videatur
2968 1841 3186 1913 ingenio
3236 1857 3299 1897 ac
3346 1843 3626 1901 voluntate

2021 1930 2298 1987 distincta.
2348 1932 2539 2002 Itaque
2576 1939 2598 1967 ε
2626 1929 2838 1987 nullam
2882 1931 3122 2002 perfecte
3166 1933 3446 2004 possidere
3488 1952 3623 2007 pro-

2021 2024 2260 2093 babitur,
2285 2022 2531 2097 quisquis
2555 2019 2727 2079 elisus
2754 2025 2812 2079 in
2847 2038 3037 2081 earum
3067 2034 3222 2097 parte
3260 2025 3622 2099 dignoscitur.

2021 2121 2147 2191 Quo
2193 2118 2341 2173 enim
2369 2116 2540 2173 modo
2587 2114 2884 2189 flagrantes
2923 2126 3094 2175 aestus
3134 2121 3621 2192 concupiscentiae,

2021 2209 2113 2280 qui
2138 2223 2248 2265 non
2276 2209 2392 2265 sola
2417 2208 2767 2281 instigatione
2807 2210 3084 2281 corporis,
3116 2209 3214 2266 sed
3250 2212 3420 2268 etiam
3465 2228 3623 2270 men-

2019 2298 2090 2355 tis
2132 2298 2265 2353 vitio
2310 2296 2743 2363 succenduntur,
2784 2298 3114 2354 exstinxisse
3155 2298 3462 2357 credendus
3502 2310 3620 2370 est,

2018 2388 2112 2460 qui
2142 2387 2358 2444 aculeos
2378 2388 2477 2445 ira:
2501 2387 2686 2445 cordis
2708 2389 2882 2445 solius
2909 2388 3322 2461 intemperantia
3361 2407 3623 2463 prorum-

2018 2489 2212 2554 pentes
2232 2481 2501 2555 'mitigare
2527 2497 2642 2538 non
2674 2482 2891 2554 potuit?
2921 2485 3033 2539 Aut
3054 2499 3299 2556 quonam
3327 2485 3498 2542 modo
3527 2502 3626 2557 pu-

2018 2574 2219 2631 tandus
2267 2583 2350 2631 est
2394 2575 2576 2649 carnis
2625 2575 2933 2646 animmque
2974 2575 3315 2635 lascivientes
3364 2579 3621 2636 stimulos

2019 2666 2284 2724 retudisse
2306 2707 2321 2733 ,
2361 2666 2457 2738 qui
2492 2667 2762 2738 superbiae
2792 2666 2987 2723 vitium
3026 2670 3260 2741 simplex
3300 2686 3412 2726 non
3450 2672 3626 2745 quivit

2021 2759 2303 2815 evincere?
2339 2762 2452 2813 Aut
2477 2758 2953 2830 quemadmodum
2982 2760 3284 2819 credendus
3330 2772 3415 2818 est
3452 2765 3626 2822 inser-

2022 2859 2137 2908 tam
2185 2852 2334 2907 carni
2367 2851 2647 2908 luxuriam
2696 2853 3072 2921 conculcasse,
3123 2855 3216 2926 qui
3271 2858 3625 2926 pecuniarum

2020 2944 2515 3017 concupiscentiam
2562 2943 2867 3002 forinsecus
2920 2946 3111 3015 sitam,
3163 2954 3328 3018 atque
3371 2963 3401 3003 a
3441 2957 3627 3006 nostra

2019 3037 2322 3095 substantia
2347 3037 2605 3107 alienam,
2633 3053 2745 3094 non
2771 3038 2939 3094 valuit
2965 3038 3220 3096 abdicare
3237 3042 3262 3093 Ρ
3289 3040 3412 3111 Qua
3441 3048 3626 3097 autem

2019 3132 2236 3189 ratione
2281 3131 2487 3189 bellum
2534 3131 2715 3188 carnis
2762 3139 2816 3187 et
2858 3131 3058 3188 animae
3090 3132 3495 3204 triumphabit,
3530 3135 3627 3207 qui

1945 3230 1991 3295 (ζ
2021 3223 2250 3280 idoneus
2279 3238 2392 3279 non
2415 3221 2518 3278 fuit
2551 3222 2810 3281 morbum
2840 3239 3031 3280 curare
3067 3224 3341 3281 tristitiae?
3383 3225 3626 3294 Quanta-

2020 3316 2150 3371 libet
2174 3314 2307 3371 urbs
2334 3314 2674 3371 sublimitate
2697 3331 2987 3371 murorum
3013 3325 3067 3371 et
3089 3317 3398 3373 clausartim
3440 3329 3626 3389 porta-

2021 3426 2144 3466 rum
2175 3407 2431 3465 firmitate
2454 3408 2759 3477 muniatur,
2788 3397 2817 3440 δ
2843 3410 3134 3481 posterulte
3162 3411 3344 3480 unius,
3371 3414 3627 3485 quamvis

1413 3535 1671 3592 ALARDI
1711 3537 1937 3592 GAZJEI
1973 3533 2533 3592 COMMENTARIUS.

315 3662 417 3717 lius
430 3665 509 3715 est
532 3661 775 3731 quotidie
788 3677 1016 3731 parum,
1043 3677 1211 3731 quam
1236 3676 1363 3717 raro
1382 3664 1516 3717 satis
1541 3676 1767 3717 sumere.
1793 3663 1916 3717 Plu-

312 3735 405 3785 ria
433 3732 531 3785 illa
561 3735 763 3802 optima
798 3736 896 3795 est,
933 3747 1054 3802 qua:
1073 3735 1268 3787 sensim
1291 3733 1568 3788 descendit
1588 3736 1647 3787 in
1676 3737 1880 3787 terram
1897 3774 1914 3795 ,

313 3803 521 3857 subitus
546 3807 597 3873 et
618 3804 820 3873 nimius
848 3804 1018 3857 imber
1043 3805 1102 3856 in
1128 3818 1363 3873 princeps
1393 3819 1527 3857 ama
1544 3804 1825 3873 subvertit.
1854 3805 1919 3857 Et

314 3887 506 3927 rursus
534 3872 626 3926 lib.
659 3887 705 3926 ιι
734 3872 790 3926 in
821 3873 1176 3927 Jovinianum
1206 3872 1424 3938 :Quale,
1452 3872 1630 3942 inquit
1643 3873 1919 3943 jejunium

315 3948 421 4003 est.
466 3948 565 3996 aut
593 3943 772 4011 qualis
799 3943 898 3995 illa
923 3944 1140 4008 refectio
1165 3947 1286 4009 post
1306 3944 1577 4009 jejunium
1597 3984 1612 4003 ,
1655 3959 1774 3996 cum
1800 3945 1917 4011 pri-

315 4014 496 4066 diunis
524 4014 694 4081 epulis
717 4012 1102 4075 distendimur,
1123 4015 1176 4081 et
1201 4014 1389 4076 guttur
1405 4015 1645 4081 nostrum
1662 4011 1921 4067 mediato.

316 4086 465 4136 rium
482 4079 722 4149 efficitur
739 4081 1092 4139 latrinamm,
1111 4079 1347 4147 dumque
1360 4079 1604 4132 volumus
1615 4081 1924 4148 prolixior-is

315 4153 514 4228 inediae
529 4155 739 4228 famam
755 4165 1012 4228 quaerere,
1034 4153 1249 4228 tantum
1261 4164 1535 4228 voramus,
1554 4153 1819 4228 quantum
1832 4155 1926 4206 via:

320 4223 553 4276 alterius
570 4222 683 4275 diei
703 4235 811 4273 nos:
834 4221 1061 4289 digerat.
1082 4222 1270 4288 Itaque
1286 4235 1393 4274 non
1414 4224 1527 4273 tam
1539 4219 1812 4289 jejunium
1830 4237 1927 4291 ap-

315 4292 638 4363 pellandum
669 4295 776 4353 est,
810 4306 974 4361 quam
1001 4291 1227 4360 crapula
1258 4295 1309 4345 et
1344 4292 1537 4358 fwtens
1554 4333 1570 4354 ,
1602 4305 1667 4345 ac
1702 4291 1924 4346 molesta

317 4365 567 4420 diaestio.

379 4381 590 4488 28:23}:
620 4432 889 4490 sententia
913 4473 931 4505 ,
968 4432 1333 4505 nondratione
1377 4439 1598 4505 tantum
1620 4474 1636 4500 ,
1674 4429 1773 4487 sed
1812 4446 1919 4488 usu

317 4505 702 4576 comprobata;
731 4505 820 4561 cui
852 4502 1051 4560 similis
1085 4503 1173 4559 illa
1216 4506 1296 4576 D.
1318 4502 1639 4576 Hieronymi
1672 4505 1923 4576 {Venter

319 4573 697 4631 vino—(esttrans
716 4577 880 4644 facile
899 4576 1184 4646 despumat
1202 4577 1260 4629 in
1279 4573 1574 4628 libidinem.
1595 4576 1663 4628 Et
1686 4573 1914 4643 Epistol.

321 4652 390 4701 22
418 4647 485 4702 ad
516 4647 867 4702 Eustochium
902 4663 916 4699 :
945 4646 1237 4706 Pudicitia,
1261 4646 1482 4713 nisiper
1502 4646 1913 4707 abstinentiam,

321 4723 439 4772 tuta
467 4729 577 4771 esse
594 4733 703 4773 non

320 4803 437 4843 nus.
466 4784 846 4858 itemque—alia
893 4784 1373 4858 Cassiani_Collat.
1406 4789 1440 4838 5
1467 4798 1590 4858 cap.
1619 4790 1711 4858 _10_
1759 4802 1773 4837 :
1805 4787 1914 4843 Ga-

321 4856 649 4927 strimargia:
684 4859 972 4927 fornicatio
1008 4856 1282 4927 peculiari
1304 4856 1564 4927 consortio
1600 4856 1915 4927 fmderatur.

320 4925 737 5007 Item‘Cli'machi
760 4927 971 5007 (Gradu
995 4928 1073 5007 14)
1096 4944 1109 4979 :
1133 4926 1241 4992 Qui
1250 4925 1571 5007 ventridum
1589 4925 1916 5007 obsequitur,
1950 4946 2002 5007 D
2031 4927 2163 4981 dens
2183 4925 2383 5007 nonest
2399 4940 2527 5007 {nec
2544 4925 2813 5007 fortitudo
2825 4926 3058 5003 integra,
3078 4937 3199 5007 quia

320 5000 987 5123 fmvn‘wtiongngziﬁtum
1008 4997 1215 5049 vincere
1240 4997 1356 5049 vult
1373 5036 1389 5057 ,
1416 4997 1464 5049 is
1498 4997 1550 5049 ei
1584 4997 1777 5050 similis
1805 5002 1915 5059 est,

321 5074 421 5123 aui
441 5072 551 5123 oleo
579 5072 636 5122 in
786 5071 885 5121 ‘um
909 5069 1220 5123 extinguere
1246 5068 1465 5119 nititur.

321 5074 421 5140 qui
441 5072 551 5123 oleo
579 5070 885 5123 incendium
909 5070 1220 5135 extinguere
1246 5070 1465 5119 nititur.

389 5134 418 5172 δ
442 5142 590 5205 Una,
614 5155 728 5193 non
753 5137 939 5218 specie
955 5178 974 5207 ,
998 5145 1061 5192 ut
1077 5144 1286 5218 pot-um
1324 5143 1406 5191 est
1424 5177 1441 5218 ,
1461 5135 1556 5192 sed
1582 5135 1924 5218 connexione

321 5219 373 5264 ct
390 5218 590 5281 mutua
629 5209 867 5281 quadam
903 5209 1340 5281 conspiratione,
1388 5214 1443 5262 et
1465 5221 1776 5273 concursu,
1804 5209 1921 5281 sive

321 5275 692 5344 cohaerentia,
727 5288 790 5335 ut
812 5294 874 5334 ex
905 5275 1357 5334 antecedentibus
1383 5285 1439 5332 et
1465 5275 1923 5348 consequentibus

321 5359 467 5429 patet
496 5370 509 5406 :
539 5349 1019 5429 quemadmodum
1040 5353 1163 5429 Act.
1188 5362 1251 5404 IV
1285 5368 1298 5404 :
1326 5347 1696 5429 Multitudinis
1717 5347 1927 5429 creden-

322 5425 455 5477 tium
484 5421 605 5477 erat
641 5437 728 5476 cor
761 5436 930 5475 unum
959 5425 1009 5475 et
1027 5422 1216 5474 anima
1243 5429 1375 5474 una.
1409 5421 1553 5476 Nam
1583 5433 1781 5475 omnes
1810 5421 1926 5474 vir-

321 5498 465 5549 tutes
495 5508 556 5548 se
603 5500 798 5547 mutuo
842 5490 1059 5562 juvant,
1106 5498 1160 5545 et
1205 5499 1467 5562 mutuum
1508 5490 1612 5546 sibi
1661 5496 1928 5562 praestant

323 5563 645 5633 subsidium,
675 5561 1179 5633 dumunaquaaque
1205 5561 1457 5633 quaedam
1480 5562 1717 5633 aliarum
1750 5561 1926 5632 impe-

322 5632 569 5713 dimenta
603 5632 1316 5713 propellit;_verbi’_gratia_.
1345 5632 1675 5713 abstinentia
1708 5640 1927 5701 tempe-

320 5713 405 5777 rat
431 5702 617 5777 gulam
659 5723 672 5758 :
702 5702 862 5777 Innde
898 5703 1062 5777 juvat
1082 5702 1499 5777 alias__v_irtutes‘
1534 5717 1659 5777 qua;
1698 5717 1795 5774 per
1829 5717 1928 5773 gu-

321 5772 463 5855 lam;
480 5784 581 5855 aut
609 5774 821 5855 ratione
845 5772 1018 5855 gulae,
1046 5773 1297 5855 impediri
1326 5782 1423 5830 aut
1448 5772 1644 5829 violari
1964 5784 1969 5789 ‘

320 5846 391 5901 Et
418 5846 495 5901 ita
523 5845 594 5901 de
631 5842 873 5901 caneris:
897 5846 1106 5901 Omnes
1130 5842 1313 5900 'etiam
1348 5859 1525 5900 unum
1553 5842 1925 5914 eum’demque

2025 3661 2193 3744 ﬁnem
2213 3659 2559 3744 generalem,
2583 3673 2786 3744 nempe
2801 3657 3039 3741 hominis
3066 3660 3454 3744 perfectionem
3470 3700 3493 3742 ,_
3515 3659 3627 3744 sive

2026 3730 2345 3804 perfectam,
2376 3739 2439 3787 ut
2466 3730 2879 3804 vocat_Auc_tor.
2914 3730 3080 3804 animi
3109 3741 3164 3788 et
3200 3731 3448 3804 corporis
3479 3731 3622 3804 inte-

2026 3800 2282 3930 gitatem
2312 3808 2577 3873 spectant.
2621 3800 2727 3855 Sed
2755 3800 2824 3856 de
2849 3802 3188 3857 connexione
3226 3800 3495 3856 virtutum
3543 3802 3625 3856 vi-

2126 3888 2251 3930 uuae
2274 3880 2598 3930 sequuntur.

2126 3888 2251 3945 quae
2274 3880 2598 3945 sequuntur.

2094 3938 2427 4011 c'Perfec'te,
2475 3942 2690 4013 inquit,
2730 3942 3023 4013 possidere.
3082 3943 3226 3996 Nam
3270 3939 3355 4013 de_
3381 3938 3629 4013 perfectis

2026 4009 2351 4078 virtutibus,
2386 4028 2481 4067 seu
2522 4009 2762 4081 perfecte
2791 4011 2994 4066 habitis
3028 4018 3083 4067 et
3118 4009 3397 4081 possessis
3429 4009 3630 4065 intelli-

2028 4084 2268 4153 gendum
2311 4082 2443 4137 illud
2460 4090 2635 4137 -vetus
2669 4089 2725 4136 et
2768 4083 3049 4153 vulgatum
3086 4081 3303 4153 axioma
3326 4121 3341 4146 ,
3388 4083 3631 4153 Virtutes

2030 4150 2204 4207 omnes
2242 4167 2351 4207 esse
2386 4166 2679 4213 connexus,
2719 4164 2829 4219 quo
2855 4150 3124 4220 respicere
3154 4150 3371 4205 videtur
3415 4150 3632 4207 Cassia-

2029 4236 2156 4276 nus.
2189 4222 2281 4277 Sic
2306 4220 2452 4276 enim
2474 4220 2680 4291 docent
2708 4223 2896 4274 Patres
2927 4222 3013 4284 (S.
3056 4220 3235 4274 Thom.
3273 4226 3369 4277 1-2
3393 4262 3408 4285 ,
3439 4237 3495 4291 q.
3528 4226 3630 4289 65,

2032 4307 2085 4345 a.
2121 4300 2139 4347 ι
2169 4310 2185 4359 ς
2214 4292 2432 4346 Hieron.
2466 4290 2559 4345 lib.
2595 4304 2616 4362 ι
2645 4293 2835 4362 contra
2865 4291 3085 4362 Pelagia
3136 4294 3373 4361 August.
3395 4333 3411 4359 ,
3448 4290 3620 4362 "epist.

2033 4362 2145 4443 ἕρ),
2176 4362 2321 4443 inter
2338 4362 2564 4443 quosi).
2588 4360 2885 4443 Gregorius
2906 4360 3000 4443 lib.
3028 4376 3169 4443 xx_t_l
3198 4360 3532 4443 Mpral._cap.
3560 4372 3581 4420 1
3613 4383 3627 4419 :

2040 4436 2177 4496 Una,
2205 4433 2401 4501 inquit,
2425 4433 2598 4505 virtus
2615 4434 2731 4487 sine
2758 4434 2882 4487 aliis
2901 4438 2998 4487 aut
3023 4434 3178 4488 nulla
3203 4439 3300 4497 est,
3324 4438 3421 4489 aut
3437 4433 3632 4505 imper-

2030 4505 2195 4570 fecta.
2232 4506 2300 4560 Ut
2326 4505 2465 4558 enim
2494 4504 2560 4559 de
2592 4506 2790 4575 primis
2833 4509 3067 4573 quatuor
3100 4508 3389 4560 virtutibus
3415 4504 3627 4575 loquar,

2024 4576 2341 4643 prudentia,
2366 4577 2745 4645 temperantia,
2774 4577 3043 4642 fortitudo
3060 4581 3225 4646 atque
3233 4577 3459 4645 justitia
3478 4582 3630 4631 tanto

2019 4648 2276 4714 perfectis
2302 4650 2450 4707 sunt,
2475 4650 2680 4715 quanto
2697 4648 2930 4700 m'cissim
2952 4648 3163 4701 sibimet
3178 4648 3500 4716 conjunctis;
3521 4648 3632 4700 dis-

726 4720 918 4788 potest.
949 4719 1072 4788 Sine
1096 4717 1294 4788 Cerere
1305 4718 1356 4768 et
1377 4715 1580 4769 Baccho
1606 4715 1778 4782 friget
1810 4718 1916 4788 γε·
2015 4716 2205 4785 juncte
2232 4721 2414 4771 autem
2432 4719 2687 4785 perfecta:
2714 4731 2822 4788 esse
2847 4732 3190 4786 nequaquam
3207 4715 3627 4788 munem

2022 4802 2118 4842 nec
2130 4788 2427 4855 prudentia
2445 4802 2571 4841 uera
2589 4791 2686 4853 est,
2707 4789 2759 4839 si
2761 4787 2937 4854 justa,
2958 4791 3257 4855 temperans
3276 4790 3328 4855 et
3345 4786 3508 4849 fortis
3525 4800 3628 4839 non

2025 4863 2103 4911 est
2114 4853 2243 4923 {nec
2262 4858 2505 4927 perfecta
2521 4853 2901 4925 temperantia,
2929 4870 3048 4922 quae
3059 4853 3247 4919 fortis,
3254 4853 3412 4920 justo
3426 4856 3478 4905 et
3496 4869 3633 4921 pru-

2031 4927 2163 4977 dens
2183 4943 2290 4977 non
2304 4931 2415 4977 est:
2435 4940 2527 4977 nec
2546 4925 2813 4977 fortitudo
2825 4926 3058 4977 inteara.
3080 4937 3199 4977 ante
3216 4922 3474 4977 prudens.
3498 4928 3631 4977 tem-

3216 4922 3474 4991 prudens,
3498 4928 3631 4978 tem-

2028 5011 2232 5064 perans
2249 4995 2463 5063 ctjusta
2479 5009 2585 5047 non
2603 4999 2711 5058 est;
2727 5008 2822 5046 nec
2834 5007 2963 5045 vera
2978 4993 3216 5062 iustitia,
3233 5009 3352 5063 qua:
3364 4994 3627 5063 prudens,

2030 5068 2195 5132 fortis
2219 5069 2270 5119 et
2300 5069 2601 5133 temperans
2625 5079 2728 5117 non
2751 5066 2848 5117 est.

2101 5123 2130 5167 δ
2165 5137 2519 5214 .Posterulam
2564 5149 2662 5205 pro
2703 5132 2939 5214 postico,
2972 5137 3396 5214 aut_posticulo,
3436 5139 3541 5207 vel,
3581 5139 3629 5197 si

2029 5205 2230 5286 mavis,
2263 5205 2563 5286 posteriore
2595 5213 2748 5286 porta
2790 5205 2881 5286 vel
2910 5207 3161 5286 portula,
3211 5210 3441 5286 positam
3476 5205 3628 5286 puto.

2030 5279 2102 5357 Et
2141 5275 2284 5357 enim
2332 5275 2739 5357 porta__pro_prie
2779 5275 2961 5332 aditus
2987 5275 3630 5357 urbis_,_ci_vita_t_is,"alte-

2033 5348 2216 5404 riusve
2246 5344 2350 5403 loci
2371 5387 2387 5420 ε
2427 5344 2569 5420 vallo
2596 5344 2852 5420 fossaque
2892 5348 3116 5404 muniti.
3147 5351 3310 5406 Unde
3344 5344 3629 5407 diminuti-

2034 5433 2164 5492 vum
2206 5418 2420 5492 portula
2452 5417 2542 5492 _vel
2574 5417 2876 5492 posterula,
2918 5420 3073 5492 quasi
3126 5422 3396 5492 posterior
3438 5430 3629 5492 porta;

2033 5487 2343 5562 cuiusmodi
2387 5487 2630 5564 minores
2656 5497 2828 5564 porta:
2861 5487 3285 5564 in_quibu'sdam
3316 5487 3530 5564 oppidis
3556 5492 3633 5546 vi-

2033 5559 2250 5625 suntur,
2295 5573 2419 5630 quae
2456 5559 2622 5630 certis
2661 5559 2949 5615 dumtaxat
2976 5559 3367 5617 occasionibus
3392 5559 3496 5617 'aut
3535 5576 3633 5617 ne-

2034 5629 2379 5702 cessitatibus
2405 5629 2726 5702 aperiuntur
2761 5652 2773 5687 :
2809 5630 3011 5702 quibus
3032 5641 3217 5688 tamen
3252 5632 3517 5702 contingit
3546 5632 3635 5686 in-

2034 5701 2252 5757 terdum
2296 5701 2462 5784 urbes
2500 5701 2655 5772 prodi
2697 5707 2752 5756 et
2791 5700 2949 5825 cari,
2982 5710 3042 5783 ut
3087 5700 3354 5771 exemplis
3390 5700 3634 5779 veterum

2034 5780 2088 5825 et
2116 5780 2481 5825 recentiorum
2506 5780 2824 5825 temporum
2881 5772 3072 5825 Iamdo
3100 5778 3344 5825 constat.
3375 5778 3431 5824 et
3460 5769 3547 5821 hic
3568 5764 3634 5817 ab

2033 5780 2088 5826 et
2116 5773 2481 5828 recentiorum
2501 5764 2824 5842 temporum
2860 5764 3072 5841 liquido
3100 5764 3344 5833 constat,
3375 5778 3431 5824 et
3460 5768 3547 5842 hic
3568 5764 3638 5842 ab

2032 5844 2275 5897 Auctore
2302 5838 2641 5897 insinuaturf
2658 5838 2949 5911 Perperam
2976 5852 3106 5894 vero
3133 5847 3185 5892 et
3205 5850 3398 5905 parum
3430 5838 3638 5887 attente
