3996 6198
309 247 426 302 229

817 249 904 305 DE
941 249 1421 308 C(ENOBIORUM
1457 250 1702 308 INSTIT.
1742 249 1870 308 LIB.
1915 249 1984 306 V.
2023 252 2224 310 —-DE
2258 253 2525 313 SPlRlTU
2563 255 3119 314 GASTRIMARGIA'J.

3513 269 3628 324 .230

321 369 578 440 vincitur,
619 371 736 445 ejus
775 381 830 430 et
868 388 1060 430 servus
1098 382 1183 432 est
1217 377 1294 444 (ll
1323 379 1468 433 Petr.
1508 375 1594 448 ιι).
1627 377 1698 431 Et
1735 373 1922 431 omnis
1947 376 2005 440 Α
2033 373 2184 448 quod
2215 375 2468 434 ciborum
2505 393 2618 434 non
2658 378 2838 436 solum
2875 379 3185 452 superﬂuus
3221 383 3491 455 appetitus
3521 387 3629 444 vir-

319 465 414 538 qui
445 463 576 522 facit
604 474 918 538 peccatum,
952 483 1142 527 servus
1168 478 1250 527 est
1275 469 1483 544 peccati
1523 470 1705 542 (Joan.
1741 472 1918 542 .vut).

321 557 572 630 Cumque
607 573 710 615 nos
737 559 888 617 nulla
926 561 1385 633 concupiscentia:
1425 561 1603 634 turpis
1631 573 1922 633 respersos

321 649 552 710 infamia
599 669 830 712 examen
878 655 1167 714 certamini
1211 655 1578 730 praesidentis
1622 654 1922 724 invenerit,

320 758 420 800 nec
461 743 730 820 fuerimus
757 747 826 804 ab
864 763 929 805 eo
957 757 1020 805 ut
1044 751 1189 808 servi
1219 751 1404 808 carnis
1439 758 1493 807 et
1533 749 1798 823 ignobiles
1840 749 1923 806 in-

321 836 578 912 dignique
611 844 638 874 ³
670 841 1008 916 Olympiacis
1034 843 1302 902 vitiorum
1335 843 1802 902 colluctationibus
1827 845 1926 916 ju-

318 929 514 1001 dicati,
557 941 689 990 tunc
732 936 1042 1006 poterimus
1083 944 1279 994 contra
1321 952 1542 994 cooevos
1580 945 1826 1005 nostros,
1868 935 1924 993 id

321 1031 425 1086 est,
465 1025 965 1098 concupiscentiam
1005 1028 1188 1086 carnis
1227 1037 1284 1086 et
1317 1037 1502 1085 motus
1543 1044 1607 1084 ac
1640 1029 1928 1102 perturba-

320 1115 503 1174 tiones
539 1117 743 1176 animae
789 1119 926 1178 inire
960 1130 1256 1178 certamen.
1301 1121 1646 1194 Impossibile
1687 1137 1926 1194 namque

319 1215 406 1264 est
439 1217 697 1266 saturum
731 1220 975 1269 ventrem
1009 1228 1220 1287 pugnas
1246 1212 1518 1271 interioris
1557 1213 1798 1272 hominis
1825 1231 1922 1272 ex-

320 1300 527 1372 periri;
557 1317 660 1359 nec
681 1301 837 1360 bellis
867 1303 1271 1363 robustioribus
1299 1307 1556 1364 attentari
1591 1307 1817 1380 dignum
1844 1315 1928 1364 est

318 1407 455 1450 eum
481 1395 572 1467 qui
597 1405 778 1467 potest
800 1397 956 1472 dejici
975 1399 1190 1456 leviore
1217 1396 1496 1458 conﬂictu.

907 1492 1154 1550 CAPUT
1181 1494 1337 1550 XIV.

431 1581 700 1650 Quomodo
720 1585 897 1654 possit
923 1586 1066 1656 gula:
1091 1588 1516 1657 concupiscentia
1541 1589 1812 1658 superari.

392 1673 584 1742 Prima
605 1689 750 1748 ergo
777 1677 932 1734 nobis
957 1676 1215 1736 calcanda
1247 1686 1332 1736 est
1365 1679 1509 1751 gulae
1537 1679 1926 1752 concupiscen-

2027 475 2211 526 tutum
2239 471 2691 544 contemplatione
2727 471 3040 541 calcandus,
3072 473 3172 531 sed
3202 474 3362 532 etiam
3391 477 3493 550 ipsi
3531 494 3626 536 na-

2033 568 2171 618 tura:
2198 562 2538 621 necessarius
2577 572 2860 636 tamquam
2887 565 3121 622 castitati
3153 550 3481 640 contrarius,
3510 587 3627 630 non

2033 652 2149 711 sine
2189 654 2372 711 cordis
2411 655 2684 713 anxietate
2721 657 3023 715 sumendus
3049 667 3150 716 est.
3189 663 3255 717 Et
3284 661 3358 719 ita
3400 662 3626 722 demum

2035 747 2159 805 vita:
2185 757 2392 806 nostra:
2423 749 2789 808 instituendus
2817 759 2901 808 est
2927 767 3138 824 cursus,
3172 763 3232 810 ut
3263 756 3474 813 nullum
3506 775 3628 816 ma-

1993 899 2004 908 ,
2031 839 2111 914 gis
2139 839 2212 897 sit
2237 850 2456 914 tempus
2483 857 2596 915 quo
2634 841 2932 899 sentiamus
2960 858 3060 900 nos
3085 859 3116 899 a
3149 846 3483 918 spiritalibus
3517 859 3632 909 stu-

2032 931 2138 988 diis
2167 934 2431 1004 revocari,
2459 950 2629 1007 quam
2674 951 2784 1008 quo
2811 935 3141 994 descendere
3177 937 3246 994 ad
3273 945 3630 1002 necessariam

2033 1027 2278 1098 corporis
2320 1043 2510 1084 curam
2541 1027 2658 1100 ejus
2690 1025 2984 1101 fragilitate
3019 1030 3415 1101 compellimur.
3459 1036 3630 1092 Cum-

2031 1133 2140 1190 que
2165 1118 2234 1200 ad
2269 1119 2409 1176 hanc
2445 1120 2826 1202 necessitatem
2868 1120 3268 1192 submittimur,
3310 1125 3430 1182 usui
3458 1129 3637 1200 potius

2032 1211 2154 1270 vitae
2181 1229 2346 1286 quam
2390 1215 2595 1272 mentis
2631 1214 2900 1272 desiderio
2931 1213 3279 1287 famulantes,
3313 1222 3637 1290 quantocius

2032 1303 2104 1360 ab
2145 1319 2239 1371 ea,
2278 1305 2426 1363 velut
2470 1321 2502 1362 a
2537 1305 2868 1363 salutaribus
2914 1320 3016 1362 nos
3047 1307 3246 1363 studiis
3289 1308 3632 1382 retrahente,

2032 1398 2281 1456 subtrahi
2330 1399 2673 1457 festinemus.
2727 1403 3084 1472 Nequaquam
3125 1400 3276 1458 enim
3334 1404 3634 1474 poterimus

2032 1506 2280 1550 escarum
2312 1493 2666 1566 praesentium
2697 1509 2954 1566 spernere
2978 1493 3300 1566 voluptates,
3331 1495 3438 1552 nisi
3476 1513 3634 1556 mens

2031 1587 2480 1659 contemplationi
2517 1586 2716 1644 divina:
2753 1585 2950 1654 deﬁxa,
2991 1603 3180 1644 amore
3216 1589 3483 1648 virtutum
3531 1608 3633 1666 po-

2032 1677 2140 1734 tius
2179 1686 2235 1734 et
2285 1677 2679 1748 pulchritudine
2730 1679 3036 1737 caelestium
3077 1679 3398 1738 delectetur.
3447 1685 3518 1740 Et
3560 1684 3634 1740 ita

320 1767 422 1834 tia,
458 1769 614 1849 etieo
651 1785 824 1842 usque
860 1771 1202 1828 extenuanda
1237 1787 1392 1830 mens
1428 1787 1544 1828 non
1569 1771 1751 1830 solum
1773 1770 1922 1844 jeiu—
1958 1787 2007 1849 Β
2036 1769 2159 1842 quis
2196 1771 2341 1828 velut
2367 1770 2572 1826 caduca
2594 1769 2858 1843 despiciet
2881 1771 3129 1828 universa
3167 1775 3479 1844 praesentia,
3508 1791 3636 1832 cum

319 1863 457 1932 niis,
488 1879 680 1920 verum
717 1865 884 1921 etiam
913 1865 1136 1939 vigiliis,
1169 1865 1402 1924 lectione
1427 1881 1650 1940 quoque
1668 1907 1684 1934 ,
1714 1873 1771 1922 et
1803 1880 1923 1922 cre-

320 1955 422 2012 bra
458 1958 882 2030 compunctione
917 1957 1123 2026 cordis,
1166 1959 1223 2015 in
1258 1959 1459 2032 quibus
1494 1973 1554 2014 se
1583 1957 1811 2016 forsitan
1841 1957 1926 2015 vel

321 2049 561 2117 illusam,
599 2049 680 2106 vel
710 2050 1340 2120 victam-reminiscitur,
1371 2051 1744 2122 ingemiscens
1781 2067 1928 2109 nunc

320 2141 556 2200 horrore
589 2142 870 2211 vitiorum,
899 2159 1049 2200 nunc
1077 2143 1344 2201 desiderio
1384 2141 1733 2214 perfectionis
1758 2151 1814 2200 et
1842 2143 1928 2199 in-

323 2235 594 2307 tegritatis
628 2251 861 2293 accensa
900 2257 914 2294 :
962 2235 1140 2293 donec
1180 2235 1450 2309 ejusmodi
1483 2234 1628 2292 curis
1655 2251 1721 2292 ac
1756 2235 1926 2292 medi-

324 2328 627 2386 tationibus
669 2337 933 2402 occupata
966 2329 1170 2402 pariter
1201 2345 1268 2386 ac
1302 2343 1569 2402 possessa,
1611 2327 1780 2400 ipsius
1819 2327 1928 2384 cibi

325 2421 678 2488 refectionem
707 2440 822 2481 non
857 2433 973 2483 tam
1001 2423 1334 2499 jucunditati
1370 2438 1722 2490 concessam,
1759 2437 1928 2494 quam

325 2517 513 2576 oneris
555 2517 670 2574 vice
707 2518 810 2575 sibi
849 2518 1171 2592 impositam
1214 2524 1604 2592 recognoscat;
1644 2516 1930 2589 magisque

323 2627 452 2668 eam
481 2613 842 2670 necessariam
872 2611 1110 2686 corpori,
1152 2627 1322 2684 quam
1358 2609 1774 2667 desiderabilem
1801 2609 1928 2667 ani-

323 2719 440 2762 mae
479 2705 676 2763 sentiat
707 2705 1052 2764 attributam.
1099 2707 1223 2776 Quo
1267 2703 1456 2762 studio
1496 2702 1695 2760 mentis
1731 2711 1788 2759 et
1807 2702 1930 2775 jugi

324 2798 749 2869 compunctione
789 2797 1022 2866 detenti,
1065 2798 1346 2856 lasciviam
1386 2797 1572 2854 carnis
1587 2838 1604 2867 ,
1643 2795 1767 2870 qua
1810 2793 1932 2852 fotu

323 2905 578 2949 escarum
605 2891 978 2950 vehementius
1004 2892 1301 2961 insolescit,
1332 2898 1387 2948 et
1417 2887 1636 2948 aculeos
1677 2888 1798 2960 ejus
1823 2901 1932 2943 no-

322 2983 450 3040 xios
485 2981 866 3054 retundamus,
896 2992 1063 3056 atque
1104 2985 1184 3041 ita
1219 2981 1502 3040 fornacem
1541 2978 1790 3052 corporis
1821 2994 1930 3034 no-

322 3076 449 3146 stri,
481 3091 604 3148 quae
643 3069 672 3109 δ
697 3091 826 3148 rege
863 3075 1178 3149 Babyloniae
1219 3075 1534 3132 occasiones
1569 3082 1930 3146 peccatorum

2035 1864 2103 1920 ad
2131 1879 2196 1920 ea
2230 1879 2352 1936 quae
2381 1863 2692 1921 immobilia
2723 1871 2854 1920 sunt
2888 1871 2945 1920 et
2971 1871 3175 1920 a3terna
3204 1865 3638 1938 inseparabiliter

2034 1954 2282 2012 defixerit
2309 1956 2516 2012 mentis
2537 1953 2816 2024 obtutum,
2843 1953 3026 2012 adhuc
3053 1955 3108 2010 in
3133 1971 3294 2014 carne
3321 1957 3532 2030 positus
3554 1955 3638 2015 fu-

2006 2037 2172 2107 lturae
2207 2049 2664 2108 commorationis
2698 2047 3094 2108 beatitudinem
3129 2049 3252 2122 jam
3289 2050 3459 2109 corde
3501 2068 3640 2109 con—

2035 2145 2328 2218 templans.

2628 2238 2869 2296 CAPUT
2909 2239 3036 2296 XV.

2037 2341 2191 2409 Quod
2232 2339 2307 2395 ad
2345 2339 2749 2411 custodiendam
2775 2340 2953 2409 cordis
2993 2343 3084 2396 sui
3109 2344 3410 2411 puritatem
3447 2357 3638 2398 mona-

2337 2410 2463 2466 chus
2490 2425 2696 2482 semper
2721 2413 2958 2467 intentus
2988 2426 3097 2467 esse
3111 2410 3328 2468 debeat.

2105 2505 2136 2548 ά
2163 2515 2324 2573 Velut
2358 2515 2404 2572 si
2447 2515 2566 2588 quis
2591 2517 2859 2574 immania
2887 2517 3157 2575 virtutum
3190 2520 3438 2591 praemia,
3468 2519 3523 2576 in
3549 2535 3640 2576 su-
3699 2550 3706 2556 -

2037 2607 2194 2664 blimi
2231 2607 2558 2680 quibusdam
2603 2609 2781 2680 parvis
2823 2609 3042 2666 indiciis
3081 2609 3384 2682 designata,
3431 2612 3639 2684 perspi-

2039 2701 2344 2758 cacissimis
2385 2701 2678 2758 oculorum
2717 2701 3174 2759 obtutibus‘cum
3203 2703 3296 2760 teli
3343 2703 3640 2761 directione

2040 2792 2386 2850 tendentibus
2423 2791 2587 2850 ferire
2615 2791 2855 2861 festinet,
2889 2794 3068 2852 sciens
3095 2795 3424 2852 immensam
3454 2797 3642 2868 gloriae

2040 2886 2285 2959 palmam
2324 2893 2380 2942 et
2411 2886 2874 2966 remunerationis
2903 2889 3130 2960 pratmia
3156 2888 3214 2944 in
3251 2903 3444 2944 eorum
3474 2887 3645 2945 conti-

2040 2977 2201 3036 xione
2236 2977 2554 3047 consistere,
2599 2979 2894 3036 oculorum
2932 2981 3108 3038 aciem
3147 2979 3217 3036 ab
3256 2979 3405 3036 omni
3437 2981 3642 3038 intuitu

2038 3079 2306 3141 avertens,
2337 3072 2466 3128 illuc
2489 3071 2687 3146 dirigat
2708 3081 2931 3130 necesse
2963 3081 3067 3143 est,
3109 3073 3204 3130 ubi
3231 3087 3511 3130 summam
3553 3090 3641 3130 re-

327 3176 389 3225 et
428 3169 556 3244 vitia
595 3169 758 3228 nobis
793 3168 994 3242 jugiter
1034 3167 1509 3237 subministrante,
1553 3165 1926 3235 succenditur,
1965 3173 2010 3236 c
2038 3164 2431 3223 munerationis
2461 3173 2518 3222 et
2555 3165 2766 3238 praemii
2799 3166 3058 3239 perspicit
3085 3167 3433 3236 collocatam,
3472 3167 3639 3223 amis-

327 3261 534 3332 quibus
577 3264 604 3294 ο
649 3260 910 3332 naphtha;
954 3269 1011 3318 et
1051 3261 1189 3333 picis
1237 3261 1350 3317 vice
1391 3261 1570 3317 acrius
1612 3275 1928 3328 exuramur,

323 3353 586 3410 ubertate
613 3352 984 3426 lacrymarum
1018 3361 1078 3410 et
1111 3353 1246 3410 ﬂetu
1284 3346 1464 3410 cordis
1508 3351 1806 3425 poterimus
1833 3368 1933 3410 ex-

325 3447 634 3522 stinguere;
664 3445 841 3504 donec
862 3445 962 3504 Dei
991 3445 1185 3520 gratia,
1215 3445 1406 3519 spiritu
1445 3445 1590 3504 roris
1613 3446 1700 3504 sui
1727 3445 1784 3502 in
1811 3461 1932 3503 coro

327 3539 497 3597 dibus
509 3538 714 3597 nostris
733 3538 1066 3608 insibilante,
1079 3546 1246 3597 sistris
1265 3537 1500 3596 carnalis
1515 3533 1936 3611 concuspiscen-

330 3631 424 3688 πίω
457 3631 676 3704 penitus
707 3631 924 3689 valeant
955 3631 1248 3704 consopiri.
1289 3633 1423 3688 Hec
1451 3639 1534 3689 est
1571 3631 1733 3704 igitur
1773 3631 1936 3688 nobis

327 3725 506 3798 prima
548 3724 857 3796 contentio,
907 3724 1028 3783 haec
1071 3733 1262 3782 nostra
1305 3725 1454 3782 velut
1494 3725 1553 3781 in
1601 3725 1935 3798 Olympiacis

323 3819 720 3877 certammibus
752 3818 928 3892 prima
967 3819 1239 3892 probatio,
1278 3817 1421 3889 gulae
1459 3818 1766 3890 ventrisque
1797 3833 1934 3874 con-

323 3909 713 3984 cupiscentiam
758 3909 1028 3968 desiderio
1069 3908 1445 3981 perfectionis
1465 3907 1803 3978 extinguere.
1848 3908 1935 3964 Ob

2033 3273 2201 3316 surus
2226 3257 2416 3330 procul
2449 3256 2618 3314 dubio
2649 3257 2858 3330 peritiae
2885 3259 3127 3330 palmam
3164 3267 3222 3316 et
3249 3259 3644 3316 remuneratio-

2037 3365 2168 3406 nem
2201 3349 2436 3420 virtutis,
2474 3350 2518 3406 si
2561 3350 3129 3424 quantulumcumque
3156 3353 3642 3425 contemplationis

2039 3442 2158 3516 eius
2187 3441 2332 3516 acies
2359 3441 2674 3500 deviaverit.

2211 3511 2232 3529 ’
2326 3533 2330 3536 ’
2625 3554 2868 3612 CAPUT
2904 3557 3056 3612 xw.

2045 3660 2198 3731 Quod
2223 3659 2512 3715 monachus
2536 3643 2829 3714 secundum
2858 3661 3161 3730 Olympiaci
3184 3664 3490 3717 certaminis
3527 3677 3642 3715 mo-

2114 3747 2228 3787 rem
2255 3731 2564 3803 non_possit
2593 3731 2870 3803 spiritales
2897 3735 3144 3802 conﬁce-re
3165 3748 3386 3803 pugnas
3416 3735 3526 3787 nisi
3552 3733 3643 3786 ob-

2115 3803 2340 3858 tinuerit
2365 3801 2502 3856 bella
2527 3801 2796 3856 carnalia.

2116 3909 2308 3979 Itaque
2337 3907 2543 3962 ventris
2571 3913 2628 3962 et
2663 3905 2812 3977 gulm
2841 3907 3279 3980 concupiscentia
3319 3906 3424 3964 hoc
3448 3907 3645 3964 intuitu

1423 4023 1694 4084 ansam
1727 4029 1954 4087 eam
1991 4015 2554 4087 sumussumus.

319 4161 405 4217 les
425 4173 484 4213 se
497 4161 714 4227 petunt,
734 4171 842 4210 non
865 4157 1175 4227 querentes
1184 4153 1462 4227 dominum
1485 4166 1593 4206 non
1612 4150 1943 4227 haibere,__se¢i

316 4222 553 4287 mutare
577 4245 595 4281 :
619 4241 802 4282 seruus
817 4222 1024 4295 peccati
1041 4223 1404 4295 quid‘faciat?
1426 4238 1585 4295 quem
1608 4222 1944 4295 interpellet?

326 4298 492 4428 ἵνα
519 4313 677 4369 quem
703 4312 760 4352 se
786 4292 1024 4378 canalem
1045 4292 1240 4379 petat?
1267 4292 1470 4378 Deinde
1494 4307 1680 4377 servus
1709 4292 1943 4376 hominis

384 4368 632 4428 t'auando
641 4370 735 4424 sui
743 4367 948 4422 domm:
957 4365 1113 4422 dum
1128 4380 1370 4428 imperiis
1390 4366 1658 4428 fatigatus
1675 4363 1941 4428 fugiendo

384 4363 632 4444 iquandp
641 4370 735 4424 sui
743 4367 952 4422 domini
957 4363 1113 4444 duris
1128 4367 1370 4444 imperiis
1390 4366 1658 4444 fatigatus
1675 4363 1941 4444 fugiendo

327 4435 646 4512 req'uiescit;
671 4453 855 4512 seruus
871 4439 1087 4512 peccati
1096 4435 1216 4512 _quo
1235 4437 1456 4512 fugiet?
1481 4450 1656 4512 secum
1683 4450 1739 4489 se
1765 4435 1940 4512 trahit

332 4507 667 4590 quocumque
687 4507 928 4590 fugerit;
949 4523 1055 4564 non
1071 4509 1232 4590 fugit
1251 4509 1485 4590 seipsam
1502 4507 1649 4560 mala
1673 4507 1940 4590 conscien-

332 4575 438 4646 tia,
455 4575 656 4638 non-est
677 4575 782 4650 qua
799 4575 919 4642 eat,
928 4575 1172 4650 sequitur
1190 4593 1266 4641 se,
1290 4575 1470 4650 immq
1467 4591 1572 4631 non
1589 4577 1833 4650 recedit_a
1852 4591 1940 4645 se;
1969 4575 2020 4639 D

327 4657 619 4724 peceatum
632 4647 774 4724 enim
795 4649 942 4724 quod
959 4647 1117 4717 facit,
1137 4651 1284 4724 intus
1305 4651 1401 4702 est.
1427 4647 1558 4724 Haec
1575 4647 1934 4724 Augustinus.

479 4730 534 4778 et
568 4715 1056 4800 philosophihanc
1093 4718 1411 4800 servitutem
1442 4715 1938 4800 ejusqueturpitu-

330 4793 524 4850 dinem
565 4787 934 4864 agnoverunt.
979 4789 1253 4864 Diogenes
1298 4787 1482 4844 dicere
1523 4787 1768 4864 sciitus,_
1791 4787 1942 4864 inter

331 4878 523 4922 servos
552 4856 633 4920 ac'
641 4863 896 4932 dominos
925 4856 1129 4932 malos',
1160 4867 1363 4932 praeter
1388 4856 1672 4932 vocabula,
1695 4856 1827 4932 nihil
1855 4859 1938 4932 i_n-_

332 4943 567 5005 teresse,
585 4933 689 4990 nisi
708 4931 860 5005 quod
879 4927 1440 5005 mancipia'servirent
1453 4927 1714 5005 dominis,
1729 4927 1940 4985 domini

331 4997 748 5078 cupiditatibus".
805 5006 875 5059 Et
918 4997 1186 5084 Horatius
1236 5000 1306 5057 de
1345 4997 1570 5056 homine
1623 4997 1947 5072 voluptuose

335 5076 454 5134 [nec
481 5075 634 5133 canit
661 5075 802 5144 (Lib.
839 5089 888 5131 ιι
917 5088 1044 5137 ser.,
1071 5077 1232 5128 satir.
1269 5075 1324 5138 7)
1361 5086 1374 5122 :

481 5086 634 5133 canit
661 5086 802 5137 (Lib.
839 5089 888 5131 ιι
917 5088 1044 5137 ser.,
1071 5086 1232 5128 sam.
1269 5086 1324 5137 7)
1361 5086 1374 5122 :

463 5220 621 5270 Urget
640 5215 776 5268 enim
803 5216 1022 5266 mentem
1059 5213 1298 5264 dominus
1321 5225 1418 5262 non
1440 5211 1583 5270 lenis,
1610 5215 1660 5261 et
1682 5223 1828 5261 acres

467 5231 621 5329 urget
640 5231 776 5268 enim
803 5231 1022 5288 nlme
1059 5231 1298 5264 αυιιιιιιιιδ
1321 5231 1418 5262 non
1441 5231 1583 5270 tents,
1610 5231 1660 5261 ει
1682 5231 1759 5260 uel

460 5281 534 5332 Su
563 5281 722 5344 jectat
746 5279 882 5329 lasso
906 5275 1156 5338 stimulos,
1180 5278 1448 5338 versatque
1482 5275 1759 5337 negantem.

409 5435 434 5465 ³
467 5431 536 5489 ld
559 5439 668 5502 est,
697 5429 974 5488 nobilibus
998 5437 1055 5487 et
1079 5427 1350 5502 gloriosis,
1378 5427 1558 5502 qualia
1585 5435 1743 5485 erant
1761 5425 1952 5502 Olym-

343 5501 490 5572 piaca
533 5497 833 5560 certamina
877 5512 933 5558 et
972 5497 1230 5572 victoriae,
1272 5497 1653 5572 non:levibus,
1692 5505 1789 5555 aut
1830 5497 1951 5572 vul-

344 5569 594 5656 ἐὲάὶξιιες
619 5573 774 5656 (ιιιρᾴ
801 5571 1056 5656 superius
1081 5571 1234 5641 dicit,
1259 5569 1601 5644 epheborum
1628 5569 1950 5639 luctamine,

347 5643 397 5797 id
413 5645 1218 5797 ῗῗθὲἓῗῗὶεςν.
1235 5713 1487 5797 ἀίδιπξιεξε.
1501 5712 1591 5797 (ιρὲ
1621 5712 1733 5797 tesi
1771 5711 1948 5797 Bal!!-

347 5781 496 5842 lonio
537 5781 868 5843 a'ssimilatur
896 5781 977 5842 ob
1003 5785 1312 5858 superbiam
1340 5793 1396 5843 et
1438 5781 1673 5843 libidinis
1685 5781 1950 5841 'incent'i-

2052 4167 2206 4224 vum.
2237 4153 2325 4207 De
2361 4166 2471 4224 quo
2501 4148 2694 4224 itidem
2729 4150 3023 4224 Cassianus
3059 4150 3248 4224 lib.7vt
3289 4167 3406 4224 cap.
3445 4160 3530 4221 t7,
3561 4169 3645 4210 ea-

2011 4271 2014 4275 .
2049 4221 2176 4278 dem
2196 4235 2342 4298 _uus
2362 4219 2630 4298 allusione
2658 4227 2711 4275 et
2739 4219 3062 4298 metaphora
3103 4240 3114 4276 :
3145 4219 3416 4298 Clibanus,
3449 4219 3643 4298 inquit,

2049 4295 2230 4367 carnis
2253 4294 2471 4355 nostrae,
2497 4305 2655 4367 _quem
2679 4306 2778 4346 rex
2799 4291 3123 4367 Babylonius
3147 4296 3424 4367 incentivis
3449 4291 3646 4367 sugge-

2049 4365 2285 4418 stionum
2322 4363 2624 4418 canwlium
2659 4362 2973 4418 succendere
3011 4379 3117 4419 non
3157 4365 3389 4430 desistit,
3437 4362 3648 4424 descen-

2048 4434 2298 4510 dentejn
2327 4432 2704 4510 cordanostra
2729 4437 3048 4510 rpregqncti
3063 4436 3301 4507 Spiritus
3324 4441 3644 4510 castingua-

2047 4504 2295 4578 tur-,Ubi
2319 4503 2440 4578 vide
2465 4503 2621 4575 plura
2646 4507 2811 4578 ex_D_.
2839 4503 3195 4578 Hieronymo.

2115 4576 2140 4608 ο
2161 4574 2439 4648 Naphtha,
2463 4574 2686 4648 auctore
2711 4575 2888 4648 Plinio
2915 4574 3073 4645 (Lib?
3090 4593 3140 4634 ιι
3167 4595 3210 4648 c.
3245 4584 3390 4647 105),
3417 4581 3644 4638 bitumi-

2045 4646 2142 4720 nis
2165 4645 2356 4720 liquidi
2390 4662 2586 4720 genus,
2617 4645 2736 4720 sive
2770 4647 3142 4705 colamentum
3181 4645 3472 4706 bituminis
3500 4652 3646 4706 circa

2045 4716 2810 4792 Babylonem—copiosissime
2853 4719 3211 4792 proveniens_;_
3251 4720 3338 4792 cui
3379 4727 3531 4774 tanta
3568 4728 3649 4775 est

2047 4786 2180 4870 cum'
2201 4787 2330 4861 igne
2353 4786 2720 4870 cognatio:_ui
2745 4786 2968 4870 ﬂamina
3003 4787 3274 4870 transiliat
3314 4789 3371 4841 in
3396 4803 3516 4870 eam
3551 4805 3650 4870 un:

2045 4855 2354 4931 decum'que
2383 4855 2580 4931 visam.
2609 4856 2820 4931 Vulgus
2847 4859 3032 4913 oleum
3070 4855 3303 4931 Medates
3339 4865 3518 4922 vocat,
3544 4860 3644 4931 _alii

2050 4926 2392 5000 petrelaa'nm,
2421 4926 2532 5000 sive
2557 4926 2888 5000 petroleum,
2909 4940 3038 5000 esse
3049 4926 3408 5000 contendunt.
3441 4931 3518 4985 Ex
3543 4929 3649 4988 hoc

2050 4995 2504 5072 coniiciturignis
2531 4995 2668 5072 pene
2696 4995 3365 5072 inesstinguibil_is,__quem
3390 5004 3649 5072 graecani-

2051 5085 2179 5149 cum
2211 5063 2507 5149 appellunt.
2533 5063 2762 5149 ’A_l_|udit
2793 5063 3002 5149 Auctor
3041 5067 3110 5149 ad
3138 5063 3424 5149 illaverba
3451 5075 3649 5132 Danie-

2053 5139 2118 5214 lis
2139 5136 2306 5214 tertio
2333 5136 2508 5210 capite
2535 5152 2548 5189 :
2573 5139 2706 5214 Non
2718 5139 2990 5214 cessabant
3013 5142 3256 5196 ministri
3277 5145 3420 5214 regis
3442 5161 3650 5203 szwcen.

2052 5212 2176 5284 dere
2209 5209 2482 5284 fornacem
2509 5209 2776 5284 naphtha,
2798 5213 2859 5284 _et
2892 5214 3072 5284 stupe,
3104 5215 3154 5267 et
3185 5215 3320 5284 pice,
3339 5209 3402 5270 'et
3427 5218 3649 5274 malleo-

2053 5279 2280 5358 l_is,__etct
2311 5283 2374 5336 In
2399 5295 2564 5358 quem
2591 5279 2774 5358 locum
2798 5279 2922 5358 haec
2938 5279 3104 5358 habet
3133 5279 3202 5339 DZ
3232 5285 3604 5358 Hieronymus
3631 5310 3644 5344 ε

2052 5355 2344 5431 ξαιιαετίιιε
2362 5350 2548 5431 scribit
2566 5350 2711 5431 quod
2728 5352 2974 5431 naphtha
2997 5355 3068 5431 sit
3085 5370 3250 5431 genus
3268 5350 3476 5431 [amitis
3500 5361 3650 5431 apud

2052 5427 2267 5490 Persas,
2292 5439 2396 5494 quo
2413 5423 2496 5478 vel
2513 5423 2750 5494 maxime
2766 5425 3084 5480 nutm'antur
3094 5423 3369 5483 incendia.
3391 5433 3513 5486 Alii
3530 5423 3651 5486 ossa

2054 5493 2342 5576 olivarum,
2390 5509 2512 5564 qua:
2535 5493 2911 5576 proﬁciuntur
2951 5512 3091 5576 (nun
3111 5513 3335 5576 amurch
3381 5503 3647 5576 arefacia,

2055 5567 2359 5638 naphtham
2391 5567 2663 5638 appellari
2694 5569 2918 5636 putant.
2970 5567 3120 5624 Unde
3165 5571 3216 5623 et
3254 5567 3432 5624 Graece
3473 5567 3648 5640 nuptm

2055 5639 2260 5693 dicitur
2283 5637 2352 5692 ab
2389 5651 2446 5691 eo
2470 5636 2613 5707 quod
2640 5639 2754 5708 πῦρ,
2791 5637 2886 5692 hoc
2917 5641 3016 5707 est,
3047 5639 3226 5708 ignem
3255 5641 3486 5694 nutriat.
3517 5642 3653 5696 Haec

2057 5709 2457 5780 Hieronymus,
2600 5777 2609 5780 _
2686 5777 2731 5780 ν,
2816 5777 2833 5780 _
2903 5777 2914 5780 _
2977 5776 2988 5780 ,
3174 5776 3205 5780 _
3247 5773 3278 5780 __
3393 5773 3452 5780 Α.

2127 5765 2155 5812 δ
2190 5765 2398 5836 Eadem
2432 5775 2542 5835 fere
2567 5777 2872 5836 similitudo
2903 5776 3136 5832 habetur
3163 5773 3358 5831 Collat.
3391 5778 3414 5828 Ι
3443 5773 3560 5842 eap.
3589 5776 3648 5825 5.
