3996 6198
395 298 495 352 231

1736 286 2016 344 JOANNIS
2050 286 2353 344 CASSIANI

3597 297 3699 353 232

398 430 677 495 superata,
720 437 825 477 nec
863 419 1002 476 servi
1052 418 1254 485 carnis,
1303 431 1405 472 nec
1454 413 1686 471 infames
1734 414 1990 470 vitiorum
2018 416 2073 479 Α
2101 414 2237 471 bore
2271 412 2575 485 conquisito
2622 413 2901 486 graviores
2941 430 3150 488 pugnas
3188 416 3555 487 nequitiarum
3584 435 3696 478 cm-

397 526 526 573 nota
577 515 938 588 pronuntiati,
987 513 1134 568 velut
1181 511 1235 566 in
1283 507 1622 582 Olympiacis
1661 506 1991 579 disciplinis,

393 610 764 684 judicabimur
792 607 1142 680 superiorum
1185 618 1402 675 quoque
1441 601 1801 658 certaminum
1842 601 1991 674 digni

398 721 514 762 esse
546 704 824 768 conﬂictu,
852 698 1256 773 pramissisque
1279 694 1657 768 hujuscemodi
1681 693 1992 751 documen-

397 800 496 868 tis,
545 794 914 869 spiritualibus
958 807 1177 864 quoque
1218 789 1471 862 nequitiis
1520 787 1777 861 congredi
1828 803 1988 859 posse

395 894 703 956 credemur,
741 904 866 961 qua:
908 902 1020 943 non
1058 885 1161 941 nisi
1204 882 1504 940 victoribus
1539 890 1779 951 tantum,
1810 888 1865 937 et
1902 880 1988 938 his

395 988 486 1060 qui
526 990 809 1040 merentur
841 981 896 1036 in
932 978 1156 1052 spiritali
1185 992 1360 1048 agone
1387 974 1732 1043 contendere,
1763 990 1987 1030 concer-

374 1084 511 1135 tare
546 1078 858 1154 dignantur.
903 1070 1048 1128 Illud
1088 1071 1233 1127 enim
1274 1077 1356 1125 est
1385 1075 1711 1125 cunctorum
1740 1066 1991 1124 luctami-

393 1188 528 1228 num
572 1152 729 1223 velut
770 1164 1049 1237 quoddam
1091 1161 1489 1217 solidissimum
1536 1152 1987 1226 fundamentum,

393 1270 415 1299 ³
443 1273 500 1320 ut
528 1261 782 1334 primitus
810 1255 1113 1313 carnalium
1143 1253 1546 1310 desideriorum
1570 1251 1837 1307 incentiva
1870 1266 1989 1322 per-

388 1359 644 1413 imantur.
673 1354 816 1408 Nam
842 1350 1043 1416 nullus,
1067 1363 1228 1405 carne
1257 1346 1475 1420 propria
1506 1362 1621 1402 non
1649 1344 1883 1413 devicta,
1906 1345 2003 1423 le-»

392 1449 584 1523 gitime
627 1444 906 1501 decertare
939 1441 1156 1512 poterit.
1199 1441 1271 1495 Et
1316 1439 1409 1510 qui
1451 1438 1694 1510 legitime
1737 1452 1850 1493 non
1882 1436 1986 1493 de-

390 1548 586 1607 certat,
620 1539 739 1593 sine
780 1533 945 1591 dubio
977 1547 1078 1588 nec
1112 1532 1167 1587 in
1204 1546 1379 1603 agone
1409 1529 1722 1601 conﬂigere,
1754 1544 1855 1586 nec
1887 1544 1986 1585 co-

389 1645 542 1686 rona:
579 1626 835 1700 gloriam,
863 1639 964 1680 nec
999 1621 1240 1678 victoria
1271 1620 1503 1692 gratiam
1529 1619 1731 1690 poterit
1764 1633 1985 1689 prome-

387 1723 517 1779 reri.
572 1718 731 1793 Quﬂod
788 1718 835 1791 si
882 1716 988 1771 hoc
1034 1714 1309 1770 fuerimus
1366 1713 1670 1769 certamine
1719 1711 1981 1784 superati,

2104 504 2322 561 lestinm
2364 504 2631 577 experiri,
2670 505 2764 578 qui
2805 521 3027 563 carnem
3069 507 3315 581 fragilem
3352 510 3691 570 resistentem

2098 595 2309 668 spiritui
2346 604 2541 652 nostro
2582 596 2875 671 subjugare
2914 598 3280 671 nequivimus.
3334 601 3498 670 Quod
3538 605 3694 677 Apo-

2097 688 2221 744 stoli
2260 688 2642 745 testimonium
2675 706 2789 746 non
2828 691 3193 765 intelligentes
3220 692 3445 765 quidam
3489 711 3695 767 posue-

2098 789 2228 838 runt
2263 798 2363 855 pro
2404 783 2695 839 indicativo
2731 786 3035 857 optativum
3070 785 3320 854 modum,
3352 787 3407 845 id
3436 798 3541 861 est,
3567 799 3691 849 ten-

2093 877 2228 933 tatio
2265 891 2363 932 vos
2398 892 2507 932 non
2541 876 2931 949 apprehendat,
2970 878 3075 936 nisi
3114 879 3378 937 humana.
3419 882 3584 955 Quod
3620 884 3690 942 ab

2095 970 2213 1042 ipso
2249 971 2425 1043 magis
2450 970 2559 1027 dici
2594 970 2975 1027 manisfestum
3011 980 3115 1040 est,
3149 987 3264 1028 non
3298 975 3558 1046 optantis,
3590 978 3687 1035 sed

2092 1063 2516 1135 pronuntiantis,
2546 1063 2629 1119 vel
2655 1064 3037 1135 exprobrantis
3070 1064 3293 1123 affectu.

2668 1165 2912 1222 CAPUT
2947 1167 3129 1223 XVII.

2099 1262 2251 1330 Quod
2258 1263 2676 1337 fundamentum
2696 1278 2758 1337 ac
2769 1262 2911 1318 basis
2924 1264 3191 1337 spiritalis
3207 1266 3396 1333 agonis
3414 1268 3471 1320 in
3488 1269 3689 1337 gastri-

2416 1336 2645 1403 margia:
2672 1336 2748 1388 sit
2779 1337 3068 1389 certamine
3093 1336 3369 1390 collocata.

2163 1436 2259 1492 Vis
2282 1435 2470 1493 audire
2498 1449 2685 1490 verum
2713 1433 2975 1491 athletam
3002 1435 3200 1492 Christi
3225 1441 3249 1471 ο
3288 1436 3534 1512 legitimo
3558 1454 3691 1513 ago-

2090 1528 2175 1583 nis
2210 1526 2337 1600 jure
2377 1527 2710 1583 certantem?
2762 1527 2905 1598 Ego,
2955 1526 3164 1599 inquit,
3207 1528 3286 1585 sic
3338 1545 3536 1598 curro,
3577 1546 3691 1588 non

2090 1616 2243 1694 quasi
2292 1621 2351 1677 in
2397 1621 2696 1687 incertum;
2755 1620 2833 1676 sic
2875 1635 3088 1697 pugno,
3136 1638 3249 1678 non
3295 1624 3450 1696 quasi
3504 1639 3688 1682 aerem

2095 1716 2383 1772 verberans
2420 1738 2433 1772 :
2470 1714 2569 1772 sed
2608 1713 2813 1787 castigo
2852 1729 3054 1788 corpus
3094 1730 3303 1783 meum,
3344 1725 3399 1773 et
3442 1718 3687 1775 servituti

388 1816 533 1871 velut
573 1812 714 1869 servi
758 1808 987 1866 carnalis
1027 1805 1481 1879 concupiscentia:
1521 1805 1889 1877 comprobati,
1931 1814 1986 1863 et
2016 1797 2064 1858 B
2095 1810 2361 1882 subjicio,
2404 1825 2476 1868 ne
2518 1809 2638 1867 aliis
2677 1809 2975 1882 praedicans
3019 1809 3133 1882 ipse
3172 1810 3440 1882 reprobus
3483 1811 3690 1869 efﬁciar

387 1928 482 1985 per
521 1911 626 1966 hoc
662 1923 770 1965 nec
814 1906 1080 1963 libertatis
1116 1920 1216 1960 nec
1253 1902 1467 1960 roboris
1509 1903 1742 1975 insignia
1787 1903 1986 1976 praefe-

384 2014 588 2072 rentes,
616 2019 647 2059 a
672 2000 995 2074 spiritalium
1026 1998 1476 2070 congressionum
1506 1996 1787 2067 cOnlIictu,
1813 2005 1877 2053 ut
1907 1997 1989 2053 in-

386 2098 532 2169 digni
571 2095 850 2165 servique,
880 2107 993 2147 non
1030 2090 1145 2146 sine
1190 2088 1531 2145 confusionis
1564 2097 1693 2145 nota
1737 2090 1986 2162 protinus

385 2190 726 2262 repellemur.
762 2185 963 2243 Omnis
997 2184 1147 2240 enim
1173 2183 1262 2255 qui
1294 2181 1426 2238 facit
1455 2191 1765 2254 peccatum,
1795 2199 1986 2241 servus

385 2289 467 2336 est
505 2278 712 2352 peccati
754 2281 932 2339 (Joan.
978 2280 1142 2341 vm).
1175 2274 1508 2346 Diceturque
1539 2274 1698 2331 nobis
1727 2291 1823 2347 per
1846 2276 1983 2333 bea-

382 2381 502 2429 tum
534 2371 862 2444 Apostolum
889 2385 1015 2425 cum
1043 2368 1126 2424 his
1152 2368 1297 2424 inter
1325 2383 1462 2439 quos
1492 2367 1781 2425 fornicatio
1808 2371 1981 2427 nomi-

387 2474 596 2522 natur:
636 2461 663 2498 δ
703 2463 956 2520 Tentatio
997 2477 1094 2518 vos
1132 2476 1245 2517 non
1287 2458 1677 2532 apprehendat,
1726 2461 1828 2517 nisi
1868 2464 1976 2518 hu-

383 2574 543 2614 mana
575 2558 613 2631 (l
651 2560 767 2615 Cor.
797 2561 882 2623 κ).
920 2558 1043 2612 Non
1085 2554 1232 2611 enim
1273 2553 1611 2610 merebimur
1646 2555 1847 2612 mentis
1892 2572 1980 2613 ro-

2093 1904 2137 1969 (I
2172 1906 2289 1962 Cor.
2328 1904 2438 1976 rx).
2473 1903 2639 1960 Vides
2675 1912 2740 1960 ut
2763 1904 2819 1960 in
2851 1903 3053 1975 seipso,
3080 1903 3137 1959 id
3170 1911 3274 1973 est,
3304 1905 3361 1960 in
3393 1920 3555 1961 carne
3583 1921 3683 1962 sua

2092 1994 2538 2051 colluctationum
2576 2011 2850 2051 summam
2883 1996 3029 2052 velut
3068 1996 3126 2051 in
3156 1995 3285 2052 base
3327 1996 3559 2068 quadam
3588 1996 3686 2053 ﬁr-

2090 2090 2334 2146 missima
2372 2090 2653 2158 statuerit,
2682 2098 2735 2146 et
2771 2098 3094 2162 proventum
3130 2105 3325 2163 pugna:
3355 2090 3410 2145 in
3441 2090 3558 2146 sola
3587 2106 3681 2147 ca-

2091 2184 2382 2255 stigatione
2413 2183 2670 2239 carniset
2700 2183 2757 2238 in
2792 2182 3129 2254 subjectione
3166 2183 3250 2240 sui
3276 2185 3525 2255 corporis
3564 2183 3680 2240 col-

2089 2275 2314 2331 locarit?
2341 2277 2460 2347 Ego
2493 2275 2672 2346 itaque
2696 2275 2776 2331 sic
2801 2290 2962 2331 curro
2988 2290 3098 2331 non
3124 2274 3274 2346 quasi
3303 2275 3360 2330 in
3387 2275 3675 2332 incertum.

2086 2373 2213 2426 Non
2253 2371 2426 2426 currit
2469 2371 2526 2426 in
2570 2370 2876 2438 incertum,
2920 2371 3013 2440 qui
3057 2369 3334 2426 caelestem
3373 2370 3679 2427 Jerusalem

2085 2463 2448 2535 conspiciens,
2476 2461 2717 2518 deﬁxum
2742 2461 2909 2518 habet
2937 2478 3046 2534 quo
3071 2460 3175 2518 sibi
3206 2461 3383 2518 cordis
3416 2462 3503 2518 sui
3536 2462 3683 2520 inde-

2087 2556 2334 2612 ﬂexibilis
2374 2557 2448 2612 sit
2483 2555 2767 2629 dirigenda
2798 2556 3107 2628 pernicitas.
3141 2558 3262 2613 Non
3288 2556 3463 2613 currit
3497 2555 3554 2612 in
3589 2556 3684 2613 in-

1480 2678 1734 2735 ALARDI
1772 2681 2001 2737 GAZEI
2036 2680 2592 2738 COMMENTARIUS.

453 2795 477 2824 ⁸
509 2788 698 2847 Multis
729 2786 906 2842 verbis
934 2785 990 2844 id
1017 2784 1249 2841 adstruit
1282 2786 1351 2856 D.
1385 2784 1687 2856 Gregorius
1718 2784 1814 2841 lib.
1852 2803 1981 2844 xxx

383 2861 673 2917 Moralium
697 2860 850 2929 (Cap.
878 2862 969 2924 26)
1000 2877 1012 2909 :
1037 2858 1253 2929 Nullus,
1279 2855 1471 2929 inquit,
1492 2855 1735 2925 palmam
1758 2861 1980 2927 spirita-

387 2934 451 2985 lis
481 2927 1186 3000 certaminis’apprehendit,
1214 2928 1311 2996 qui
1325 2942 1429 3000 non
1451 2927 1509 2979 in
1532 2929 1806 2997 semetipso
1825 2932 1983 2997 prius

383 3020 483 3072 per
505 3005 769 3070 afﬂictam
790 3001 991 3053 ventris
1015 2999 1491 3072 contntpiscentiam
1514 3000 1694 3072 carnis
1705 3000 1981 3072 incentiva

389 3068 658 3126 devicerit.
693 3073 875 3139 Neque
901 3072 1042 3123 enim
1070 3068 1145 3122 ad
1173 3069 1472 3133 conﬂictum
1498 3068 1766 3136 spiritalis
1790 3073 1979 3137 agonis

390 3145 718 3209 assurgitur,
746 3143 796 3193 si
815 3156 920 3194 non
939 3141 1094 3209 prius
1116 3140 1263 3191 intra
1284 3140 1628 3209 nosmetipsos
1647 3140 1813 3193 hostis
1831 3143 1979 3209 posi-

390 3218 497 3273 tus,
530 3207 671 3279 gula:
697 3207 956 3264 videlicet
970 3210 1261 3279 appetitus,
1292 3207 1565 3263 edometur
1590 3226 1606 3262 :
1637 3212 1770 3278 quia
1800 3207 1852 3264 si
1874 3227 1981 3266 non

389 3298 451 3336 ea
479 3298 600 3351 qua:
634 3282 785 3335 nobis
826 3284 955 3335 sunt
993 3281 1252 3333 viciniora
1274 3282 1686 3348 prosternimus,
1723 3283 1979 3336 nimirum

386 3352 700 3407 inaniterad
708 3368 769 3406 ea
781 3367 901 3420 qua:
912 3352 1123 3418 longius
1132 3351 1975 3419 suntimpugnanda,tranSimus.

387 3426 657 3478 Incassum
681 3438 913 3490 namque
931 3426 1114 3475 contra
1139 3423 1425 3493 exteriores
1449 3424 1690 3476 inimicos
1710 3438 1768 3476 in
1796 3439 1979 3493 campo

388 3494 579 3547 bellum
594 3494 826 3560 geritur,
843 3494 892 3544 si
902 3494 1051 3544 intra
1070 3493 1190 3559 ipsa
1203 3492 1355 3545 urbis
1364 3494 1559 3545 mmnia
1573 3494 1700 3545 civis
1712 3492 1978 3548 insidians

387 3564 633 3617 habetur.
661 3564 807 3616 Mens
830 3576 1039 3630 quoque
1061 3563 1181 3629 ipsa
1205 3562 1457 3615 certantis
1480 3562 1579 3614 sub
1598 3564 1756 3629 gravi
1778 3565 1976 3629 confu-

385 3636 549 3687 sionis
568 3633 818 3686 dedecore
837 3648 871 3683 a
894 3632 1160 3699 spiritalis
1180 3632 1481 3684 certaminis
1507 3634 1872 3699 congressione
1890 3650 1976 3688 re-

382 3705 623 3773 pellitur,
645 3702 862 3772 quando
882 3703 1099 3768 inﬁrma
1118 3703 1174 3753 in
1194 3703 1372 3754 carnis
1394 3702 1602 3769 prtelio,
1626 3703 1767 3769 gulae
1778 3704 1977 3770 gladiis
2002 3764 2008 3771 ,

384 3772 630 3843 confossa
654 3776 963 3843 superatur.
985 3774 1122 3843 Nam
1142 3786 1257 3824 cum
1281 3787 1336 3825 se
1350 3772 1539 3843 parvis
1558 3776 1835 3841 prosterni
1850 3790 1978 3828 con-

382 3841 562 3915 spicit,
602 3841 880 3911 conﬂigere
914 3841 1212 3911 majoribus
1241 3841 1521 3915 erubescit.
1555 3844 1815 3915 Nonnulli
1851 3861 1976 3900 vero

382 3913 625 3971 ordinem
644 3916 949 3969 certaminis
973 3915 1304 3981 ignorantes,
1330 3913 1577 3967 edomare
1604 3913 1788 3981 gulam
1805 3916 1974 3983 negli-

380 3992 532 4055 gant,
564 3992 615 4041 et
629 3988 751 4056 jam
779 3986 853 4039 ad
879 3985 1153 4054 spiritalia
1184 3984 1320 4037 bella
1348 3987 1695 4051 consurgunt.
1723 3984 1834 4056 Qui
1864 3986 1974 4041 ali-

317 4117 321 4123 ,
380 4059 595 4128 quando
612 4058 783 4111 multa
803 4058 986 4117 etiam,
1001 4070 1122 4124 quae
1139 4070 1349 4128 magnis
1362 4058 1487 4109 sunt
1503 4055 1862 4121 fortitudinis,
1885 4058 1977 4123 fa-

381 4127 528 4184 ciunt
580 4147 596 4182 :
640 4129 734 4183 sed
761 4128 1069 4182 dominante
1108 4127 1249 4193 gulw
1272 4127 1422 4186 vitio,
1450 4140 1550 4195 per
1578 4128 1757 4179 carnis
1796 4128 1965 4182 illece-

382 4201 555 4265 bram,
593 4215 742 4253 omne
775 4198 920 4268 quod
953 4198 1175 4265 fortiter
1211 4198 1417 4265 egerint
1447 4196 1717 4266 perdunt;
1751 4202 1803 4251 et
1840 4198 1971 4252 dum

378 4275 562 4321 renter
596 4285 704 4322 non
741 4271 1107 4335 restringitur,
1141 4283 1241 4337 per
1283 4269 1464 4322 carnis
1495 4270 1970 4336 concupiscentiam

381 4343 579 4391 cuncta
615 4338 780 4391 simul
803 4340 1028 4390 virtutes
1057 4339 1379 4392 obruuntur.
1424 4338 1570 4391 Unde
1606 4342 1657 4391 et
1691 4339 1971 4393 Nabucho-

379 4408 605 4461 donosor
642 4409 881 4460 vincente
920 4407 1174 4459 scribitur
1217 4425 1233 4460 :
1272 4409 1524 4475 Princeps
1556 4422 1845 4476 coquorum
1877 4409 1969 4463 de-

376 4480 585 4531 stinarit
609 4491 789 4529 muros
814 4476 1147 4529 Hierusalem
1174 4476 1264 4541 (IV
1296 4479 1423 4542 Reg.
1456 4475 1630 4545 xxv).
1656 4478 1798 4542 Quid
1825 4481 1967 4533 enim

370 4564 474 4617 per
492 4562 671 4602 muros
700 4546 1030 4601 Hiemsalem
1051 4547 1360 4617 signiﬁcans
1383 4546 1668 4614 Scriptura
1689 4551 1964 4615 commit,

375 4616 485 4673 nisi
517 4621 742 4671 rirtutes
771 4619 986 4677 animae,
1022 4632 1143 4685 quae
1180 4616 1254 4669 ad
1285 4617 1435 4685 pacis
1471 4617 1728 4669 visionem
1754 4620 1969 4674 tendit?

374 4692 554 4745 Muros
576 4690 749 4758 igitur
776 4687 1109 4742 Hierusalem
1133 4688 1382 4756 princeps
1406 4702 1691 4755 cognoram
1712 4688 1963 4753 destruit,

375 4764 506 4831 quia
525 4763 751 4815 virtutes
764 4760 980 4831 animm,
997 4758 1126 4831 dum
1143 4772 1247 4811 non
1267 4760 1641 4826 restringitur,
1656 4763 1966 4831 uenterper-

372 4829 474 4888 dit.
508 4835 648 4888 Hinc
676 4836 754 4886 est
792 4830 935 4900 quod
965 4830 1166 4885 Paulus
1194 4833 1378 4882 contra
1413 4829 1747 4884 Hierusalem
1770 4829 1965 4886 muenia

372 4905 673 4959 decertanti
705 4917 989 4971 coquorum
1010 4902 1256 4971 principi
1287 4901 1428 4954 vires
1461 4901 1814 4956 subtrahebat
1843 4918 1962 4957 cum

371 4975 569 5028 diceret
595 4992 610 5026 :
634 4976 849 5039 Castigo
869 4988 1059 5042 corpus
1076 4987 1272 5034 meum,
1295 4975 1346 5025 et
1358 4973 1608 5026 servituti
1625 4972 1875 5042 subjicio;
1896 4989 1963 5028 ne

369 5046 511 5110 forte
528 5044 652 5095 aliis
672 5043 996 5111 praedicans,
1018 5045 1129 5112 ipse
1148 5043 1403 5112 reprobus
1417 5044 1628 5111 efficiar
1640 5044 1683 5107 (1
1708 5044 1824 5099 Cor.
1851 5049 1957 5112 Ix).

371 5116 506 5168 Hinc
535 5115 696 5166 etiam
723 5115 988 5180 praemisit
1015 5115 1192 5167 dicens
1229 5132 1245 5167 :
1272 5115 1359 5169 Sic
1387 5128 1565 5175 curro,
1595 5129 1699 5169 non
1722 5117 1885 5184 quasi
1904 5118 1963 5170 in

367 5186 657 5248 incertum;
678 5185 754 5235 sic
771 5197 976 5251 pugno,
997 5198 1103 5236 non
1122 5186 1283 5251 quasi
1297 5199 1475 5238 aerem
1492 5186 1798 5239 verberans.
1822 5187 1962 5252 Quia

368 5270 484 5309 cum
521 5269 737 5307 carnem
774 5254 1163 5320 restringimus,
1207 5255 1339 5322 ipsis
1383 5254 1720 5308 abstinentia
1767 5261 1962 5310 nostra:

365 5326 559 5379 ictibus
577 5340 682 5377 non
702 5339 900 5385 aerem,
925 5323 1019 5377 sed
1042 5324 1339 5378 immundos
1359 5325 1583 5393 spiritus
1600 5325 1957 5389 verberamus,

365 5401 416 5450 ct
463 5411 581 5449 cum
627 5397 719 5449 hoc
756 5394 896 5461 quod
935 5398 1012 5447 est
1054 5396 1202 5447 intra
1244 5408 1368 5456 nos,
1414 5394 1755 5462 subjicimus,
1803 5400 1959 5451 extra

360 5469 551 5536 positis
577 5465 904 5536 adversariis
923 5479 1136 5536 pugnas
1159 5465 1371 5536 damus.
1404 5466 1684 5536 Hactenus
1716 5466 1784 5519 D.
1826 5467 1958 5522 Grc-

363 5533 545 5612 gorius
567 5536 655 5612 cui
682 5533 975 5612 subscribit
1004 5536 1246 5612 Isidorus
1272 5533 1305 5589 ι.
1342 5550 1385 5590 ιι
1415 5535 1736 5612 desummo
1759 5539 1913 5612 Bono
1940 5556 1953 5593 :

361 5606 543 5671 Nemo,
571 5607 837 5678 inquiens,
861 5610 1036 5678 potest
1073 5607 1341 5678 virtutum
1372 5606 1751 5675 perfectionem
1783 5610 1956 5663 attin-

361 5696 501 5751 gere,
530 5677 817 5748 nisi’prius
845 5677 1142 5751 edomuerit
1165 5677 1472 5744 ingluviem.

431 5744 458 5783 δ
486 5744 699 5820 Duplex
727 5755 814 5803 est
846 5748 1004 5820 lectio
1034 5747 1194 5820 hujus
1228 5751 1512 5820 sententiae
1542 5765 1554 5800 :
1588 5763 1714 5803 nam
1746 5749 1946 5813 Graeci,

356 5838 497 5897 quos
540 5817 832 5877 cassianus
882 5817 970 5875 hic
1010 5818 1252 5889 sequitur
1290 5818 1513 5884 (Collat.
1568 5824 1620 5887 3,
1666 5836 1710 5875 c.
1767 5826 1852 5888 I7,
1900 5826 1952 5876 et

2089 2790 2187 2844 col.
2234 2793 2256 2843 1
2296 2804 2341 2843 ο.
2387 2787 2495 2858 14),
2528 2786 2716 2859 legunt
2744 2785 2941 2857 εἴληφε,
2969 2784 3346 2859 apprehendit,
3383 2785 3685 2859 inpraeter-

2089 2859 2184 2914 ito.
2215 2860 2394 2927 Quam
2422 2856 2705 2929 lectionem
2728 2856 2952 2929 secutus
2976 2856 3047 2911 Ι).
3074 2857 3375 2929 Cyprianus
3400 2856 3491 2911 lib;
3520 2857 3682 2913 mad

2089 2930 2374 3000 Quirinum
2402 2944 2521 3000 cap.
2550 2932 2608 2981 9t
2640 2927 2772 3000 dicit
2803 2946 2815 2981 :
2857 2930 3101 2983 Tentatio
3121 2927 3216 2981 eos
3239 2942 3351 3000 non
3379 2930 3675 3000 occupavit,

2087 2997 2197 3054 nisi
2213 2997 2675 3067 humanaIAtque
2699 2997 2803 3069 hoc
2830 3000 2996 3055 modo
3016 3013 3210 3054 sensus
3237 2997 3401 3069 hujus
3425 2999 3525 3053 loci
3555 3005 3677 3053 est:

2089 3074 2210 3126 Non
2232 3078 2312 3125 est
2331 3069 2480 3139 quod
2503 3068 2828 3140 gloriamini,
2849 3077 2947 3125 aut
2967 3069 3118 3125 vobis
3138 3068 3496 3140 applaudatis,
3523 3068 3679 3139 quasi

2089 3140 2292 3221 aliquid
2311 3140 2495 3221 _magn_i
2512 3139 2982 3221 gesseritis,_quasi
2999 3139 3266 3221 magnum
3276 3147 3546 3194 certamen
3566 3154 3682 3221 sus-

2086 3210 2374 3292 tinueritis,
2400 3210 2455 3266 et
2478 3210 2635 3265 haste
2651 3210 2767 3280 jam
2788 3210 3386 3335 devictoatriumﬁhum
3406 3218 3680 3290 exspecte-

2086 3288 2155 3335 tis
2177 3301 2191 3335 :
2218 3285 2461 3335 Tentatio
2472 3296 2563 3335 vos
2580 3296 2687 3335 non
2705 3282 3077 3335 apprehendit.
3092 3296 3201 3335 nisi
3251 3296 3468 3335 umana.
3490 3279 3546 3334 Id
3568 3288 3677 3335 est.

2086 3281 2155 3337 tis
2177 3301 2191 3337 :
2218 3285 2461 3337 Tentatio
2472 3296 2563 3335 vos
2580 3279 2687 3336 non
2705 3282 3077 3351 apprehendit,
3092 3283 3205 3335 nisi
3214 3279 3468 3351 humana.
3489 3279 3546 3351 id
3568 3288 3677 3351 est,

2087 3351 2237 3424 levis,
2276 3363 2330 3408 et
2355 3367 2480 3424 qua}
2507 3351 2667 3407 facile
2693 3349 3165 3424 superariipotuit,
3187 3352 3344 3421 juxta
3377 3349 3512 3424 illud
3539 3349 3681 3420 ejus-

2085 3422 2213 3478 dem
2244 3422 2490 3493 ApoStoli
2530 3439 2545 3476 :
2582 3425 2891 3478 Humanum
2920 3423 3036 3477 dico
3056 3427 3280 3493 propter
3312 3422 3677 3493 inﬁrmitatem

2085 3496 2262 3549 carnis
2280 3491 2471 3573 uestris
2486 3496 2664 3573 _(_Bom.
2694 3491 3077 3573 v1)._1_Vondum
3104 3491 3253 3573 enim
3266 3491 3549 3573 _grav_iures_
3570 3507 3673 3562 pu-

2084 3578 2219 3634 gnas
2257 3564 2620 3634 spiritualium
2651 3564 3009 3634 nequitiarum
3048 3561 3350 3633 excepistis.
3392 3561 3675 3630 Nondum,

2086 3632 2148 3688 ut
2174 3634 2241 3689 ad
2264 3632 2529 3689 Hebraeos
2552 3632 2758 3700 scribit,
2774 3650 2941 3704 usque
2964 3634 3039 3688 ad
3056 3632 3375 3703 sanguinem
3400 3635 3678 3704 restitistis

2086 3706 2247 3775 (Heb.
2307 3710 2449 3769 χιι).
2502 3708 2575 3775 At
2632 3703 2859 3775 Latinus
2902 3706 3169 3775 interpres
3218 3705 3406 3775 legisse
3460 3703 3678 3775 videtur

2084 3773 2325 3847 εἰληφέτω
2363 3773 2731 3847 apprehendat
2771 3794 2783 3829 :
2822 3790 2989 3847 quam
3023 3772 3322 3829 versionem
3350 3772 3519 3847 secuti
3547 3774 3687 3847 sunt

2082 3844 2265 3901 caeteri
2306 3844 2482 3900 Latini
2520 3852 2799 3911 auctores,
2837 3844 3032 3914 quibus
3073 3860 3185 3900 non
3219 3853 3400 3916 potest
3425 3844 3670 3916 Cassiani

2080 3930 2201 3989 eam
2230 3916 2586 3988 improbantis
2615 3917 2908 3989 auctoritas
2934 3916 3195 3989 derogare
3225 3915 3244 3969 ξ
3284 3925 3340 3972 et
3366 3915 3543 3986 magis
3570 3930 3675 3970 ce-

2081 3984 2250 4043 haeret
2279 3984 2405 4042 cum
2441 3986 2872 4057 praecedentibus
2915 4003 2928 4040 :
2965 3984 3152 4053 Qui'se
3190 3984 3483 4041 existimat
3500 3990 3672 4050 stare,

2081 4059 2263 4137 putent
2288 4075 2355 4113 ne
2385 4058 2567 4137 cadat:
2610 4059 2973 4137 Tentatiopos
3001 4073 3106 4137 non
3136 4057 3530 4137 apprehendat,
3562 4059 3677 4137 nisi

2081 4128 2337 4183 humana.
2396 4136 2473 4183 Ac
2518 4128 2563 4182 si
2613 4138 2799 4198 aperte
2848 4127 3081 4191 diceret,
3132 4127 3208 4182 ait
3253 4131 3320 4182 D.
3371 4127 3675 4198 Gregorius

2083 4198 2213 4267 (Lib.
2249 4214 2266 4254 I
2296 4202 2541 4269 Pastora.
2572 4214 2616 4252 c.
2654 4203 2742 4261 tt)
2770 4200 3118 4269 :Humanum
3144 4199 3362 4267 quidem
3385 4202 3464 4251 est
3485 4201 3675 4252 tenta-

2078 4271 2273 4323 tionem
2303 4273 2361 4323 in
2399 4268 2551 4324 corde
2573 4271 2814 4339 perpeti,-
2841 4270 3227 4325 damoniacum
3249 4270 3455 4339 veroiin
3484 4271 3672 4322 tenta-

2078 4340 2239 4392 tionis
2262 4342 2548 4394 certamine
2570 4338 2843 4409 Supci'art7.
2872 4342 2941 4395 Et
2966 4340 3057 4395 lib.
3085 4354 3195 4395 xxr
3221 4338 3414 4394 Morel.
3443 4353 3560 4408 cap.
3592 4343 3627 4393 3
3652 4356 3668 4392 :

2075 4410 2348 4472 Humana,
2381 4409 2579 4479 inquit,
2602 4412 2826 4465 tentatio
2850 4415 2947 4473 est,
2973 4426 3080 4479 qua
3100 4411 3417 4481 plerumque
3438 4412 3496 4462 in
3521 4412 3673 4478 cogi-

2077 4482 2278 4537 tatione
2313 4482 2590 4548 tangimur
2630 4483 2792 4535 etiam
2818 4483 3053 4536 nolentes
3086 4499 3102 4534 :
3142 4484 3277 4551 quia
3303 4486 3365 4535 ut
3395 4495 3670 4534 nonnum-

2113 4566 2241 4604 uam
2261 4555 2313 4605 et
2330 4551 2524 4605 illicita
2544 4551 2619 4604 ad
2637 4554 2879 4605 animum
2897 4555 3137 4613 veniant,
3159 4553 3253 4605 hoc
3268 4553 3452 4620 utique
3478 4566 3546 4604 ex
3566 4565 3667 4605 no-
3688 4602 3695 4609 .

2114 4622 2401 4691 ismetipsis
2421 4637 2488 4675 ex
2508 4622 2861 4676 humanitatis
2880 4622 3242 4692 conuptibilis
3255 4623 3493 4692 pondere
3513 4621 3673 4675 habe.

2073 4707 2211 4747 mus.
2238 4695 2360 4747 1am
2384 4708 2506 4747 vero
2534 4693 2862 4747 dcemoniaca
2886 4698 2983 4755 est,
3008 4697 3058 4747 et
3080 4708 3186 4747 non
3212 4693 3453 4746 humana
3481 4695 3672 4745 tenta-

2073 4764 2166 4825 tio,
2198 4778 2318 4817 cum
2348 4764 2423 4818 ad
2459 4765 2554 4818 hoc
2576 4764 2720 4834 quod
2747 4766 2922 4817 carnis
2950 4763 3371 4832 conuptibilitas
3398 4764 3669 4834 suggerit,

2067 4848 2167 4901 per
2183 4850 2491 4888 consensum
2517 4850 2572 4889 se
2587 4833 2808 4889 animus
2827 4836 3112 4902 astringit;
3133 4835 3255 4889 hinc
3271 4835 3469 4888 iterum
3488 4833 3623 4888 dicit
3645 4851 3668 4886 :

2072 4905 2189 4960 Non
2221 4910 2403 4973 regnet
2421 4910 2697 4974 peccatum
2724 4908 2782 4959 in
2809 4910 2982 4960 vestro
3008 4905 3231 4959 mortali
3250 4919 3467 4974 corpore
3487 4905 3668 4974 (Rom.

2070 4978 2158 5040 vr)
2186 4993 2198 5005 ο
2220 4972 2494 5045 peccatum
2518 4978 2716 5045 quippe
2734 4978 2791 5030 in
2814 4991 3029 5045 corpore
3051 4976 3274 5029 mortali
3288 4972 3392 5028 non
3414 4989 3543 5038 esss
3570 4972 3671 5027 sed

2072 5060 2302 5113 regnare
2324 5047 2629 5117 prohibuit;
2657 5049 2786 5116 quia
2816 5048 2873 5099 in
2895 5062 3056 5100 carne
3081 5046 3416 5117 corruptibili
3440 5060 3546 5099 non
3561 5058 3675 5117 re-

2069 5130 2239 5183 gnare
2250 5114 2445 5186 potest,
2471 5117 2565 5170 sed
2582 5114 2688 5170 non
2709 5132 2819 5171 esse
2843 5132 2946 5171 non
2966 5121 3165 5187 potest.
3185 5114 3319 5171 Haec
3341 5114 3666 5187 Gregorius.

2141 5187 2165 5217 ο
2209 5184 2311 5241 Jus
2351 5187 2542 5258 agonis
2580 5196 2733 5242 vocat
2752 5187 2907 5258 leges
2933 5184 3261 5258 certaminis
3292 5184 3483 5258 militi'
3501 5184 3673 5242 Chri-

2069 5254 2647 5339 stiano,_seu'athleta3
2681 5254 2965 5339 spirituali,
3005 5256 3400 5339 observandas,
3430 5270 3567 5339 quas
3594 5270 3669 5310 ex

2069 5327 2406 5399 Olympiadis
2436 5336 2490 5383 et
2520 5327 2760 5399 profanis
2795 5327 3185 5399 certaminibus
3225 5327 3292 5382 ad
3321 5327 3669 5398 spiritualem

2068 5405 2121 5453 et
2171 5398 2480 5469 religiosam
2520 5398 2837 5469 palaestram
2880 5398 3134 5469 superius
3172 5399 3328 5469 (Cap.
3383 5401 3443 5452 l2
3482 5402 3534 5452 et
3579 5400 3667 5469 l3)

2068 5414 2121 5453 et
2171 5414 2480 5523 religiosam
2529 5414 2837 5469 palaasuam
2880 5414 3134 5469 superius
3172 5414 3328 5469 (cap.
3383 5414 3443 5452 l2
3482 5414 3534 5452 er
3579 5414 3667 5460 ιδ)

2066 5474 2278 5524 transm
2301 5469 2341 5523 it
2362 5478 2418 5525 et
2452 5469 2741 5538 adaptavit.
2774 5471 3018 5539 Quarum
3047 5468 3220 5540 prima
3257 5476 3374 5540 est,
3394 5475 3455 5523 ut
3483 5466 3673 5540 carnis

2064 5545 2117 5592 et
2156 5542 2299 5611 gula:
2328 5540 2449 5595 vitia
2478 5535 2771 5611 domentur
2800 5535 2820 5595 Ξ
2848 5540 2962 5595 sine
2989 5535 3099 5611 quo
3133 5554 3297 5595 nemo
3326 5538 3555 5611 idoneus
3592 5535 3672 5611 ad

2063 5606 2312 5679 graviora
2341 5610 2640 5666 certamina
2667 5606 3041 5683 spiritualium
3061 5611 3304 5683 hostium
3341 5606 3668 5683 sustinenda

2059 5689 2350 5819 (céggetgrk
2381 5678 2725 5819 p;)superius
2768 5698 2833 5739 ex
2892 5684 2956 5736 D.
3004 5680 3276 5754 Gregorio
3320 5678 3670 5736 ostendimus

2201 5792 2212 5806 .
2300 5768 2327 5807 e
2478 5793 2490 5807 .

2122 5765 2212 5821 ap.
2239 5756 2270 5806 3
2300 5756 2350 5807 et
2385 5756 2490 5819 l6).
