3996 6198
311 207 420 264 233

821 199 916 257 DE
950 201 1433 260 (XENOBIORUM
1469 201 1712 261 INSTITs
1750 202 1882 262 LIB.
1925 204 1989 260 V.
2027 207 2230 266 -ἫΕ
2260 207 2528 266 SPIRITU
2565 210 3124 274 GAS'I‘RIMARGIIE.

3517 223 3626 287 234

311 335 548 396 ceruini,
577 327 668 402 qui
695 326 1024 386 obliviseens
1051 327 1372 400 posteriora,
1398 327 1468 386 ad
1495 343 1559 385 ea
1585 343 1711 401 qua
1727 329 1916 403 priora
1939 333 1994 398 Α
2091 333 2384 403 Apostolus
2422 335 2499 392 ad
2523 351 2774 395 coronam
2807 340 3184 400 sublimissimi
3209 345 3400 414 agonis
3429 348 3622 403 ascen-

311 431 448 482 sunt
471 421 714 480 ostendit
736 436 820 490 se,
847 421 920 479 ad
947 421 1280 479 destinatum
1307 436 1638 496 persequens
1662 423 1917 482 brevium

245 517 260 529 '
307 532 561 590 superna
589 515 894 574 vocationis
939 515 1040 572 Dei
1079 515 1140 572 in
1182 515 1404 574 Christo
1429 517 1594 581 Iesu,
1626 531 1740 590 quo
1766 531 1918 575 sem-

309 626 410 684 per
433 611 680 685 dirigens
705 624 822 668 sua
849 609 1049 667 mentis
1079 609 1339 668 obtutum
1357 651 1375 680 ,
1407 618 1466 667 et
1503 609 1576 667 ad
1611 625 1740 668 eum
1762 612 1918 668 omni

305 703 493 762 cordis
533 703 931 776 praparatioue
958 701 1222 760 festinans
1240 741 1258 773 ,
1287 718 1422 760 cum
1461 701 1663 760 ﬁducia
1706 705 1921 776 procla-

307 801 430 850 mat
460 811 473 848 :
501 794 721 849 Bonum
748 807 980 865 agonem
1002 790 1232 862 certavi,
1261 807 1492 850 cursum
1520 793 1918 860 consummavi,

309 884 480 942 ﬁdem
521 885 730 942 servavi
773 887 849 953 (Π
879 888 1020 942 Tim.
1047 884 1137 956 ιν)
1160 927 1174 940 .
1206 886 1280 940 Et
1299 884 1425 956 quia
1459 900 1520 942 se
1547 894 1772 942 noverat
1795 893 1920 959 post

309 980 544 1038 odorem
585 987 1002 1053 unguentorum
1047 977 1252 1036 Christi
1293 979 1520 1051 praepeti
1566 980 1918 1038 conscientia

305 1071 606 1132 devbtione
660 1072 1076 1146 infatigabiliter
1140 1076 1474 1142 cucurrisse,
1543 1081 1598 1131 et
1657 1074 1918 1146 spiritalis

305 1169 512 1241 agonis
537 1174 828 1224 certamen
853 1166 1030 1222 carnis
1054 1165 1414 1238 castigatione
1450 1165 1666 1237 vicisse,
1693 1181 1826 1224 cum
1853 1167 1918 1223 ii-

301 1261 474 1320 ducia
507 1260 677 1318 infert
717 1269 775 1317 et
812 1259 944 1318 dicit
971 1279 990 1314 :
1036 1263 1118 1317 De
1156 1268 1360 1318 catero
1403 1263 1644 1332 reposita
1671 1270 1755 1318 est
1783 1261 1918 1318 mihi

304 1370 522 1412 corona
542 1353 804 1426 justitia,
833 1369 1002 1425 quam
1045 1352 1238 1412 reddet
1272 1353 1412 1410 mihi
1443 1355 1715 1412 Dominus
1743 1355 1802 1410 in
1829 1354 1920 1412 illa

304 1445 402 1505 die
420 1447 607 1519 justus
637 1445 827 1518 judex.
863 1447 937 1501 Et
964 1453 1024 1502 ut
1051 1444 1212 1502 nobis
1239 1461 1460 1518 quoque
1492 1445 1728 1502 similem
1761 1461 1918 1518 spem

302 1536 686 1596 retributionis
709 1537 964 1610 aperiret,
990 1537 1036 1593 si
1066 1537 1126 1592 in
1153 1551 1332 1610 agone
1364 1553 1558 1595 cursus
1579 1537 1743 1594 istius
1783 1538 1916 1594 imi-

302 1633 413 1688 tari
442 1645 570 1686 eum
593 1629 849 1699 velimus,
877 1628 1080 1702 adjecit
1109 1649 1124 1685 :
1154 1632 1281 1686 Non
1304 1630 1491 1688 solum
1517 1639 1708 1688 autem
1737 1629 1910 1700 mihi,

305 1723 406 1782 sed
424 1732 480 1780 et
500 1723 762 1780 omnibus
789 1723 885 1794 qui
913 1721 1154 1796 diligunt
1180 1723 1482 1780 adventum
1510 1725 1666 1797 ejus;
1689 1724 1913 1797 partici-

305 1832 408 1892 pes
435 1833 535 1874 nos
557 1831 784 1874 corona
811 1832 926 1874 sua
955 1817 1012 1872 in
1035 1816 1122 1873 die
1141 1815 1336 1889 judicii
1361 1817 1480 1874 fore
1510 1818 1880 1890 pronuntians
1899 1861 1916 1885 ,

305 1915 335 1945 ²
367 1911 416 1969 si
443 1911 730 1984 diligentes
755 1910 1055 1967 adventum
1079 1909 1304 1978 Christi,
1333 1925 1448 1966 non
1477 1911 1640 1968 illum
1674 1918 1916 1982 tantum,

306 2005 412 2078 qui
442 2005 603 2061 etiam
633 2003 951 2060 nolentibus
987 2003 1302 2076 apparebit,
1331 2003 1428 2058 ed
1455 2003 1628 2060 etiam
1655 2002 1804 2060 hunc
1826 2004 1918 2076 qui

303 2099 557 2172 quotidie
599 2099 656 2155 in
689 2098 898 2154 sanctis
935 2107 1217 2154 commeat
1257 2097 1584 2166 animabus,
1633 2098 1920 2155 victoriam

302 2193 628 2251 certaminis
680 2192 1045 2264 castigatione
1095 2193 1345 2264 corporis
1393 2192 1762 2264 acquiramus.
1829 2195 1914 2248 De

299 2302 420 2360 quo
446 2286 682 2344 adventu
711 2285 989 2343 Dominus
1005 2284 1060 2341 in
1089 2285 1421 2358 Evangelia:
1457 2285 1595 2356 Ego,
1633 2283 1835 2356 inquit,
1858 2293 1914 2341 et

302 2381 473 2436 Pater
499 2395 654 2436 meus
681 2378 966 2435 veniemus
993 2375 1061 2433 ad
1092 2391 1221 2434 eum
1241 2418 1257 2445 ,
1289 2384 1345 2432 et
1371 2377 1719 2434 mansionem
1767 2377 1916 2450 apud

303 2487 441 2530 eum
465 2471 732 2529 faciemus
754 2474 931 2540 (Joan.
957 2475 1108 2539 xw).
1153 2472 1224 2526 Et
1253 2470 1456 2527 iterum
1491 2489 1504 2526 :
1544 2473 1683 2527 Ecce
1718 2479 1807 2528 sto
1844 2470 1916 2528 ad

305 2573 524 2629 ostium
566 2579 623 2627 et
649 2571 838 2642 pulso;
871 2569 916 2626 si
971 2569 1097 2642 quis
1147 2568 1379 2625 audierit
1423 2584 1611 2626 vocem
1639 2583 1830 2626 meam
1863 2577 1918 2626 et

303 2665 589 2738 aperuerit
614 2662 860 2736 ianuam,
891 2661 1134 2718 introibo
1162 2661 1232 2719 ad
1258 2661 1510 2731 illum,et
1529 2662 1761 2720 canabo
1789 2677 1919 2718 cum

302 2761 442 2829 illo,
470 2768 526 2816 et
555 2760 670 2832 ipse
703 2773 924 2816 mecum
965 2759 1150 2830 (Apoc.
1181 2760 1309 2828 lli).

853 2876 1102 2934 CAPUT
1153 2877 1366 2933 XVIII.

299 2971 412 3027 Per
435 2975 568 3042 quot
594 2986 788 3042 genera
817 2971 1174 3026 certaminum
1207 2975 1370 3041 atque
1389 2972 1704 3042 palmarum
1736 2970 1920 3027 beatus

2099 426 2260 484 derit.

2099 543 2213 600 Nec
2247 550 2437 601 tamen
2467 561 2703 620 agonem
2744 563 2936 607 cursus
2974 551 3363 611 tantummodo
3392 569 3452 612 se
3484 567 3626 612 con-

2027 645 2336 712 summasse
2362 630 2625 690 describit
2658 651 2788 692 cum
2811 635 2948 693 dicit
2977 656 2991 692 :
3021 639 3113 696 Sic
3133 655 3293 698 curro
3319 657 3438 698 non
3470 643 3627 717 quasi

2029 725 2088 782 in
2117 725 2392 784 incertum
2429 749 2442 784 :
2474 728 2622 800 quod
2651 729 2964 802 specialiter
2992 731 3226 790 refertur
3263 733 3332 791 ad
3360 737 3626 795 intentio-

2027 834 2158 876 nem
2179 821 2380 876 mentis
2409 829 2465 877 et
2490 821 2761 880 fervorem
2783 825 3008 897 spiritus
3030 827 3147 897 sui,
3177 843 3286 900 quo
3314 837 3434 886 toto
3457 830 3626 888 Chri-

2023 919 2172 969 stum
2213 913 2545 985 sequebatur
2581 915 2808 984 ardore,
2839 931 2968 973 cum
3015 919 3229 990 Sponsa
3275 919 3576 978 decantans
3609 941 3626 978 :

2023 1007 2160 1064 Post
2185 1013 2242 1063 te
2278 1006 2336 1063 in
2363 1006 2592 1065 odorem
2626 1019 3038 1082 unguentorum
3079 1020 3302 1069 tuorum
3336 1007 3628 1073 curremus

2023 1101 2252 1167 (Cautio.
2283 1103 2328 1168 ι)
2358 1121 2372 1158 :
2405 1109 2460 1157 et
2484 1101 2681 1157 iterum
2715 1121 2728 1156 :
2760 1101 3013 1160 Adhasit
3037 1105 3225 1160 anima
3263 1120 3387 1162 mea
3420 1116 3546 1178 post
3571 1117 3630 1166 te

2028 1191 2192 1262 (Psal.
2223 1198 2409 1262 Lxu);
2444 1193 2541 1255 ωδ
2570 1193 2739 1253 etiam
2758 1193 2912 1251 aliud
2935 1195 3343 1252 colluctationis
3369 1212 3547 1269 genus
3569 1215 3631 1256 se

2024 1284 2216 1342 vicisse
2239 1293 2472 1342 testatur
2502 1285 2692 1344 dicens
2730 1305 2744 1342 :
2773 1288 2864 1344 Sic
2891 1303 3078 1360 pugno
3107 1303 3221 1346 non
3251 1289 3410 1362 quasi
3439 1306 3625 1348 aerem

2025 1372 2334 1442 verberans,
2360 1380 2460 1438 sed
2487 1383 2696 1456 castigo
2719 1398 2921 1456 corpus
2941 1399 3132 1440 meum
3154 1391 3211 1441 et
3231 1385 3482 1442 servituti
3500 1386 3631 1444 sub-

2018 1472 2152 1546 jicio
2183 1477 2228 1542 (1
2281 1476 2402 1532 Cor.
2428 1476 2538 1542 1x).
2571 1475 2731 1545 Quod
2755 1477 2974 1548 proprie
2996 1475 3067 1533 ad
3095 1477 3449 1536 continentia
3470 1479 3628 1538 dolo-

2023 1581 2131 1635 res,
2159 1575 2215 1622 et
2241 1567 2526 1639 corporale
2549 1568 2828 1640 jejunium
2857 1577 3023 1642 atque
3055 1569 3414 1629 afﬂictionem
3443 1575 3626 1632 carnis

2025 1658 2291 1730 pertinet;
2332 1675 2430 1732 per
2463 1659 2606 1714 hanc
2637 1675 2697 1715 se
2725 1659 2965 1732 pugilem
2992 1663 3294 1733 quemdam
3335 1673 3626 1724 strenuum

1937 1727 1988 1789 Β
2024 1767 2140 1809 sua
2167 1753 2349 1808 carnis
2377 1762 2496 1808 esse
2525 1751 2842 1810 describens
2863 1796 2879 1822 ,
2907 1770 3009 1810 nec
3047 1757 3106 1811 in
3129 1773 3336 1814 vanum
3363 1757 3625 1818 adversus

2025 1861 2151 1904 eam
2211 1846 2353 1902 ictus
2391 1844 2747 1902 continentia
2795 1849 3105 1905 exercuisse
3147 1848 3475 1923 designans,
3531 1853 3630 1911 sed

2025 1939 2374 2012 triumphum
2403 1955 2601 2013 pugna
2619 1979 2636 2008 ,
2662 1941 3098 1998 mortiﬁcatione
3125 1945 3209 2000 sui
3233 1947 3503 2017 corporis,
3531 1963 3630 2004 ac-

2025 2033 2290 2106 quisisse;
2325 2049 2432 2106 quo
2471 2033 2789 2090 verberibus
2834 2035 3188 2093 continentia
3229 2038 3530 2111 castigato,
3573 2049 3631 2097 et

2019 2125 2354 2198 jejuniorum
2382 2119 2410 2159 ¹³
2435 2126 2690 2183 castibus
2717 2126 2882 2197 eliso,
2917 2128 3112 2185 victori
3142 2129 3359 2202 spiritui
3392 2133 3630 2190 immor-

2020 2219 2249 2276 talitatis
2281 2234 2546 2276 coronam
2569 2227 2625 2276 et
2651 2220 3078 2293 incorruptionis
3103 2223 3338 2279 contulit
3355 2223 3620 2296 palmam.

2020 2323 2043 2351 ο
2080 2312 2246 2370 Vides
2273 2312 2586 2388 legitimum
2609 2315 3013 2373 colluctationis
3039 2316 3315 2388 ordinem,
3343 2326 3398 2374 et
3417 2319 3632 2392 spirita-

2020 2406 2157 2464 lium
2185 2409 2556 2465 certaminum
2588 2410 2984 2482 contemplaris
3011 2419 3271 2468 eventum
3312 2431 3324 2468 :
3359 2414 3630 2485 quemad-

2021 2500 2254 2558 modum
2279 2501 2480 2558 athleta
2509 2501 2713 2559 Christi
2739 2492 2971 2576 adeptus
3003 2503 3070 2560 de
3100 2505 3437 2562 rebellatrice
3463 2523 3630 2566 carne

2025 2594 2320 2651 victoriam
2338 2637 2354 2663 ,
2384 2594 2628 2668 subjecta
2659 2595 2750 2652 illa
2777 2595 3190 2668 quodammodo
3221 2599 3452 2670 pedibus
3479 2601 3629 2671 suis,

2025 2674 2054 2719 δ
2085 2695 2146 2742 ut
2173 2687 2423 2743 ublimis
2449 2687 2822 2760 triumphator
2851 2687 3142 2746 invehitur.
3177 2693 3246 2746 Et
3274 2691 3480 2748 idcirco
3515 2709 3633 2750 non

2028 2779 2202 2836 currit
2238 2779 2292 2834 in
2333 2779 2606 2834 incertum
2624 2815 2638 2840 ,
2662 2779 2791 2851 quia
2819 2779 3132 2837 conﬁdebat
3156 2781 3352 2838 urbem
3386 2791 3633 2839 sanctam

2025 2871 2330 2930 Jerusalem
2369 2872 2656 2929 caelestem
2702 2887 2762 2928 se
2806 2871 3060 2936 protinus
3101 2873 3496 2946 ingressurum.
3541 2875 3636 2934 Sic

2028 2976 2265 3042 pugnet,
2305 2967 2525 3044 jejuniis
2553 2967 2763 3026 scilicet
2792 2976 2848 3024 et
2891 2967 3192 3025 afﬂictione
3235 2969 3471 3040 carnali,
3518 2985 3634 3028 non
3731 3003 3739 3010 -

1421 3176 1677 3232 ALARDI
1712 3176 1938 3232 GAZIEI
1973 3174 2535 3232 COMMENTARIUS.

391 3359 418 3388 ³
440 3352 742 3426 Duplicem
778 3353 1039 3426 insinuat
1075 3350 1374 3426 adventum
1403 3351 1658 3426 Christi:
1683 3351 1919 3410 alterum
1947 3357 1992 3422 C
2031 3355 2182 3410 omni
2206 3351 2676 3426 sibiverberandi
2690 3351 2818 3421 jure

300 3423 663 3499 spiritua'lem
687 3432 742 3480 et
766 3424 1082 3499 internum,
1113 3438 1222 3499 quo
1243 3423 1296 3478 in
1324 3423 1562 3499 ani_ma_s__
1579 3424 1793 3494 piorum
1823 3439 1920 3499 per

349 3439 663 3508 piritualem
687 3439 742 3480 et
763 3439 1082 3508 internum,
1113 3439 1222 3495 quo
1243 3439 1296 3478 in
1324 3439 1540 3506 animas
1579 3440 1793 3494 piorum

349 3505 550 3554 ratiam
583 3495 826 3564 advenit,
846 3493 914 3552 ad
943 3511 1110 3568 quem
1130 3492 1297 3551 refert
1318 3493 1480 3568 verba
1500 3495 1600 3568 illa
1627 3499 1835 3567 Aposto
1859 3513 1888 3568 i_

349 3513 550 3554 ranam
583 3513 826 3564 advenit,
846 3513 914 3552 aa
943 3513 1110 3568 quem
1130 3513 1297 3551 relcrt
1318 3513 1480 3551 verna
1507 3513 1600 3552 ma
1627 3513 1875 3567 Aposwu
1902 3514 1915 3550 :

298 3513 572 3627 %mnibus
595 3569 694 3638 qui
719 3569 962 3638 diligunt
991 3567 1282 3624 adventum
1295 3566 1410 3638 ejus
1441 3566 1512 3637 (Il
1539 3569 1674 3624 Tim.
1709 3565 1920 3638 Iv);gal-

302 3648 494 3696 terum
521 3636 809 3695 externum
831 3636 893 3694 et
919 3637 1212 3710 visibilem.
1245 3636 1326 3710 At"
1345 3637 1432 3694 hic
1466 3653 1686 3696 rursum
1711 3636 1920 3710 duplex

309 3710 688 3780 distinguitur,
719 3725 918 3778 nempe
953 3709 1226 3766 adventus
1263 3709 1317 3764 in
1347 3723 1510 3764 carne
1530 3717 1634 3780 ,et
1657 3707 1924 3780 adventus

315 3783 379 3838 in
403 3779 632 3854 judicio.
653 3779 819 3854 Unde
847 3783 915 3854 D.
939 3780 1511 3854 Bernardus(Serm._3
1533 3779 1600 3835 de
1617 3779 1884 3854 Aderant.)
1907 3799 1919 3834 :

314 3849 544 3979 Ἢ
567 3857 677 3918 est,
708 3851 888 3922 inquit
925 3851 1213 3918 (adventus
1255 3849 1532 3915 Domini),
1559 3850 1635 3904 ad
1664 3851 1917 3912 homines,

314 3926 374 3978 in
535 3927 656 3979 'nes.
679 3928 864 3978 contra
884 3923 1138 3976 homines.
1170 3918 1259 3974 Ad
1279 3917 1534 3972 homines
1554 3933 1650 3979 per
1671 3917 1917 3974 incarna-

309 3926 374 3978 in
401 3917 656 3987 homines,
679 3917 864 3978 contra
884 3923 1138 3976 homines.
1170 3918 1259 3974 Ad
1279 3917 1534 3972 homines
1554 3933 1650 3987 per
1671 3917 1924 3974 incarna-

309 3994 529 4066 tionem
545 4003 602 4050 et
630 3986 988 4066 nativitatem,
1013 3990 1072 4066 in
1099 3989 1350 4066 homines
1375 3986 1914 4066 pergratiarnijusti-

305 4065 578 4122 ﬁcantem
599 4105 616 4129 ,
641 4071 836 4118 contra
883 4059 1142 4116 homines
1188 4073 1284 4130 per
1321 4055 1526 4130 ju‘dicii
1552 4055 1920 4113 severitatem.

257 4171 268 4177 -
303 4139 494 4193 Porro
525 4128 882 4188 Innocentius
913 4131 988 4185 III
1015 4128 1206 4195 (Serm.
1253 4133 1288 4183 2
1316 4129 1374 4183 in
1402 4128 1665 4194 Advent.)
1694 4135 1930 4198 quatuor

307 4205 454 4264 facit
503 4199 1050 4272 Dominiadven‘tus,
1077 4198 1408 4272 ejuseemodi
1437 4199 1838 4272 nihilominus,
1871 4207 1932 4255 ut

313 4277 435 4336 duo
480 4271 748 4346 postremi
793 4270 864 4328 ad
905 4269 1119 4346 duplex'
1138 4270 1442 4346 judicium,
1500 4269 1827 4346 particulare
1867 4279 1923 4326 et

311 4342 624 4405 universale
653 4342 972 4399 referantur.
1001 4342 1240 4398 Primum
1261 4345 1321 4398 in
1337 4342 1478 4396 nube
1511 4343 1712 4406 carnis,
1742 4357 1924 4398 secun-

315 4420 450 4498 dum
461 4418 524 4471 in
538 4431 663 4498 rore
669 4416 884 4498 gratiae,
901 4416 1121 4470 tertium
1141 4415 1199 4468 in
1215 4415 1429 4470 turbine
1443 4415 1650 4477 mortis,
1665 4417 1922 4484 quartum

316 4506 376 4546 ω
392 4487 823 4636 έξῗιέὲἓᾷξίζφ
843 4563 945 4636 est,
962 4571 1095 4622 non,
1106 4555 1328 4636 testibus
1337 4555 1676 4636 jejuniorum
1686 4559 1775 4636 _(ut
1791 4555 1927 4636 Dio-

318 4629 510 4706 nysius
551 4627 838 4706 reddidit),
868 4634 930 4682 ut
967 4633 1226 4706 constans
1255 4633 1595 4706 etperpetua
1635 4627 1706 4680 sit
1751 4635 1928 4706 meta-

2991 3351 3100 3406 isso
3113 3391 3134 3418 ,
3163 3366 3298 3420 quas
3327 3353 3631 3423 παμμάχους

2029 3429 2219 3480 vocant
2240 3443 2256 3492 ;
2276 3424 2380 3478 alii
2395 3426 2493 3493 qui
2507 3423 2753 3478 caestibus
2772 3423 3054 3477 aduersum
3073 3437 3128 3478 se
3145 3423 3454 3487 decernunt,
3482 3429 3535 3479 et
3547 3425 3632 3480 di-

2027 3495 2275 3576 laceratis
2311 3495 2594 3576 capitibus
2613 3497 2998 3576 cruentantur;
3045 3493 3108 3576 hi
3147 3493 3326 3576 noua}
3350 3495 3626 3576 feruntur.

2026 3569 2109 3624 Ita
2135 3565 2467 3623 Ambrosius
2495 3565 2658 3639 (Valle
2691 3567 2868 3639 Senec.
2909 3565 2950 3618 ι.
2983 3579 3036 3620 v.
3067 3565 3135 3620 de
3151 3566 3338 3639 Benef.
3358 3581 3406 3620 c.
3427 3567 3510 3639 3).
3539 3567 3632 3623 Sic

2027 3645 2233 3694 autem
2260 3643 2458 3707 castus
2483 3651 2576 3706 per
2605 3635 3008 3707 diphthongum
3036 3650 3067 3707 a
3101 3635 3369 3707 cadendo
3406 3635 3629 3694 dicitur.

2031 3707 2130 3767 Ad
2144 3708 2292 3764 hunc
2320 3705 2496 3778 igitur
2514 3705 2781 3772 modum,
2813 3705 3178 3778 ut'Cuychius
3199 3707 3306 3771 ait,
3337 3707 3631 3778 metapho-

2036 3780 2148 3852 rice
2169 3776 2378 3852 jejunia
2410 3776 2501 3852 hic
2523 3785 2801 3852 vocantur
2819 3776 3021 3852 castus
3044 3777 3272 3852 quidam
3299 3776 3628 3852 spirituales,

2031 3845 2241 3922 quibus
2259 3847 2586 3922 veluti_loris
2611 3856 2666 3903 et
2685 3847 2810 3922 pil_is
2833 3845 3633 3922 quibusdamcarosubigitur,

2029 3913 2270 3988 eliditur,
2310 3925 2367 3975 et
2413 3913 2702 3974 domatur.‘
2735 3913 2926 3973 Cesfus
2961 3932 3092 3973 vero
3132 3916 3252 3977 sine
3291 3913 3633 3988 diphthongo

2031 3986 2314 4063 cingulum
2343 3999 2444 4063 est,
2477 3997 2532 4044 et
2556 4005 2695 4045 zona
2724 4001 2965 4063 sponsa,
2997 4003 3163 4060 quam
3191 4001 3426 4059 sponsus
3451 3986 3632 4058 prima

2031 4059 2194 4114 nocte
2225 4059 2486 4115 solvebat.

2109 4137 2129 4163 ο
2156 4131 2238 4184 De
2264 4128 2351 4200 his
2377 4130 2655 4200 eleganter
2677 4134 2732 4200 et
2755 4123 2980 4200 copiose
3006 4127 3078 4180 D.
3113 4123 3475 4200 Ambrosius,
3509 4125 3632 4200 loco

2037 4199 2236 4268 citato,
2277 4199 2371 4256 ubi
2401 4195 2644 4278 ostendit
2679 4195 3011 4278 ApoStolum
3041 4195 3226 4252 omnia
3249 4195 3342 4278 illa
3368 4198 3630 4278 certamie

2036 4286 2172 4353 num
2212 4285 2415 4353 genua
2463 4273 2716 4353 superius
2743 4273 3048 4324 memorata
3081 4275 3364 4342 expertum
3393 4285 3546 4340 esse,
3577 4277 3634 4328 et

2029 4341 2098 4399 de
2135 4337 2396 4398 om'nibus
2437 4337 2824 4410 triumphasse.
3077 4391 3083 4396 .
3147 4337 3169 4342 ⁷
3533 4337 3540 4340 ⁷

2035 4485 2077 4493 _
2105 4400 2376 4493 dpAlludit
2411 4411 2490 4493 ad.
2515 4425 2725 4493 morem
2755 4408 3120 4493 triumphandi
3143 4409 3289 4484 apud
3321 4413 3630 4493 Romanos.

2035 4485 2168 4558 Erat
2195 4483 2398 4558 quippe
2416 4480 3018 4558 _trium_phu_s_omnium
3042 4480 3340 4558 honorum,
3364 4485 3510 4558 quia
3540 4498 3641 4558 po-

2035 4557 2164 4626 pulo
2195 4551 2366 4613 Rom.
2401 4551 2608 4612 deferri
2626 4551 2894 4626 solebant,
2923 4555 3218 4626 maximus,
3248 4551 3342 4626 qui
3374 4551 3509 4626 solis
3538 4551 3641 4626 du-

2035 4623 2210 4705 cibus,
2241 4643 2338 4685 seu
2367 4623 2818 4705 imperatoribus,
2843 4625 2936 4705 qui
2961 4624 3228 4705 insignem
3253 4623 3544 4705 victoriam
3573 4624 3642 4680 de

321 4693 525 4789 phqra,
551 4714 656 4770 qua
687 4693 970 4780 hactenus
991 4697 1166 4789 [igitur
1190 4693 1401 4752 Auctor
1425 4693 1480 4750 in
1519 4697 1936 4789 comparatione
1961 4727 2010 4789 Β
2036 4696 2315 4789 h‘qstibusl
2335 4693 2708 4789 reportassent
2727 4735 2742 4762 ,
2780 4693 3134 4789 deferebatur
3163 4693 3640 4789 (ἕρπεις.μέιέ

321 4766 630 4843 athletam
659 4767 849 4843 agonia
889 4766 1190 4838 spiritualis
1233 4782 1362 4843 cum
1389 4767 1635 4843 saeculari
1659 4766 1729 4843 et
1763 4783 1932 4843 m_un-

326 4843 493 4899 dano.
531 4842 662 4895 Erat
688 4837 842 4896 Enim
869 4837 1073 4910 castus
1093 4853 1267 4910 genus
1293 4838 1462 4894 clava
1493 4838 1633 4910 pilas
1652 4837 1937 4908 plumbeas

219 4957 230 4964 .
321 4913 458 4970 loris
498 4910 714 4966 bubulis
759 4925 1029 4982 appensas
1063 4908 1303 4982 habens,
1351 4923 1461 4981 quo
1496 4908 1720 4982 pugiles
1760 4917 1936 4964 certa-

318 4984 475 5061 bant,
507 4997 573 5061 ac
601 4996 665 5061 se
680 4979 906 5061 mutuo_
920 4979 1203 5061 cadebant
1224 4995 1288 5034 ac
1318 4979 1762 5061 contundehant;
1795 4995 1937 5061 quo-

317 5049 487 5134 modo
509 5058 774 5134 l_)_aretem
786 5060 841 5107 et
867 5051 1146 5134 Entellum
1173 5065 1447 5134 pugnasse
1466 5049 1660 5106 scribit
1676 5049 1935 5134 Virgilius

319 5142 352 5180 v
376 5124 671 5189 Eneidos,
709 5123 872 5195 idque
899 5129 1090 5188 vocat,
1123 5121 1290 5195 crudo
1313 5138 1562 5194 pugnam
1603 5121 1934 5195 committere

320 5201 502 5253 cestu.
547 5192 807 5252 Sidonius
847 5209 1022 5250 carm.
1056 5209 1089 5247 v
1121 5208 1136 5246 :
1177 5192 1457 5248 decernere
1493 5199 1676 5249 casta.
1711 5192 1935 5248 Tertul-

319 5267 495 5332 lianus
525 5265 822 5334 (Adversus
854 5267 1128 5324 Gnosticos
1164 5280 1287 5335 cap.
1321 5264 1475 5336 6)_de
1507 5264 1722 5322 Gracis
1755 5273 1936 5322 certa-

333 5339 585 5394 minibus
613 5353 782 5409 agens
811 5354 825 5392 :
861 5339 924 5392 In
959 5337 1043 5392 his
1079 5336 1233 5391 modo
1259 5340 1386 5392 sunt
1409 5337 1607 5406 pratia
1633 5341 1685 5392 et
1716 5337 1941 5392 vulnera

325 5410 600 5474 animalia,
614 5412 791 5479 pugni
802 5411 1088 5479 quassant,
1117 5409 1284 5464 calces
1297 5410 1554 5479 arietant,
1575 5413 1771 5464 castus
1785 5409 1933 5464 dila-

327 5483 510 5544 niant,
567 5477 790 5550 flagella
810 5477 1154 5536 'dilacerant.
1205 5481 1276 5534 D.
1323 5477 1652 5536 Ambrosius
1699 5479 1754 5536 in
1789 5480 1929 5537 Psal.

328 5564 520 5624 xstva
544 5571 569 5624 εί
586 5554 650 5608 In
673 5552 928 5607 saeculari
943 5567 1113 5624 agone
1133 5551 1236 5606 alii
1259 5555 1386 5606 sunt
1413 5555 1514 5622 qui
1533 5553 1774 5624 simplici
1797 5567 1935 5623 quo-

329 5621 463 5676 dam
488 5625 537 5677 et
555 5623 792 5693 legitimo
809 5639 995 5694 genere
1017 5623 1310 5691 luctantur,
1331 5621 1697 5694 quiligatm‘is
1722 5621 1934 5680 tantum

329 5696 562 5766 corporis
590 5699 816 5758 certant,
837 5697 936 5766 qui
952 5695 1250 5766 palestritw
1266 5700 1552 5762 vocantur;
1585 5696 1688 5752 alii
1715 5697 1814 5766 qui
1832 5709 1932 5750 ca:-

331 5765 450 5822 dem
483 5771 532 5822 et
555 5767 796 5838 pulveris
808 5765 1020 5837 jactum
1042 5767 1398 5824 membrorum
1420 5769 1650 5824 nexibus
1677 5765 1931 5830 miscent,

543 5857 809 5914 Panos.
844 5856 1054 5914 XLIX.

2043 4769 2206 4825 Alea.
2253 4770 2323 4824 ab
2351 4761 2512 4826 Alea.
2546 4768 2640 4820 lib.
2674 4780 2739 4820 γι
2777 4765 2985 4822 Genial.
3023 4779 3142 4833 cap.
3172 4761 3258 4831 ‘6).
3290 4761 3642 4818 Vehebantur

2043 4839 2452 4910 triumphantes
2487 4852 2652 4910 curru
2695 4833 2938 4910 eburneo
2975 4833 3314 4910 ethinaurato
3337 4874 3354 4896 ,
3403 4839 3642 4904 quatuor

2043 4910 2201 4980 equis
2218 4901 2367 4964 'albis
2396 4921 2524 4962 eum
2549 4903 2901 4967 ducentibus,
2931 4901 3106 4974 capite
3137 4917 3338 4958 corona
3363 4901 3528 4960 aurea
3559 4919 3645 4962 re-

2041 4979 2266 5045 dimita,
2319 4977 2544 5034 devictis
2577 4973 2824 5046 hostium
2855 4971 3085 5029 ducibus
3113 4989 3333 5031 currum
3364 4977 3643 5046 sequenti-

2042 5017 2595 5120 .qluor‘uvmucolla
2612 5043 2821 5100 catenis
2837 5052 3032 5120 onusta
3057 5054 3234 5120 erant.
3261 5047 3346 5102 Sic
3369 5017 3642 5118 pi‘éi‘ul'ie

2042 5115 2239 5177 senatu
2265 5120 2323 5176 in
2353 5117 2686 5190 Capitolium
2713 5115 3171 5190 ascendebautiad
3204 5115 3473 5190 templum
3494 5121 3643 5178 Jovis

2045 5191 2379 5264 Capitolini,
2419 5188 2537 5264 ubi,
2562 5195 3005 5264 mactatq‘tauro
3029 5188 3173 5264 albo,
3205 5188 3395 5264 eadem
3441 5206 3642 5264 pompa

2045 5259 2282 5321 domum
2314 5259 2746 5320 revertebantur.
2773 5259 2964 5317 Cicero
2989 5261 3044 5318 in
3077 5261 3329 5317 Pisonem
3353 5261 3422 5318 de
3439 5259 3645 5320 trium-

2047 5338 2158 5408 pho
2178 5337 2584 5408 disserensset
2619 5331 2881 5408 pompam
2920 5331 3233 5408 hujusmodi
3265 5349 3593 5408 exaggerans
3625 5352 3638 5388 :

2046 5404 2187 5476 Quid
2217 5409 2471 5470 tandem,
2505 5404 2716 5476 inquit,
2752 5404 2911 5476 habet
2934 5406 3036 5460 iste
3071 5407 3309 5460 currus?
3345 5404 3478 5476 q'uid
3517 5406 3649 5476 victi

2042 5473 2169 5535 ante
2191 5495 2408 5536 currum
2438 5473 2595 5533 duces
2613 5479 2643 5532 ?
2655 5475 2794 5546 quid
2815 5477 3104 5532 simulacra
3128 5473 3450 5547 oppidorum
3467 5478 3496 5530 ?
3512 5473 3648 5547 quid

2045 5555 2285 5607 aurum?
2307 5551 2439 5620 quid
2471 5545 2794 5618 argentum?
2819 5547 2954 5618 quid
2981 5545 3224 5620 legatiita
3255 5551 3429 5620 equis.
3457 5547 3510 5600 ει
3539 5545 3648 5620 tri:

2047 5623 2181 5676 buni
2210 5625 2239 5677 ?
2267 5613 2400 5692 quid
2426 5613 2624 5676 clamor
2657 5613 2934 5676 militum?
2961 5613 3100 5692 quid
3131 5621 3245 5674 tota
3285 5613 3386 5674 illa
3404 5613 3648 5686 ΡοπιΡαῩ

2041 5693 2178 5764 quid
2206 5695 2329 5750 vehi
2361 5707 2461 5764 per
2491 5692 2673 5749 urbem
2696 5695 2726 5750 ?
