3996 6198
418 277 526 334 235

1769 240 2048 324 JOANNlS
2085 266 2389 325 crassum

3622 279 3739 335 236~

421 400 577 473 quasi
613 415 797 458 aerem
826 399 1140 469 verberans,
1171 398 1231 456 id
1257 406 1360 470 est,
1393 397 1451 453 in
1472 407 1679 452 vanum
1710 388 1856 450 ictus
1882 407 2019 449 con-
2046 395 2097 460 Α
2123 399 2306 449 scente
2332 392 2534 479 virtute
2575 383 2976 474 conscendere,
3016 392 3211 451 eodem
3243 407 3344 452 nos
3386 408 3607 469 quoque
3636 412 3725 456 or-

418 494 668 552 tinentia
686 494 994 567 porrigens,
1019 509 1116 566 per
1132 508 1271 567 quos
1293 506 1411 548 non
1434 503 1620 547 aerem
1641 502 1902 555 vacuum,
1925 485 2022 544 sed

422 583 547 642 illos
573 583 797 657 spiritus
835 582 929 655 qui
968 582 1026 638 in
1064 597 1130 639 eo
1173 588 1477 647 versantur,
1526 578 1888 651 castigatione
1933 577 2019 633 sui

421 678 669 751 corporis
698 674 1038 734 verberabat.
1075 674 1184 745 Qui
1215 674 1366 731 enim
1399 672 1562 743 dicit,
1598 687 1711 730 non
1739 672 1898 744 quasi
1924 686 2019 728 ae-

420 788 539 829 rem
566 772 876 841 verberans,
905 770 1144 828 ostendit
1179 784 1238 827 se
1256 811 1272 839 ,
1293 769 1516 827 tametsi
1553 785 1669 827 non
1696 783 1882 825 aerem
1922 782 2020 824 va-

420 881 586 923 cuum
615 874 671 922 et
704 865 925 921 inanem
948 905 963 933 ,
991 863 1205 936 aliquos
1245 863 1519 921 tamenin
1564 875 1688 919 aere
1714 860 2019 918 verberare.

420 963 494 1017 Et
518 961 650 1033 quia
694 960 815 1017 hac
843 960 1215 1018 certaminum
1243 974 1444 1033 genera
1494 966 1804 1031 superarat,
1843 966 1899 1013 et
1934 956 2021 1014 di-

385 1061 564 1123 ,tatus
611 1055 920 1112 multarum
966 1068 1298 1112 coronarum
1344 1051 1633 1125 stipendiis
1694 1050 1984 1108 incedebat
2003 1093 2020 1121 ,

416 1162 535 1203 non
577 1148 861 1205 immerito
890 1147 1268 1205 robustiorum
1317 1147 1510 1220 incipit
1550 1145 1797 1203 hostium
1834 1143 2023 1202 subire

420 1239 715 1298 luctamina
733 1281 748 1309 ,
773 1256 839 1297 ac
863 1240 1139 1311 prioribus
1172 1239 1382 1297 amulis
1410 1237 1765 1312 triumphatis
1801 1253 1932 1294 cum
1964 1237 2021 1293 li-

420 1331 585 1390 ducia
612 1333 939 1405 proclamat,
970 1341 1025 1389 et
1044 1332 1179 1390 dicit
1208 1353 1222 1389 :
1253 1334 1380 1389 Jam
1404 1347 1520 1389 non
1544 1331 1709 1388 nobis
1735 1338 1817 1388 est
1843 1330 2022 1388 collu-

420 1425 590 1482 ctatio
628 1425 889 1484 adversus
924 1441 1147 1483 carnem
1173 1434 1228 1482 et
1262 1424 1608 1499 sanguinem,
1645 1422 1739 1481 sed
1764 1422 2026 1480 adversus

418 1518 795 1591 principatus,
841 1518 1102 1576 adversus
1146 1525 1476 1591 potestates,
1521 1516 1784 1575 adversus
1830 1514 2027 1573 mundi

418 1622 659 1670 rectores
685 1613 1040 1670 tenebrarum
1068 1613 1265 1670 harum
1282 1653 1298 1681 ,
1328 1619 1521 1675 contra
1549 1610 1815 1684 spiritalia
1836 1612 2030 1683 nequi-

418 1706 512 1763 tia
535 1707 593 1763 in
614 1707 926 1764 coelestibus
965 1709 1178 1779 (Ephes.
1202 1707 1317 1775 vi).
1791 1716 1798 1723 '

988 1827 1233 1885 CAPUT
1285 1828 1446 1884 XIX.

421 1944 577 2013 Quod
605 1944 822 2001 athleta
847 1945 1075 2009 Christi,
1105 1945 1268 2000 donec
1294 1946 1353 1999 in
1385 1959 1603 2015 corpore
1641 1949 2016 2015 commoratur,

963 2032 1154 2087 pugna
1180 2032 1287 2072 non
1317 2015 1474 2071 desit.

500 2137 526 2168 ³
554 2131 791 2190 Athleta
838 2130 1043 2189 Christi
1074 2131 1132 2188 in
1163 2145 1395 2203 corpore
1437 2132 1811 2189 commoranti
1850 2147 2020 2188 num-

421 2244 589 2303 quam
619 2226 803 2284 delicit
832 2224 1283 2309 colluctationum
1307 2225 1491 2298 palma
1525 2226 1656 2283 :sed
1680 2234 1886 2299 quanto
1908 2243 2022 2283 ma-

419 2324 506 2396 gis
527 2319 940 2392 triumphorum
959 2319 1304 2376 successibus
1323 2319 1573 2390 creverit,
1606 2329 1760 2377 tanto
1783 2321 1831 2376 ei
1853 2322 2021 2377 etiam

421 2413 869 2473 colluctationum
912 2412 1195 2470 robustior
1236 2411 1374 2470 ordo
1417 2412 1684 2470 succedit.
1723 2413 2023 2487 Subjugata

421 2510 630 2567 etenim
668 2523 854 2576 carne,
882 2514 1049 2579 atque
1074 2505 1309 2577 devicta,
1338 2514 1556 2578 quanta
1582 2505 2023 2564 adversariorum

422 2601 919 2675 cohortes,quanta
943 2601 1189 2658 hostium
1209 2600 1425 2675 agmina
1447 2602 1736 2659 adversum
1759 2601 2022 2659 victorem

421 2696 662 2752 militem
686 2694 887 2752 Christi
912 2694 1208 2767 triumphis
1230 2694 1347 2768 ejus
1372 2695 1625 2767 instigata
1646 2697 2020 2768 consurgunt!

422 2788 633 2846 scilicet
659 2804 730 2844 ne
761 2788 911 2860 pacis
956 2788 1071 2845 otio
1110 2788 1267 2845 miles
1295 2787 1501 2846 Christi
1545 2788 1848 2846 lentescens
1884 2788 2024 2846 inci-

417 2883 533 2955 piat
558 2881 807 2939 oblivisci
832 2881 1286 2940 colluctationum
1315 2898 1541 2939 suarum
1568 2883 1808 2955 gloriosa
1841 2891 2023 2941 certa—

420 2976 572 3035 mina
591 3017 608 3044 ,
640 2990 704 3032 ac
732 2976 1037 3032 securitatis
1082 2975 1278 3032 inertia
1304 2975 1635 3043 dissolutus,
1665 2977 2023 3048 pramiorum

420 3067 711 3142 stipendiis
736 3084 803 3125 ac
838 3068 1252 3141 triumphorum
1281 3068 1494 3123 meritis
1523 3067 1893 3126 defraudetur.
1917 3070 2026 3125 Ita-

2050 1809 2099 1873 B

2130 484 2259 542 dine
2292 493 2510 560 oportet
2534 484 2853 560 praeliorum
2880 486 3017 567 inire
3054 488 3384 556 certamina,
3406 496 3461 545 et
3489 489 3726 561 primum

2129 594 2258 635 cum
2288 580 2558 653 Apostolo
2601 580 2782 638 dicere
2814 600 2827 636 :
2875 578 2967 637 Sic
2993 595 3176 654 pugno
3220 596 3337 637 non
3363 580 3518 653 quasi
3547 598 3737 640 aerem.

2127 673 2417 731 verberans
2433 714 2449 742 ,
2480 674 2579 732 sed
2618 674 2827 747 castigo
2872 689 3072 748 corpus
3099 688 3292 730 meum
3315 716 3332 744 ,
3376 680 3432 731 et
3469 662 3713 733 servituti

2129 767 2363 840 subjicio
2393 772 2440 837 (ῐ
2463 770 2584 827 Cor.
2606 773 2718 837 ix),
2739 776 2802 824 ut
2826 766 2936 825 hoc
2955 767 3217 825 conﬂictu
3234 776 3516 841 superato,
3540 783 3739 829 rursus

2129 877 2259 919 cum
2288 877 2353 919 eo
2387 861 2569 919 dicere
2596 862 2872 934 possimus
2897 880 2913 916 :
2950 862 3077 918 Non
3104 869 3187 919 est
3217 860 3381 917 nobis
3417 862 3739 922 colluctatio-

2130 955 2388 1014 adversus
2415 970 2638 1012 carnem
2669 963 2725 1012 et
2750 954 3105 1028 sanguinem,
3146 954 3245 1013 sed
3277 954 3538 1014 adversus
3582 956 3724 1030 prin"-

2130 1049 2339 1122 cipatus
2355 1090 2377 1121 ,
2399 1049 2662 1107 adversus
2698 1056 3019 1123 potestates,
3047 1047 3304 1107 adversus
3327 1050 3519 1107 mundi
3550 1059 3722 1110 recto-

2128 1159 2218 1201 res
2242 1142 2596 1201 ten'ebrarum
2624 1143 2846 1214 harum,
2875 1151 3068 1201 contra
3097 1144 3363 1216 spiritalia
3391 1145 3647 1216 nequitia
3671 1146 3727 1203 in

2130 1228 2446 1294 calestibns
2483 1239 2701 1308 (Ephes.
2730 1236 2839 1309 vr).
2883 1236 3058 1293 Aliter
3107 1237 3253 1293 enim
3298 1236 3557 1311 congredi
3596 1253 3726 1296 cum

2132 1331 2239 1388 illis
2279 1331 2430 1388 nullo
2471 1328 2640 1387 modo
2682 1329 3015 1403 poterimus,
3061 1345 3167 1387 nec
3198 1329 3475 1403 spiritales
3520 1346 3729 1404 pugnas

2131 1425 2471 1483 merebimur
2496 1423 2749 1498 experiri,
2775 1424 2985 1481 carnali
3014 1423 3207 1498 dejecti
3235 1424 3524 1495 conﬂictu,
3551 1434 3605 1482 et
3622 1424 3729 1483 col-

2136 1520 2447 1593 luctatione
2462 1519 2668 1576 ventris
2684 1518 2801 1576 elisi
2827 1534 2841 1574 :
2867 1517 3173 1591 meritoque
3194 1518 3353 1576 nobis
3371 1519 3441 1576 ab
3465 1519 3743 1592 Apostolo-

2139 1630 2268 1672 cum
2294 1602 2719 1686 exprobratione
2763 1611 2975 1670 dicetur
3019 1630 3032 1667 :
3073 1613 3328 1670 Tentatio
3361 1628 3459 1670 vos
3498 1628 3606 1670 non
3632 1629 3730 1686 ap-

2138 1707 2451 1780 prehendit,
2478 1694 2589 1781 niSi
2616 1707 2860 1764 humana
2891 1708 2975 1773 (II
3006 1708 3121 1765 Cor.
3155 1710 3234 1773 χ).

2514 1791 2521 1799 ‘
2715 1805 2959 1871 CAPUT
3004 1806 3141 1862 xx.

2130 1902 2284 1970 Quod
2306 1918 2412 1956 non
2434 1901 2624 1956 debeat
2645 1901 2932 1955 monachus
2952 1899 3202 1955 sumendi
3225 1899 3335 1953 cibi
3358 1903 3564 1970 tempus
3585 1914 3733 1955 eaee-

2200 1974 2358 2040 dere,
2398 1974 2450 2055 si
2484 1972 2603 2027 vult
2638 1972 2714 2025 ad
2749 1986 2970 2042 pugnas
3020 1972 3336 2026 interiorum
3381 1973 3729 2026 certaminum

2192 2059 2498 2115 pervenire.

2199 2136 2372 2210 Igitur
2416 2133 2727 2193 monachus
2750 2132 2820 2191 ad
2867 2148 3076 2207 pugnas
3111 2133 3441 2192 interiorum
3477 2135 3731 2192 certami-

2130 2244 2267 2285 num
2300 2231 2524 2301 cupiens
2564 2229 2872 2301 pervenire,
2912 2228 3053 2285 hanc
3096 2227 3155 2283 in
3194 2228 3392 2300 primis
3421 2228 3730 2286 cautionem

2130 2323 2354 2380 sibimet
2390 2322 2627 2391 indicat,
2678 2329 2739 2378 ut
2764 2337 2876 2379 non
2907 2330 3072 2395 potus
3103 2321 3432 2394 quidquam,
3466 2339 3579 2381 non
3605 2337 3737 2380 esus

2130 2415 2249 2473 ulla
2286 2414 2659 2477 oblectatione
2693 2413 2962 2483 devictus,
2992 2408 3020 2461 ¹³
3056 2421 3185 2472 ante
3224 2415 3512 2473 stationem
3552 2414 3729 2488 legiti-

2132 2526 2284 2567 mam
2312 2521 2772 2582 communemque
2795 2507 3114 2567 refectionis
3140 2508 3362 2579 horam,
3389 2516 3538 2566 extra
3563 2522 3734 2566 men—

2132 2618 2252 2659 sam
2276 2603 2552 2674 percipere
2576 2601 2803 2659 sibimet
2830 2616 3059 2672 prorsus
3084 2601 3394 2673 indulgeat;
3421 2600 3518 2659 sed
3552 2616 3625 2658 ne
3647 2617 3747 2659 re-

2133 2695 2367 2753 fcctione
2410 2694 2638 2768 quidem
2687 2701 2993 2766 transacta,
3032 2709 3097 2750 ex
3136 2693 3224 2750 his
3263 2708 3595 2766 prasumere
3629 2694 3736 2751 sibi

2133 2791 2703 2870 quantulumcumque
2729 2789 3013 2862 permittat
3043 2807 3059 2844 :
3101 2788 3355 2845 similiter
3394 2804 3613 2862 quoque
3637 2804 3737 2846 ca-

2132 2885 2397 2941 nonicum
2421 2884 2603 2939 somni
2624 2891 2844 2955 tempus
2866 2881 3293 2953 mensuramque
3311 2881 3607 2939 custodiat.
3630 2884 3745 2938 Eo-

2132 2978 2258 3035 dem
2285 2992 2525 3051 namque
2552 2976 2734 3034 studio
2764 2976 2881 3033 ista
2903 2985 3032 3033 sunt
3054 2977 3257 3033 mentis
3279 2976 3627 3049 amputanda
3655 2977 3736 3034 la-

2134 3072 2340 3140 scivia,
2365 3087 2477 3142 quo
2503 3069 2960 3127 meretricatiouis
2988 3070 3181 3126 vitium
3207 3069 3591 3127 desecandum.
3622 3071 3741 3144 Qui

422 3176 529 3234 que
556 3160 602 3218 si
636 3161 707 3219 ad
745 3160 849 3218 hos
893 3160 1309 3233 triumphorum
1341 3160 1545 3234 gradus
1587 3164 1845 3234 cupimus
1902 3179 2023 3220 cre-
2053 3154 2099 3217 C
2134 3164 2280 3222 enim
2305 3174 2327 3201 ο
2356 3164 2496 3237 gula
2524 3163 2834 3236 superﬂuos
2876 3164 3153 3235 appetitus
3198 3162 3445 3219 inhibere
3472 3178 3589 3219 non
3630 3179 3738 3236 po-

1521 3339 1776 3395 ALARDI
1813 3340 2039 3397 (ΞΑΖᾹΞΙ
2075 3340 2636 3398 COMMENTARIUS.

494 3491 521 3521 ³
549 3488 772 3564 Dictum
796 3491 1005 3564 insigne
1029 3498 1084 3547 et
1102 3492 1389 3564 memoria
1399 3491 1758 3564 infigendum.
1781 3494 1881 3552 Cui
1898 3510 2027 3551 con-

494 3506 521 3521 “
551 3506 772 3546 victum
796 3506 1005 3615 1118ιί06
1029 3506 1084 3547 et
1102 3506 1758 3564 memoriainngennum.
1781 3506 1881 3552 Cui
1898 3510 2027 3551 con-

424 3566 588 3616 εουθτ
612 3559 813 3648 ille}:
839 3563 951 3648 ξε.
976 3561 1240 3648 Sarnus
1268 3581 1281 3648 '-,
1309 3563 1510 3648 μίέξίία
1537 3567 1616 3644 est
1641 3567 1762 3648 vita.
1801 3566 2027 3648 ἰονῑιίτιίε

424 3644 588 3703 super
621 3633 822 3684 terram
850 3630 962 3702 (Job
1003 3631 1136 3703 vri).
1172 3633 1333 3704 Quod
1383 3632 1429 3687 si
1472 3631 1710 3704 cujusvis
1748 3634 2023 3705 hominis,

424 3702 604 3774 multo
638 3700 926 3774 specialius
966 3701 1289 3774 Christiani;
1332 3709 1388 3774 et
1423 3704 1609 3774 multo
1639 3705 2027 3774 specialissime

424 3771 685 3846 religiosi
708 3771 1081 3846 et'monachi,
1115 3788 1285 3846 quem
1326 3772 1533 3846 idcirco
1575 3771 1873 3846 athletam,
1915 3776 2027 3834 sive

426 3841 666 3920 ascetam
683 3884 703 3914 ,
728 3841 843 3920 hoc.
858 3851 971 3920 est,
993 3841 1242 3920 pugilem
1270 3859 1333 3920 ac
1358 3844 1594 3920 militem
1632 3845 1837 3920 Christi
1860 3841 2027 3920 pecu-

424 3914 631 3989 liariter
672 3913 930 3987 appellari
958 3913 1105 3971 alias'
1117 3914 1461 3972 ostendimus
1485 3917 1637 3989 (Lib.
1669 3934 1687 3972 ι
1715 3934 1757 3975 c.
1794 3913 1878 3989 2)."
1898 3922 2026 3975 Mo-

425 3986 924 4061 nachornm’porro
946 3994 1227 4061 certamen
1257 3987 1543 4061 quomodo
1572 3986 1895 4061 perpetuum
1924 3990 2024 4058 sit,

424 4065 484 4131 et
505 4057 795 4130 multiplex
824 4058 1175 4131 palmaLsive
1197 4057 1491 4130 praminm
1512 4100 1533 4129 ,
1568 4057 1689 4115 fuse
1712 4059 1927 4117 disserit
1950 4057 2024 4117 D.

424 4128 853 4202 Chrysostomus
882 4129 1075 4187 homil.
1109 4134 1177 4202 54
1201 4128 1316 4197 (Ad
1336 4146 1466 4202 pop.
1495 4128 1795 4202 Antioch),
1823 4131 1890 4189 de
1917 4133 2028 4189 vita

423 4200 853 4273 Monachornm,
876 4204 1008 4273 ets.
1042 4201 1279 4273 Ephrem
1309 4200 1365 4257 in
1393 4200 1630 4273 quadam
1652 4202 2029 4261 adhortatione

425 4270 802 4342 adpietatem,
834 4272 925 4327 ubi
950 4272 1070 4329 hac
1088 4270 1255 4328 verba
1288 4291 1300 4326 :
1331 4270 1536 4329 Bellum
1563 4275 1796 4329 militum
1839 4275 2025 4342 breve;

426 4340 521 4395 sed
1009 4382 1029 4423 ε
1047 4343 1877 4424 donec_einigrgtad_1_)ominum,
1897 4340 2030 4402 seni—

420 4425 524 4481 per
550 4409 718 4464 durat
750 4410 913 4475 (Vide
945 4412 1029 4465 ibi
1063 4413 1264 4466 scholia
1306 4409 1373 4470 (ἶ.
1410 4414 1631 4482 Vossii).
1858 4409 1863 4410 ί

414 4502 444 4562 -_
498 4472 525 4511 δ
552 4480 822 4562 Hoc-est,
854 4488 990 4562 ante.
1014 4479 1203 4562 jejunii
1233 4489 1451 4562 tempus
1471 4483 1729 4562 legitime
1759 4484 2022 4562 observa-

406 4554 550 4631 ‘tiim
572 4590 587 4631 τ
611 4549 720 4630 vel,
741 4557 804 4631 ut
823 4549 949 4631 a|_i_b_i
976 4549 1216 4631 loquitur
1227 4549 1392 4631 $0913.
1418 4557 1507 4631 2_4,
1530 4549 1729 4631 infra),
1757 4559 1882 4631 ante
1889 4573 2025 4627 pra-

425 4623 675 4678 stitutam
688 4621 896 4692 jejunii
914 4622 1132 4690 horam;
1151 4629 1205 4677 et
1219 4621 1412 4678 Collat.
1434 4628 1467 4678 5
1488 4638 1537 4678 c.
1565 4628 1586 4678 t
1604 4630 1623 4678 ι
1650 4645 1663 4680 :
1687 4621 1815 4679 ante
1829 4621 2021 4683 ho'ram

426 4695 737 4750 canonicam
771 4692 1036 4766 absolutio
1052 4693 1264 4766 jejunii
1298 4694 1607 4750 nullatenus
1642 4699 2023 4766 praesumenda

425 4770 536 4840 est._
568 4766 720 4840 Nam
744 4764 906 4821 statio
946 4763 1090 4840 apud
1117 4764 1437 4840 Cassianum
1467 4774 1521 4821 et
1562 4763 1699 4823 alios
1728 4768 2020 4840 scriptores

2135 3494 2317 3550 siones
2341 3501 2563 3575 .nostra
2578 3501 2736 3575 _sunt
2753 3534 2769 3561 ,
2808 3491 2877 3575 ad
2913 3500 3167 3575 optatum
3188 3574 3196 3575 ί
3216 3493 3491 3551 Paschatis
3508 3494 3735 3575 festum

2202 3564 2535 3621 rveniamus.
2577 3564 2668 3620 Sic
2700 3564 3049 3621 Ambrosius.
3089 3566 3363 3622 Caterum
3405 3582 3469 3621 ex
3507 3567 3745 3624 Tertul-

2154 3635 2317 3717 iano,
2358 3633 2609 3720 stationis
2647 3635 2868 3720 nomine
2900 3651 3013 3692 non
3072 3635 3287 3719 videtur
3328 3637 3734 3720 quodvis_jeju-

2133 3706 2319 3774 nium,
2343 3705 2446 3787 sed
2487 3707 2602 3778 lege
2638 3713 2856 3788 statum
2889 3722 2955 3763 ac
2979 3705 3367 3788 praescriptum
3408 3705 3731 3781 signiﬁcari.

2135 3778 2277 3858 Nam
2307 3775 2426 3858 _|ib.._
2464 3776 2538 3858 d_e_
2569 3777 2817 3858 Jejunio,
2863 3785 3129 3858 stationes
3174 3777 3412 3858 indictas
3445 3794 3476 3835 a
3511 3779 3732 3858 jejuniis

2134 3847 2458 3922 voluntariis
2483 3846 2827 3922 distinguens
2844 3889 2859 3917 ,
2889 3848 2966 3903 ait
2991 3846 3014 3902 τ’
3032 3851 3290 3922 ᾼνςιιυητ
3312 3865 3407 3905 nos
3435 3846 3581 3921 quod
3594 3851 3743 3922 jeju-

2131 3921 2225 3973 nia
2244 3921 2472 3990 propria
2494 3920 3050 4004 mstodiamus,_quod
3063 3924 3318 4004 stationes
3336 3920 3662 4004 plerumque
3675 3925 3735 4004 in

2136 4006 2415 4072 vesperum
2437 3990 2815 4072 perducamus,
2846 4000 2950 4071 etc.
2980 3993 3124 4075 Idinc
3144 3990 3408 4074 {tabanus
3437 3992 3529 4049 lib.
3560 3990 3627 4077 in
3666 3991 3739 4077 de

2137 4061 2315 4117 Instit.
2343 4062 2507 4116 Cleri.
2538 4077 2657 4132 cap.
2689 4068 2755 4117 18
2785 4083 2797 4117 :
2832 4064 3120 4135 Iguuium,
3155 4072 3351 4135 inquit,
3375 4068 3427 4118 et
3447 4067 3612 4119 statio
3642 4064 3741 4120 di-

2134 4135 2290 4188 citur.
2323 4136 2645 4204 Discernunt
2669 4137 2849 4187 autem
2867 4133 3089 4203 quidam
3106 4133 3248 4188 inter
3253 4134 3525 4204 jejunium
3549 4140 3601 4190 et
3622 4139 3747 4191 sta-

2134 4206 2348 4259 tionem.
2378 4207 2516 4260 Nam
2524 4203 2800 4272 jejunium
2823 4204 3208 4272 indifferenter
3226 4203 3504 4274 cujuslibet
3523 4206 3641 4262 diei
3655 4211 3742 4263 est

2135 4275 2497 4348 abstinentia,
2529 4290 2635 4328 non
2656 4289 2759 4344 per
2778 4275 2975 4348 legem,
3006 4276 3102 4331 sed
3125 4277 3413 4331 secundum
3443 4278 3741 4348 propriam

2132 4346 2463 4400 voluntatem
2478 4364 2495 4411 ;
2521 4347 2684 4400 statio
2711 4350 2789 4400 est
2810 4347 3109 4402 observatio
3138 4346 3466 4403 statutorum
3493 4346 3734 4412 dierum,

2134 4416 2216 4490 vel
2240 4420 2538 4485 temporum
2560 4434 2575 4469 :
2604 4416 2836 4490 dierum,
2856 4422 2917 4472 ut
2936 4423 3147 4489 quarta
3164 4424 3215 4473 et
3226 4424 3393 4490 sexta:
3415 4421 3570 4486 feria
3583 4419 3743 4490 jeju-

2131 4488 2284 4540 nium
2314 4502 2382 4541 θα)
2418 4491 2591 4541 vetere
2620 4488 2732 4555 lege
2757 4492 2980 4561 (nempe
3020 4489 3337 4560 apostolica)
3363 4488 3741 4561 praceptum;

2132 4561 2431 4632 temporum
2454 4562 2655 4632 autem,
2684 4563 2746 4613 ut
2754 4559 3029 4629 jejunium
3053 4559 3257 4631 quarti,
3285 4559 3488 4632 quinti,
3509 4559 3739 4631 septimi

2133 4631 2185 4682 et
2220 4629 2429 4702 decimi,
2460 4632 2511 4683 et
2530 4629 2826 4684 observatio
2856 4629 3317 4701 Quadragesima',
3358 4648 3480 4702 qua:
3512 4629 3739 4687 iii—uni-

2130 4713 2279 4782 yerso
2301 4700 2424 4782 orbe
2441 4700 3437 4782 institutionea‘postolica’observatur.
3468 4704 3603 4782 Hac
3626 4704 3743 4759 Ra-

2130 4766 2306 4843 banus
2330 4770 2398 4826 de
2418 4771 2717 4843 stationum
2741 4780 2797 4827 et
2815 4766 3143 4843 fejuniornm
3164 4772 3498 4829 discrimine.
3519 4774 3745 4830 Verum

425 4836 819 4920 ecclesiasticos
841 4850 960 4963 pro
982 4831 1209 4963 'jigunio
1238 4836 1557 4910 frequenter
1585 4831 1894 4921 usurpatur.
1932 4840 2020 4896 Sic
2053 4831 2104 4894 D
2133 4840 2422 4897 Cassianus
2460 4831 2840 4899 indifferenter
2860 4831 2986 4911 'pro
3032 4844 3227 4916 quovis
3267 4843 3477 4915 jejunio
3498 4886 3513 4911 ,
3554 4843 3741 4901 etiam

425 4909 789 4963 Tertullianus
816 4907 853 4963 li
901 4953 909 4961 .
940 4906 1009 4963 de
1083 4918 1293 4963 ratione
1319 4910 1473 4963 (Can.
1508 4909 1587 4963 Mi
1620 4910 1775 4963 dicit.
1804 4920 2027 4963 sumnto
2136 4911 2468 4963 voluntario.
2496 4912 2786 4963 stationem
2813 4929 3028 4963 sumere
3060 4914 3273 4963 videtur
3318 4917 3458 4963 Nam
3475 4922 3531 4963 et
3545 4915 3741 4963 minito.

425 4909 789 4994 Tertulliapus
816 4906 911 4992 lib2
940 4906 1013 4964 de
1032 4906 1293 4994 Oratione
1319 4906 1473 4994 (ξαρ.
1508 4909 1587 4982 14)
1607 4906 1775 4994 _dicit,
1804 4920 2027 4994 sumpto

426 4993 656 5060 corpore
688 4978 912 5060 Domini
937 4995 1051 5061 non
1082 4980 1220 5037 solvi
1248 4978 1580 5051 statiouem,
1607 4980 1712 5038 hoc
1742 4989 1857 5051 est,
1878 4978 2025 5109 jeju-

426 5063 583 5103 nium
608 5087 624 5109 ,
654 5057 709 5103 et
737 5056 988 5104 stationis
1014 5066 1219 5107 nomen
1259 5060 1548 5109 sumntum
1576 5068 1695 5109 esse
1723 5068 1754 5109 a
1797 5054 1873 5109 mi
1900 5054 2023 5109 itari

424 5054 583 5103 nium
608 5087 639 5125 ,_
654 5057 709 5103 et
731 5054 988 5125 stationis
1014 5066 1219 5125 nomen
1259 5060 1548 5125 sumptum
1576 5068 1695 5110 esse
1723 5068 1754 5110 a
1797 5054 2023 5111 militari

425 5118 700 5195 exemplo,
731 5117 838 5195 hoc
867 5127 977 5195 _est_,
997 5136 1028 5176 a
1061 5117 1681 5195 stationibus'militum.
1716 5126 1896 5195 Quam
1928 5142 2023 5184 ra-

423 5188 637 5245 tionem
665 5188 911 5244 nominis
946 5193 1020 5246 D.
1049 5192 1372 5249 Ambrosius
1396 5209 1562 5249 serm.
1595 5201 1662 5249 25
1690 5188 1890 5253 clarius
1918 5213 2015 5254 ex-

424 5258 641 5332 plicans
673 5281 686 5316 :
739 5261 935 5337 Castra
949 5304 966 5325 ,
998 5261 1198 5337 inquit,
1226 5265 1378 5337 nobis
1400 5270 1527 5321 sunt
1557 5270 1742 5320 nostra
1770 5268 2019 5337 jejunia,

424 5330 651 5409 quanos
669 5347 703 5385 a
725 5330 995 5409 diabolica
1009 5330 1418 5409 impugnatione
1428 5336 1730 5404 defendunt
1753 5330 2022 5409 {datique

420 5403 680 5458 stationes
706 5408 983 5467 vocantur,
1008 5405 1152 5474 quod
1173 5403 1380 5462 'stantes
1398 5412 1451 5462 et
1468 5403 1841 5463 cammorantes
1866 5403 2020 5466 iri—eis

424 5475 669 5559 inimicos
694 5475 1036 5559 insidiantes
1072 5476 1412 5559 repellamus.
1458 5479 1526 5533 Et
1557 5494 1735 5559 ‘serm.
1768 5482 1846 5559 24_
1877 5478 2018 5559 hanc

421 5544 916 5634 Quadragesimalis
955 5544 1452 5634 jejiiniirationem
1480 5547 1677 5634 reddit,
1701 5549 1850 5634 quod
1872 5550 2015 5634 sicut

422 5616 669 5704 populus
695 5616 869 5704 lsrael.
899 5634 930 5704 a
957 5616 1289 5704 captivitatis
1333 5616 1834 5704 ngptiacajugo
1880 5622 2014 5704 libe:

419 5695 575 5743 ratus
611 5687 965 5760 quadraginta
1007 5687 1336 5760 stationibus
1380 5687 1484 5746 seu
1514 5687 1908 5753 mansionibus.
1942 5695 2014 5751 ad

422 5754 646 5834 terram"
669 5754 1050 5834 promissionis
1083 5761 1374 5834 pervenit,
1397 5762 1600 5817 eodem
1645 5762 1756 5818 fere
1806 5765 1971 5822 modo
1992 5807 2008 5834 ,

419 5830 722 5905 eodemque
748 5846 980 5889 numero
1020 5830 1361 5904 jejuniorum
1382 5873 1397 5901 ,
1427 5847 1577 5905 qua,
1609 5834 1820 5906 inquit,
1845 5830 2010 5893 man;

2136 4911 2468 4987 voluntario,
2496 4912 2786 4987 stationem
2813 4929 3028 4987 sumere
3046 4911 3285 4987 'videtur'
3318 4911 3531 4987 Namet
3545 4915 3749 4987 capite

2133 4982 2394 5058 vigesimo
2426 4992 2621 5058 quarto
2642 4983 2820 5058 hujus
2844 4985 2980 5058 libri
2994 4984 3287 5041 stationem
3326 4982 3740 5058 quotidianam,

2132 5056 2297 5128 paulo
2322 5055 2466 5128 post,
2482 5055 2751 5128 jejunium
2774 5056 3154 5128 quotidianum
3178 5055 3479 5126 nuncupat,
3511 5063 3565 5112 et
3588 5056 3741 5128 solvi

2132 5125 2556 5199 solere'dicit'in
2596 5125 2828 5199 adventu
2862 5127 3106 5199 hospitis.
3150 5132 3217 5183 Et
3239 5125 3529 5184 collatione
3574 5126 3739 5199 vige-

2131 5196 2269 5271 sima
2309 5198 2522 5269 pn’ma,
2567 5197 2741 5270 capite
2757 5196 3032 5271 vigesimo
3060 5214 3239 5271 nono,
3264 5196 3745 5271 utrumque‘cdn-

2120 5267 2379 5351 jungens,
2412 5267 2718 5351 station—em
2735 5267 2950 5351 jejunii
2964 5269 3213 5351 appellat.
3249 5267 3603 5351 Denduplici.
3625 5284 3731 5351 ερε-

2129 5338 2261 5416 nere
2322 5340 2657 5416 stationum,
2711 5338 2825 5397 sive
2879 5338 3248 5416 jejuniorum,
3308 5338 3522 5398 dicetur
3586 5338 3740 5397 inTra

2466 5482 2821 5565 inordinatos,
2844 5485 3075 5565 quasi).
3109 5483 3411 5565 Gregorius
3434 5484 3537 5565 lib.
3565 5497 3740 5541 χχιι

2125 5553 2419 5636 Moralium
2443 5561 2658 5636 cap._27
2985 5555 3071 5636 his
3093 5556 3267 5636 verbis
3293 5576 3305 5610 :
3337 5558 3586 5626 Quinque
3604 5570 3740 5636 mo;

2124 5624 2212 5679 dis
2240 5639 2337 5700 nos
2366 5624 2723 5696 gula'vitium
2744 5624 2959 5684 tentet:
2991 5628 3288 5700 aliquando
3323 5624 3561 5697 namque
3590 5626 3743 5683 indi-

2122 5698 2316 5765 Ωθητίω
2344 5702 2898 5825 temporagiravenit;
2919 5698 3220 5785 aliquimdo
3242 5716 3363 5783 vero
3387 5706 3598 5825 tempus
3622 5712 3735 5752 non

2122 5775 2398 5825 praevenit.
2427 5771 2522 5825 sed
2547 5786 2597 5825 ci
2633 5786 2690 5825 os
2714 5773 2966 5825 lautiores
2992 5778 3221 5825 ouant:
3247 5773 3475 5825 ahauan
3573 5784 3735 5825 oua:-

2112 5772 2398 5843 prcevenit,
2427 5771 2522 5843 sed
2547 5771 2690 5826 cibos
2714 5773 2966 5828 lautiores
2992 5771 3221 5843 quarit;
3247 5771 3550 5842 aliquando
3573 5784 3745 5843 quee-

2119 5839 2248 5895 libet
2294 5842 2557 5898 sumenda
2600 5844 2740 5910 sint,
2777 5839 3099 5917 praparuri
3138 5839 3445 5900 accuratius
3481 5842 3735 5912 carpet“;
