4048 6200
756 214 783 242 ι

468 340 575 396 239

1811 323 2092 382 JOANNIS
2127 323 2433 382 CASSIANI
3667 332 3756 387 240

469 463 604 521 tbali
632 475 831 534 sapore
857 466 1230 532 prosternans.
1278 452 1487 510 Invidia
1522 451 1677 509 cibus
1715 457 1798 508 est
1846 449 2066 516 mentis,
2092 452 2147 516 Α
2176 450 2268 508 tiae
2290 450 2588 523 corporalis
2610 451 2953 525 impendere,
2981 460 3042 510 ut
3062 453 3130 510 ad
3157 453 3450 524 puritatem
3470 453 3653 512 cordis
3669 454 3757 514 hoc

470 554 752 614 virulentis
791 568 915 609 eam
943 550 1121 608 succis
1168 559 1549 617 corrumpens,
1598 552 1655 601 et
1705 543 2067 616 prosperitate

469 648 638 706 alieni
666 660 947 703 successus
964 643 1172 716 jugiter
1206 640 1467 696 miseram
1495 637 1809 694 excruciare
1836 653 1951 695 non
1974 638 2067 695 de-

469 744 670 800 sinens.
697 738 1030 806 Cenodoxia,
1056 735 1111 793 id
1139 743 1243 804 est,
1265 750 1405 790 vana
1435 733 1629 806 gloria,
1644 732 1803 789 cibus
1821 732 1942 804 ejus
1960 740 2064 808 est,

470 836 562 907 qui
589 831 888 890 delectabili
916 845 1039 886 eam
1080 843 1201 885 esca
1244 826 1549 900 permulcet
1578 825 1648 882 ad
1668 833 1917 898 tempus;
1948 833 2075 898 post

471 941 601 982 vero
645 939 876 980 vacuam
910 921 1170 994 omnique
1190 920 1401 976 virtute
1443 918 1736 991 spoliatam
1776 917 1970 975 reddet
2004 934 2071 975 ac

471 1019 697 1086 nudam,
743 1017 953 1074 cunctis
983 1032 1104 1072 eam
1150 1014 1484 1089 spiritalibus
1524 1011 1790 1069 fructibus
1832 1013 2070 1069 sterilem

468 1114 797 1183 inanemque
828 1111 1111 1167 dimittens
1149 1129 1162 1164 :
1192 1109 1266 1165 ita
1291 1115 1354 1164 ut
1394 1123 1507 1164 non
1537 1107 1718 1163 solum
1745 1106 2070 1163 immanium

469 1206 720 1264 laborum
744 1206 904 1261 faciat
928 1205 1125 1260 merita
1153 1203 1416 1275 deperire,
1445 1217 1635 1258 verum
1662 1202 1830 1258 etiam
1861 1201 2070 1273 suppli-

469 1299 551 1356 cia
577 1299 783 1371 majora
829 1297 1132 1369 conquirat.
1165 1297 1359 1353 Omnis
1386 1294 1820 1372 concupiscentia
1860 1301 1917 1350 et
1945 1309 2067 1366 per-

470 1393 681 1466 vagatio
725 1392 908 1448 cordis
935 1390 1220 1455 instabilis,
1250 1396 1437 1461 pastus
1464 1387 1689 1461 quidam
1731 1392 1818 1444 est
1844 1388 2066 1455 animae,

463 1486 638 1542 noxiis
663 1485 801 1541 escis
843 1499 966 1540 eam
1004 1482 1288 1547 nutriens,
1341 1489 1617 1552 expertem
1645 1495 1772 1536 vero
1820 1479 2070 1537 cmlestis

470 1580 627 1652 panis
650 1594 714 1634 ac
735 1562 893 1634 solidi
922 1577 1025 1632 cibi
1049 1576 1105 1631 in
1126 1582 1405 1647 posterum
1433 1573 1844 1654 derelinquens.
1871 1572 1956 1629 Ab
1984 1571 2070 1628 his

468 1675 670 1745 itaque,
700 1680 899 1743 quanta
923 1670 1088 1727 nobis
1113 1677 1197 1724 est
1235 1669 1427 1735 virtus,
1455 1667 1825 1724 sacratissimo
1863 1665 2071 1738 jejunio

469 1767 830 1834 continentes,
876 1766 1066 1821 utilem
1107 1762 1427 1819 habebimus
1468 1761 1931 1832 oommodamque
1975 1761 2073 1817 ob—

2174 560 2467 617 possumus
2485 546 2696 619 jejunio
2722 548 3021 621 pervenire.
3044 547 3323 604 Ceterum
3352 547 3507 604 labor
3547 564 3578 604 a
3615 549 3758 606 nobis

2175 639 2504 712 impenditur
2524 641 2816 711 incassum,
2841 643 2887 699 si
2914 642 3060 699 hunc
3100 640 3319 714 quidem
3353 642 3762 715 contemplatio-

2175 750 2246 791 ne
2273 735 2395 792 linis
2430 735 2830 809 infatigabiliter
2855 737 3218 805 sustinemus;
3265 736 3431 792 ﬁnem
3460 752 3590 793 vero
3612 752 3761 810 prop-

2179 837 2263 886 ter
2297 842 2464 902 quem
2518 831 2879 888 toleravimus
2916 831 3240 888 afﬁictiones
3281 837 3481 899 tantas,
3527 829 3758 889 obtinere

2179 938 2514 995 nequeamus
2545 944 2558 980 :
2584 917 2613 957 ¹³
2636 925 2935 997 meliusque
2954 924 3060 982 fuit
3083 924 3385 982 interdictis
3413 925 3551 982 escis
3576 924 3761 984 anima:

2179 1025 2533 1090 temperasse,
2567 1034 2734 1091 quam
2762 1019 3081 1077 voluntariis
3113 1019 3404 1091 minusque
3443 1018 3621 1076 noxiis
3649 1035 3762 1077 cor-

2181 1111 2441 1183 poraliter
2471 1110 2764 1184 jejunasse.
2797 1115 2863 1168 In
2890 1111 2976 1168 his
3014 1112 3166 1168 enim
3205 1112 3432 1184 simplex
3461 1120 3517 1168 et
3557 1112 3763 1170 innoxia

2179 1213 2447 1262 creatum
2495 1204 2594 1260 Dei
2634 1205 2908 1277 perceptio
2949 1192 3051 1272 est,
3100 1205 3235 1262 nihil
3283 1221 3377 1277 per
3421 1206 3762 1278 semetipsam

2179 1295 2387 1353 habens
2420 1296 2621 1369 peccati
2647 1319 2660 1355 :
2688 1308 2709 1332 ε
2730 1298 2783 1355 in
2811 1298 2913 1355 illis
2953 1314 3081 1356 vero
3112 1298 3362 1372 primitus
3389 1297 3620 1355 fratrum
3647 1314 3764 1371 per-

2179 1389 2382 1446 niciosa
2409 1390 2710 1459 devoratio,
2736 1390 2805 1450 de
2829 1408 2937 1464 qua
2958 1392 3154 1449 dicitur
3181 1380 3244 1446 :d
3276 1391 3401 1449 Noli
3428 1391 3651 1465 diligere
3673 1391 3762 1450 de-

2180 1483 2416 1551 trahere,
2442 1500 2511 1540 ne
2540 1485 2842 1542 eradiceris.
2861 1489 2955 1547 .Et
2987 1485 3055 1542 de
3082 1486 3161 1542 ira
3185 1493 3348 1558 atque
3366 1486 3564 1542 invidia
3585 1485 3763 1545 beatus

2179 1577 2289 1633 Job
2328 1576 2501 1634 dicit:
2530 1579 2749 1635 Etenim
2774 1584 2797 1612 ο
2847 1580 3074 1636 stultum
3103 1579 3361 1636 interﬁcit
3398 1579 3693 1649 iracundia,
3716 1590 3767 1638 et

2178 1671 2463 1744 parvulum
2502 1672 2701 1729 occidit
2742 1673 2939 1731 invidia
2971 1676 3213 1742 (Jobv).
3253 1674 3536 1748 Simulque
3574 1685 3765 1734 notan-

2180 1763 2336 1833 dum,
2385 1765 2533 1837 quod
2578 1767 2670 1837 qui
2711 1767 2980 1836 irascitur,
3024 1770 3252 1836 stultus;
3306 1779 3363 1825 et
3402 1770 3498 1840 qui
3551 1770 3764 1842 invidet,

469 1857 1002 1930 servantiamjejunii
1040 1855 1356 1927 corporalis.
1397 1854 1585 1912 Labor
1609 1870 1848 1927 namque
1874 1871 2067 1912 carna-
2100 1860 2147 1922 Β
2176 1859 2429 1932 parvulus
2459 1859 2755 1933 judicetur.
2797 1861 2893 1918 Ille
2918 1877 3156 1934 namque
3182 1879 3294 1919 non
3332 1863 3612 1920 immerito
3636 1865 3765 1921 stul-

469 1955 535 2011 lis
582 1953 801 2026 spiritus
847 1951 1161 2009 contritioni
1212 1950 1537 2023 conjunctus
1556 1993 1572 2019 ,
1627 1951 2071 2023 acceptissimum

469 2052 586 2105 Deo
614 2047 942 2105 sacriﬁcium
969 2045 1306 2117 dignumque
1345 2042 1647 2099 sanctitatis
1689 2042 2069 2099 habitaculum

468 2141 618 2215 puris
663 2139 988 2210 mundisque
1032 2136 1334 2206 recessibus
1370 2135 1671 2200 ,exhibebit.
1720 2136 1995 2192 Caeterum
2026 2136 2071 2191 si

470 2236 823 2309 corporaliter
854 2234 1161 2307 jejunantes
1186 2230 1664 2305 perniciosissimis
1691 2230 1896 2287 animas
1930 2230 2071 2286 vitiis

472 2330 835 2402 implicemur,
878 2327 1016 2384 nihil
1064 2327 1222 2384 nobis
1266 2325 1509 2399 proderit
1558 2324 1791 2380 carnalis
1836 2322 2065 2379 afflictio

468 2422 783 2497 pretiosiore
815 2430 967 2494 parte
1010 2419 1260 2492 pollutis;
1305 2434 1401 2491 per
1449 2432 1569 2472 eam
1594 2416 1795 2472 scilicet
1818 2416 2066 2471 substan-

467 2518 600 2575 tiam
637 2512 1072 2586 delinquentibus
1114 2512 1296 2576 nobis,
1339 2525 1445 2583 qua
1484 2509 1755 2565 efﬁcimur
1782 2508 2067 2565 habitacu-

467 2612 583 2670 lum
607 2611 837 2684 Spiritus
852 2609 1043 2665 sancti.
1072 2609 1196 2664 Non
1219 2606 1366 2663 enim
1392 2614 1506 2661 tam
1526 2603 1891 2675 corruptibilis
1912 2619 2065 2672 caro,

466 2720 631 2777 quam
676 2719 773 2761 cor
814 2700 1088 2759 mundum
1134 2698 1505 2755 habitaculum
1540 2700 1661 2753 Deo
1690 2696 2067 2769 templumque

465 2799 696 2873 Spiritus
727 2797 900 2855 sancti
927 2796 1182 2853 efﬁcitur.
1215 2797 1448 2867 Oportet
1471 2808 1624 2865 ergo,
1656 2793 1929 2850 exteriore
1959 2793 2063 2849 ho-

467 2893 613 2949 mine
631 2892 929 2965 jejunante,
977 2888 1296 2947 interiorem
1341 2876 1842 2959 quoque'similiter
1871 2901 1901 2941 a
1929 2885 2064 2942 cibis

464 2987 644 3043 noxiis
668 2995 972 3057 temperare
1001 3004 1013 3039 :
1045 2998 1217 3056 quem
1237 2981 1503 3054 praecipue
1529 2979 1769 3036 exhiberi
1789 2979 2063 3036 mundum

465 3081 607 3145 Deo,
633 3087 696 3133 ut
718 3076 994 3147 hospitem
1024 3075 1079 3129 in
1109 3090 1167 3130 se
1198 3072 1479 3131 Christum
1502 3072 1741 3145 recipere
1765 3080 2062 3142 mereatur,

466 3173 656 3228 beatus
699 3169 994 3243 Apostolus
1024 3175 1215 3224 monet
1246 3168 1330 3224 his
1364 3168 1542 3225 verbis
1578 3185 1593 3223 :
1636 3177 1663 3202 ⁸
1689 3169 1749 3224 In
1787 3168 2064 3237 interiore,

2177 1962 2267 2010 tus
2300 1953 2597 2027 judicatur,
2632 1955 2938 2011 voluntarie
2983 1956 3083 2012 sibi
3127 1962 3367 2012 mortem
3410 1957 3508 2014 irae
3541 1958 3765 2015 stimulis

2177 2044 2432 2101 incitatus
2489 2044 2775 2115 inducens;
2844 2054 2902 2102 et
2950 2046 3039 2103 hic
3089 2048 3221 2104 dum
3287 2050 3435 2117 livet,
3491 2050 3763 2121 parvulum

2178 2139 2556 2212 minoremque
2599 2156 2657 2196 se
2699 2140 2914 2213 probat.
2969 2145 3116 2199 Dum
3161 2144 3306 2199 enim
3336 2143 3560 2210 invidet,
3603 2152 3763 2202 testa-

2178 2237 2269 2286 tur
2294 2231 2562 2303 majorem
2587 2247 2706 2288 esse
2736 2249 2863 2288 eum
2892 2233 3051 2305 cujus
3094 2235 3454 2307 prosperitate
3481 2237 3760 2294 cruciatur.

2729 2328 2972 2383 CAPUT
3008 2330 3228 2384 XXIII.

2462 2421 2648 2488 Qualis
2686 2435 2794 2476 esse
2821 2423 3065 2476 monachi
3092 2422 3235 2476 cibus
3274 2422 3482 2477 debeat.

2246 2513 2421 2584 Igitur
2456 2520 2541 2568 est
2567 2514 2723 2570 cibus
2751 2506 3070 2586 ‘eligendus
3113 2528 3227 2569 non
3255 2520 3470 2568 tantum
3514 2512 3605 2583 qui
3634 2528 3768 2570 con-

2172 2605 2518 2677 cupiscentiae
2583 2607 2860 2680 ﬂagrantis
2918 2614 3084 2663 aestus
3132 2613 3429 2677 temperet,
3481 2606 3775 2679 minusque

2173 2699 2487 2770 succendat,
2514 2717 2704 2757 verum
2730 2701 2892 2758 etiam
2923 2701 3015 2773 qui
3043 2700 3112 2757 ad
3137 2699 3444 2773 parandum
3470 2699 3542 2755 sit
3579 2698 3771 2771 facilis,

2171 2805 2226 2854 et
2257 2795 2513 2868 quemad
2529 2795 2928 2853 comedendum
2945 2795 3395 2868 opportuniorem
3422 2793 3625 2849 vilioris
3650 2808 3771 2865 pre-

2171 2891 2229 2946 tii
2268 2892 2654 2963 compendium
2699 2898 2952 2962 praestet;
3005 2889 3207 2962 quique
3258 2889 3330 2944 sit
3377 2887 3773 2944 conversationi

2168 2982 2401 3040 fratrum
2449 2984 2680 3056 usuique
2718 2982 3048 3040 communis.
3080 2984 3107 3023 ε
3130 2982 3347 3053 Triplex
3392 2981 3540 3037 enim
3582 2990 3774 3038 natura

2171 3086 2254 3135 est
2285 3077 2676 3151 gastrimargiaa
2702 3096 2715 3133 :
2750 3091 2857 3134 una
2885 3091 3009 3147 quae
3035 3069 3062 3107 ¹¹
3092 3076 3413 3132 canonicam
3462 3075 3774 3134 refectionis

2171 3171 2362 3228 horam
2398 3173 2693 3243 pmvenire
2736 3169 3047 3241 compellit;
3077 3169 3180 3225 alia
3223 3185 3346 3241 quae
3377 3168 3772 3226 tantummodo

466 3266 734 3338 inquiens,
779 3263 1000 3320 homine
1046 3262 1290 3319 habitare
1328 3261 1606 3320 Christum
1651 3278 1751 3336 per
1798 3261 1961 3319 ﬁdem
2007 3262 2064 3318 in
2099 3260 2145 3324 C
2174 3266 2375 3321 ventris
2401 3265 2631 3337 ingluvie
2662 3272 2717 3320 et
2746 3263 3024 3320 saturitate
3055 3262 3417 3336 quarumlibet
3452 3262 3655 3335 gaudet
3682 3278 3774 3320 es-

466 3359 724 3417 cordibus
756 3358 944 3417 vestris
966 3357 1189 3431 (Ephes.
1217 3374 1274 3413 ιιι
1289 3360 1332 3428 ).

1024 3471 1269 3528 CAPUT
1305 3471 1498 3526 XXII.

466 3575 618 3644 Quod
642 3574 839 3629 idcirco
876 3590 970 3629 nos
1005 3579 1243 3645 oporteat
1280 3588 1519 3629 exercere
1554 3575 1931 3627 continentiam
1957 3591 2069 3629 cor-

531 3647 796 3729 poralem,
840 3650 902 3700 ut
938 3644 1037 3717 per
1072 3648 1247 3715 ipsam
1269 3646 1649 3715 perveniamus
1693 3644 1768 3697 ad
1813 3646 2066 3713 spiritale

528 3732 820 3789 Jejunium.

534 3829 862 3886 Noverimus
901 3828 1085 3900 itaque
1111 3843 1215 3883 nos
1243 3825 1445 3882 idcirco
1485 3824 1731 3882 laborem
1774 3826 2060 3885 continen-

2175 3377 2392 3428 carum;
2438 3361 2619 3427 tertia,
2650 3374 2773 3432 qua
2823 3358 3254 3416 accuratioribus
3308 3358 3481 3430 epulis
3519 3367 3574 3415 et
3615 3373 3773 3416 escu-

2176 3452 2498 3509 lentioribus
2545 3452 2891 3535 oblectatura
2921 3451 3158 3523 Ideoque
3205 3451 3463 3508 adversus
3501 3453 3624 3507 eam
3669 3466 3775 3508 ne-

2175 3562 2325 3602 cesse
2353 3554 2435 3601 est
2464 3546 2802 3602 monachum
2848 3545 3254 3602 observantiam
3293 3545 3561 3617 triplicem
3584 3553 3777 3602 custo—

2174 3640 2312 3707 dire,
2336 3639 2389 3695 id
2409 3647 2510 3708 est,
2529 3648 2590 3694 ut
2605 3639 2844 3711 primum
2866 3639 3165 3710 legitimum
3184 3648 3399 3711 tempus
3417 3639 3782 3697 absolutionis

2172 3740 2474 3804 exspectet;
2519 3731 2712 3788 deinde
2763 3740 2826 3788 ut
2870 3731 3139 3787 saturitati
3178 3748 3290 3789 non
3341 3732 3530 3801 cedat;
3585 3733 3778 3803 tertio,

2172 3835 2236 3883 ut
2279 3825 2770 3898 qualibuscumque
2817 3824 2958 3881 escis
3004 3824 3283 3882 vilioribus
3342 3834 3636 3883 contentus
3679 3826 3776 3884 sit.

1561 3937 1816 3993 ALARDI
1852 3938 2079 3997 GAZEI
2116 3937 2675 3997 COMMENTARIUS.

533 4057 560 4083 ⁸
573 4048 749 4102 Homo
768 4042 994 4115 interior
1006 4042 1272 4114 Apostolo
1289 4040 1482 4098 dicitur
1498 4042 1680 4098 anima
1694 4045 1715 4111 (
1728 4046 1916 4114 Ephes.
1939 4053 2032 4115 ιιι)
2046 4067 2062 4115 ;

465 4117 703 4176 exterior
734 4130 935 4186 corpus
967 4113 984 4184 (
1002 4113 1209 4171 ll'Cor.
1257 4118 1349 4179 ιν)
1380 4131 1394 4167 :
1423 4116 1566 4169 Licet
1594 4117 1639 4169 is
1666 4113 1774 4184 qui
1789 4117 1927 4183 foris
1965 4113 2062 4182 est,

2178 4047 2478 4109 blanditiae,
2492 4050 2543 4101 et
2554 4047 2845 4117 voluptatis
2857 4044 3034 4100 illeceb
3040 4059 3112 4098 rce
3123 4042 3777 4117 repudiandiceUnstitut.

2172 4119 2412 4176 Monach.
2461 4133 2579 4187 cap.
2630 4114 2727 4183 16)
2775 4117 3141 4187 Hieronymus
3182 4114 3272 4169 lib.
3324 4131 3362 4168 ιι
3397 4121 3586 4187 contra
3619 4118 3783 4172 Jovi—

2172 4192 2323 4245 nian.
2350 4206 2364 4242 :
2394 4191 2471 4247 Ne
2497 4186 2628 4242 tales
2657 4186 2994 4257 accipiamus
3010 4186 3168 4249 cibos,
3193 4200 3324 4255 quos
3347 4190 3445 4240 aut
3472 4186 3785 4254 difﬁculter

463 4195 637 4245 noster
656 4190 806 4245 homo
831 4191 1207 4257 corrumpatur
1231 4204 1247 4240 :
1279 4189 1456 4241 tamen
1484 4188 1530 4240 is
1560 4188 1661 4256 qui
1684 4189 1832 4241 intus
1859 4193 1954 4252 est,
1982 4206 2064 4243 re-

466 4264 694 4312 novatur
722 4262 787 4312 de
812 4260 901 4313 die
942 4261 997 4313 in
1026 4260 1188 4314 diem.
1222 4260 1306 4312 De
1352 4257 1452 4311 hac
1487 4258 1898 4314 nomenclatura
1945 4260 2064 4318 vide

465 4326 748 4396 S._Thom.
782 4344 799 4380 ι
825 4337 979 4395 parte
1007 4336 1202 4396 qumst.
1246 4332 1339 4389 75,
1370 4343 1419 4380 a.
1450 4332 1506 4382 4.

532 4388 563 4469 ¹³ν
586 4388 969 4469 Paraphrastes
996 4388 1395 4469 {Laudabilius
1430 4404 1508 4452 est
1547 4415 1582 4453 α
1602 4401 1894 4469 prohibitis
1924 4403 2061 4456 cibis

467 4468 683 4528 animae,
705 4471 887 4535 utpote
905 4467 1056 4519 vitiis
1076 4467 1416 4529 abstinuisse,
1443 4467 1657 4537 quam'a
1676 4472 1997 4526 voluntariis
2013 4477 2064 4527 et

467 4539 645 4591 minus
667 4539 841 4590 noxiis
874 4538 1003 4590 escis
1031 4538 1263 4606 corporis
1288 4536 1588 4607 jejunasse.

439 4678 442 4682 .
539 4609 564 4640 ε
590 4607 797 4682 Inillis,
822 4621 1039 4682 nempe,
1071 4608 1369 4682 interdictis
1392 4613 1521 4682 escis
1540 4613 1755 4682 animai,
1774 4611 1813 4665 i.
1846 4626 1894 4665 e.
1918 4610 2059 4666 vitiis

469 4687 526 4737 et
544 4678 819 4752 peccatis:
848 4693 959 4752 non
986 4680 1046 4732 in
1066 4677 1182 4752 illa,
1208 4687 1270 4734 ut
1292 4679 1346 4734 in
1374 4681 1701 4752 quibusdam
1723 4681 1973 4747 habetur,
2004 4689 2060 4738 et

467 4747 629 4806 male.
661 4748 800 4817 Quid
834 4748 977 4821 enim
1016 4747 1265 4818 referret,
1311 4747 1451 4806 illa?
1480 4750 1772 4821 Dionysius
1814 4752 1884 4806 ita
1928 4753 2055 4808 red-

466 4822 547 4878 dit
575 4830 632 4876 et
673 4820 903 4876 elucidat
943 4839 956 4873 :
997 4823 1062 4876 In
1112 4822 1204 4876 illo
1252 4838 1392 4886 vero,
1448 4820 1633 4891 utpote
1654 4837 1745 4877 esu
1773 4824 2056 4880 noxiorum

466 4894 700 4977 ciborum
723 4895 936 4977 animis,
966 4908 1059 4977 seu
1098 4894 1355 4977 pitiorum
1387 4895 1742 4964 perceptione,
1778 4898 1857 4950 est
1876 4897 2055 4965 primo

460 4966 762 5035 perniciosa
795 4966 1063 5019 devoratio
1084 4966 1349 5032 fratrum.

467 5107 490 5116 __
536 5022 564 5066 ά
598 5035 1390 5116 ΙμξρριιιδεᾷΑΡςονεζιιτχΧ.ε
1418 5034 1706 5116 Mihine:
1726 5037 2052 5116 καταλαλεῑςν,

466 5107 552 5183 ἵνᾳ
579 5103 650 5183 μὴ
677 5103 994 5183 ἐξαρθῇεξΕι
1019 5105 1093 5183 ita
1134 5107 1267 5183 citat
1295 5107 1457 5183 etiam
1492 5103 1968 5183 1).Ἠίθι·οιιγιιιιιε
1998 5110 2053 5166 in

464 5176 696 5253 epistola
728 5176 796 5231 ad
828 5176 1137 5232 'Celantiam
1164 5180 1377 5253 (Epist.
1430 5182 1563 5253 ιιι)ε
1604 5188 1661 5253 et
1716 5176 1974 5253 Apologia
2021 5189 2052 5238 3

460 5247 543 5320 in;
571 5247 867 5314 Rufinum;
900 5263 994 5317 pro
1035 5261 1145 5317 quo
1186 5247 1397 5320 vulgata
1428 5249 1601 5313 versio
1648 5247 1815 5307 habet
1863 5247 2054 5309 z'NoIi

2171 4262 2430 4328 digerere,
2461 4262 2561 4312 αιιί
2584 4272 2806 4312 οοτηεεοε
2830 4273 3020 4325 magno
3042 4262 3229 4328 partos
3257 4260 3308 4311 et
3326 4257 3567 4325 perditos
3592 4257 3783 4314 labore

2171 4332 2442 4386 doleamus
2473 4347 2489 4382 :
2519 4329 2739 4391 olerum,
2762 4328 3065 4398 pombrum,
3096 4344 3159 4382 ac
3192 4328 3515 4396 leguminum
3551 4332 3603 4382 et
3620 4329 3783 4394 faci-

2171 4402 2277 4473 lior
2301 4403 2602 4473 apparatus
2628 4403 2727 4462 est,
2750 4404 2800 4454 et
2819 4403 2938 4454 arte
2962 4399 3351 4473 impendiisque
3369 4414 3648 4473 cognoram
3669 4416 3787 4456 non

2170 4471 2400 4539 indiget,
2431 4474 2483 4524 et
2520 4471 2634 4525 sine
2657 4485 2788 4525 cura
2816 4474 3081 4525 sustentat
3102 4471 3396 4524 humanum
3418 4485 3624 4539 corpus,
3660 4487 3785 4527 mo-

2090 4545 2139 4607 D
2170 4543 2459 4610 derateque
2485 4545 2731 4611 sumptus
2775 4542 2966 4596 leviori
2990 4542 3289 4611 digestione
3312 4542 3691 4611 concoquitur;
3725 4551 3787 4598 et

2168 4611 2308 4667 infra
2335 4629 2348 4665 :
2375 4612 2639 4681 Epicurus
2664 4612 2958 4682 voluptatis
2994 4617 3229 4668 assertor
3259 4627 3432 4666 omnes
3455 4627 3577 4666 suos
3606 4613 3786 4669 libros

2166 4685 2393 4754 replevit
2432 4683 2664 4738 oleribus
2692 4687 2743 4738 et
2774 4686 2972 4753 pomis,
3014 4688 3066 4739 et
3091 4684 3294 4738 vilibus
3328 4683 3463 4737 cibis
3496 4683 3633 4738 dicit
3663 4699 3788 4741 esse

2165 4754 2468 4817 vivendum,
2498 4757 2631 4824 quia
2650 4770 2832 4809 carnes
2850 4759 2902 4809 et
2916 4757 3202 4825 exquisita:
3224 4755 3396 4824 epqu
3416 4756 3621 4825 ingenti
3636 4770 3791 4810 cura

2164 4843 2226 4898 ac
2252 4827 2475 4898 miseria
2492 4830 2893 4898 praeparentur.
2916 4825 3052 4882 Vide
3075 4828 3144 4881 D.
3177 4827 3402 4880 Bernar.
3428 4826 3482 4879 in
3505 4825 3791 4898 Apologia

2164 4897 2233 4953 ad
2258 4895 2615 4954 Guilielmum
2636 4895 2904 4952 abbatem.

2234 4970 2261 5009 8
2283 4971 2417 5023 Tres
2443 4975 2660 5022 tantum
2688 4967 2893 5037 species
2925 4966 3069 5039 gula:
3095 4965 3184 5020 hic
3211 4974 3264 5022 et
3287 4966 3410 5022 alibi
3449 4968 3626 5038 (Vide
3653 4966 3784 5025 Col.

2176 5044 2207 5093 5
2230 5056 2275 5094 c.
2313 5044 2407 5105 tt)
2444 5046 2686 5094 recenset
2715 5037 2958 5093 Auctor}
2988 5037 3057 5093 ad
3083 5052 3217 5108 quas
3254 5046 3438 5092 tamen
3462 5037 3605 5095 alia:
3643 5040 3792 5097 duae

2167 5110 2421 5180 superius
2453 5111 2602 5181 (Cap.
2642 5114 2710 5164 20
2735 5109 2896 5181 hujus
2927 5108 3359 5181 lib.)recensitae
3392 5108 3552 5164 facile
3582 5110 3790 5167 reduci

2163 5190 2391 5253 possunt
2442 5196 2570 5235 nam
2622 5180 2786 5235 :‘sub
2833 5180 3034 5253 ventris
3083 5180 3441 5253 ingluvie,_e_t
3481 5181 3791 5253 saturitate

2161 5251 2515 5308 continentur
2573 5266 2825 5307 excessus
2870 5251 2926 5306 in
2972 5252 3273 5322 quantitate
3318 5251 3447 5318 cibi,
3504 5258 3560 5307 et
3598 5252 3792 5308 modo

461 5318 1097 5404 diligere_somnum,_ne‘
1118 5318 1321 5404 egestas
1350 5325 1399 5375 te
1426 5322 1718 5389 opprimat.
1807 5394 1840 5404 _
1876 5391 1891 5404 τ
2041 5400 2051 5404 _
2160 5324 2352 5404 edendi
2398 5345 2409 5380 :
2451 5331 2505 5378 et
2532 5323 2635 5404 sub
2663 5322 2818 5404 tertia
2851 5318 3025 5404 specie
3056 5321 3431 5404 hicuexpressa
3476 5324 3793 5379 continen-

528 5392 553 5421 °
599 5388 730 5466 Aliis
774 5389 950 5466 verbis
980 5389 1383 5466 Ecclesiasticus
1432 5388 1551 5459 cap.
1586 5405 1715 5446 xxx
1757 5408 1770 5445 :
1802 5391 1955 5466 Zelus
1975 5400 2051 5466 get
2160 5402 2251 5466 tur
2276 5409 2527 5451 excessus
2549 5394 2604 5448 in
2631 5388 2934 5466 substantia
2958 5403 3013 5449 et
3036 5388 3292 5466 qualitate
3315 5393 3586 5449 ciborum.

461 5460 743 5516 iracundia
754 5461 1154 5521 minuuntdies,
1173 5466 1224 5515 et
1236 5466 1360 5516 ante
1376 5466 1581 5531 tempus
1597 5466 1861 5516 senectam
1877 5463 2052 5519 addu-
2231 5459 2257 5496 ¹¹
2279 5466 2635 5530 Canonicam,
2664 5464 2719 5520 id
2745 5474 2827 5520 est
2856 5459 3189 5529 regularem,
3220 5474 3441 5529 statam,
3472 5474 3527 5521 et
3572 5480 3603 5518 a
3644 5479 3797 5522 ma-

459 5536 538 5587 cet
561 5533 841 5601 cogitatus.
867 5533 977 5587 Cur
1015 5540 1196 5585 autem
1247 5532 1539 5587 iracundus
1582 5534 1770 5599 stulto,
1821 5541 1877 5588 et
1907 5534 2044 5588 invi-
2162 5535 2369 5591 'oribus
2406 5537 2732 5592 institutam.
2781 5536 3040 5606 Superius
3069 5535 3204 5591 dixit
3248 5555 3261 5591 :
3314 5534 3438 5591 ante
3478 5537 3799 5592 stationem

459 5601 564 5658 dus
597 5603 842 5660 narvulo.
884 5610 1250 5660 comparetur.
1290 5603 1482 5658 eodem
1521 5600 1635 5658 fere
1673 5602 1840 5660 modo
1872 5605 2048 5660 exnli-
2151 5552 2455 5660 legitimam
2487 5607 2503 5660 (
2520 5609 2646 5660 Cap.
2680 5613 2749 5660 20
2769 5613 2804 5660 ι.
2840 5609 2909 5660 Et
2939 5604 3075 5660 infra
3106 5608 3405 5660 leaitimum
3428 5613 3639 5660 temnus
3681 5609 3798 5660 ab-

459 5601 564 5658 dus
582 5600 842 5679 parvulo,
884 5603 1482 5679 comparetur,_eodem
1521 5600 1635 5658 fere
1673 5602 1840 5660 modo
1872 5605 2048 5677 expli-
2151 5600 2455 5675 legitimam
2487 5607 2646 5679 (Cap.
2680 5613 2804 5677 20).
2840 5600 2909 5679 Et
2939 5604 3075 5679 infra
3106 5608 3405 5676 legitimum
3428 5613 3639 5678 tempus
3681 5609 3798 5663 ab-

459 5681 550 5761 eat
685 5673 981 5761 Cregorius
1008 5673 1166 5761 (tib;
1190 5672 1445 5761 vnllioral.
1485 5679 1702 5761 c233)...
1824 5749 1835 5759 .
1900 5749 1915 5761 ‘
1942 5672 1958 5677 “
1987 5751 1998 5761 ι
2151 5672 2460 5761 solutionis,-
2492 5672 2683 5761 nempe
2716 5672 3019 5761 a'jejunio.‘
3040 5681 3105 5734 Et
3136 5672 3326 5761 rursus
3362 5694 3481 5761 cap.
3508 5672 3624 5761 _‘24:
3676 5681 3799 5761 Us-

530 5737 550 5775 ¹
575 5745 663 5822 S_ic
684 5737 847 5822 etiam
889 5737 1079 5822 monet
1116 5745 1188 5822 D.
1217 5745 1447 5822 Basilius
1477 5763 1490 5799 :
1523 5737 1778 5822 Omnibus
1811 5749 1869 5801 in
1895 5749 2042 5812 locis,
2155 5766 2256 5819 que
2282 5750 2358 5805 ad
2383 5737 2747 5821 pfwstitutam
2759 5737 2972 5822 ieiunii
2998 5751 3206 5813 horam,
3232 5737 3542 5818 refectibnis
3566 5751 3800 5821 regula

460 5815 728 5888 inquiens,
767 5817 931 5880 cibus,
976 5819 1075 5888 qui
1097 5818 1173 5871 sit
1194 5815 1268 5870 ad
1307 5817 1478 5872 vitam
1500 5821 1830 5874 necessarius
1864 5821 2050 5874 solerti
2155 5815 2482 5879 servaretur.

456 5891 663 5946 ratione
708 5888 1090 5960 inquirendas;
1148 5888 1707 5962 condimentorumque
1763 5890 2049 5949 elaborata
