3996 6198
379 297 485 352 247
684 338 711 349 -
1280 339 1283 343 «
1716 294 1999 353 JOANNIS
2035 294 2318 353 CASSIAN
2326 297 2342 354 ι
3581 302 3690 359 248

378 436 525 478 sum.
570 424 592 448 ⁸
635 420 837 478 Oleum
886 421 1055 479 etiam
1092 420 1405 479 benedicere
1436 436 1500 478 ac
1542 420 1972 494 supplicantibus
1998 426 2051 489 Α
2081 437 2144 479 ac
2163 420 2500 495 spiritalibus
2515 420 2837 495 disputaret,
2861 436 3066 495 eosque
3082 421 3285 480 videret
3302 421 3543 482 elethaeo
3560 441 3695 499 quo-

378 512 532 586 dare,
560 513 708 587 quod
733 529 847 586 prae
863 515 1124 572 omnibus
1149 514 1486 583 exsecrabar,
1516 523 1706 588 utpote
1730 516 1981 587 iudicans
2087 509 2217 567 dam
2238 526 2435 583 sopore
2453 509 2718 584 demergi,
2739 525 2845 567 nec
2865 525 3026 584 posse
3044 510 3114 567 ab
3139 508 3315 567 oculis
3330 512 3446 568 suis
3475 512 3698 584 pondus

381 606 521 664 illud
562 623 624 664 ex
661 623 861 681 magna
897 607 1082 664 cordis
1125 608 1558 680 pmsumptione
1618 608 1979 679 descendere,
2089 605 2269 661 somni
2289 605 2582 678 depellere;
2604 604 2841 661 otiosam
2859 612 3083 678 repente
3106 602 3346 661 fabulam
3366 607 3693 666 introduxit.

381 702 846 759 circumdantibus
873 716 963 759 me
994 709 1215 774 repente
1255 702 1603 760 saecularibus
1641 704 1827 760 multis
1842 747 1858 773 ,
1906 705 1983 761 ita
2090 695 2179 754 Ad
2200 696 2357 769 cujus
2374 695 2794 754 oblectationem
2815 712 2944 754 cum
2968 712 3065 754 eos
3084 696 3362 771 evigilasse
3376 698 3699 772 confestim,

385 797 718 852 contrictus
748 811 900 864 sum,
954 803 1016 851 ut
1052 795 1213 852 aliter
1255 811 1352 853 eos
1397 796 1709 853 nullatenus
1755 797 1986 855 evadere
2093 797 2302 847 eredas
2333 804 2495 847 aures
2523 804 2650 848 snas
2668 790 2872 873 habere
2902 790 3157 861 vidisset,
3194 791 3558 864 ingemiscens
3580 796 3696 853 ait:

385 902 632 958 possem,
661 888 762 945 nisi
802 906 833 946 a
859 905 953 946 me
975 904 1193 947 summa
1216 892 1268 947 vi
1304 900 1357 947 et
1385 890 1849 949 obtestationibus
1889 908 1985 949 ex-
2093 883 2257 939 ΝυΠο
2278 897 2447 954 usque
2475 882 2544 940 de
2568 882 2732 940 ΐεδυε
2758 883 3073 940 mimihi“
3099 883 3485 956 loquebamur.
3508 895 3565 943 θῑ
3585 903 3684 944 0m

384 982 704 1051 tor-sissent,
745 990 808 1039 ut
834 983 1019 1041 oblato
1047 985 1116 1041 ab
1157 985 1238 1042 eis
1268 986 1490 1041 vasculo
1541 1001 1769 1043 manum
1804 1001 1987 1042 meam
2094 976 2249 1034 nium
2277 983 2523 1033 vestrum
2549 976 2693 1033 oculi
2729 976 2911 1033 lethali
2942 977 3279 1035 dormitione
3307 976 3699 1049 deprimeban-

386 1072 656 1146 impresso
701 1077 880 1134 crucis
909 1078 1189 1148 signaculo
1226 1094 1645 1151 superponerem
1666 1086 1688 1135 ἐ
1715 1079 1901 1165 itaun
1928 1094 1989 1136 se

384 1165 673 1224 credentes
716 1168 1118 1227 benedictionis
1148 1170 1332 1228 oleum
1375 1180 1731 1241 consecutos,
1767 1171 1990 1229 tandem

386 1274 479 1316 me
527 1261 824 1333 aliquando
873 1263 1208 1322 relaxarunt.
1258 1263 1471 1335 Quibus
1521 1264 1655 1321 mihi
1698 1264 1988 1322 manifeste

389 1363 738 1426 compertum
763 1363 877 1422 est,
930 1356 1125 1414 iisdem
1169 1357 1354 1413 causis
1385 1371 1449 1414 ac
1476 1356 1627 1414 vitiis
1654 1357 1989 1414 monachum

390 1444 653 1518 obligari,
684 1448 741 1504 in
779 1448 977 1520 quibus
1015 1448 1083 1505 de
1111 1450 1235 1506 aliis
1260 1448 1508 1522 judicare
1554 1449 1986 1523 prmsumpserit.

392 1530 419 1570 δ
447 1540 681 1613 Oportet
708 1556 838 1614 ergo
877 1556 1326 1614 unumquemque
1362 1542 1721 1614 semetipsum
1744 1541 1991 1615 judicare

384 1634 804 1705 tantummodo,
832 1645 886 1694 et
913 1638 1306 1710 circumspecte
1327 1645 1599 1709 cauteque
1624 1636 1903 1696 custodire
1932 1638 1991 1694 in

395 1729 679 1798 omnibus,
700 1746 813 1787 non
835 1732 1071 1788 aliorum
1101 1731 1577 1787 conversationem
1598 1730 1874 1802 vitamque
1893 1729 1998 1787 dis-

393 1827 609 1886 cutere',
647 1821 948 1878 secundum
990 1822 1128 1879 illud
1174 1823 1428 1894 Apostoli
1470 1831 1805 1895 pmceptum
1854 1842 1868 1878 :
1915 1826 1995 1879 Tu
2028 1835 2079 1898 Β

391 1916 593 1977 autem,
623 1914 759 1983 quid
775 1913 999 1983 judicas
1032 1917 1265 1985 fratrem
1293 1917 1489 1971 tuum?
1504 1931 1598 1971 suo
1616 1917 1842 1972 Domino
1859 1919 1991 1981 stat,

395 2010 495 2062 aut
516 2007 666 2063 cadit
693 2007 860 2078 (Rom.
893 2008 1141 2080 xw).Et
1164 2007 1297 2065 illud
1337 2027 1353 2064 :
1396 2009 1576 2066 Nolite
1606 2008 1893 2079 judicare,
1931 2012 1995 2064 ut

392 2113 503 2157 non
520 2098 859 2167 judicemini.
887 2103 950 2156 In
976 2116 1085 2170 quo
1121 2103 1262 2156 enim
1280 2100 1495 2170 judicio
1509 2100 1891 2170 judicaveritis
1908 2102 1998 2172 ju-

396 2194 719 2251 dicabimini
743 2194 966 2262 (Matth.
991 2196 1121 2263 vn).
1148 2195 1357 2250 Prmter
1391 2193 1534 2251 hanc
1559 2193 1709 2250 enim
1731 2206 1899 2267 quam
1921 2193 2002 2251 di-

399 2274 582 2342 ximus
608 2301 863 2356 causam,
890 2287 1057 2343 etiam
1097 2287 1171 2343 ob
1198 2286 1306 2344 hoc
1333 2286 1584 2361 judicare
1609 2287 1679 2345 de
1703 2288 1825 2345 aliis
1851 2288 2001 2360 peri-

401 2377 657 2434 culosum
686 2385 798 2447 est,
824 2378 974 2451 quod
1017 2379 1325 2453 ignorantes
1354 2380 1438 2437 vel
1459 2380 1838 2437 necessitatem
1863 2423 1879 2451 ,
1917 2381 2001 2438 vel

308 2456 335 2465 ’
403 2471 678 2528 rationem
698 2488 804 2545 qua
825 2472 901 2529 illi
921 2473 1040 2531 hac
1058 2474 1116 2529 in
1135 2474 1332 2546 quibus
1356 2472 1708 2542 offendimur,
1731 2483 1831 2531 aut
1857 2482 2002 2532 recte

402 2580 592 2621 coram
622 2568 758 2632 Deo,
787 2575 884 2623 aut
908 2567 1189 2624 venialiter
1210 2576 1407 2641 agunt,
1441 2567 1754 2624 invenimur
1793 2583 1889 2625 eos
1923 2576 2003 2625 te-

405 2672 555 2714 mere
576 2658 870 2730 judicasse,
901 2667 956 2715 et
980 2675 1078 2732 per
1104 2659 1210 2716 hoc
1228 2659 1576 2717 admittimus
1599 2675 1713 2716 non
1738 2659 1855 2716 leve
1875 2676 2003 2732 pec-

402 2759 589 2807 catum
608 2792 624 2816 ,
654 2766 813 2808 secus
842 2767 1010 2824 quam
1043 2760 1260 2826 oportet
1285 2753 1353 2810 de
1382 2751 1654 2811 fratribus
1676 2753 1879 2811 nostris
1901 2753 2005 2810 ali-

405 2842 536 2915 quid
581 2846 897 2903 sentientes.

957 2956 1201 3016 CAPUT
1251 2958 1469 3014 XXXI.

405 3042 710 3130 In‘crepatio
736 3058 974 3128 ejusdem
1000 3063 1159 3120 senis,
1185 3076 1304 3114 cum
1328 3062 1534 3126 fratres
1562 3062 1702 3114 inter
1729 3062 2006 3130 spiritales

478 3129 794 3201 Collatiam
821 3130 1188 3192 dormitantes,
1214 3130 1288 3185 ad
1310 3133 1680 3187 narrationem
1702 3129 1884 3187 otiosae
1908 3134 2007 3201 fa-
2046 3146 2049 3149 ί

477 3199 617 3254 bulas
642 3200 865 3255 vidisset
904 3203 1321 3270 empergefactos.

2094 1080 2220 1141 tur;
2251 1079 2308 1128 at
2329 1086 2459 1128 cum
2486 1071 2666 1129 otiosa
2693 1070 2876 1129 fabula
2904 1071 3222 1129 intromissa
3264 1080 3367 1143 est,
3398 1088 3592 1132 omnes
3616 1090 3705 1132 ex-

2095 1162 2394 1238 pergefacti
2434 1172 2717 1238 torporem
2745 1165 2927 1222 somni
2954 1164 3302 1223 dominantis
3334 1169 3699 1225 excussimus.

2095 1257 2192 1315 Vel
2229 1273 2295 1315 ex
2322 1257 2428 1314 hoc
2454 1273 2585 1332 ergo
2609 1259 2955 1330 perpendite,
2987 1259 3240 1332 quisnam
3269 1260 3596 1319 Collationis
3621 1261 3700 1319 il-

2097 1354 2205 1411 lius
2241 1353 2497 1427 spiritalis
2526 1353 2690 1412 fuerit
2717 1354 3084 1429 impugnator,
3120 1363 3218 1412 aut
3251 1356 3375 1428 quis
3417 1354 3578 1429 hujus
3607 1356 3701 1413 in-

2096 1447 2399 1508 fructuosae
2436 1455 2600 1523 atque
2636 1449 2868 1506 carnalis
2899 1448 3202 1507 insinuator
3235 1448 3452 1506 existat.
3482 1449 3578 1506 Ille
3614 1458 3698 1508 et-

2060 1576 2067 1581 σ
2097 1541 2245 1600 enim
2274 1558 2395 1600 esse
2433 1541 2875 1600 manifestissime
2909 1539 3355 1616 deprehenditur,
3405 1543 3499 1614 qui
3537 1543 3706 1600 malis

2099 1635 2412 1711 adgaudens
2433 1678 2450 1706 ,
2501 1637 2585 1695 vel
2615 1636 2777 1694 istam
2816 1635 3026 1707 fovere,
3073 1635 3154 1692 vel
3198 1635 3351 1692 illam
3385 1634 3706 1710 impugnare

2101 1744 2213 1786 non
2266 1728 2487 1787 desinit.
3191 1718 3201 1723 ’

2623 1822 2868 1879 CAPUT
2904 1821 3157 1877 XXXII.

2208 1921 2283 1974 De
2316 1917 2588 1986 epistolis,
2613 1917 2943 1986 priusquam
2975 1914 3297 1983 legerentur,
3343 1917 3589 1970 incensis.

2172 2011 2286 2065 Nec
2308 2009 2492 2065 minus
2519 2022 2735 2081 quoque
2760 2007 2866 2063 hoc
2888 2021 3029 2079 opus
3051 2004 3238 2063 fratris
3260 2021 3388 2078 erga
3412 2006 3704 2078 puritatem

2106 2102 2190 2159 sui
2211 2101 2391 2158 cordis
2417 2099 2611 2157 intenti
2630 2142 2647 2170 ,
2675 2108 2729 2157 et
2757 2115 2884 2175 erga
2920 2098 3442 2173 contemplationem
3466 2098 3710 2157 divinam

2106 2195 2264 2253 valde
2289 2194 3001 2271 solliciti,'commemorare
3014 2193 3386 2250 necessarium
3408 2208 3562 2262 reor;
3590 2191 3711 2266 qui,

2106 2304 2236 2346 cum
2262 2290 2313 2346 ei
2343 2297 2469 2362 post
2493 2304 2672 2345 annos
2702 2287 3017 2361 quindecim
3052 2287 3221 2360 patris
3243 2304 3309 2345 ac
3344 2287 3538 2344 matris
3566 2286 3714 2342 ami-

2107 2396 2407 2453 corumque
2433 2381 2740 2439 multorum
2761 2369 2791 2414 δ
2818 2381 2887 2438 de
2909 2380 3184 2454 provincia
3209 2382 3374 2438 Ponti
3399 2379 3721 2453 complures

2108 2474 2354 2547 epistolae
2387 2474 2582 2532 delata
2603 2472 2863 2543 fuissent,
2888 2474 3156 2547 accipiens
3182 2473 3443 2548 grandem
3472 2472 3716 2530 fascicu-

2107 2566 2225 2623 lum
2251 2567 2558 2624 litterarum
2582 2609 2598 2637 ,
2625 2567 2827 2641 diuque
2852 2568 2999 2641 apud
3025 2568 3414 2641 semeptipsum
3447 2567 3713 2636 volvens,

2112 2661 2486 2731 Quantarum,
2534 2662 2748 2735 inquit,
2789 2662 3186 2735 cogitationum
3237 2677 3401 2718 causa
3432 2662 3538 2719 erit
3577 2658 3715 2718 mihi

2110 2755 2307 2811 harum
2331 2754 2513 2825 lectio,
2541 2770 2668 2827 quae
2693 2771 2786 2825 me
2816 2756 2901 2812 vel
2923 2755 2993 2813 ad
3032 2757 3198 2813 inane
3221 2755 3509 2828 gaudium,
3542 2754 3624 2810 vel
3647 2754 3718 2811 ad

2110 2847 2362 2905 tristitiae
2383 2846 2755 2905 infructuosas
2775 2848 3084 2921 impellent!
3114 2850 3264 2919 Quot
3302 2847 3494 2905 diebus
3514 2847 3716 2905 horum

2112 2941 2490 2999 recordatione
2526 2941 2625 3014 qui
2661 2941 3030 3015 scripserunt,
3070 2941 3435 2998 intentionem
3480 2940 3719 3013 pectoris

2112 3034 2222 3092 mei
2257 3051 2290 3091 a
2339 3034 2619 3107 proposita
2665 3036 3133 3109 contemplatione
3177 3034 3540 3092 revocabunt!
3587 3037 3720 3091 Post

2113 3138 2379 3201 quantum
2400 3130 2666 3203 temporis
2688 3129 2962 3204 dirigenda
2985 3139 3069 3188 est
3087 3130 3207 3187 haec
3231 3129 3434 3186 mentis
3455 3134 3719 3200 concepta

2038 3210 2084 3274 C
2114 3220 2380 3291 confusio,
2416 3230 2730 3295 quantoque
2756 3223 2940 3280 labore
2966 3237 3155 3280 rursus
3183 3221 3287 3279 iste
3314 3219 3721 3293 tranquillitatis

476 3309 586 3363 Hic
626 3307 772 3364 idem
808 3322 974 3363 senex
1017 3307 1322 3365 otiosarum
1369 3306 1687 3366 fabularum
1725 3307 2009 3367 diabolum
2116 3314 2452 3387 reparandus
2493 3324 2577 3373 est
2609 3323 2820 3385 status,
2859 3316 2905 3373 si
2940 3316 3109 3374 semel
3147 3315 3368 3395 animus
3411 3314 3717 3370 litterarum

258 3418 283 3433 -
331 3444 341 3452 .
409 3414 529 3457 esse
566 3398 872 3469 fautorem,
920 3416 986 3457 ac
1031 3401 1368 3474 spiritalium
1414 3402 1778 3460 collationum
1824 3403 2011 3476 impu-

416 3500 711 3564 gnatorem
759 3510 976 3566 semper
1014 3496 1243 3553 existere
1262 3538 1278 3565 ,
1324 3496 1412 3553 his
1453 3496 1745 3554 declaravit
1770 3497 2009 3555 indiciis.

2118 3417 2396 3481 permotus
2424 3407 2625 3468 affectu
2641 3451 2658 3480 ,
2698 3425 3006 3483 eorumque
3051 3408 3388 3467 recensendo
3434 3422 3720 3465 sermones

2115 3516 2179 3558 ac
2200 3501 2407 3571 vultus,
2428 3516 2569 3575 quos
2604 3511 2758 3559 tanto
2781 3510 3032 3575 tempore
3058 3502 3363 3576 dereliquit,
3390 3503 3592 3559 iterum
3617 3516 3719 3559 eos

412 3589 555 3643 Nam
587 3603 727 3658 cum
763 3587 1029 3665 fratribus
1055 3590 1388 3662 quibusdam
1416 3590 1485 3647 de
1506 3593 1671 3649 rebus
1696 3593 2014 3650 necessariis
2052 3634 2058 3639 -
2120 3594 2391 3663 revisere,
2437 3595 2675 3668 ipsisque
2710 3596 3060 3666 cohabitare,
3097 3604 3156 3654 et
3193 3598 3381 3654 animo
3424 3611 3488 3653 ac
3526 3603 3721 3653 mente

1492 3753 1757 3812 ALARDI
1796 3756 2026 3812 ΕΑΖᾸΞΙ
2065 3756 2637 3814 COMMENTARIUS.

408 3897 563 3956 ronis
592 3905 786 3957 octava
811 3897 1113 4029 colligitur;
1146 3900 1338 3959 Graece
1378 3902 1549 3974 σάγος.
1586 3904 1752 3976 Apud
1793 3907 2013 3963 Cassia-
2119 3907 2190 3961 Et
2219 3907 2291 3961 D.
2323 3906 2527 3963 Hieron

408 3986 544 4025 num
591 3986 717 4027 vero
752 3979 807 4028 et
833 3987 937 4029 anu
1019 3973 1319 4029 monachos
1345 3972 1468 4029 illos
1496 3983 1611 4029 erat
1658 3990 1831 4029 genus
1867 3985 2013 4029 stra-
2119 3976 2527 4029 dum.inauit.n

407 3986 544 4043 num
591 3986 717 4027 vero
752 3979 807 4028 et
833 3987 937 4043 apu

2528 3921 2693 3978 ymus
2715 3906 2808 3963 lib.
2840 3913 2864 3963 ι
2898 3906 3159 3965 adversus
3194 3907 3493 3964 Ruﬁnum:
3523 3907 3725 3964 Biben-

1019 3973 1319 4049 monachos
1345 3972 1468 4031 illos
1496 3983 1611 4030 erat
1637 3972 1831 4049 genus
1867 3985 2013 4033 stra-
2119 3977 2269 4049 dum,
2291 3972 2642 4049 inquit,mihi
2652 3983 2772 4034 erat
2793 3979 2860 4035 de
2879 3981 3089 4035 Lethaeo
3107 3981 3342 4049 gurgite,
3358 3979 3531 4048 jua-ta
3548 3978 3720 4049 fabu-

407 4041 552 4131 βψς
568 4041 1124 4131 ᾲνβεῑξξλγλθιξρξξιιιὶυω
1147 4043 1422 4131 νξιιρευᾳι,
1442 4061 1552 4118 quo
1574 4041 2014 4131 subindeeegro:
2119 4048 2203 4103 las
2225 4041 2544 4119 poetarum;
2570 4066 2872 4131 nearguar
2893 4053 3032 4106 scire
3051 4041 3415 4131 qdoddidiéi.
3450 4041 3720 4131 Lethaeus

406 4121 589 4203 tantes
628 4122 847 4203 praeter"
865 4114 1107 4203 sclitum.
1139 4114 1477 4203 utebantur;
1506 4118 1656 4203 velut
1684 4114 1917 4203 coacti
1954 4126 2014 4203 ut
2116 4114 2249 4191 ergo
2278 4134 2445 4203 sopor
2473 4114 2689 4203 proprie
2711 4114 2909 4177 dicitur
2935 4114 3215 4203 gravis,_et
3227 4119 3537 4203 profundus
3561 4133 3689 4203 so‘m
3709 4147 3733 4161 -

407 4182 495 4259 hic
518 4182 780 4259 innititur.
813 4186 1014 4259 Sagum
1034 4186 1205 4243 etiam
1230 4185 1502 4245 rusticum
1522 4188 1795 4247 Hilarioni
1814 4189 2012 4246 tribuit
2117 4182 2243 4256 nus,
2276 4182 2368 4259 qui
2397 4198 2453 4246 et
2473 4182 2779 4247 'obliviosus
2801 4205 2920 4248 esse
2936 4182 3104 4247 solet.
3125 4182 3365 4248 'Vid'etur
3387 4198 3571 4245 tamen
3597 4194 3723 4246 Au-

407 4255 496 4328 ι).
525 4255 910 4328 ῌίετοῃγῐιιιιέ
934 4261 1092 4325 (Vita
1129 4259 1475 4326 Hilarionis).
1684 4320 1690 4324 ,

480 4326 506 4355 ³
543 4326 629 4406 ΡΘ
657 4326 780 4381 01θό
797 4394 809 4406 _
826 4328 1135 4406 anpatribus
1161 4328 1409 4406 benedici
1430 4370 1445 4397 ,
1468 4337 1536 4406 et
1577 4329 2005 4406 petentibus_ad

407 4396 749 4448 curationem
794 4396 1185 4453 inﬁrmitatum
1229 4397 1347 4452 dari
1401 4396 1824 4459 solito'dicetur
1870 4400 2006 4457 alias

408 4462 685 4563 (σῖιιαεᾳ
717 4479 762 4519 c.
791 4465 923 4591 262’.a
997 4535 1009 4547 .
1303 4538 1355 4550 Η
1835 4540 1848 4552 .
1963 4540 1977 4551 _

408 4533 866 4620 LMAngttmt‘tm”
925 4550 957 4591 c
994 4551 1057 4620 in
1079 4549 1141 4592 re
1167 4538 1546 4620 οοῃειιιᾳμηὲ.
1587 4539 2005 4620 Bern‘ardiscri-

406 4601 599 4658 Βθιηίέ
621 4604 680 4681 in
698 4604 932 4681 _Ca_ntica
971 4606 1190 4672 :Cave,
1222 4607 1414 4681 inquit
1460 4608 1646 4678 (Serm.
1687 4611 1774 4681 4),
1816 4611 2007 4666 aliena:

408 4677 823 4750 conuersationis
842 4690 970 4750 esse,
992 4682 1091 4733 aut
1107 4677 1346 4734 curiosus
1364 4681 1695 4750 explorator,
1726 4677 1823 4736 aut
1847 4685 2009 4737 teme-

407 4740 1054 4823 rariusjudem._Et_iamsi
1062 4764 1347 4821 perperam
1367 4740 1547 4806 actum
1568 4740 1704 4820 quid
1717 4752 2008 4823 deprehen-
2032 4740 2083 4803 D

410 4817 531 4893 das,
570 4835 665 4875 nec
691 4822 768 4875 sic
780 4819 992 4890 judices
1004 4817 1320 4892 promimum
1341 4842 1358 4877 :
1383 4824 1561 4893 magis
1575 4817 1761 4878 autem
1780 4817 2000 4881 emulsa.

407 4891 625 4966 Emcusa
652 4891 1025 4966 intentionem,
1044 4895 1096 4949 si
1119 4908 1252 4964 opus
1271 4909 1377 4950 non
1394 4891 1572 4966 potes;
1594 4899 1732 4965 puta
1755 4897 2007 4965 ignoran-

407 4963 563 5036 tiam,
579 4968 720 5036 puta
742 4963 1156 5036 subreptionem,
1165 4969 1306 5036 puta
1328 4963 1525 5021 casum.
1553 4963 1706 5035 Quod
1731 4963 2004 5023 simnnem

404 5030 887 5089 dissimulationem
896 5030 996 5090 ’rei
1014 5030 1277 5092 certitudo
1298 5041 1529 5100 recusat,
1550 5030 1719 5094 suade
1735 5039 2006 5093 nihilomi-

404 5115 508 5155 nus
530 5104 645 5171 ipse
670 5104 804 5167 tibi,
839 5110 891 5159 et
916 5107 1079 5162 dicito
1110 5125 1143 5162 a
1186 5108 1262 5163 ad
1299 5111 1634 5179 temetipsum
1661 5129 1679 5165 :
1714 5112 2002 5166 Vehemens

404 5172 519 5232 fuit
543 5175 710 5228 nimis
736 5178 990 5232 tentatio:
1016 5124 1184 5232 quidp
1175 5179 1242 5232 de
1264 5194 1348 5232 me
1376 5181 1477 5232 illa
1507 5182 1735 5232 fecisset.
1766 5183 1817 5232 si
1834 5183 1893 5232 in
1919 5196 2002 5232 me

403 5172 519 5238 fuit
543 5175 710 5247 nimis
736 5178 990 5247 tentatio;
1016 5172 1163 5246 quid
1175 5179 1242 5233 de
1264 5194 1348 5235 me
1376 5172 1493 5234 illa.
1504 5182 1735 5247 fecisset,
1766 5183 1817 5236 si
1834 5183 1893 5235 in
1919 5196 2003 5236 me

403 5246 692 5312 accepisset
717 5246 970 5302 similiter
990 5252 1353 5317 potestatem?
1382 5246 1522 5307 Vide
1532 5254 1786 5307 Joannem
1807 5252 2004 5308 Clima-

403 5327 523 5366 cum
559 5315 740 5371 gradu
772 5320 858 5371 l0.

402 5327 523 5366 cum
559 5327 740 5382 graau
772 5327 858 5371 10.
1832 5377 1837 5383 .

476 5392 497 5465 f
524 5384 783 5465 Isthmus
809 5401 997 5465 sopor,
1030 5396 1137 5465 aut
1159 5404 1415 5465 somnus
1430 5392 1576 5465 apud
1606 5402 1794 5465 poetas
1830 5407 1950 5465 non
1969 5409 2002 5449 a

398 5451 551 5530 l_etho_
579 5455 800 5530 dicitur,
845 5451 926 5530 vel
954 5451 1169 5516 lethalis
1212 5468 1268 5516 et
1326 5451 1581 5530 lethiier;
1607 5451 1722 5520 'sed
1762 5477 1793 5518 a
1833 5463 2008 5520 Lethe

395 5523 625 5605 flumine
660 5525 940 5605 infcrnali,
986 5545 1096 5605 quo
1124 5530 1338 5605 lingunt
1359 5523 1645 5605 stuporem
1671 5541 1725 5589 et
1766 5532 2002 5604 profun-

397 5595 525 5680 dam
553 5615 738 5680 rerum
768 5595 1023 5680 omnium
1047 5595 1378 5661 oblivionem
1402 5595 1610 5662 in'duci.
1638 5608 1720 5663 De
1749 5595 1861 5677 quo
1889 5605 2003 5664 Vir-

392 5667 550 5740 gilius
578 5685 645 5727 vt
674 5670 886 5727 Eneid.
918 5688 933 5726 :
1472 5718 1473 5723 η

745 5792 927 5844 Lethaei
958 5791 1017 5843 ad
1049 5791 1266 5843 fluminis
1298 5793 1478 5843 undam

453 5855 663 5907 Securos
688 5854 869 5920 latices,
903 5858 953 5908 et
982 5855 1124 5923 longa
1145 5855 1320 5908 oblivia
1340 5858 1535 5922 potant.

2116 4266 2237 4315 ctor
2263 4275 2363 4331 pro
2391 4260 2877 4333 lethali-accipere,
2906 4277 3034 4333 cum
3077 4260 3307 4318 inferius
3343 4260 3488 4317 dicat
3519 4259 3724 4333 eodem

2110 4330 2277 4387 sensu
2297 4370 2314 4405 ε
2351 4338 2423 4405 et
2453 4330 3015 4405 verbissjfnonymis:
3056 4333 3250 4405 lethali
3271 4333 3592 4388 dormitione
3605 4332 3724 4405 _de-

2111 4401 2512 4475 mergebantur.
2537 4401 3035 4475 [etlialem'autem
3059 4403 3193 4460 dicit
3212 4419 3494 4475 soporem,
3516 4409 3571 4458 et
3588 4401 3723 4458 dor-

2112 4468 2482 4544 mitationem,
2503 4473 2584 4544 vel
2613 4473 2747 4544 quia
2771 4474 2940 4542 letho,
2965 4473 3018 4530 id
3044 4483 3147 4544 est,
3172 4468 3360 4543 morti,
3386 4475 3470 4531 vel
3485 4468 3721 4530 mortuo

2113 4539 2352 4596 similem
2380 4541 2541 4612 facit,
2561 4539 2719 4615 juita
2745 4544 2880 4602 illud
2909 4539 3077 4603 Persii
3106 4566 3118 4601 :

2204 4656 2358 4707 Stulte
2386 4658 2501 4723 quid
2536 4662 2611 4710 est
2640 4673 2844 4711 somnus
2862 4699 2876 4725 ,
2898 4660 3067 4726 gelidae
3098 4660 3191 4710 nisi
3223 4660 3399 4710 mortis
3426 4659 3624 4723 imago?

2111 4779 2196 4855 vel
2239 4783 2366 4854 quia
2395 4794 2636 4842 mortem
2663 4786 2865 4844 anima:
2893 4786 3094 4843 sensim
3130 4785 3376 4855 inducit,
3416 4783 3549 4841 dum
3590 4784 3725 4855 quis

2113 4851 2367 4933 salutaria
2415 4859 2635 4933 monita
2675 4859 2862 4933 audire
2904 4859 3245 4933 contemnit,
3287 4851 3609 4933 et'vauitati

2113 4922 2452 4982 indormiscit
2480 4949 2492 4985 :
2523 4930 2604 4984 De
2630 4944 2735 5000 qua
2763 4928 3091 5000 dormitione
3115 4928 3191 4983 ait
3211 4927 3441 5000 Sapiens
3470 4944 3487 4980 ³
3514 4929 3718 5000 Usque‘

2111 5011 2237 5080 quo:
2256 5000 2435 5068 piger,
2460 4999 2663 5080 dormis
2688 4999 2953 5080 (Prouerb.
2971 5000 3092 5071 Ix)?
3112 5002 3238 5080 EtA
3250 4999 3495 5080 postult-ns
3510 4999 3721 5080 Ephes.

2110 5080 2141 5119 ν
2162 5081 2174 5118 :
2197 5067 2271 5140 su
2278 5067 2389 5139 rge,
2409 5074 2510 5140 qui
2520 5071 2721 5126 dormis
2736 5090 2752 5137 ;
2768 5086 2995 5140 exsurge
3009 5067 3048 5125 α’
3060 5067 3308 5132 mortuis,
3323 5073 3375 5123 et
3389 5067 3727 5140 illuminabit

2110 5140 2162 5191 te
2192 5138 2472 5207 Christus;
2512 5150 2567 5197 et
2601 5141 2671 5198 ad
2701 5144 2868 5197 Rom.
2902 5138 3017 5197 xm
3045 5162 3057 5197 :
3101 5143 3247 5197 Hora
3284 5144 3363 5195 est
3379 5139 3503 5209 jam
3526 5153 3623 5195 nos
3651 5138 3724 5193 de

2108 5220 2292 5266 somno
2317 5226 2556 5282 surgere,
2588 5220 2693 5268 etc.
3480 5235 3484 5238 ~

2190 5267 2217 5310 δ
2243 5284 2449 5364 Pontus
2485 5299 2589 5364 pro
2612 5282 2748 5364 mari
2776 5288 2830 5338 et
2855 5297 2955 5364 pro
2981 5280 3531 5364 _regione.accipitur.
3568 5281 3723 5335 Pon-

2190 5300 2217 5310 ··
2243 5300 2449 5349 BONUS
2485 5300 2584 5409 pro
2612 5300 2748 5338 man
2776 5300 2830 5338 et
2855 5300 2955 5354 pro
3003 5300 3221 5355 regione
3246 5300 3531 5352 accipitur.
3569 5300 3723 5335 ron-

2109 5364 2200 5437 tus
2223 5353 2396 5437 regio,
2427 5370 2489 5437 ve
2550 5354 2707 5437 Ponti
2752 5354 3026 5437 provincia
3042 5360 3155 5437 ,“ut
3176 5352 3278 5437 hic
3311 5351 3726 5437 habeturz‘pars

2109 5435 2193 5484 est
2230 5424 2375 5481 Asiae
2412 5424 2640 5497 minoris
2662 5424 2817 5497 juxta
2854 5438 3029 5497 mare
3052 5424 3373 5497 Ponticum,
3402 5424 3513 5497 sive
3545 5424 3720 5497 Euxi-

2110 5511 2287 5564 num,
2333 5495 2523 5552 Asiam
2568 5491 2951 5623 Eurogamque
2977 5494 3390 5569 disterminans;
3429 5491 3725 5574 Cappado-

2110 5569 2250 5623 ciam
2277 5608 2292 5623 .
2326 5566 2675 5623 Armeniam.
2753 5565 3031 5622 olchidem
3053 5606 3070 5623 .
3118 5565 3365 5623 aliasaue
3401 5578 3724 5623 nrovnucias

2110 5569 2250 5624 ciam
2277 5608 2292 5636 ,
2326 5566 2675 5634 Armeniam,
2708 5565 3031 5623 Colchidem
3053 5606 3070 5634 ,
3118 5565 3365 5636 aliasque
3401 5565 3724 5636 provincias

2110 5583 2250 5624 ciam
2277 5608 2292 5636 ,
2326 5581 2675 5634 Armeniam,
2708 5581 3031 5623 uelcmuem
3053 5606 3070 5634 ,
3118 5581 3365 5690 altasque
3401 5581 3720 5636 pronucms

2110 5638 2786 5710 complectensg(Strabol.
2818 5651 2943 5710 vlt;
2969 5639 3221 5710 Ptolomc.
3289 5636 3360 5691 ib.
3391 5650 3426 5689 v
3451 5651 3495 5691 c.
3521 5634 3598 5705 6).
3632 5636 3720 5689 Ex

2110 5708 2289 5781 Ponto
2339 5708 2537 5781 prodiit
2577 5709 2828 5781 Marcion
2868 5708 3286 5781 haeresiarchas,
3318 5713 3511 5781 contra
3547 5718 3722 5776 quem

2111 5775 2914 5859 disputaturusTertulliayus,
2946 5780 3088 5859 hanc
3120 5780 3433 5859 regionem,
3462 5775 3581 5859 ejus
3624 5790 3727 5859 pa-

2102 5845 2275 5910 triam
2302 5852 2442 5908 mire
2466 5850 2709 5925 depingit
2737 5851 2879 5924 (Lib.
2900 5845 2948 5907 ἰ
2988 5867 3033 5908 c.
3071 5852 3091 5907 l
3124 5845 3306 5906 contra
3345 5845 3719 5916 Marciam»).
