3996 6198
329 217 440 272 249

832 217 922 273 DE
959 215 1436 276 CCENOBIORUM
1473 219 1724 278 INSTIT.
1761 219 1890 278 LIB.
1931 221 2001 277 γ.
2038 249 2114 266 --
2150 223 2240 280 DE
2275 223 2542 282 SPlRITU
2580 225 3050 287 GASTRIMARGI

3541 237 3647 292 250

1111 339 1360 444 proiecto
1390 342 1750 444 corporaliter
1772 342 1936 401 dese-
1959 349 2016 412 Α
2041 343 2230 403 ctitate
2264 353 2320 402 et
2355 345 2597 420 perlecta
2626 347 2846 408 scientia
2885 350 3200 423 praeditum,
3227 368 3344 410 non
3370 355 3554 414 solum
3587 359 3647 416 in

325 430 506 489 ruisse
539 430 672 488 nihil
717 429 991 504 proderit,
1030 433 1076 490 si
1114 434 1278 492 corde
1305 449 1402 493 eos
1439 435 1667 509 incipiat
1693 437 1929 507 tueri;

322 537 396 578 ac
423 521 750 580 memoriam
779 539 946 596 quam
970 526 1170 582 saeculo
1198 525 1324 584 huic
1349 528 1676 584 renuntiaus
1701 528 1932 602 quisque

321 615 478 673 velut
500 624 757 674 mortuus
782 616 1078 686 abdicavit,
1103 620 1434 678 reviviscens
1460 621 1716 678 eamdem
1742 637 1930 680 rursus

322 707 636 767 admiserit.
681 711 819 768 Haec
857 712 1074 770 volvens
1119 712 1174 769 in
1217 713 1384 772 corde
1425 729 1564 782 suo,
1599 729 1712 771 non
1747 715 1928 772 solum

317 797 536 855 nullam
571 799 845 856 resolvere
871 801 1159 873 epistolam
1188 799 1472 871 deﬁnivit,
1515 802 1612 860 sed
1649 818 1719 860 ne
1754 803 1932 876 ipsum

320 890 554 962 quidem
595 891 916 950 fasciculum
949 894 1254 968 resignare,
1287 911 1358 952 ne
1383 895 1594 954 scilicet
1618 911 1812 954 eorum
1840 897 1932 970 qui

319 984 658 1058 scripserant
693 985 777 1044 vel
815 987 1041 1044 nomina
1082 988 1418 1046 recensendo
1435 1029 1452 1058 ,
1493 991 1575 1046 vel
1614 990 1796 1048 vultus
1840 1005 1932 1048 re-

320 1077 610 1136 cordando
645 1093 679 1136 s
709 1079 938 1152 spiritus
976 1081 1060 1138 sui
1102 1081 1394 1139 intentione
1431 1091 1687 1140 cessaret.
1733 1088 1925 1158 Itaque

320 1178 392 1229 ut
415 1187 546 1230 cum
573 1175 940 1231 constrictum
963 1185 1294 1248 susceperat,
1317 1175 1426 1248 igni
1453 1175 1675 1234 tradidit
1701 1193 1926 1236 concre-

317 1269 602 1326 mandum
626 1291 640 1327 :
668 1273 771 1340 lte,
792 1271 1061 1344 inquiens,
1081 1272 1445 1344 cogitationes
1467 1273 1678 1346 patriae,
1703 1277 1926 1347 pariter,

317 1361 782 1429 concremamini,
820 1376 920 1418 nec
955 1378 1044 1420 me
1085 1363 1344 1432 ulterius,
1383 1363 1454 1422 ad
1489 1363 1580 1420 illa
1623 1379 1746 1438 qua:
1780 1365 1920 1440 fugi,

311 1467 585 1509 revocare
610 1455 846 1510 tentetis.

467 1587 478 1594 ο
841 1549 1082 1606 CAPUT
1120 1551 1401 1608 XXXIII.

315 1643 396 1696 De
448 1639 776 1698 absolutione
819 1647 1158 1717 quastionis,
1198 1663 1362 1717 quam
1407 1647 1572 1705 abbas
1622 1649 1922 1706 Theodorus

841 1716 1046 1773 orando
1074 1716 1389 1788 prorneiuit.

388 1806 644 1867 Vidimus
665 1809 835 1866 etiam
856 1813 884 1844 ³
905 1810 1162 1872 abbatem
1185 1812 1543 1873 Theodorum
1559 1829 1782 1871 summa
1805 1829 1922 1872 san-

2038 440 2238 497 actuali
2269 439 2402 509 vita,
2437 440 2538 498 sed
2574 442 2742 499 etiam
2778 443 2978 502 notitia
3006 445 3439 518 Scripturarum,
3473 465 3642 522 quam

2039 532 2091 590 ei
2120 548 2232 590 non
2260 541 2378 590 tam
2409 533 2656 590 studium
2688 535 2955 606 lectionis,
2997 540 3078 595 vel
3113 537 3419 597 litteratura
3449 541 3641 600 mundi

2038 627 2366 696 contulerat,
2399 641 2567 698 quam
2592 629 2706 684 sola
2731 629 2942 700 puritas
2977 631 3162 689 cordis
3197 649 3212 686 :
3239 633 3514 706 siquidem
3545 634 3641 692 vix

2035 719 2206 793 ipsius
2235 735 2453 794 quoque
2479 721 2688 778 Graeca:
2726 721 2928 796 linguae
2960 739 3219 798 perpauca
3245 724 3409 784 verba
3442 726 3524 784 vel
3554 725 3640 784 in-

2038 813 2283 887 telligere
2303 823 2508 886 posset,
2533 816 2614 872 vel
2633 815 2906 890 proloqui.
2929 819 3036 875 Hic
3055 834 3184 876 cum
3202 819 3640 892 explanationem

2039 906 2322 980 cujusdam
2359 907 2768 966 obscurissimae
2794 910 3115 982 quaestionis
3152 911 3480 984 inquireret,
3515 930 3637 988 sep-

2039 1007 2152 1056 tem
2177 999 2369 1058 diebus
2399 1016 2462 1057 ac
2487 1001 2742 1058 noctibus
2767 1002 2823 1058 in
2851 1004 3102 1060 oratione
3125 1003 3481 1078 infatigabilis
3508 1021 3639 1078 per-

2031 1091 2194 1160 stitit,
2212 1091 2387 1148 donec
2401 1093 2735 1150 solutionem
2749 1096 3050 1168 propositae
3062 1083 3386 1169 quaestionis
3396 1098 3638 1158 Domino

2030 1185 2308 1242 revelante
2335 1195 2712 1258 cognosceret.

2338 1285 2347 1292 ’
2560 1280 2804 1336 CAPUT
2840 1281 3109 1337 XXXIV.

2031 1375 2110 1429 De
2143 1375 2408 1436 sententia
2443 1375 2683 1444 ejusdem
2727 1377 2889 1438 senis,
2929 1391 3037 1445 qua
3079 1374 3261 1430 docuit
3303 1390 3409 1445 quo
3451 1377 3636 1433 studio

2100 1445 2385 1500 monachus
2403 1448 2576 1516 possit
2599 1448 2816 1516 assequi
2833 1448 3113 1503 scientiam
3131 1447 3562 1516 Scnpturarum.

2097 1537 2207 1592 Hic
2239 1552 2369 1609 ergo
2411 1537 2740 1609 quibusdam
2777 1537 3038 1595 fratribus
3075 1537 3479 1596 admirantibus
3515 1547 3633 1598 tam

2028 1629 2355 1701 praeclarum
2389 1629 2632 1686 scicntia
2659 1631 2777 1702 ejus
2802 1631 3011 1699 lumen,
3039 1640 3094 1687 et
3121 1632 3192 1687 ab
3225 1632 3422 1689 eodem
3457 1647 3630 1704 quos-

1947 1742 1996 1805 Β
2027 1721 2159 1778 dam
2181 1705 2588 1794 Scripturarum
2610 1738 2801 1779 sensus
2821 1722 3243 1795 inquirentibus,
3264 1725 3343 1781 ait
3361 1745 3374 1782 :
3397 1717 3425 1758 ¹³
3441 1728 3632 1784 Mona-

2028 1813 2198 1871 chum
2231 1815 2303 1873 ad
2339 1816 2746 1888 Scripturarum
2772 1814 3031 1872 notitiam
3068 1817 3374 1888 pertingere
3405 1818 3632 1890 cupien-

1407 1957 1665 2015 ALARDI
1703 1957 1935 2014 GAZEI
1972 1955 2536 2014 COMMENTARIUS.

393 2077 422 2108 ³
431 2077 810 2149 immorantur
827 2077 938 2136 duo
955 2078 1256 2149 Theodori,
1273 2081 1442 2139 ambo
1459 2083 1781 2140 monasticae
1798 2083 1922 2139 vitae

313 2143 480 2234 iaiide
492 2154 562 2234 Aet
580 2149 879 2234 sanctitate
905 2151 1180 2234 insignes,
1188 2143 1434 2234 quorum
1456 2154 1593 2234 tilier
1617 2152 1922 2234 discipulus

317 2215 422 2295 fuit
444 2232 552 2295 non
571 2220 745 2295 sancti
769 2215 1322 2295 Antoniifutvitiose
1350 2223 1494 2295 apud
1517 2215 1818 2295 Baroniuin
1846 2215 1920 2295 le?-

315 2288 468 2366 gitui
490 2288 545 2344 in
571 2290 972 2363 Martyrologio
1001 2293 1128 2359 (Ad
1157 2302 1184 2348 7
1207 2288 1454 2366 Ianuar.)
1469 2293 1604 2366 ;_sed
1626 2293 1920 2366 Ammonis

313 2359 684 2436 anachoreta,
717 2359 778 2418 ut
801 2359 1094 2436 patettum
1123 2378 1186 2420 ex
1213 2365 1320 2420 vita
1347 2359 1591 2436 ejusdem
1625 2364 1854 2436 Antonii
1882 2381 1914 2422 a

314 2431 374 2487 S.
409 2431 716 2508 Athanasio
755 2431 1091 2508 conscripta,
1119 2441 1242 2508 tum
1282 2450 1347 2490 ex
1370 2431 1751 2508 'Palladiouun
1777 2440 1910 2494 Lau.

315 2517 368 2576 c_._
405 2507 491 2576 8_),
526 2503 846 2576 Sozomeno
871 2502 1016 2576 (Lib.
1051 2519 1074 2576 ι
1103 2507 1248 2562 Hist.
1283 2521 1339 2576 c.
1365 2511 1457 2572 14)
1489 2514 1544 2562 et
1569 2502 1695 2563 aliis
1730 2526 1744 2562 :
1775 2509 1912 2564 alter

313 2571 614 2644 discipulus
635 2575 694 2631 S.
725 2571 1024 2650 Pachumii,
1044 2575 1102 2632 in
1119 2581 1272 2648 cujus
1285 2575 1402 2650 vita
1423 2571 1540 2650 ejus
1566 2579 1731 2650 etiam
1744 2586 1909 2650 gesta

312 2652 632 2720 narrantur,
659 2652 717 2720 et
742 2645 800 2720 in
822 2645 963 2720 Vitis
989 2645 1235 2720 Patrum.
1262 2647 1391 2720 Agit
1418 2645 1487 2720 d'e
1512 2645 1789 2720 eodemST
1814 2649 1911 2705 Ni-

314 2714 402 2772 lus
430 2715 490 2770 in
517 2715 615 2770 lib.
647 2714 717 2772 de
747 2715 1028 2772 Oratione.
1061 2717 1186 2774 Utri
1217 2714 1346 2775 verb
1375 2719 1664 2774 tribuenda
1685 2719 1758 2773 sit
1784 2733 1913 2774 sen-

311 2786 484 2860 tentia
511 2801 682 2860 quam
709 2786 800 2842 hic
822 2786 990 2843 refert
1015 2788 1329 2860 Cassianus,
1351 2805 1468 2860 non
1494 2789 1630 2860 satis
1653 2803 1914 2860 comper-

311 2856 657 2931 tumhabeo:
678 2865 812 2931 puto
830 2865 1018 2914 tamen
1038 2859 1328 2931 posteriori
1341 2859 1520 2931 potius
1533 2856 1910 2931 tribuendam;

311 2927 474 3000 quod;
493 2927 586 2984 hic
605 2927 873 3000 doctrinae
895 2937 949 2984 et
967 2927 1250 2999 sapientia
1269 2927 1438 2997 dono,
1467 2929 1616 3000 quod
1645 2929 1731 2987 hic
1759 2927 1914 2988 com;

310 2998 628 3066 mandatur,
661 2999 861 3055 clarior
887 2998 1172 3066 exstiterit,
1202 3009 1258 3057 et
1284 3003 1339 3058 S.
1372 2998 1673 3057 Pachomio
1703 3001 1755 3057 in
1784 3017 1912 3058 mo-

309 3069 566 3144 nasterii
587 3070 956 3144 Tabennensis
987 3071 1252 3144 regimine
1284 3072 1626 3144 successerit.
1664 3071 1914 3144 Unde‘ct

311 3139 487 3196 abbas
510 3139 602 3196 hic
631 3149 874 3198 vocatur.
898 3142 990 3200 Sic
1015 3139 1165 3198 enim
1191 3141 1260 3198 de
1287 3158 1352 3198 eo
1381 3142 1574 3198 scribit
1597 3141 1913 3199 Gennadius

313 3211 388 3286 de
406 3211 675 3286 Scriptor.
713 3212 862 3269 Eccl.
905 3229 1026 3286 cap.
1057 3221 1090 3270 8
1127 3229 1144 3268 :
1185 3214 1485 3286 Theodorus
1511 3215 1788 3269 Pachomii
1811 3214 1906 3268 ab-

316 3281 464 3354 batis
485 3281 742 3338 successor
771 3281 1002 3354 insignis
1029 3286 1333 3347 sanctitate,
1361 3287 1410 3339 et
1434 3285 1678 3340 doctrina
1711 3289 1910 3354 specta-

312 3351 444 3408 bilis
470 3355 528 3406 in
557 3354 650 3409 lib.
685 3355 750 3410 de
772 3351 1158 3414 Collationibus
1185 3357 1408 3411 Patrum
1429 3370 1465 3408 a
1491 3351 1755 3411 Cassiand
1771 3355 1912 3410 edito

311 3423 626 3480 multimoda
649 3427 1067 3489 commendatur,
1095 3427 1194 3495 qui
1207 3429 1334 3496 post
1357 3427 1536 3496 ipsum
1563 3423 1678 3496 ejus
1702 3440 1913 3480 monas-

309 3496 452 3548 teria
481 3497 538 3549 in
565 3511 769 3552 summa
793 3499 1142 3566 perfectionis
1169 3497 1321 3567 apice
1341 3501 1562 3567 strenue
1572 3496 1906 3565 gubernavit.

307 3567 390 3638 De
415 3568 694 3638 concordia
717 3573 771 3622 et
795 3570 1024 3631 unitate,
1065 3571 1116 3622 et
1142 3566 1210 3622 de
1238 3566 1594 3638 permanendo
1629 3569 1685 3622 in
1703 3583 1906 3638 propo-

307 3637 416 3690 sito
438 3637 612 3692 cordis
637 3642 690 3694 et
716 3639 892 3694 studii
911 3637 1306 3694 exhortatorias
1333 3643 1386 3694 et
1411 3639 1671 3706 elegantes
1694 3637 1771 3694 ad
1792 3637 1908 3693 dlia

307 3711 635 3764 monasteria
657 3709 837 3779 plures
853 3710 1103 3780 epistolas
1125 3711 1358 3836 scripsit,
1378 3715 1429 3764 et
1438 3711 1714 3765 miraculis
1728 3709 1908 3764 clarus

310 3779 370 3832 in
381 3780 606 3835 Domino
622 3781 847 3836 quieuit.
867 3781 1002 3836 Hac
1017 3781 1210 3836 Genua
1247 3779 1332 3836 ius
1349 3781 1512 3836 (Hist.
1535 3781 1750 3836 Trinar.
1771 3779 1866 3836 lib.
1883 3791 1907 3836 ι

310 3779 370 3832 in
381 3780 606 3835 Domino
622 3781 847 3851 quieuit.
867 3779 1002 3836 Hac
1017 3779 1332 3851 Gennadius
1349 3781 1512 3851 (Hist.
1535 3781 1750 3851 Tripar.
1771 3779 1866 3836 lib.
1883 3791 1907 3836 ι

305 3863 428 3919 cap.
467 3854 573 3916 tt).
606 3851 683 3904 Ex
711 3849 923 3920 quibus,
939 3850 1139 3920 colligo
1163 3849 1311 3920 hunc
1343 3849 1530 3920 ipsum
1555 3849 1908 3920 Theodorum

305 3918 448 3986 ease,
477 3919 636 3992 cujus
667 3918 750 3975 est
777 3919 870 3992 ilia
893 3918 1226 3992 doctissima
1253 3918 1550 3992 disputatio
1589 3919 1908 3992 Collationis

521 3987 599 4046 De
645 4004 766 4044 nece
809 3990 1142 4044 Sanctorum.
1180 3988 1304 4054 Qua
1344 3987 1418 4042 de
1459 4001 1519 4040 re
1561 3987 1680 4043 vide
1722 3997 1906 4046 notata

305 4075 322 4114 ι
368 4075 386 4114 t
460 4075 540 4114 m.

305 4075 516 4114 Ibidem
525 4099 540 4114 .

382 4121 412 4160 ³³
431 4129 571 4183 Haec
593 4125 883 4190 sententia,
901 4131 962 4181 ut
981 4139 1104 4196 vera
1120 4123 1212 4196 sit,
1225 4139 1359 4181 sana
1377 4123 1580 4196 indiget
1600 4123 1910 4196 interpreta-

308 4197 491 4253 tione.
529 4196 758 4253 Videtur
780 4197 928 4252 enim
958 4194 1134 4267 prima
1159 4195 1338 4253 fronte
1359 4194 1516 4252 duos‘
1535 4194 1758 4267 errores
1773 4211 1908 4252 con-

303 4269 496 4325 tinere
537 4285 550 4322 :
588 4271 644 4322 l°
681 4265 1020 4338 Scripturam
1059 4282 1268 4324 sacram
1303 4283 1406 4339 per
1441 4281 1500 4339 se
1527 4266 1662 4322 satis
1691 4265 1906 4339 facilem

303 4347 360 4412 et
378 4347 634 4412 apertam
661 4337 815 4412 esse,’
829 4353 929 4412 nec
950 4337 1347 4412 commentario
1376 4337 1908 4412 etinterpretatione

305 4409 574 4484 indigere;
605 4414 665 4465 2°
681 4409 924 4493 proinde
951 4410 1224 4493 monacho
1253 4417 1346 4466 aut
1369 4409 1542 4493 cuivis
1565 4409 1633 4465 ad
1661 4409 1907 4480 Scriptu-

305 4497 509 4554 rarum,
526 4488 907 4554 cognitionem
953 4488 1257 4554 pertingere
1293 4488 1719 4554 cupienti,__n_on
1763 4495 1904 4554 opus

3269 2097 3332 2138 as
3349 2081 3627 2154 perpulos,

2027 2084 2222 2140 nebras
2243 2084 2568 2154 ignorantia.-
2585 2084 2882 2152 conﬁtetur,
2911 2097 3018 2153 qua
3037 2097 3145 2138 non

3193 2156 3324 2209 ari?
3344 2151 3630 2209 Reclamat

2029 2159 2082 2229 et
2097 2170 2236 2224 pene
2259 2155 2510 2229 lactentes
2534 2155 2764 2229 inscitia;
2783 2158 2933 2210 nocte
2951 2155 3094 2229 circa

2028 2225 2226 2281 Petrus
2261 2224 2639 2296 apostolorum
2683 2224 2933 2296 princeps
2966 2224 3158 2280 dicens
3187 2245 3200 2282 :
3241 2226 3352 2281 Hoc
3381 2225 3627 2295 primum

2027 2297 2400 2366 intelligentes,
2423 2295 2565 2366 quod
2587 2295 2759 2352 omnis
2773 2295 3061 2367 prophetia
3087 2297 3382 2367 Scriptum
3395 2296 3626 2367 propria

2023 2367 2467 2438 interpretatione
2501 2383 2610 2423 non
2635 2369 2727 2437 ﬁt;
2757 2383 2862 2422 non
2897 2369 3038 2422 enim
3060 2367 3346 2438 uoluntate
3387 2367 3624 2422 humana

2018 2437 2188 2494 allata
2209 2443 2288 2494 est
2323 2439 2618 2510 aliquando
2640 2439 2951 2510 prophetia,
2962 2437 3072 2510 sed
3096 2439 3312 2510 Spiritu
3335 2442 3516 2494 sancto
3545 2439 3629 2510 in-

2017 2511 2221 2578 spirati
2257 2505 2433 2564 locuti
2454 2513 2584 2565 sunt
2623 2505 2797 2579 sancti
2825 2511 2936 2579 Dei
2954 2505 3188 2565 homines
3227 2509 3309 2575 (ll
3341 2510 3490 2564 Petr.
3530 2505 3610 2579 1).

2016 2577 2310 2651 Reclamat
2323 2587 2379 2651 et
2395 2588 2614 2651 sanctus
2636 2578 2726 2651 ille
2743 2577 3026 2651 eunuchus
3044 2579 3244 2651 reginae
3263 2577 3610 2651 Ethiopuni,

2017 2649 2112 2729 qui
2127 2648 2432 2729 cum_lsaiae
2451 2648 2794 2729 prophetiam
2813 2648 3030 2729 legeret,
3050 2648 3418 2729 interrogatus
3435 2648 3467 2705 ἑ
3487 2648 3612 2706 Phi-

2018 2717 2226 2790 lippo;
2247 2717 2483 2774 Putasne
2523 2717 2784 2790 intelligis
2827 2733 2948 2788 quia
2985 2718 3156 2788 legis?
3182 2717 3476 2790 prudenter
3519 2734 3613 2775 re-

2019 2787 2245 2860 spondit
2274 2807 2287 2843 :
2314 2792 2386 2846 Et
2409 2789 2668 2860 quomodo
2684 2787 2920 2858 possum,
2951 2790 3003 2843 si
3025 2787 3130 2843 non
3155 2787 3360 2860 aliquis
3385 2790 3617 2845 ostende

2017 2862 2096 2914 rit
2121 2859 2262 2914 mihi
2283 2859 2433 2926 (Acti
2457 2863 2637 2926 vm)?
2662 2860 2986 2915 Reclamant
3011 2867 3067 2914 et
3090 2859 3186 2915 SS.
3221 2859 3406 2916 Patres
3429 2860 3616 2916 Eccle-

2017 2929 2127 3002 sia
2142 2935 2408 2987 Doctores
2431 2931 2596 3002 (Vide
2615 2933 2908 2988 Baronium
2930 2933 3058 2985 tom.
3085 2931 3109 2986 Ι
3132 2931 3363 3002 iiuna!"
3387 2946 3479 2985 an.
3514 2935 3612 3002 34;

2017 3001 2348 3082 Bellarin:__l.
2383 2999 2461 3082 nt
2486 3002 2571 3082 ﬁds
2619 3002 2786 3082 Verbo
2825 3003 2929 3082 yet
2952 3015 2998 3055 c.
3040 3004 3104 3068 ι).
3141 3000 3517 3082 Hieronymus
3547 2999 3613 3082 in

2017 3071 2214 3154 celebri
2246 3071 2339 3154 illa
2369 3072 2592 3154 epistola
2609 3071 2686 3154 ad
2710 3070 3028 3154 Paulinum,
3053 3085 3176 3151 qua:
3204 3069 3394 3126 Bibliis
3425 3069 3614 3142 praell-

2019 3142 2320 3214 giturLubi
2361 3140 2574 3214 singula
2607 3141 2902 3214 Scriptura
2943 3140 3220 3197 volumina
3264 3140 3610 3214 percursens,

2019 3209 2262 3294 bstendit
2292 3213 2348 3268 in
2377 3209 2632 3294 omnibus
2659 3209 2864 3294 multas
2893 3218 2950 3294 et
2973 3225 3200 3294 magnas
3227 3209 3344 3294 esse
3365 3209 3614 3294 difﬁcult

2017 3283 2520 3364 tates,.et_gr_a_viter
2543 3298 2640 3364 eos
2661 3281 2962 3364 redarguit,
2987 3281 3088 3364 qui
3111 3295 3226 3364 sua:
3251 3281 3489 3364 solertiae
3515 3289 3612 3338 aut

2019 3353 2309 3424 sanctitati
2326 3353 2573 3420 ﬁdentes,
2595 3353 2712 3409 sine
2734 3353 2960 3410 doctore
2987 3361 3083 3424 aut
3105 3353 3398 3424 interprete
3426 3365 3613 3408 sacros

2022 3423 2192 3479 libros
2240 3424 2444 3496 legere,
2479 3431 2714 3496 tractare
2755 3431 2823 3496 et,
2854 3423 3071 3496 assequi
3107 3437 3167 3496 se
3200 3423 3365 3496 pusse
3407 3434 3610 3496 praesu-

2018 3502 2203 3550 munt.
2216 3493 2359 3566 ,8ng
2371 3493 2645 3550 mbrosius
2665 3493 2719 3549 in
2741 3493 2969 3566 epistola
2983 3498 3079 3566 44,
3101 3493 3169 3566 ad
3184 3493 3568 3550 Constantium
3595 3511 3608 3547 :

2015 3567 2186 3629 Mare,
2209 3565 2408 3638 inquit,
2435 3569 2513 3621 est
2530 3564 2816 3638 Scriptura
2833 3564 3042 3638 dicina,
3063 3564 3262 3638 habens
3279 3567 3338 3618 in
3355 3578 3410 3620 se
3427 3577 3610 3620 sensus

2010 3636 2329 3708 profundos,
2339 3637 2688 3692 altitudinem
2692 3636 3118 3708 propheticorum
3127 3637 3490 3708 anigmatum,
3503 3641 3606 3708 etc.

2015 3706 2094 3780 D._
2127 3708 2553 3780 Ctirysostomus
2583 3725 2596 3762 :
2630 3706 2812 3778 Neque
2849 3709 3011 3770 enim,
3042 3706 3240 3780 inquit,
3266 3707 3350 3762 uel
3373 3706 3607 3780 syllaba,

2011 3778 2097 3833 vel
2122 3776 2365 3849 apiculus
2393 3783 2472 3834 est
2507 3780 2568 3834 in
2591 3776 2762 3834 sacris
2781 3780 3025 3841 Litteris,
3061 3776 3128 3832 in
3144 3776 3308 3849 cujus
3328 3776 3609 3849 profundo

2012 3864 2119 3904 non
2135 3846 2209 3904 sit
2231 3850 2458 3918 grandis
2479 3851 2754 3920 quispiam
2773 3851 3056 3904 thesaurus
3074 3867 3094 3920 7:
3110 3847 3338 3920 proinde
3355 3846 3512 3920 nobis
3522 3862 3613 3920 ne

2015 3935 2156 3974 cesse
2179 3916 2256 3975 est
2269 3921 2460 3974 diuina
2483 3916 2662 3988 gratia
2681 3921 2963 3982 ducamur,
2981 3924 3033 3988 et
3055 3916 3271 3988 spiritu
3289 3920 3470 3988 sancto
3490 3916 3614 3970 illu-

2013 3992 2182 4044 strati
2217 3991 2426 4060 eloquia
2466 3987 2656 4045 divina
2691 3990 2948 4044 adeamus
2979 3987 3195 4060 (Homil.
3235 3990 3299 4060 31
3337 3987 3608 4060 inHGenes.

2021 4060 2160 4130 Vide
2182 4055 2344 4114 etiam
2367 4061 2506 4114 hom.
2533 4066 2605 4114 4ο
2630 4062 2691 4114 in
2709 4062 2901 4130 leam).
2923 4055 2997 4113 D.'
3028 4055 3369 4130 Augustinus
3393 4055 3486 4130 lib.
3510 4069 3610 4112 xu

2018 4129 2253 4194 Confess.
2269 4145 2390 4200 cap.
2409 4135 2474 4184 14
2493 4150 2505 4184 :
2526 4133 2692 4192 Mira,
2711 4128 3274 4200 inquit,profunditas
3287 4128 3611 4200 eloquin

2017 4202 2250 4260 tuorum,
2285 4197 2534 4268 quorum,
2565 4215 2694 4261 ecce,
2727 4197 2850 4252 ante
2881 4197 2976 4252 nos
3009 4199 3310 4267 superficies
3339 4197 3612 4253 blandiens

2011 4269 2258 4340 parvulis
2280 4287 2297 4322 :
2321 4269 2416 4340 sed
2435 4271 2580 4324 mira
2595 4269 2974 4340 profunditas,
2988 4269 3130 4324 Deus
3147 4283 3312 4340 meus,
3329 4269 3469 4324 mira
3483 4283 3613 4340 pro-

2013 4339 2270 4406 funditas
2291 4357 2308 4392 :
2329 4339 2520 4394 horror
2535 4339 2614 4396 est
2635 4339 2907 4396 intendere
2922 4341 2979 4395 in
2993 4355 3138 4407 eam;
3157 4339 3349 4396 horror
3363 4339 3606 4405 hortans;

2014 4413 2291 4496 etOtremor
2309 4412 2530 4496 amoris.
2555 4414 2697 4496 item
2717 4409 2847 4496 siibi
2871 4429 2884 4466 :
2917 4414 3093 4468 Tanta
3116 4416 3212 4496 est,
3234 4409 3430 4496 inquit,

2009 4481 2316 4536 stianarum
2337 4483 2696 4554 profunditas
2721 4481 3046 4548 litterarum,
3076 4487 3140 4538 ut
3171 4485 3231 4538 in
3259 4481 3335 4540 eis
3370 4483 3608 4554 quotidie

465 4552 576 4609 alio
602 4549 840 4625 'doctore
878 4549 975 4609 aut
1010 4549 1301 4624 interprete
1317 4549 1482 4625 ,_'nec
1525 4549 1900 4625 adhibendum
2002 4549 2414 4622 proﬁceremfsi
2436 4549 2525 4610 eas
2548 4555 2691 4610 solas
2717 4554 2784 4610 ab
2811 4556 3026 4611 ineunte
3052 4559 3212 4611 (etate
3229 4549 3398 4625 usque
3419 4553 3495 4609 ad
3515 4554 3606 4608 de-

306 4621 551 4694 studium
577 4637 644 4680 a‘c
672 4624 965 4680 lectionem
993 4621 1556 4694 commentariorum;
1589 4622 1684 4694 sed
1713 4630 1903 4694 postu-

2007 4626 2266 4694 crepitam
2291 4627 2862 4690 senectutemmaaiimo
2888 4628 3017 4689 otio,
3037 4641 3244 4682 summo
3269 4626 3466 4691 studio,
3491 4639 3608 4678 me-

307 4692 522 4752 landam
547 4703 602 4750 et
625 4695 1044 4766 exspectandam
1069 4709 1100 4749 a
1121 4696 1238 4750 Deo
1257 4693 1450 4766 earum
1473 4692 1896 4765 intelligentiam
2008 4692 2139 4750 (iere
2160 4697 2380 4766 ingenio
2403 4711 2626 4752 conarer
2651 4697 2923 4752 addiscere
2948 4715 2965 4751 :
2993 4711 3102 4750 non
3129 4696 3370 4766 quodad
3398 4708 3606 4766 eaiquce

303 4779 400 4845 per
442 4763 742 4845 orationes,
781 4764 1162 4845 purgationem
1199 4763 1410 4831 cordis,
1445 4771 1550 4845 etc.
1601 4782 1614 4819 :
1659 4763 1897 4845 quorum
1923 4769 1976 4834 ι)
2003 4763 2302 4845 neqessaria
2327 4771 2456 4845 sunt
2483 4768 2685 4845 saluii,_
2703 4771 2854 4845 tanta
2875 4781 3008 4845 peri:

3011 4763 3230 4842 eniatur
3256 4763 3602 4842 dimcultate;

305 4833 598 4914 utrumque
625 4833 830 4914 falsum
859 4833 960 4900 est,
998 4843 1053 4914 et
1079 4849 1394 4914 erroneum,
1423 4843 1480 4891 et
1504 4833 1894 4914 haereticorum
1926 4833 1935 4834 “
2003 4835 2098 4890 sed
2114 4853 2232 4892 eum
2255 4839 2482 4914 quisque
2496 4837 2586 4914 ibi
2605 4836 2766 4914 ﬁdem
2792 4833 3043 4914 tenuerit.
3068 4835 3318 4914 sineque!
3338 4833 3432 4914 pie
3452 4834 3608 4886 recte

304 4907 476 4963 nostri
501 4904 614 4963 tem
623 4907 773 4979 poris
795 4906 1038 4979 dogmati
1061 4906 1402 4979 proximum,
1425 4905 1519 4979 qui
1550 4904 1896 4979 Scripturam

301 4991 513 5040 sacram
569 4974 721 5034 omni
773 4993 837 5032 ex
872 4974 1039 5049 'parte
1061 4974 1299 5032 'facilem
1343 4984 1405 5049 et
1442 4974 1690 5049 claram,
1720 4975 1899 5032 immo

303 5049 558 5106 omnibus
585 5049 684 5106 SS.
729 5045 956 5104 Patrum
992 5047 1407 5104 commentariis
1445 5045 1734 5102 clariorem
1773 5061 1899 5104 esse

298 5119 656 5200 contendunt.
700 5117 859 5200 Quod
893 5117 964 5175 ad
1004 5118 1252 5200 primum
1271 5117 1506 5200 attinet,
1539 5115 1668 5200 huic
1703 5125 1898 5200 aperte

299 5191 574 5263 reclamat
593 5189 865 5263 propheta
900 5188 1109 5263 regius,
1137 5189 1232 5263 qui
1255 5188 1487 5263 delegis
1522 5196 1576 5244 et
1604 5188 1898 5263 Scriptum

299 5259 494 5320 divinae
523 5255 844 5318 difﬁcultate
880 5268 938 5316 et
964 5255 1305 5316 bbscuritate
1330 5255 1663 5316 luc'ulentum
1693 5255 1758 5314 ac
1781 5255 1896 5315 fre-

297 5345 465 5404 quens
485 5331 731 5404 perhibet
753 5331 1148 5388 testimonium.
1171 5330 1374 5386 Psalm.
1402 5345 1594 5404 csvttt
1617 5348 1630 5385 :
1653 5333 1739 5388 Da
1760 5330 1902 5386 mihi

301 5401 638 5468 uitellectum,
666 5409 719 5460 et
735 5404 1012 5459 scrutabor
1030 5405 1194 5473 legem
1213 5406 1382 5458 tuam.
1409 5401 1619 5458 Ibidem
1648 5419 1660 5456 :
1687 5404 1896 5460 Faciem

299 5478 446 5548 tuam
475 5477 730 5532 ill-nmina
754 5491 915 5548 super
937 5491 1150 5532 servum
1187 5479 1367 5548 tuum,
1391 5477 1442 5529 et
1477 5474 1600 5548 doce
1624 5489 1708 5529 me
1719 5473 1894 5544 justi-

295 5547 562 5612 llcationes
600 5551 744 5602 tuas.
785 5545 854 5602 Et
888 5561 1110 5603 rursum
1155 5565 1169 5601 :
1211 5546 1402 5604 Revela
1436 5545 1610 5602 oculos
1646 5561 1804 5608 meos,
1845 5548 1897 5600 et

298 5618 638 5689 considerabo
654 5617 936 5674 mirabilia
955 5619 1022 5674 de
1042 5618 1152 5689 lege
1175 5621 1296 5689 tua.
1319 5618 1455 5688 Qum
1478 5615 1638 5689 yerba
1657 5623 1898 5689 iractans

295 5687 366 5742 D.
394 5689 768 5762 Hieronymus
795 5689 851 5745 in
871 5689 1028 5762 epist,
1053 5684 1133 5762 ad
1147 5684 1434 5762 Paulinum
1459 5687 1528 5744 de
1553 5684 1896 5762 institutione

299 5759 556 5818 monachi
586 5757 790 5830 (Epist.
835 5757 945 5833 is),
977 5759 1057 5818 sic
1083 5759 1162 5818 ait
1195 5777 1210 5816 :
1240 5761 1304 5819 Si
1325 5763 1511 5817 tantus
1531 5757 1799 5830 propheta
1825 5759 1902 5810 te-
1953 5839 1958 5844 _

2003 4921 2106 4975 que
2117 4923 2224 4961 non
2237 4901 2466 4968 uiuitur,
2485 4910 2596 4960 tam
2605 4901 2812 4964 multa,
2833 4909 3050 4975 tamque
3064 4901 3456 4975 multiplicibus
3469 4915 3606 4975 mys-

2007 4971 2266 5030 teriorum
2289 4976 2615 5030 umbraculis
2642 4988 2810 5048 opaca
2831 4971 3184 5048 intelligenda
3205 4971 3603 5048 proﬁcientiwa

2006 5050 2232 5108 restant,
2260 5049 2524 5115 tantaque
2543 5059 2650 5115 non
2668 5042 2841 5098 solum
2862 5043 2920 5115 in
2935 5042 3127 5107 verbis,
3151 5042 3335 5099 verum
3360 5044 3525 5102 etiam
3544 5048 3603 5104 in

2005 5115 2181 5180 rebus,
2204 5132 2324 5186 quae
2342 5114 2705 5185 intelligenda:
2721 5118 2865 5178 sunt,
2891 5114 3023 5170 latet
3039 5115 3274 5171 altitudo
3295 5119 3599 5188 sapientiae,

2004 5191 2068 5260 ut
2086 5189 2478 5260 annosissimis,
2493 5189 2838 5250 acutissimis,
2852 5188 3293 5260 flagrantissimis
3305 5191 3605 5260 cupiditate

2005 5257 2248 5314 discendi
2265 5259 2360 5314 hoc
2381 5261 2674 5330 contingat,
2695 5260 2838 5330 quod
2856 5257 3041 5316 eadem
3063 5259 3349 5330 Scriptura
3366 5257 3597 5330 quodam

2007 5330 2112 5404 loco
2135 5330 2312 5404 liabet
2352 5349 2370 5386 :
2410 5331 2542 5404 Cum
2571 5333 3013 5404 consummaverit
3041 5330 3229 5404 horno,
3255 5335 3382 5386 tunc
3406 5335 3600 5404 incipit

2006 5403 2452 5475 (:Eccles._xvm).
2477 5403 2612 5458 Haec
2633 5402 2968 5475 Augustinus
2990 5401 3314 5475 (AdVqus.
3335 5405 3491 5475 epist.
3510 5401 3595 5475 '2).

2004 5473 2494 5546 Gregoriusetiam
2523 5475 2574 5546 in
2601 5473 2860 5546 eamdem
2888 5473 3219 5528 sententiam
3245 5491 3259 5527 :
3287 5473 3465 5546 Multa
3489 5473 3601 5539 qui-

2005 5543 2158 5608 dem}
2171 5543 2368 5615 inquit,
2399 5547 2456 5605 in
2473 5545 2578 5615 illa,
2591 5545 2674 5598 ita
2695 5548 2885 5615 aperta
2908 5547 3052 5606 sunt,
3077 5549 3140 5597 ut
3160 5545 3385 5615 pascant
3403 5553 3602 5615 parvu:

2005 5615 2110 5679 los;
2126 5609 2374 5684 quaedam
2391 5629 2514 5670 vero
2532 5609 2922 5668 obscurioribus
2933 5609 3230 5684 sententiis,
3243 5614 3306 5664 ut
3319 5609 3598 5684 exerceant

2004 5677 2198 5752 thés.
2221 5690 2482 5752 quatenus
2501 5699 2622 5739 cum
2650 5684 2828 5738 labore
2850 5683 3118 5735 intellecta
3139 5681 3264 5749 plus
3273 5682 3449 5752 grata
3469 5677 3593 5752 sint.

2006 5747 2275 5813 Nonnulla
2301 5761 2482 5811 autem
2509 5757 2566 5809 in
2597 5769 2658 5808 ea
2684 5755 2766 5809 ita
2791 5752 2974 5807 clausa
2999 5747 3227 5813 suntfut
3253 5747 3384 5800 dum
3411 5757 3474 5798 ea
3496 5751 3600 5794 non
