3996 6198
367 272 472 327 255

1707 262 1988 319 JOANNIS
2022 261 2324 321 CASSIANI

3567 257 3678 313 256

368 395 578 452 arium
594 409 721 450 reor
734 388 1093 450 memorabile
1116 387 1253 463 opus
1271 388 1572 457 charitatis,
1588 402 1753 460 quam
1773 396 1798 423 ³
1817 378 1970 443 sum-
1992 391 2046 455 Α
2072 387 2330 445 sterilitas
2350 385 2553 460 patitur
2573 398 2865 442 arenarum
2879 402 2903 451 ;_
2921 381 2991 439 ad
3019 380 3141 449 hos,
3174 380 3421 454 inquam,
3451 377 3678 437 summo

371 489 452 545 mi
481 488 584 545 viri
614 487 870 544 Archebii
900 485 1245 543 humanitate
1276 499 1468 540 sumus
1514 481 1747 554 experti,
1778 481 1835 537 in
1864 481 1970 537 hoc

372 581 650 639 volumine
698 579 1122 647 commendare,
1180 592 1289 650 quo
1352 574 1561 650 puritas
1617 573 1970 630 continentia

371 677 523 749 operi
555 674 834 732 charitatis
863 675 1068 730 inserta
1097 669 1423 744 propensius
1448 668 1709 725 enitescat
1743 666 1969 738 pulchra

376 770 637 826 varietate
666 767 941 824 distincta.
970 765 1193 821 Etenim
1231 772 1364 820 tunc
1386 771 1603 836 gratum
1632 765 1750 817 Deo
1778 760 1968 835 jejunii

377 877 579 920 munus
617 861 874 929 efficitur,
903 874 1031 916 cum
1060 858 1165 915 hoc
1193 856 1464 914 fructibus
1485 855 1766 913 charitatis
1803 854 1972 911 fuerit

377 963 830 1013 consummatum
839 996 851 1010 .

893 1055 1137 1113 CAPUT
1170 1057 1443 1111 XXXVI.

378 1151 677 1220 Descriptio
698 1151 859 1205 eremi
876 1164 997 1218 qua
1022 1152 1101 1203 est
1125 1150 1186 1202 in
1210 1149 1410 1211 Diolco,
1432 1149 1489 1202 in
1508 1162 1619 1217 qua
1637 1148 1972 1202 anachoreta

964 1223 1379 1275 commorantur.

447 1332 638 1401 Itaque
657 1322 824 1385 cumb
837 1329 905 1384 de
926 1328 1228 1385 Palastina
1250 1327 1600 1385 monasteriis
1613 1326 1680 1383 ad
1701 1326 1969 1403 oppidum

375 1421 613 1495 Egypti,
646 1419 841 1493 quod-e
866 1421 1091 1477 Diolcos
1112 1421 1430 1493 appellatur,
1475 1418 1637 1476 rudes
1666 1418 1971 1477 admodum

375 1516 737 1583 venissemus,
766 1514 948 1586 ibique
975 1515 1272 1587 plurimam
1291 1514 1512 1571 turbam
1539 1513 1778 1571 canobii
1802 1513 1972 1571 disci-

374 1611 523 1683 plina
562 1608 941 1674 constrictam,
979 1616 1036 1664 et
1058 1610 1272 1681 optimo
1319 1607 1516 1665 ordine
1547 1605 1972 1675 monachorum,

375 1705 470 1774 qui
491 1704 662 1759 etiam
689 1703 900 1773 primus
919 1710 1023 1769 est,
1052 1702 1364 1759 institutam
1383 1701 1616 1758 miriﬁce
1630 1701 1973 1768 videremus;

377 1785 405 1827 ά
434 1795 603 1851 alium
635 1809 855 1866 quoque
895 1794 1171 1862 ordinem,
1201 1795 1296 1866 qui
1340 1794 1695 1850 excellentior
1718 1793 1978 1863 habetur,

376 1887 435 1945 id
461 1895 566 1955 est,
604 1887 1093 1954 anachoretarum,
1133 1895 1462 1944 cunctorum
1494 1888 1786 1960 praconiis
1812 1888 1976 1944 insti-

376 1980 509 2052 gati,
540 1980 897 2053 sagacissimo
944 1979 1110 2037 corde
1139 1977 1319 2038 videre
1366 1982 1779 2055 properavimus
1810 1981 1978 2055 (Vide

377 2076 558 2130 collat.
607 2078 672 2130 t8
705 2090 752 2130 c.
807 2076 886 2146 5).
923 2075 997 2131 Hi
1039 2090 1281 2148 namque
1332 2076 1389 2132 in
1416 2074 1687 2133 canobiis
1736 2076 1976 2150 primum

377 2159 686 2225 diutissime
726 2176 1155 2238 commorantes,
1190 2169 1451 2242 omnique
1480 2170 1761 2243 patientia
1786 2186 1851 2227 ac
1868 2171 1978 2228 dis-

378 2262 639 2319 cretionis
664 2265 848 2336 regula
870 2263 1161 2336 diligenter
1190 2263 1391 2333 edocti,
1420 2273 1477 2321 et
1511 2263 1842 2322 humilitatis
1882 2280 1976 2337 pa-

378 2356 512 2414 riter
539 2373 602 2414 ac
630 2357 895 2414 nuditatis
920 2358 1117 2415 virtute
1163 2374 1433 2431 possessa,
1470 2358 1636 2434 atque
1658 2361 1728 2416 ad
1772 2375 1974 2433 purum

380 2451 642 2525 vitiorum
667 2452 1019 2511 universitate
1045 2461 1403 2524 consumpta,
1437 2453 1723 2512 dirissimis
1761 2454 1976 2513 damo-

378 2559 516 2602 num
550 2545 752 2617 praliis
791 2547 1158 2619 congressuri,
1193 2554 1480 2618 penetrant
1506 2548 1675 2607 eremi
1709 2547 1976 2621 profunda

380 2646 606 2695 secreta.
650 2638 829 2711 Hujus
874 2639 1038 2712 igitur
1083 2640 1349 2712 propositi
1394 2639 1538 2697 viros
1584 2642 1979 2714 comperientes

382 2732 526 2789 circa
555 2733 660 2790 Nili
708 2732 959 2789 ﬂuminis
1002 2734 1219 2791 alveum
1245 2735 1601 2801 commorari,
1642 2736 1699 2791 in
1734 2737 1855 2793 loco
1885 2735 1977 2808 qui

382 2842 497 2884 uno
528 2826 696 2883 latere
720 2828 916 2885 eodem
958 2827 1210 2899 ﬂumine,
1245 2829 1354 2885 alio
1378 2831 1553 2886 maris
1580 2830 1830 2887 vastitate
1868 2832 1977 2887 cir-

381 2920 694 2991 cumdatus,
726 2924 964 2979 insulam
992 2923 1188 2994 reddit,
1231 2925 1397 2980 nullis
1429 2924 1549 2980 aliis
1574 2939 1739 2996 quam
1785 2940 1980 2982 mona-

384 3012 504 3071 chis
563 3023 771 3071 secreta
818 3018 1198 3087 expetentibus
1255 3017 1640 3085 habitabilem;
1686 3026 1788 3073 nec
1833 3018 1978 3075 enim

383 3106 639 3177 cuiquam
684 3108 916 3164 cultura
949 3118 1137 3180 aptam
1182 3124 1301 3166 esse
1341 3125 1464 3165 eam
1510 3109 1724 3167 salsitas
1769 3112 1871 3167 soli
1914 3127 1978 3168 ac

2075 479 2351 537 desiderio
2394 477 2738 548 festinantes,
2770 476 2913 534 ultra
2945 476 3176 533 modum
3220 488 3415 531 sumus
3458 473 3680 532 labores

2076 590 2294 643 eorum,
2324 590 2468 646 quos
2493 571 2954 645 contemplatione
2980 571 3247 626 virtutum
3275 575 3331 624 et
3369 582 3562 624 amore
3586 582 3681 624 so-

2078 668 2326 726 litudinis
2369 668 2622 734 tolerant,
2655 666 2931 725 admirati.
2967 667 3113 722 Nam
3139 664 3312 737 ipsius
3335 675 3493 735 aqua
3524 670 3677 719 tanta

2077 762 2304 835 penuria
2331 763 2804 835 constringuntur,
2835 769 2897 818 ut
2922 759 3017 817 tali
3056 773 3179 816 eam
3208 755 3488 829 diligentia
3515 771 3680 814 scru-

2078 855 2314 928 puloque
2355 853 2702 926 dispensant,
2752 854 2897 926 quali
2953 867 3124 909 nemo
3169 848 3679 923 frugalissimOrum

2079 949 2317 1023 speciem
2345 947 2735 1021 pretiosissimi
2756 947 2865 1003 vini
2889 953 3177 1003 conservat
3200 952 3257 1001 et
3285 943 3478 1016 parcit.
3505 948 3529 973 ⁸
3556 945 3680 1001 Tri-

2079 1043 2182 1102 bus
2216 1059 2457 1116 namque
2483 1043 2748 1110 millibus,
2782 1042 2860 1098 vel
2886 1056 2951 1098 eo
2980 1040 3238 1112 amplius,
3276 1053 3401 1096 eam
3443 1037 3512 1095 de
3535 1053 3676 1111 pra-

2078 1138 2215 1196 dicti
2258 1137 2505 1194 ﬂuminis
2549 1137 2703 1193 alveo
2749 1134 3074 1195 necessariis
3116 1134 3310 1191 usibus
3355 1132 3673 1202 advehunt,

2078 1231 2228 1305 quod
2266 1240 2481 1288 tantum
2528 1229 2899 1297 intervallum,
2944 1228 3192 1284 arenosis
3233 1226 3471 1282 divisum
3511 1240 3679 1282 mon-

2077 1327 2250 1401 tibus,
2274 1326 2477 1384 Iaboris
2502 1324 2826 1382 difﬁcultate
2856 1321 3174 1397 gravissima
3203 1319 3530 1393 duplicatur.

2406 1470 2407 1473 η
2590 1418 2836 1476 CAPUT
2871 1417 3174 1473 XXXVII.

2220 1514 2451 1571 Abbatis
2483 1512 2741 1570 Archebii
2761 1512 3073 1567 humanitas
3113 1508 3528 1565 commendatur.

2154 1611 2258 1667 His
2287 1610 2452 1683 igitur
2472 1609 2622 1677 visis,
2652 1623 2782 1665 cum
2807 1605 3135 1665 imitationis
3166 1620 3360 1663 eorum
3381 1619 3482 1661 nos
3508 1602 3681 1662 ardor

2082 1704 2423 1769 accenderet,
2473 1703 2877 1777 pradictusque
2926 1700 3231 1760 Archebius
3258 1698 3682 1772 probatissimos

2001 1777 2049 1841 Β
2084 1802 2226 1859 inter
2270 1815 2367 1858 eos
2399 1798 2759 1856 humanitatis
2784 1795 2955 1870 gratia
2983 1810 3088 1853 nos
3130 1794 3200 1851 ad
3242 1809 3399 1851 suam
3424 1793 3678 1850 cellulam

2086 1894 2454 1968 pertraxisset,
2497 1892 2781 1966 explorato
2827 1889 3101 1948 desiderio
3139 1895 3365 1956 nostro,
3414 1887 3681 1944 conﬁnxit

2084 2005 2142 2047 se
2166 1989 2234 2046 de
2260 1986 2454 2045 eodem
2476 1986 2599 2043 loco
2627 1985 2767 2042 velle
2797 1982 3096 2051 discedere,
3136 1998 3201 2039 ac
3231 1981 3396 2039 nobis
3429 1980 3679 2038 cellulam

2081 2098 2241 2140 suam
2280 2081 2429 2139 velut
2465 2080 2660 2137 exinde
2699 2079 3041 2152 migraturus
3068 2075 3289 2146 offerre,
3328 2091 3447 2133 sese
3471 2074 3527 2132 id
3560 2074 3681 2132 fac-

2083 2186 2269 2235 turum
2287 2176 2498 2234 etiamsi
2520 2175 2752 2231 minime
2767 2171 3154 2239 adfuissemus,
3174 2170 3481 2228 afﬁrmem.
3503 2170 3684 2240 Quam

2081 2287 2201 2329 rem
2224 2286 2327 2328 nos
2355 2278 2411 2326 et
2450 2268 2722 2326 desiderio
2765 2266 3230 2323 commorationis
3252 2265 3492 2330 accensi,
3518 2272 3573 2320 et
3598 2278 3685 2319 as-

2086 2364 2421 2422 sertionibus
2460 2362 2596 2419 tanti
2647 2361 2748 2437 v_iri
2796 2359 3155 2416 indubitatam
3205 2359 3687 2415 accommodantes

2086 2457 2252 2515 ﬁdem
2282 2456 2515 2513 libenter
2557 2454 2822 2526 amplexi,
2851 2453 3107 2510 cellulam
3150 2466 3278 2508 cum
3308 2449 3460 2506 omni
3497 2448 3687 2521 supel-

2088 2551 2285 2619 lectile,
2332 2548 2761 2621 utensilibusque
2799 2546 3158 2619 suscepimus.
3189 2547 3376 2616 Itaque
3411 2542 3679 2617 religiosa

2089 2645 2296 2717 potitus
2336 2640 2818 2709 circumventione,
2849 2640 3037 2711 paucis
3080 2637 3273 2696 diebus
3301 2635 3502 2709 quibus
3551 2648 3686 2692 con-

2089 2738 2365 2796 struenda
2388 2736 2537 2795 cella
2564 2743 2781 2809 pararet
2805 2732 3084 2807 impendia
3123 2732 3190 2790 de
3219 2732 3339 2788 loco
3381 2728 3688 2798 discedens,

2089 2846 2338 2889 reversus
2381 2838 2506 2903 post
2544 2828 2684 2896 hac,
2714 2828 2879 2885 aliam
2924 2827 3030 2884 sibi
3072 2841 3295 2882 summo
3324 2824 3514 2882 labore
3550 2838 3689 2879 con-

2091 2925 2310 2981 struxit.
2346 2925 2529 2994 Quam
2575 2937 2820 2991 rursum,
2861 2936 2975 2977 non
3023 2920 3187 2993 longo
3238 2927 3363 2992 post
3414 2926 3682 2990 tempore,

2093 3018 2212 3074 aliis
2248 3014 2756 3090 supervenientibus
2795 3013 3080 3082 fratribus,
3128 3010 3434 3084 eodemque
3471 3009 3691 3067 deside—

2098 3113 2180 3169 rio
2228 3104 2247 3144 ί
2290 3112 2636 3184 cupientibus
2679 3109 2889 3168 ibidem
2917 3107 3275 3175 commorari,
3309 3105 3478 3167 simili
3518 3105 3693 3161 chari-

1476 3224 1733 3305 aLARDI
1772 3226 2000 3284 GAZEI
2039 3227 2601 3285 COMMENTARIUS.

458 3327 482 3357 ³
508 3324 809 3406 Dionysius
842 3327 1165 3385 Arthebium
1202 3340 1380 3406 vocat,
1411 3347 1574 3406 quem
1604 3337 1796 3391 Petrus
1809 3335 1866 3391 in
1893 3351 1987 3391 ca-
2015 3341 2059 3406 C
2166 3325 2194 3369 ά
2220 3339 2374 3392 Duos
2402 3334 2642 3400 ordines,
2683 3348 2780 3389 seu
2813 3332 2923 3389 duo
2944 3346 3143 3406 genera
3171 3329 3572 3406 monachorum
3599 3329 3691 3386 hic

386 3394 937 3479 talogohepiscopum
988 3415 1054 3456 ex
1101 3394 1445 3479 anachoreta
1476 3402 1685 3460 factum
1729 3415 1987 3473 testatur,

385 3468 508 3550 ejus
535 3468 704 3550 vitam
734 3468 849 3550 hoc.
869 3473 1196 3550 compendio
1219 3473 1551 3550 describens,
1577 3491 1644 3550 ex
1676 3491 1786 3546 quo
1813 3468 1985 3550 quan;

386 3543 478 3592 tus
502 3539 585 3594 vir
613 3538 795 3614 fuerit,
833 3538 1060 3614 intelligi
1102 3552 1281 3613 potest
1315 3538 1549 3612 (Petrus
1571 3547 1640 3601 de
1677 3538 1863 3604 Natal.
1892 3550 1985 3603 lib.

386 3622 454 3664 χι
475 3624 520 3664 c.
556 3614 678 3675 58).
724 3612 1308 3686 Arthebius'episcopus
1330 3618 1747 3685 Pamphiiiensis
1766 3620 1849 3685 [al
1862 3660 1874 3672 .
1896 3623 1990 3675 Pa-

386 3680 785 3733 nenhusiensisl
807 3697 876 3733 ea:
894 3685 1269 3733 anachoretica
1282 3688 1399 3733 vita
1422 3687 1496 3733 ad
1513 3690 1860 3733 mismmnlem
1879 3691 1990 3733 inm

385 3684 785 3761 nephysiensis]
807 3697 876 3735 ea:
894 3684 1269 3740 anachoretica
1282 3688 1399 3740 vita
1422 3684 1496 3740 ad
1513 3684 1860 3757 episcopalem
1868 3691 1990 3759 jam

388 3749 594 3828 dictum
621 3752 798 3828 sedem
821 3755 1004 3828 invite
1012 3759 1064 3810 et
1084 3758 1380 3811 renitenter
1398 3763 1726 3828 assumptus.
1767 3761 1873 3827 Qui
1899 3765 1990 3816 ta-

387 3835 508 3876 men
530 3824 591 3877 in
611 3825 927 3893 episcopatu
966 3825 1161 3894 degens
1188 3829 1353 3881 eremi
1368 3830 1541 3882 vitam
1573 3824 1679 3883 non
1707 3824 1945 3886 deseruit
1970 3850 1986 3886 :

388 3894 522 3961 quin
529 3894 924 3969 immojejuniis
933 3900 984 3950 et
993 3898 1540 3969 orationibusjugiter
1553 3902 1792 3955 intentus
1802 3918 1989 3956 curam

385 3966 713 4045 pastoralem
740 3966 925 4045 sedulo
960 3966 1413 4045 administrabat,
1435 3974 1485 4024 et
1512 3970 1588 4045 ad
1614 3987 1847 4035 eremum
1888 3973 1993 4027 sibi

388 4033 640 4090 dilectam
668 4039 867 4106 sapius
897 4039 1167 4102 accedens,
1188 4044 1397 4095 sanctos
1423 4033 1780 4098 anachoretas'
1797 4048 1850 4097 et
1885 4047 1991 4100 Pa-

389 4108 498 4177 tres
517 4122 619 4161 sua
638 4122 865 4177 persona
881 4114 932 4164 et
957 4109 1406 4166 benedictionibus
1422 4114 1700 4168 visitabat.
1727 4116 1860 4170 Hac
1877 4114 1985 4171 ille.

389 4176 698 4254 Qassianus,
715 4179 896 4254 collat.
925 4188 949 4236 1
969 4187 1014 4248 I,
1041 4198 1165 4254 cap.
1198 4186 1253 4249 2,
1281 4183 1426 4254 hunc
1451 4183 1632 4254 ipsum
1656 4184 1988 4241 Archebium

390 4247 731 4326 Panephysis
783 4247 1127 4326 episcopum'
1162 4247 1431 4321 nominat,
1474 4247 1708 4326 ejusque
1764 4256 1990 4313 virtutes

389 4319 759 4400 commendat.
789 4319 1127 4400 Soaomenus
1163 4326 1305 4400 (Lib.
1325 4340 1405 4400 _v1
1420 4319 1474 4380 'c.
1509 4319 1989 4400 EmetANicepho-

390 4401 487 4468 rus
511 4387 657 4468 (L_ib.
682 4402 748 4443 χι
777 4404 822 4443 c.
847 4397 951 4457 37)
972 4392 1117 4448 inter
1142 4387 1466 4451 celebriores
1489 4387 1794 4453 monachos
1820 4387 1989 4453 etiam

391 4458 679 4541 Arsesium
705 4468 1010 4541 recensent,
1040 4477 1278 4541 eumque
1296 4480 1559 4541 magnum
1590 4476 1645 4521 et
1663 4468 1987 4541 praclarum

391 4531 700 4609 nominant,
726 4535 787 4609 et
807 4531 866 4584 in
895 4531 1986 4609 monasticaphilos‘Ophiaconsenuisse,

390 4611 456 4677 ac
483 4597 770 4677 monachis
794 4597 1368 4677 prafuissescribunt.
1397 4597 1558 4677 Unde
1572 4604 1685 4662 fere
1723 4597 1984 4677 adducor,

392 4674 462 4749 ut.
491 4682 589 4738 pro
616 4668 886 4727 Archebio
909 4673 1193 4730 Arsesium
1218 4673 1307 4731 hic
1334 4676 1618 4746 legendum
1642 4686 1828 4749 putem
1856 4697 1869 4734 :
1891 4668 1984 4738 sed

392 4739 628 4794 aliorum
658 4741 845 4794 malim
875 4751 1188 4794 exsnectare
1215 4747 1562 4794 sententiam-

391 4741 628 4796 aliorum
658 4741 845 4798 malim
875 4751 1188 4814 exspectare
1215 4741 1562 4803 sententiam.
1642 4741 1659 4749 ’

453 4802 491 4896 ,⁸³
513 4813 604 4896 Qe
632 4813 926 4896 monachis
953 4821 1009 4870 et
1051 4818 1751 4896 monasteriis__PaIastina
1780 4820 1991 4879 dictum

390 4889 474 4965 est
514 4882 644 4940 alibi
678 4884 829 4965 (Lib.
866 4901 1105 4965 u_t__cap.
1158 4887 1237 4948 ll.
1281 4892 1363 4965 pe
1410 4889 1606 4947 iisdem
1651 4893 1991 4951 Sozomenus

390 4953 485 5036 lib.
514 4970 578 5036 χι
617 4953 868 5036 cap.__t_32;
905 4953 1249 5036 Nicephorus
1279 4960 1380 5017 lib.
1423 4976 1489 5017 χι
1515 4976 1635 5036 cap.
1672 4970 1764 5033 39,
1789 4973 1844 5019 et
1865 4973 1991 5021 ante

390 5023 493 5080 hos
516 5026 589 5100 Ρ.
620 5023 1056 5100 Basiliusepist.‘
1095 5036 1185 5088 39.

463 5102 485 5130 ο
509 5095 788 5173 Oppidum
825 5095 1101 5173 hic,_alibi
1145 5102 1325 5173 vicum
1349 5111 1508 5159 vocat
1537 5104 1850 5173 Cassianus,
1875 5105 1987 5161 col-

389 5163 486 5220 lat.
517 5163 745 5250 18,:cap.
783 5176 801 5221 I
826 5186 850 5250 _:
869 5170 1182 5250 Adgiwm.
1194 5172 1403 5250 inquit,
1423 5177 1512 5230 cui
1538 5191 1726 5232 nomen
1746 5182 1826 5231 est
1839 5163 1991 5233 biot-

387 5251 491 5318 cos,
512 5241 612 5318 uni
630 5252 699 5291 ex
720 5243 921 5318 septem
939 5241 1059 5296 Nili
1074 5244 1228 5318 ostiis
1247 5241 1613 5318 imminentem
1631 5250 1991 5317 pervenimus.

388 5306 734 5392 Nicephorus
763 5306 858 5392 lib.
886 5325 953 5366 χι
973 5326 1098 5392 cap.
1124 5317 1191 5392 3_5
1224 5332 1236 5369 :
1266 5316 1420 5392 Circa
1448 5306 1731 5392 angustias
1748 5333 1871 5371 vero
1892 5323 1992 5392 ter.

385 5521 678 5576 multorum
704 5523 947 5589 fratrum
967 5525 1124 5582 duces
1157 5526 1327 5595 fuere,
1359 5539 1462 5584 etc.
1498 5528 1670 5593 (Vide
1693 5531 1759 5585 D.
1803 5531 1992 5584 Hiero-

384 5607 531 5660 nym.
563 5596 623 5648 in
647 5596 805 5668 epist.
838 5596 914 5650 ad
939 5599 1242 5668 Eustoch.).
1271 5602 1335 5654 In
1349 5599 1454 5654 hoc
1472 5598 1665 5653 itidem
1690 5599 1812 5654 loco
1832 5602 1994 5656 Sozo-

387 5676 601 5737 menus‘
616 5665 924 5737 complures
953 5677 1173 5724 sanctos
1202 5665 1505 5725 monachos
1530 5668 1722 5725 vixisse
1744 5685 1987 5726 comme-

385 5734 702 5820 morat_lib._
721 5734 1049 5820 vt_cap._29_,
1071 5756 1308 5813 quorum
1337 5740 1507 5796 vitam
1539 5739 1698 5798 latius
1724 5740 1993 5798 describit

388 5805 659 5864 Palladius
687 5809 747 5864 in
784 5805 1087 5867 Lausiacis.

2095 3416 2150 3463 et
2177 3407 2305 3463 alibi
2325 3421 2471 3477 sape
2501 3412 2902 3477 commemorat
2929 3402 3219 3459 Cassianus
3243 3418 3272 3477 _:
3304 3402 3534 3477 alterum
3553 3415 3692 3477 ea-

2094 3471 2432 3542 nobitarum',
2464 3476 2520 3531 id
2549 3484 2651 3539 est,
2689 3475 2853 3530 simul
2881 3482 2940 3529 et
2972 3471 3343 3529 communiter
3366 3471 3691 3537 viventium,

2095 3563 2260 3629 quem
2287 3548 2532 3629 primum
2551 3545 2801 3628 ordinem
2824 3545 3227 3629 monachorum
3251 3542 3693 3629 essedicittquia

2098 3613 2331 3696 _i'n_ip_sis
2370 3617 2624 3696 Ecclesia
2662 3615 2983 3696 primordiis
3027 3613 3422 3696 subapostolis
3466 3613 3694 3696 initium

2096 3683 2291 3745 habuit
2318 3707 2332 3743 :
2363 3689 2501 3743 tales
2524 3683 2681 3758 enim'
2702 3685 2856 3743 fuere
2893 3686 3057 3758 primi
3086 3683 3378 3742 Christiani
3409 3686 3694 3758 apostolo-

2095 3776 2219 3815 rum
2249 3759 2521 3829 discipuli,
2549 3757 2617 3813 de
2644 3758 2842 3828 quibus
2866 3756 3070 3813 dicitur
3099 3762 3220 3813 Act.
3253 3770 3318 3811 1v
3345 3756 3697 3829 :Multitudi—

2095 3835 2183 3886 nis
2198 3828 2523 3886 credentium
2546 3833 2663 3884 erat
2676 3844 2764 3883 cor
2780 3845 2966 3892 unum,
2986 3833 3038 3883 et
3059 3831 3245 3882 anima
3260 3843 3374 3882 una
3392 3850 3407 3892 ς
3432 3842 3527 3883 nec
3537 3828 3699 3896 quis-

2096 3918 2259 3973 quam
2276 3902 2493 3971 aliquid
2510 3916 2670 3973 suum
2697 3915 2807 3955 esse
2831 3901 3064 3973 dicebat,
3090 3899 3182 3954 sed
3203 3903 3359 3973 erant
3377 3900 3494 3973 illis
3504 3900 3697 3973 omnia

2095 3969 2427 4039 communia;
2472 3972 2704 4028 alterum
2739 3970 3217 4035 anachoretarum,
3259 3970 3375 4024 sive
3414 3969 3695 4025 solitario-

2094 4061 2244 4117 rum,
2289 4058 2455 4117 quem
2501 4044 2701 4117 merito
2745 4042 2883 4099 dicit
2922 4056 3042 4117 esse
3069 4040 3530 4117 excel‘leutiorem,
3561 4039 3694 4117 quia

2097 4116 2205 4172 vita
2233 4109 2638 4181 anachoretica,
2669 4129 2764 4169 seu
2793 4112 3097 4178 eremitica,
3141 4112 3359 4168 culmen
3389 4119 3473 4166 est
3497 4119 3552 4165 et
3581 4109 3700 4181 fas-

2094 4186 2292 4259 tigium
2321 4187 2449 4259 vita
2476 4185 2765 4259 religiosa.
2786 4185 2953 4259 Unde
2972 4186 3156 4259 Patres
3180 4183 3381 4255 passim
3406 4183 3603 4237 docent
3618 4180 3699 4239 ad

2088 4255 2266 4317 .vi'tam
2303 4255 2739 4312 anachoreticam
2768 4271 2878 4311 non
2916 4255 3117 4325 debere
3141 4268 3473 4325 quemquam
3516 4261 3700 4325 trans-
3748 4287 3761 4300 -

2097 4328 2197 4397 ire,
2232 4328 2338 4383 nisi
2368 4328 2521 4399 prius
2551 4327 2834 4399 diligenter
2850 4325 2921 4399 in
2945 4322 3200 4399 canobio
3240 4325 3405 4381 fuerit
3431 4322 3696 4399 exercita-

2096 4393 2193 4470 tus
2214 4406 2267 4454 et
2286 4393 2564 4469 probatus.
2599 4393 2760 4470 Quod
2790 4397 2955 4452 etiam
2985 4397 3042 4452 in
3077 4396 3184 4470 hoc
3209 4411 3331 4467 cap.
3364 4393 3696 4470 Auctorjn-

2095 4468 2244 4526 dicat
2275 4466 2449 4538 (Aug.
2481 4470 2575 4523 lib.
2625 4466 2647 4523 i
2676 4469 2743 4524 de
2776 4469 2968 4525 Morib.
3013 4468 3210 4525 Eccles.
3255 4466 3296 4522 cl
3339 4472 3436 4532 3t;
3468 4471 3520 4522 et
3556 4466 3697 4522 Cas-

2094 4546 2237 4596 stan.
2274 4554 2319 4603 l,
2359 4540 2539 4595 collat.
2575 4546 2665 4601 18.
2704 4554 2806 4610 per
2851 4544 3039 4595 totam.
3099 4539 3231 4594 Vide
3255 4542 3411 4592 notas
3436 4538 3510 4592 ad
3549 4552 3597 4591 c.
3629 4543 3693 4591 I7

2098 4613 2135 4667 ι.
2163 4625 2311 4677 vm;
2332 4613 2642 4681 Hieronym.
2671 4612 2829 4681 epist.
2858 4617 2888 4681 4
2921 4611 2994 4665 ad
3013 4611 3341 4674 Rusticum).

2169 4685 2298 4750 {De
2328 4680 2432 4737 hoc
2458 4682 2579 4737 vide
2604 4690 2796 4736 notam
2825 4680 2895 4737 ad
2933 4681 3118 4736 collat.
3148 4683 3239 4746 24,
3268 4682 3477 4750 δεμ).

2013 4730 2064 4792 Ι)
2170 4730 2796 4809 ίὲἆιίῖἑνίὀέῐιξὶἱῖιῐ
2816 4730 2895 4807 εἰ
2926 4730 3251 4821 ιῖὀόἆρῖιὲ,
3275 4730 3528 4821 Elim};
3572 4748 3700 4821 aliis

2099 4821 2256 4890 locis,
2286 4824 2397 4879 duo
2421 4838 2616 4893 genera
2643 4822 2931 4878 hominum
2958 4829 3097 4893 tunc,
3125 4819 3396 4893 temporis
3418 4820 3610 4893 solere
3641 4820 3705 4875 in

2099 4890 2453 4950 monasteriis
2480 4893 2845 4949 commorari.
2877 4893 2985 4948 Alii
3012 4892 3162 4947 enim
3195 4890 3534 4947 monasticen
3562 4904 3702 4961 pro-

2098 4965 2250 5033 fessi,
2282 4973 2338 5020 et
2368 4964 2508 5020 votis
2526 4964 2737 5020 astricti
2760 4973 2938 5031 erant,
2960 4971 3022 5020 ut
3043 4963 3120 5019 ibi
3150 4971 3410 5035 perpetuo
3433 4961 3538 5035 sub
3554 4960 3698 5035 (obe-

2098 5030 2301 5092 dientia
2335 5035 2596 5107 viverent,
2629 5035 2722 5107 qui
2751 5030 2931 5106 reipsa'
2966 5042 3021 5090 et
3061 5030 3285 5107 nomine
3313 5030 3568 5107 monachi
3613 5031 3697 5088 dio

2100 5107 2382 5163 cebantur.
2410 5106 2520 5162 Alii
2549 5101 2727 5163 selum
2747 5107 2817 5163 ad
2834 5101 3052 5177 tempus
3074 5104 3131 5160 in
3161 5103 3512 5177 monasteriis
3531 5101 3700 5177 dege-

2096 5177 2251 5242 bant,
2268 5194 2376 5234 non
2403 5186 2517 5233 tam
2551 5186 2613 5234 ut
2633 5176 2887 5233 monachi
2910 5174 3120 5243 ﬂerent,
3141 5190 3310 5247 quam
3334 5183 3396 5231 ut
3415 5175 3471 5230 in
3498 5174 3703 5245 pietate

2096 5256 2152 5304 et
2179 5249 2297 5304 aliis
2328 5248 2638 5309 virtutibus.
2659 5257 2757 5304 aut
2773 5248 2938 5303 etiam
2970 5247 3025 5302 in
3048 5247 3248 5303 studiis
3276 5252 3698 5302 exercerentur:

2097 5318 2155 5374 hi
2184 5320 2346 5387 nullis
2372 5320 2514 5391 votis
2543 5319 2763 5391 obligati
2791 5326 2974 5384 erant;
3005 5327 3061 5374 et
3086 5334 3217 5374 cum
3245 5316 3520 5385 volebant,
3544 5316 3704 5391 abire

2096 5405 2162 5445 ex
2198 5390 2547 5446 monasteriis
2572 5389 2826 5461 poterant
2854 5391 3057 5456 (Basil.
3098 5392 3283 5446 Instit.
3314 5389 3601 5461 monastic,
3644 5402 3696 5443 c.
3806 5424 3817 5429 -

2098 5466 2168 5516 49
2197 5466 2249 5516 et
2269 5464 2327 5515 in
2350 5466 2481 5529 Reg.
2520 5459 2745 5517 breuior.
2773 5478 2818 5517 c.
2849 5467 3010 5527 292).
3045 5462 3128 5516 De
3157 5460 3243 5515 his
3273 5461 3566 5517 Cassianus
3586 5459 3705 5513 hoc

2103 5531 2248 5613 loco,
2292 5539 2349 5585 et
2374 5532 2801 5613 Chrysostomus
2833 5532 2928 5588 lib.
2971 5546 3062 5613 ut
3079 5539 3271 5613 contra
3301 5531 3706 5613 vituperatores

2102 5602 2225 5658 vita
2252 5601 2576 5659 monastica
2599 5604 2702 5660 sub
2743 5602 2929 5667 ﬁnem,
2970 5602 3063 5659 ubi
3089 5603 3237 5658 cives
3272 5616 3403 5658 suos
3446 5601 3710 5656 hortatur

2102 5682 2166 5729 ut
2189 5672 2329 5729 tilias
2364 5688 2496 5730 suos
2533 5674 2601 5730 ad
2631 5674 2965 5730 monasteria
2991 5674 3249 5741 mittant;
3296 5674 3475 5728 immo
3505 5679 3567 5727 ut
3597 5670 3707 5741 ipsi

2100 5744 2455 5817 etiamplicet
2494 5744 2791 5817 conjugati,
2825 5761 2893 5802 eo
2913 5759 2991 5817 se
3017 5744 3323 5817 conferant,
3376 5743 3567 5817 ibique
3595 5741 3703 5797 ali-

2102 5816 2366 5887 quamdiu
2392 5812 2826 5873 commoreiitur.
2847 5816 2932 5873 Ad
2957 5814 3103 5873 hunc
3126 5815 3294 5887 igitur
3316 5812 3551 5871 modum
3572 5826 3713 5868 nos-
