3996 6198
418 296 525 351 259

911 416 1154 476 CAPUT
1190 415 1519 473 XXXVIII.

420 520 567 577 Idem
620 520 944 584 Archebius,
998 533 1259 573 manuum
1307 530 1533 572 suarum
1577 516 1787 580 labore,
1827 515 2023 571 matris

944 590 1182 645 debitum
1221 588 1495 643 dissolvit.-

493 707 688 779 Operae
706 699 941 774 pretium
963 695 1099 753 mihi
1117 693 1332 751 videtur
1354 692 1506 750 aliud
1531 708 1751 767 quoque
1774 692 2022 767 ejusdem

423 800 525 858 viri
567 796 850 856 charitatis
880 806 1018 866 Opus
1059 789 1345 847 memoriae
1376 787 1591 845 tradere
1611 829 1625 856 ,
1655 804 1765 861 quo
1804 796 2025 846 nostra-

421 908 550 963 rum
577 889 814 964 partium
846 883 1100 943 monachi
1130 897 1245 939 non
1270 881 1453 939 solum
1481 882 1846 939 continentia;
1871 882 2024 955 rigo—

419 1002 561 1055 rem,
586 999 777 1041 verum
802 983 968 1040 etiam
998 978 1435 1037 sincerissimum
1460 976 1694 1034 retinere
1714 976 2026 1034 dilectionis

418 1076 701 1145 affectum,
742 1075 905 1132 unius
931 1071 1285 1147 ejusdemque
1313 1071 1418 1127 viri
1450 1070 1810 1126 instituantur
1842 1083 2024 1126 exem-

417 1172 529 1245 plo.
556 1171 665 1227 Hic
697 1183 936 1241 namque
973 1181 1086 1223 non
1115 1162 1343 1236 ignobili
1369 1160 1640 1219 oriundus
1686 1160 1928 1231 familia,
1953 1160 2025 1218 ad

416 1265 816 1323 monasterium
836 1261 985 1335 quod
1010 1276 1040 1316 a
1062 1258 1337 1331 praedicto
1364 1256 1567 1330 oppido
1594 1255 1766 1313 ferme
1787 1263 2027 1327 quatuor

415 1358 660 1415 millibus
689 1357 876 1422 distat,
904 1352 1100 1410 mundi
1131 1350 1294 1424 hujus
1314 1366 1379 1406 ac
1402 1357 1697 1423 parentum
1730 1349 2024 1407 affectione

414 1460 760 1525 contempta,
787 1467 821 1506 a
854 1446 1153 1522 puerilibus
1187 1446 1344 1502 annis
1380 1444 1618 1518 aufugit.
1660 1445 1773 1503 Ubi
1800 1444 1877 1501 ita
1898 1445 2025 1501 vita:

410 1562 533 1621 suae
570 1559 798 1602 omnem
832 1542 1014 1615 exegit
1061 1547 1318 1606 aetatem,
1356 1547 1422 1596 ut
1463 1554 1772 1613 numquam
1800 1553 2027 1611 prorsus

415 1657 514 1713 per
539 1648 689 1695 totos
725 1636 1118 1710 quinquaginta
1152 1648 1328 1690 annos
1354 1648 1466 1689 non
1494 1634 1676 1689 solum
1716 1633 1928 1701 vicum,
1960 1646 2027 1687 ex

415 1751 526 1808 quo
554 1746 805 1806 egressus
832 1738 917 1787 est
934 1771 950 1798 ,
976 1744 1079 1784 nec
1118 1727 1289 1784 fuerit
1317 1727 1595 1799 ingressus
1614 1769 1630 1795 ,
1659 1741 1761 1783 nec
1798 1725 1991 1782 viderit
2008 1768 2025 1797 ,

1763 288 2043 346 JOANNIS
2077 289 2383 347 CASSIANI

2046 418 2094 482 Α
2134 414 2314 487 operis
2365 428 2601 487 pensum
2644 413 2868 471 sibimet
2915 412 3178 486 triplicari
3224 414 3501 487 poposcit.
3553 416 3629 472 Et
3656 416 3732 475 ibi

3621 295 3736 352 260

2130 522 2227 580 per
2248 514 2430 563 totum
2458 505 2587 561 anni
2621 505 2863 578 spatium
2910 503 3103 562 diebus
3135 506 3336 578 pariter
3367 505 3735 581 noctibusque

2129 598 2436 668 desudans,
2477 597 2647 655 debiti
2673 597 2902 655 modum
2948 598 3128 671 operis
3151 598 3352 655 sudore
3375 600 3576 671 partim
3605 604 3740 675 [pa-

2129 694 2333 759 ratum]
2364 688 2729 748 creditoribus
2763 691 3016 763 solvens,
3053 700 3289 749 matrem
3322 694 3476 749 omni
3519 694 3741 769 inquie-

2129 782 2341 841 tudinis
2375 783 2572 855 injuria
2615 784 2893 853 liberavit;
2926 784 3001 841 ita
3038 800 3235 842 eruens
3263 800 3387 843 eam
3408 786 3578 845 debiti
3609 803 3738 847 sar-

2133 879 2276 949 cina,
2315 887 2375 936 ut
2421 878 2561 935 nihil
2605 878 2674 935 de
2716 880 2979 952 propositi
3026 881 3209 953 rigore
3255 880 3361 952 pia;
3404 882 3746 943 necessitatis

2132 973 2359 1030 obtentu
2385 981 2663 1046 pateretur
2686 973 2962 1030 imminui.
2992 977 3073 1030 Ita
3095 974 3499 1033 districtionem
3517 978 3736 1036 solitam

2131 1067 2446 1138 custodivit,
2501 1075 2563 1124 ut
2618 1083 2963 1142 nequaquam
3014 1068 3231 1141 pietatis
3288 1084 3429 1140 opus
3478 1071 3741 1130 maternis

2130 1162 2432 1219 visceribus
2481 1162 2799 1236 denegaret,
2844 1178 3011 1235 quam
3068 1178 3168 1235 pro
3220 1162 3427 1220 Christi
3468 1164 3735 1225 charitate

2129 1256 2282 1329 prius
2333 1256 2675 1329 despexerat,
2721 1271 2823 1329 pro
2878 1255 2994 1329 ejus
3044 1271 3237 1313 rursus
3278 1257 3480 1329 pietate
3528 1274 3735 1333 cogno-

2133 1364 2309 1408 800118.

2663 1463 2904 1520 CAPUT
2938 1463 3217 1521 XXXIX.

2136 1599 2255 1667 Qua
2293 1601 2635 1655 sentinam
2673 1603 2812 1656 senis
2857 1590 3173 1671 cujusdam,
3217 1602 3409 1659 abbati
3461 1606 3738 1671 Simeoni,

2205 1687 2326 1727 cum
2356 1673 2557 1727 otiosus
2594 1676 2757 1740 esset,
2790 1686 2922 1742 opus
2966 1688 3230 1728 manuum
3264 1676 3340 1729 sit
3365 1679 3664 1745 prouisum.

414 1826 512 1882 sed
538 1840 642 1881 nec
663 1823 989 1894 cujusquam
1015 1820 1243 1892 quidem
1267 1818 1513 1884 feminae,
1542 1818 1627 1874 vel
1652 1819 1821 1887 ipsius
1837 1819 2031 1877 matris
2058 1836 2107 1898 Β
2205 1811 2348 1868 Cum
2384 1808 2550 1866 frater
2576 1809 2738 1865 nobis
2777 1809 2984 1882 optime
3008 1809 3210 1868 charus
3233 1812 3463 1869 nomine
3492 1814 3736 1890 Simeon,

414 1933 531 1975 sua;
568 1914 915 1986 conspexerit
948 1914 1182 1969 vultum.
1212 1915 1426 1967 Interea
1468 1919 1624 1983 pater
1660 1920 1842 1969 morte
1881 1928 2028 1985 prai-

416 2019 627 2077 ventus,
660 2013 683 2042 ³
714 2016 936 2063 centum
966 2004 1271 2063 solidorum
1303 2003 1553 2061 debitum
1584 2004 1818 2078 reliquit.
1850 2008 2027 2064 Cum-

413 2121 520 2179 que
543 2104 635 2160 hic
662 2109 808 2159 esset
830 2100 982 2157 omni
1012 2098 1388 2171 inquietudine
1412 2098 1633 2171 penitus
1669 2099 1911 2170 alienus,
1943 2108 2028 2157 ut-

414 2208 542 2273 pote
570 2197 664 2270 qui
705 2194 970 2251 universis
1009 2194 1253 2266 paternis
1276 2192 1635 2250 facultatibus
1664 2202 1812 2251 esset
1842 2204 2027 2251 extor-

388 2293 525 2361 ris,
576 2308 609 2348 a
649 2288 1021 2347 creditoribus
1073 2295 1260 2342 tamen
1313 2287 1609 2357 inquietari
1673 2287 2026 2345 vehementer

413 2386 685 2459 comperit
707 2391 966 2441 matrem.
992 2382 1148 2438 Tunc
1171 2380 1262 2437 hic
1284 2379 1355 2436 ab
1378 2380 1691 2453 evangelico
1719 2381 1812 2437 illo
1842 2381 2024 2454 rigore

414 2495 523 2553 quo
562 2477 791 2535 antehac
819 2476 881 2532 in
910 2482 1057 2532 statu
1102 2488 1368 2547 prospero
1406 2474 1723 2546 parentibus
1758 2473 2027 2530 constitu-

414 2575 517 2643 tis,
546 2588 650 2629 nec
677 2580 890 2644 patrem
918 2569 975 2625 in
1004 2576 1157 2624 terra
1183 2582 1243 2624 se
1279 2574 1434 2624 notat
1462 2566 1718 2625 habuisse
1736 2609 1753 2637 ,
1780 2583 1881 2625 nec
1910 2584 2025 2625 ma-

414 2675 556 2723 trem
576 2708 592 2735 ,
642 2663 862 2737 pietatis
904 2661 1339 2719 consideratione
1385 2661 1629 2718 mollitus
1647 2703 1663 2732 ,
1711 2663 1786 2718 ita
1821 2677 1882 2719 se
1927 2661 2025 2719 ba-

413 2757 546 2813 bere
571 2746 807 2811 credidit
845 2760 1114 2821 matrem,
1154 2743 1183 2783 ¹³
1207 2750 1365 2822 eique
1405 2749 1695 2808 ubvenire
1747 2750 2025 2808 festinavit

415 2862 722 2922 oppressae,
754 2853 815 2902 ut
853 2843 986 2901 nihil
1026 2859 1056 2900 a
1088 2843 1369 2916 proposita
1411 2841 1762 2899 districtione
1795 2842 2017 2901 laxaret.

416 2947 567 3003 Intra
610 2941 932 3001 monasterii
966 2954 1209 3011 namque
1252 2938 1488 2995 claustra
1517 2937 1848 3010 perdurans,
1876 2938 2021 2994 soliti

2135 1905 2352 1977 penitus
2390 1905 2567 1977 Graeci
2609 1905 2883 1962 sermonis
2918 1904 3175 1977 ignarus,
3211 1921 3242 1962 e
3276 1906 3527 1979 partibus
3562 1908 3739 1967 Italia:

2133 2008 2531 2069 commeasset,
2586 1998 2813 2071 quidam
2859 1999 3144 2056 seniorum
3184 2014 3314 2072 erga
3363 2015 3514 2067 eum,
3545 2009 3734 2074 utpote

2135 2094 2515 2166 peregrinum,
2546 2091 2826 2165 charitatis
2867 2106 3008 2164 opus
3037 2101 3058 2129 ε
3082 2092 3327 2164 quodam
3357 2093 3736 2153 redhibitionis

2133 2187 2317 2244 mlore
2352 2187 2578 2260 cupiens
2621 2185 2899 2253 exhibere,
2935 2184 3157 2257 inquirit
3185 2186 3257 2242 ab
3302 2201 3371 2243 eo
3394 2202 3493 2244 cur
3522 2189 3733 2246 otiosus

2132 2280 2344 2337 sederet
2384 2280 2442 2335 in
2478 2279 2637 2343 cella,
2676 2295 2773 2352 per
2818 2278 2925 2335 hoc
2955 2278 3257 2351 conjiciens
3303 2295 3435 2337 eum
3472 2290 3591 2338 tam
3636 2281 3734 2339 otii

2132 2373 2541 2446 pervagatione,
2593 2388 2761 2445 quam
2800 2372 3026 2444 penuria
3068 2374 3503 2432 necessariarum
3546 2390 3735 2432 rerum

2130 2467 2334 2525 diutius
2375 2468 2430 2522 in
2477 2482 2541 2523 ea
2590 2467 2785 2523 durare
2836 2482 2965 2523 non
3000 2482 3179 2538 posse,
3219 2475 3402 2525 certus
3448 2469 3738 2526 neminem

2131 2577 2291 2634 posse
2319 2560 2766 2633 impugnationes
2804 2559 3122 2619 solitudinis
3157 2562 3412 2631 tolerare,
3458 2563 3565 2620 nisi
3604 2578 3738 2621 eum

2131 2654 2223 2726 qui
2256 2653 2490 2726 propriis
2529 2651 2792 2709 manibus
2825 2652 3034 2710 victum
3075 2653 3300 2711 sibimet
3340 2653 3504 2711 fuerit
3545 2670 3737 2727 parare
3770 2676 3775 2679 ν

2129 2754 2433 2804 contentus.
2461 2747 2589 2819 Quo
2618 2746 3002 2821 respondente,
3028 2747 3166 2826 nihil
3194 2764 3252 2805 se
3278 2764 3383 2805 nec
3417 2764 3598 2820 posse,
3630 2765 3730 2807 nec

2132 2842 2424 2915 praevalere
2459 2857 2525 2899 ex
2572 2841 2656 2898 his
2683 2857 2808 2915 quae
2843 2841 2953 2898 illic
2980 2842 3378 2899 exercebantur
3415 2858 3449 2898 a
3478 2842 3733 2900 fratribus

2133 2934 2369 3008 operari,
2399 2922 2427 2966 ἀ
2457 2942 2657 3007 praeter
2699 2933 2977 2992 librariam
3005 2951 3257 3004 manum,
3295 2936 3343 2991 si
3382 2944 3569 2993 tamen
3596 2935 3735 2994 ullus

1521 3048 1777 3103 ALARDI
1815 3048 2038 3102 GAZIEI
2078 3042 2635 3104 COMMENTARIUS.

416 3152 644 3221 lam?_4°
677 3152 754 3205 Ex
785 3148 1042 3221 cassique
1066 3188 1081 3216 ,
1114 3148 1215 3221 qui
1249 3162 1378 3221 non;
1391 3144 1574 3221 solum
1612 3144 1825 3221 in‘hoe
1849 3146 2021 3218 capite
2051 3151 2096 3214 C
2128 3162 2236 3221 qua
2279 3144 2347 3201 de
2386 3159 2447 3201 re
2492 3142 2757 3202 videndus
2811 3148 2886 3201 D.
2929 3144 3193 3221 Ihomas,
3229 3153 3284 3202 et
3326 3147 3597 3221 Navarrus
3640 3147 3724 3217 (S.

412 3218 687 3294 signiﬁcat
722 3214 1315 3294 Archebio‘p'ropriam
1354 3215 1519 3294 fuisse
1548 3217 1821 3294 cellulam,
1851 3214 2017 3294 quam

412 3287 598 3348 tamen
622 3288 864 3346 externis
897 3287 1313 3346 advenientibus
1354 3287 1592 3345 libenter
1631 3287 1885 3359 cedebat}
1921 3287 2019 3347 sed

414 3370 469 3419 et
490 3360 740 3433 superius
750 3359 826 3433 Ade
852 3359 1049 3416 abbate
1071 3360 1364 3418 Theodoro
1390 3360 1619 3431 loquens
1648 3382 1659 3417 :
1690 3362 1821 3418 Cum
1846 3363 2018 3431 inopi-

411 3430 594 3496 natus,
613 3430 818 3503 inquit,
830 3432 905 3503 ad
922 3448 1095 3503 meam
1109 3433 1356 3503 cellulam
1368 3430 1594 3503 uenisset
1610 3436 1752 3503 (cap.
1776 3436 1886 3500 35),
1910 3430 2015 3503 etc.

412 3507 485 3560 Et
532 3502 656 3559 aliis
684 3501 929 3573 pluribus
970 3502 1106 3558 locis
1147 3501 1293 3573 idem
1342 3502 1630 3573 signiﬁcat.
1668 3501 1729 3558 5°
1777 3506 1853 3558 Ex
1889 3501 2018 3559 divo

411 3572 726 3637 Benedicto,
760 3572 892 3627 dum
923 3580 1068 3628 vetat
1095 3587 1162 3625 ne
1185 3572 1365 3640 frater
1393 3572 1467 3627 ad
1490 3575 1724 3639 fratrem
1743 3574 2020 3642 jungatur

413 3648 560 3702 horis
599 3644 1064 3713 incompetentibus
1094 3646 1244 3713 (cap.
1277 3647 1346 3696 48
1378 3644 1632 3713 Regula).
1665 3647 1726 3713 δέ
1757 3644 1830 3697 Ex
1859 3645 2019 3699 Justi-

412 3715 561 3773 niani
608 3713 817 3768 novella
851 3713 1036 3783 quinta
1083 3712 1151 3767 de
1194 3712 1509 3777 monachis,
1540 3727 1663 3782 qua:
1686 3712 1766 3769 sic
1807 3712 1971 3769 habet
2002 3734 2015 3770 :

410 3790 483 3844 Et
510 3785 783 3842 monachis
803 3784 1002 3840 scilicet
1020 3799 1132 3838 una
1154 3783 1373 3853 quidem
1394 3786 1467 3838 sit
1485 3784 1691 3848 domus,
1713 3801 1827 3839 una
1850 3801 2017 3841 aena-

412 3862 487 3915 tio
510 3902 527 3924 ,
571 3858 784 3913 diversa
813 3859 996 3930 tamen
1014 3852 1268 3930 cubicula
1288 3852 1514 3930 (cuique
1524 3854 1787 3930 _vid_elicet
1812 3856 2012 3930 suum)
2054 3920 2064 3930 _

410 3936 464 3987 et
508 3946 610 3999 sua
642 3930 830 3999 cuique
860 3926 1080 3999 egredra.
1130 3929 1192 3980 7°
1232 3924 1580 3999 Exroncilio
1600 3926 1909 3982 Turonensi
1933 3924 2019 3982 se-

410 3998 631 4066 cundo,
664 3994 827 4071 quod
860 3998 1007 4071 idem
1043 3996 1283 4071 decrevit
1316 3995 1400 4053 his
1436 3994 1611 4052 verbis
1654 4000 1815 4071 :_Nec
1856 3999 2017 4054 cellas

411 4076 485 4130 eis
517 4068 838 4143 (monachis)
881 4070 1039 4143 liceat
1070 4069 1264 4143 habere
1310 4069 1731 4133 communes,ubi
1755 4068 1869 4125 bini
1895 4084 2017 4124 ma-

411 4140 597 4206 neant,
627 4142 721 4199 sed
742 4141 1041 4212 singulares
1059 4140 1299 4211 jaceant.

483 4219 508 4247 ⁸
538 4211 770 4286 solidus,
799 4208 895 4286 q'ui
924 4221 979 4268 et
1002 4208 1189 4277 stater,
1215 4208 1358 4285 apud
1380 4218 1591 4286 veteres
1619 4218 1739 4286 tum
1770 4212 1992 4270 Graecos

411 4252 834 4355 ium"L§s33s?
848 4298 1113 4339 nummus
1144 4252 1282 4339 εἶ’δῖ
1287 4298 1514 4352 aureus;
1538 4283 1613 4355 ita
1641 4282 1843 4355 dictus,
1868 4252 2018 4355 quod

405 4354 559 4427 justo
598 4352 841 4427 pondere
885 4363 1003 4427 erat
1039 4368 1355 4427 percussus,
1393 4369 1507 4427 non
1550 4354 1837 4411 dimidiato
1857 4352 1902 4427 ,ί
1923 4362 2019 4411 aut

411 4422 684 4487 trientali,
716 4422 1215 4495 quemadmodum
1282 4423 1569 4495 semisses,
1635 4433 1690 4479 et
1739 4422 2018 4480 tremisses

412 4495 634 4566 (Caelius
662 4493 894 4561 Rhedig.
923 4494 1039 4566 Lg;
1059 4494 1259 4566 Antiq;
1286 4494 1403 4545 lect.
1435 4508 1555 4561 cap.
1588 4499 1656 4566 2;
1688 4496 1923 4550 Budteus
1951 4496 2018 4550 de

408 4563 545 4623 Asse
569 4564 662 4617 lib.
701 4577 761 4617 iv
788 4568 929 4629 etv;
963 4563 1055 4617 lib.
1082 4576 1189 4618 xvr
1214 4564 1395 4629 Etym.
1422 4578 1468 4617 c.
1502 4569 1600 4629 24;
1628 4565 1686 4618 in
1709 4579 1850 4621 c.1n
1878 4569 2018 4621 Eze-

410 4635 636 4704 chielis).
667 4633 814 4688 Hinc
846 4632 1084 4689 Isidorus
1113 4652 1125 4687 :
1156 4631 1403 4699 Solidus,
1443 4631 1652 4703 inquit,
1684 4635 1835 4704 apud
1861 4639 2019 4691 Lati-

408 4723 524 4772 nos,
563 4705 672 4761 alio
706 4706 921 4761 nomine
946 4704 1161 4761 sextula
1191 4704 1401 4767 dictus,
1441 4719 1500 4759 eo
1528 4705 1673 4774 quod
1706 4720 1802 4760 sea:
1828 4708 2018 4763 solidis

408 4780 569 4835 uncia
588 4779 936 4849 compleatur.
962 4779 1115 4833 Hunc
1143 4778 1321 4849 autem
1346 4775 1539 4849 vulgus
1560 4776 1795 4832 solidum
1816 4784 1970 4833 vocat
1986 4822 2003 4844 ,

408 4851 526 4908 ideo
547 4852 679 4923 quia
699 4847 843 4905 nihil
864 4849 952 4923 illi
972 4849 1148 4923 deesse
1174 4848 1447 4923 videatur.
1483 4847 2008 4923 Sgliduman—

408 4916 859 4998 tiquijintegrum
894 4922 1172 4998 dicebant:
1208 4921 1341 4998 Haec
1380 4916 1689 4998 ille_._i’orro
1725 4918 1792 4977 de
1822 4921 2007 4979 valere

408 4940 432 4979 τ
492 4940 550 4979 αι
585 4940 859 4993 integrum
894 4940 1160 4977 αιοεοαητ.
1208 4940 1341 4975 Haec
1380 4940 1485 4974 me.
1518 4940 1689 4977 ιόιτο
1725 4940 1792 4977 ae
1822 4940 2007 4979 νειοῖο

408 4940 567 5050 8ῇὶᾱὶ
596 4994 804 5049 variant
833 4987 1103 5049 auctores.
1134 4991 1370 5062 Quidam
1401 4989 1641 5049 solidum
1669 5000 1723 5049 et
1750 5001 2009 5050 stateram

408 5063 848 5149 sicloﬁebraicp
875 5071 1178 5149 essequam,
1208 5063 1302 5135 qui
1331 5071 1566 5149 quatuor
1599 5063 1853 5149 dragmas
1880 5081 2010 5149 pen-

407 5133 595 5210 debat,
623 5141 761 5210 teste
787 5133 863 5210 _D.
902 5133 1272 5210 Hieronymo,
1313 5133 1450 5205 quas
1496 5133 1728 5210 [lispani
1765 5133 2006 5210 regales,

407 5203 528 5276 ltali
552 5203 891 5276 Julios,__h_oc
919 5203 1297 5276 est,iqu'inque
1320 5203 1467 5276 asses
1495 5203 1754 5273 Gallicos,
1785 5203 2005 5264 vdcant.

407 5274 512 5346 Alii
540 5289 665 5329 vero
695 5272 932 5330 solidum
959 5272 1137 5346 quinis
1167 5272 1535 5346 ﬂorenis,4seu
1561 5272 1799 5333 Caroleis
1827 5280 2001 5334 Fran-

406 5343 483 5401 cis
512 5346 687 5417 valere
710 5353 935 5417 censent
956 5343 1109 5417 {qua
1133 5344 1537 5407 existimatione
1576 5356 1797 5403 centum
1835 5348 1998 5406 solidi

406 5421 512 5490 §00
540 5414 778 5490 florenos
803 5414 1097 5490 efficerent.
1130 5418 1224 5471 Est
1242 5424 1435 5490 autem
1463 5426 1518 5473 et
1542 5426 1841 5490 argenteus
1867 5419 2000 5490 soli-

404 5486 507 5560 dus
532 5487 1131 5560 recentiorisqmonetai,
1158 5487 1253 5558 qui
1279 5495 1332 5542 et
1354 5504 1413 5544 as
1430 5530 1444 5556 ,
1473 5489 1555 5545 vel
1583 5486 1718 5545 assis
1729 5529 1749 5559 ,
1774 5487 1995 5560 dicitur,

403 5558 696 5616 Germanis
738 5556 977 5615 stuferus
1011 5558 1144 5614 satis
1170 5556 1355 5615 notus.

476 5625 502 5662 ³³
528 5633 652 5687 Hoc
690 5629 1230 5702 exemplodocemur
1269 5629 1561 5702 religiosos
1591 5645 1749 5701 posse
1790 5646 1853 5688 ac
1896 5631 1998 5689 de-

402 5699 531 5758 bere
580 5702 692 5759 suis
736 5701 1073 5774 parentibus,
1107 5700 1211 5774 hoc
1262 5699 1393 5768 est;
1429 5700 1564 5774 patri
1596 5699 1655 5774 et
1694 5703 1889 5774 matri,
1942 5705 2001 5761 in

401 5782 644 5847 extrema
672 5771 767 5831 aut
793 5773 940 5847 gravi
978 5771 1295 5828 necessitate
1331 5771 1641 5847 constitutis
1675 5772 1998 5847 subvenire,

400 5845 549 5903 salva
592 5854 783 5904 tamen
797 5842 896 5904 'sui
946 5853 1121 5903 status
1165 5853 1219 5901 et
1246 5842 1600 5916 professionis
1635 5845 1939 5904 substantia
1983 5842 1995 5898 ἐ

2051 4536 2102 4599 D

2133 3219 2313 3274 Thom.
2341 3220 2457 3285 2-2,
2489 3233 2547 3286 q.
2591 3222 2714 3286 101,
2744 3233 2799 3271 α.
2826 3224 2891 3284 4;
2921 3218 3124 3273 Navar.
3156 3223 3433 3273 mmment.
3474 3224 3505 3273 3
3533 3218 3599 3274 de
3621 3221 3728 3276 Re-

2127 3288 2352 3360 gular.).
2385 3292 2453 3360 Et
2482 3285 2709 3360 quidem
2735 3286 2790 3342 in
2823 3286 2931 3360 hoc
2961 3289 3232 3360 exemplo,
3254 3289 3364 3345 duo
3390 3297 3519 3345 sunt
3545 3289 3730 3347 obser-

2128 3357 2398 3431 vanda:et
2439 3357 2701 3414 imitanda
2733 3379 2763 3431 :_
2793 3357 3050 3431 primum,
3090 3357 3238 3431 quod
3294 3360 3595 3416 monachus
3632 3361 3721 3418 ille

2126 3446 2223 3487 seu
2265 3429 2466 3503 abbas,
2516 3437 2577 3485 ut
2609 3429 3047 3503 matriq'afilictae
3090 3429 3452 3503 succurreret,
3490 3431 3727 3503 propriis

2126 3501 2381 3573 manibus
2409 3500 2465 3555 in
2498 3500 2832 3573 monasterio
2861 3501 2935 3556 ita
2962 3516 3065 3572 per
3088 3502 3219 3573 anni
3252 3500 3725 3573 spatium'labora-

2126 3572 2297 3645 vit,_ut
2321 3578 2501 3645 totum
2526 3570 2658 3626 illud
2682 3569 2927 3645 debitum
2952 3569 3535 3645 exsolveretq;'alterum
3572 3573 3726 3645 quod

2129 3642 2195 3723 id.
2211 3641 2399 3723 fecerit
2436 3641 2641 3723 absque
2668 3641 2953 3723 dispendio
2984 3657 3099 3723 sua;
3143 3642 3509 3723 professionis,
3525 3641 3608 3723 Δεἰ
3625 3644 3725 3723 de-

2127 3712 2387 3769 trimento
2427 3712 2601 3786 solita:
2626 3712 2973 3777 austeritatis,
3009 3714 3112 3782 vel,
3145 3712 3219 3770 ut
3252 3716 3490 3786 loquitur
3515 3715 3727 3772 Cassia-

2127 3800 2251 3869 ειυερ
2273 3789 2335 3839 υτ
2355 3784 2497 3869 nihil
2523 3784 2591 3869 βε
2612 3787 2879 3867 propositi
2890 3787 3081 3869 more
3105 3788 3214 3856 παίω
3235 3784 3730 3869 "resistere

2127 3860 2281 3911 textu
2322 3859 2606 3926 pateretur
2647 3857 2918 3926 imminui.
2959 3857 3230 3914 Caeterum
3267 3857 3354 3912 hic
3393 3857 3517 3914 vide
3543 3857 3734 3915 divum

2123 3924 2482 4008 Basiliuinjp
2512 3925 2829 4008 ‘Constitut.
2879 3928 3173 4008 monastic.
3237 3928 3414 4008 capite
3466 3928 3731 4001 vigesimo

2125 3998 2324 4068 primo,
2367 3996 2460 4054 ubi
2497 3995 2657 4053 docet
2684 3996 2964 4068 quomodo
3005 4013 3065 4054 se
3105 3995 3733 4071 gerere'debeat'mona-

2125 4067 2268 4125 chus
2320 4083 2447 4153 erga
2477 4076 2783 4153 parentes"
2803 4084 2886 4153 ac.
2916 4069 3254 4153 propinquos
3307 4070 3625 4153 saeculares,
3658 4080 3730 4153 et

2123 4154 2319 4196 eorum
2352 4137 2586 4196 nimiam
2611 4137 3062 4209 familiaritatem,
3098 4137 3291 4196 curam
3319 4150 3373 4197 et
3403 4137 3730 4200 sollicitudi-

2122 4225 2249 4267 nem
2275 4211 2569 4282 deponere.

2195 4285 2219 4314 ο
2248 4281 2440 4355 Idmest
2482 4288 2692 4338 mutuas
2734 4281 3200 4355 compepsationis
3239 4291 3293 4339 et
3329 4282 3727 4355 retributionis,

2123 4351 2256 4408 dum
2295 4351 2394 4423 ille
2434 4367 2657 4423 operam
2700 4351 2988 4423 scribendo
3030 4362 3335 4423 praestaret,
3380 4362 3437 4412 et
3472 4351 3731 4413 alimenta

2124 4422 2363 4496 vicissim
2396 4422 2712 4495 perciperet.
2748 4422 2912 4496 Quod
2937 4422 3182 4496 inferius
3213 4425 3343 4482 dicit
3380 4445 3394 4479 :
3446 4427 3603 4482 Velut
3637 4426 3730 4482 de-

2130 4494 2419 4567 colore
2443 4494 2693 4567 mercari.
2718 4494 3019 4567 Dionysius
3047 4495 3231 4567 habet,
3268 4497 3614 4554 redditionis.
3645 4498 3734 4555 De

2126 4564 2510 4621 redhibitionis
2545 4566 2813 4623 vocabulo
2846 4564 2971 4623 vide
3008 4566 3165 4639 plura
3194 4567 3288 4624 lib.
3329 4583 3407 4638 iv,
3436 4584 3561 4641 cap.
3587 4574 3645 4639 4,
3670 4577 3725 4626 et

2127 4635 2322 4692 Collat.
2365 4641 2426 4691 21
2458 4652 2507 4693 c.
2538 4643 2624 4693 33.

2172 4652 2322 4691 Ollat.
2365 4652 2426 4691 21
2458 4652 2507 4693 C.
2538 4652 2624 4693 33.

2197 4693 2226 4738 ἀ
2264 4707 2511 4764 Libraria
2548 4723 2746 4766 manus
2784 4717 2867 4765 est
2904 4724 3102 4767 manus
3133 4708 3433 4767 scribendis
3465 4709 3620 4766 libris
3642 4723 3731 4767 as-

2116 4780 2733 4854 sueta,‘aut__scribend_i
2761 4780 2955 4854 perita,
2991 4781 3080 4837 vel
3117 4782 3238 4854 ipsa
3262 4781 3722 4854 scribendiperi-

2113 4851 2204 4906 tia.
2234 4849 2468 4921 Librarii
2489 4849 3241 4921 Romanis'dicebanturfqui
3272 4851 3441 4908 libros
3470 4853 3525 4908 in
3549 4849 3731 4909 lucem

2113 4920 2354 4994 edendos
2377 4922 2629 4978 mercede
2653 4923 2767 4994 sive
2794 4922 2971 4994 pretio
2992 4920 3377 4981 describebant
3403 4943 3416 4978 :
3445 4923 3497 4979 hi
3528 4925 3731 4981 Romae

2117 4993 2173 5067 in
2219 4993 2485 5067 Aijgilleto
2523 5009 2653 5067 suas
2684 4992 2957 5067 tabernas,
2980 4994 3271 5067 habebant,
3303 5009 3425 5067 qua;
3462 5004 3517 5051 et
3555 4994 3728 5053 libra-

2115 5065 2213 5121 ria:
2242 5063 2580 5122 dicebantur.
2603 5063 2768 5123 Unde
2795 5065 3063 5121 Martialis
3088 5066 3159 5123 ad
3181 5063 3386 5123 librum
3407 5082 3569 5123 suum
3601 5083 3617 5122 :

2253 5180 2578 5242 Argilletanas
2603 5180 2763 5230 mavis
2792 5180 3013 5233 habitare
3036 5182 3302 5243 tabernas;

2308 5244 2432 5294 Cum
2464 5243 2573 5305 tibi,
2602 5256 2751 5307 parve
2773 5244 2917 5305 liber,
2946 5244 3126 5294 scrinia
3154 5248 3328 5296 nostra
3358 5246 3559 5295 vacent.

2110 5352 2181 5425 D_.
2195 5351 2572 5425 Hieronymus
2596 5350 2659 5425 in,
2674 5349 2899 5422 epistola
2919 5350 2987 5408 ad
3002 5351 3366 5425 Heliodorum
3391 5353 3601 5425 (Epist.
3627 5356 3727 5425 ξω,

2108 5422 2205 5477 ubi
2227 5422 2349 5477 vide
2370 5422 2575 5478 scholia
2601 5424 2842 5496 Muciani
2849 5426 2876 5496 )Δ
2889 5439 3024 5496 suos
3049 5423 3303 5481 librarios
3333 5422 3513 5490 vocat,
3547 5422 3639 5496 qui
3671 5431 3729 5480 et

2106 5507 2471 5549 amanuenses
2511 5501 2604 5549 aut
2642 5493 2901 5550 tabularii
2949 5495 3222 5552 dicuntur.
3281 5497 3354 5553 Et
3391 5496 3459 5552 ad
3494 5493 3726 5552 Niceam

2108 5562 2508 5620 subdiaconum
2549 5564 2623 5620 ita
2652 5564 2846 5621 scribit
2881 5584 2895 5622 :
2934 5568 3077 5625 Nam
3103 5566 3264 5624 rudes
3293 5568 3381 5623 illi
3412 5568 3586 5623 Italia
3620 5565 3723 5621 lio-

2106 5636 2297 5709 mines,
2328 5651 2469 5709 quos
2491 5637 2675 5692 Cascos
2703 5640 2914 5695 Ennius
2955 5638 3235 5709 appellat,
3277 5641 3375 5709 qui
3411 5640 3535 5701 sibi,
3570 5641 3631 5692 ut
3660 5639 3723 5692 in

2108 5708 2406 5781 Rhetoricis
2445 5708 2622 5766 Cicero
2662 5710 2771 5773 ait,
2803 5711 2918 5765 ritu
2943 5708 3121 5777 ferino
3144 5708 3342 5765 victum
3381 5710 3719 5781 quaerebant,

2110 5782 2236 5834 ante
2254 5780 2457 5835 charta:
2480 5785 2578 5835 aut
2595 5781 3038 5837 membranarum
3056 5797 3234 5845 usum,
3255 5785 3352 5836 aut
3368 5784 3425 5835 in
3450 5780 3723 5836 dedolatis

2109 5866 2138 5906 e
2160 5851 2303 5921 ligno
2338 5852 2595 5909 codicillis
2616 5894 2631 5915 ,
2680 5856 2779 5909 aut
2821 5856 2878 5909 in
2918 5853 3198 5910 corticibus
3232 5853 3492 5909 arborum
3531 5854 3722 5907 mutuo
