3996 6198
387 279 493 337 263

1729 263 2008 322 JOANNIS
2043 261 2348 320 CASSIANI

3516 293 3525 303 ο
3591 259 3697 314 264

385 399 614 459 fratrem
648 397 861 455 militiai
898 396 1107 470 laqueis
1149 393 1473 467 obligatum,
1503 398 1560 448 et
1592 389 1845 462 apprime
1883 389 1988 445 La-
2015 401 2069 454 Α
2093 386 2298 443 nentiae
2321 383 2501 457 rigore
2525 382 2709 440 dicere
2732 378 2938 454 aliquid
2960 379 3371 454 proposuimus,
3394 377 3620 437 affectio
3643 390 3700 440 et

389 494 522 551 tinis
555 493 885 549 instructum
904 530 920 558 ,
960 490 1050 546 cui
1085 487 1157 545 de
1197 486 1496 558 Scripturis
1536 484 1744 541 sanctis
1780 481 1990 556 aliquid

388 590 459 648 ad
484 588 776 664 legendum
805 584 1188 644 mdiﬁcationis
1211 583 1329 655 ejus
1351 582 1584 647 obtentu
1610 580 1991 637 transmittere

388 684 568 757 cupio.
624 686 818 753 Itaque
868 680 1130 736 Simeone
1176 676 1320 732 hanc
1370 675 1717 731 occasionem
1762 672 1911 729 velut
1954 689 1986 730 a

384 782 504 835 Deo
544 777 789 834 oblatam
824 774 925 830 sibi
957 778 1233 846 gratanter
1265 769 1615 841 suscipiente,
1647 783 1812 825 senex
1840 783 1986 840 quo-

384 887 497 944 que
540 870 782 927 colorem
802 909 819 936 ,
858 867 1014 940 cujus
1053 873 1323 936 praetextu
1371 863 1589 937 pietatis
1635 878 1774 934 opus
1819 854 1991 917 libere

385 967 569 1031 posset
601 957 848 1028 implere,
891 955 1153 1011 libentius
1188 953 1500 1025 amplexus,
1547 950 1843 1008 confestim
1871 964 1987 1005 non

385 1053 562 1110 solum
593 1052 873 1108 universas
901 1052 949 1107 ei
980 1049 1328 1106 necessitates
1362 1047 1465 1103 sub
1506 1045 1736 1102 obtentu
1779 1059 1988 1101 merce-

384 1146 520 1203 dum
553 1145 722 1203 totius
752 1146 881 1201 anni
911 1142 1184 1209 convexit,
1217 1156 1409 1197 verum
1437 1140 1605 1197 etiam
1636 1139 1985 1195 membranas

384 1249 439 1296 et
474 1239 747 1305 utensilia,
791 1253 913 1309 quin
952 1236 1020 1293 ad
1061 1234 1417 1292 scribendum
1453 1233 1761 1289 necessaria
1802 1238 1978 1297 erant,

384 1339 769 1403 comportans,
806 1329 1019 1400 recepit
1060 1335 1185 1401 post
1228 1325 1478 1385 codicem
1514 1326 1784 1398 scriptum
1818 1323 1984 1381 nullis

387 1425 578 1483 usibus
605 1424 687 1480 vel
723 1422 1035 1479 commodis
1073 1420 1428 1494 profuturum
1464 1420 1683 1492 (quippe
1714 1417 1984 1505 universis

384 1519 441 1575 in
473 1518 563 1574 illa
588 1517 809 1589 regione
836 1515 1035 1571 notitia
1064 1514 1266 1585 lingua
1297 1512 1458 1583 hujus
1483 1512 1703 1582 penitus
1731 1511 1982 1583 ignaris),

384 1620 584 1685 praeter
612 1609 668 1665 id
698 1607 844 1681 quod
882 1608 983 1663 hac
1008 1606 1309 1663 subtilitate
1331 1614 1663 1676 sumptuque
1688 1604 1984 1676 prolixiore

386 1714 663 1763 mercatus
693 1713 804 1771 est;
847 1699 1316 1773 quemadmodum
1351 1707 1407 1755 et
1433 1699 1521 1754 ille
1552 1699 1671 1753 sine
1699 1694 1986 1753 confusio-

2099 494 2267 551 opera
2306 476 2589 534 charitatis
2624 473 2880 532 videntur
2912 472 3179 543 admixta,
3213 488 3433 529 rursum
3469 472 3541 529 ad
3573 489 3701 546 pro-

2097 571 2337 644 positum
2364 576 2720 635 revertentes,
2745 566 3025 640 quoddam
3049 581 3346 638 puerorum
3376 573 3563 635 aetate,
3582 582 3698 624 non

2094 679 2279 733 sensu,
2306 663 2516 720 factum
2539 661 2906 718 memorabile
2928 659 3192 733 opusculo
3220 657 3349 714 huic
3368 658 3694 716 inseremus.

2097 760 2240 815 Nam
2266 772 2395 814 cum
2420 756 2563 812 ultra
2596 769 2821 812 omnem
2857 753 3279 811 admirationem
3306 751 3445 808 ﬁcus
3470 752 3695 826 quidam
3734 780 3739 787 ε

2096 857 2118 880 ⁸
2159 850 2228 907 de
2271 852 2537 908 Mareotaa
2576 849 2769 921 Libya:
2812 849 3084 921 partibus,
3126 847 3276 903 velut
3313 861 3434 903 rem
3472 855 3603 904 ante
3642 848 3700 906 in

2096 944 2217 1002 loco
2259 946 2354 1002 illo
2391 961 2506 1001 non
2547 944 2743 1010 visam,
2779 943 2967 999 abbati
2999 941 3203 998 Joanni
3245 955 3542 998 mconomo
3578 934 3607 974 δ
3642 941 3696 999 in

2094 1054 2283 1096 eremo
2314 1038 2502 1111 Scythi
2540 1036 2865 1105 detulisset,
2908 1036 3003 1109 qui
3042 1035 3497 1107 dispensationem
3526 1035 3697 1107 ipsius

2093 1133 2336 1190 ecclesia;
2366 1130 2708 1203 temporibus
2735 1133 2760 1164 ο
2787 1129 2931 1186 beati
2976 1127 3270 1199 Paphnutii
3301 1128 3595 1201 presbyteri
3626 1128 3697 1186 ab

2091 1224 2287 1281 eodem
2313 1225 2415 1281 sibi
2451 1224 2720 1281 creditam
2748 1222 3090 1296 gubernabat
3121 1238 3136 1275 :
3170 1220 3260 1277 hic
3285 1220 3569 1277 confestim
3600 1237 3697 1279 eas

2092 1317 2163 1375 ad
2182 1333 2371 1374 senem
2394 1319 2711 1390 quemdam,
2742 1317 2837 1388 qui
2872 1317 2926 1371 in
2951 1314 3305 1371 interioribus
3330 1313 3527 1370 deserti
3549 1314 3693 1372 mala

2092 1411 2405 1467 valetudine
2426 1410 2726 1479 laborabat,
2749 1424 2846 1483 per
2866 1408 3009 1465 duos
3035 1407 3471 1464 adolescentulos
3493 1407 3648 1464 misit
3673 1425 3691 1463 :

2091 1504 2359 1576 siquidem
2401 1504 2598 1560 decem
2637 1512 2694 1559 et
2727 1510 2857 1559 octo
2890 1501 3133 1559 millibus
3162 1503 3327 1574 longe
3363 1499 3432 1556 ab
3469 1501 3693 1558 ecclesia

2092 1599 2493 1655 commanebat.
2520 1598 2628 1668 Qui
2645 1585 2674 1630 δ
2700 1597 2881 1670 pomis
2906 1597 3167 1668 acceptis,
3191 1611 3323 1652 cum
3348 1594 3419 1651 ad
3445 1594 3692 1667 praedicti

2093 1693 2241 1749 senis
2296 1693 2584 1749 tenderent
2630 1692 2853 1761 cellam,
2909 1690 3056 1763 quod
3104 1690 3181 1749 ibi
3246 1689 3503 1762 perfacile
3554 1691 3695 1748 solet

383 1800 473 1855 nis
505 1794 857 1863 verecundia,
891 1794 1091 1849 merito
1132 1793 1334 1847 laboris
1366 1800 1422 1847 et
1461 1791 1644 1863 operis
1682 1790 1767 1845 sui
1796 1803 1984 1845 neces-
2018 1806 2066 1869 Β
2094 1784 2262 1841 etiam
2292 1784 2597 1841 senioribus
2624 1783 2863 1850 evenire,
2909 1782 3091 1840 infusa
3116 1790 3339 1854 repente
3365 1781 3694 1839 densissima

382 1891 523 1947 saria
558 1889 733 1944 victus
765 1887 1026 1944 alimenta
1060 1885 1390 1957 perciperet,
1421 1892 1475 1940 et
1509 1883 1625 1955 ipse
1659 1881 1984 1938 muniﬁcen-

386 1983 480 2039 tiae
513 1996 628 2038 suae
660 1980 922 2053 pietatem
958 1987 1242 2049 tamquam
1276 1975 1446 2032 debiti
1475 1975 1804 2031 necessitate
1830 1982 1981 2030 coni-

386 2073 583 2144 pleret;
623 2084 689 2124 eo
732 2065 1104 2124 abundantius
1139 2064 1448 2121 mercedem
1483 2064 1589 2121 sibi
1629 2065 1979 2136 conquirens,

386 2181 498 2238 quo
521 2162 733 2219 ambitu
758 2159 970 2231 majore
987 2158 1274 2231 peregrino
1291 2157 1450 2213 fratri
1472 2174 1586 2215 non
1607 2160 1788 2215 solum
1807 2158 1982 2215 victus

382 2255 708 2322 necessaria,
740 2269 933 2310 verum
959 2254 1129 2310 etiam
1165 2254 1346 2325 operis
1374 2253 1741 2311 instrumenta
1769 2262 1823 2311 et
1847 2269 1981 2326 ope-

381 2348 538 2407 randi
568 2347 916 2405 occasionem
946 2346 1151 2418 pariter
1177 2345 1517 2402 contulisset.

973 2487 1219 2544 CAPUT
1256 2487 1383 2541 XL.

384 2609 459 2664 De
488 2608 676 2677 pueris
715 2608 816 2675 qui
850 2606 1150 2672 deferentes
1187 2604 1263 2659 ad
1299 2607 1647 2677 aegrotantem
1684 2605 1836 2671 ﬁcus,
1878 2617 1983 2657 non

486 2675 791 2747 Etegustatis
819 2676 1035 2740 eisdem,
1065 2678 1211 2755 fame
1240 2677 1299 2729 in
1336 2690 1506 2730 eremo
1542 2675 1872 2741 defecerunt.

452 2812 559 2871 Sed
587 2813 854 2887 quoniam
882 2813 937 2868 in
974 2812 1096 2869 loco
1132 2812 1227 2869 ubi
1266 2811 1335 2869 de
1354 2810 1692 2884 jejuniorum
1725 2818 1781 2867 et
1798 2790 1984 2867 rcouti-
2021 2854 2034 2866 .

2092 1877 2313 1945 nebula,
2338 1878 2621 1933 tramitem
2648 1876 2784 1932 recti
2809 1876 3023 1932 itineris
3046 1874 3413 1947 perdiderunt.
3443 1876 3693 1947 Cumque

2091 1977 2209 2026 tota
2240 1971 2326 2026 die
2352 1978 2407 2027 et
2431 1978 2595 2026 nocte
2632 1969 3003 2026 discurrentes
3029 1984 3126 2041 per
3158 1968 3341 2023 aviam
3367 1968 3533 2023 eremi
3563 1984 3687 2024 vas-

2090 2065 2308 2121 titatem
2327 2106 2343 2132 ,
2379 2079 2724 2135 nequaquam
2756 2064 3066 2136 potuissent
3096 2063 3418 2136 aegrotantis
3443 2062 3692 2118 cellulam

2089 2161 2347 2233 reperire,
2378 2167 2493 2215 tam
2530 2159 2741 2215 itineris
2772 2157 3127 2225 lassitudine,
3159 2173 3323 2229 quam
3350 2156 3539 2213 inedia
3565 2157 3690 2213 siti-

2090 2266 2197 2324 que
2228 2242 2476 2319 eo'nfecti,
2508 2251 2631 2308 ﬁxis
2666 2251 2913 2325 genibus,
2946 2251 3001 2307 in
3029 2240 3299 2307 orationis
3320 2250 3507 2306 oilicio
3535 2250 3692 2323 spiri-

2090 2353 2212 2402 tum
2240 2346 2480 2401 Domino
2507 2345 2879 2402 reddiderunt.
2908 2345 3012 2415 Qui
3040 2353 3163 2417 post
3189 2344 3308 2402 haec
3335 2344 3690 2416 vestigiorum

2089 2451 2319 2495 suorum
2361 2437 2567 2493 indiciis
2607 2437 2912 2494 diutissime
2953 2437 3257 2509 perquisiti,
3299 2452 3423 2510 quae
3461 2437 3516 2491 in
3555 2437 3692 2494 locis

2090 2532 2197 2587 illis
2234 2532 2479 2587 arenosis
2516 2539 2797 2603 tamquam
2829 2532 3042 2588 nivibus
3076 2531 3338 2603 impressa
3370 2530 3686 2603 signantur,

2089 2623 2266 2680 donec
2298 2640 2361 2681 ea
2405 2626 2487 2680 vel
2527 2626 2630 2682 levi
2668 2634 2959 2682 ventorum
2994 2626 3128 2682 ﬂatu
3168 2626 3349 2681 tenuis
3379 2641 3547 2681 arena
3578 2625 3691 2682 dis-

2090 2733 2315 2774 currens
2336 2734 2532 2775 rursus
2555 2720 2791 2791 operiat,
2817 2719 3026 2776 inventi
3054 2728 3182 2775 sunt
3209 2719 3343 2775 ﬁcus
3364 2720 3601 2775 intactas
3626 2728 3691 2775 ut

2086 2819 2409 2879 acceperant
2449 2826 2754 2868 reservasse
2794 2833 2807 2868 :
2840 2816 2864 2844 ε
2908 2811 3166 2883 eligentes
3198 2812 3405 2868 scilicet
3448 2812 3687 2869 animam

1472 2933 1727 2987 ALARDI
1766 2931 1991 2987 GAZEI
2029 2931 2593 2990 COMMENTARIUS.

381 3044 511 3106 cisa,
552 3043 765 3111 reliqua
807 3057 967 3096 carne
1007 3044 1065 3096 in
1094 3041 1370 3111 pulverem
1402 3041 1641 3095 redacta.
1688 3041 1824 3095 Haec
1866 3039 1977 3109 ille,

2087 3040 2295 3114 ralem)~
2320 3056 2488 3113 quam
2529 3041 2712 3114 ﬁdem
2734 3040 2998 3113 depositi,
3034 3057 3231 3114 nempe
3266 3041 3545 3114 fructuum
3578 3041 3683 3114 (sibi

381 3112 590 3184 addens
618 3109 683 3165 iri
709 3110 1087 3184 testimonium
1117 3109 1254 3163 tanti
1289 3110 1538 3184 miraculi
1576 3125 1805 3184 manum
1834 3125 1980 3167 eam-
2008 3120 2052 3183 Ο
2090 3109 2548 3184 commissorum,
2585 3109 2830 3184 perdere.
2865 3115 2945 3184 lta
2975 3109 3438 3184 enimrl'egendum
3472 3112 3682 3184 potius,

381 3181 508 3238 dem
539 3195 713 3252 usque
743 3180 918 3252 hodie
926 3179 988 3252 in
1016 3179 1349 3252 monasterio
1377 3181 1664 3237 asservari.

454 3254 479 3283 ³
507 3249 706 3324 Libya,
745 3251 824 3324 vel
855 3250 1045 3324 Libya:
1076 3250 1493 3324 regio__.dj2gypto
1527 3254 1895 3319 contermina,
1927 3262 1982 3310 et

382 3319 732 3394 Alexandria:
764 3319 976 3394 vicina,
998 3319 1512 3394 teste'Plini6'(Lib.
1554 3339 1595 3379 v
1623 3326 1789 3388 Hist.,
1817 3342 1863 3380 c.
1899 3330 1974 3389 9).

384 3392 561 3466 Hujus
604 3407 728 3464 pars
761 3401 845 3466 est
883 3392 1055 3466 Libya
1091 3392 1394 3466 Mareotis,
1438 3395 1552 3450 sive
1586 3397 1853 3451 Mareota.
1905 3399 1973 3451 D.

382 3463 756 3535 Hieronymus
789 3463 923 3520 duas
952 3463 1158 3535 Libyas
1198 3463 1349 3531 facit,
1377 3463 1557 3520 unam
1597 3466 1976 3535 Cyrenaicam,

379 3532 448 3588 de
475 3549 581 3604 qua
597 3532 821 3589 dictum
851 3542 935 3590 est
958 3532 1080 3590 Act.
1110 3550 1159 3590 II
1185 3553 1197 3588 :
1229 3539 1299 3591 Et
1316 3541 1504 3606 partes
1529 3532 1732 3604 Libya},
1755 3554 1877 3606 quce
1902 3543 1977 3592 est

380 3606 521 3678 circa
556 3606 838 3678 Cyrenem;
869 3606 1109 3678 alteram
1136 3605 1434 3678 {lithiOpiae
1466 3606 1725 3675 vicinam,
1765 3605 1836 3662 de
1869 3624 1976 3678 qua

380 3674 677 3730 Hieremiae
705 3691 851 3731 XLVI
875 3683 931 3731 et
956 3674 1256 3731 Ezechielis
1278 3674 1410 3733 XXX
1439 3678 1521 3747 (D.
1544 3674 1762 3732 Hieron.
1793 3680 1849 3731 in
1878 3674 1977 3734 Lo-

381 3748 453 3799 cis
478 3746 790 3799 Hebraicis).

381 3748 461 3811 cis,
478 3748 790 3811 Hebraicis).

450 3809 478 3847 ⁸³
510 3820 591 3872 De
627 3816 727 3872 hac
753 3809 1095 3889 eremo,sive
1122 3816 1418 3889 solitudine
1444 3816 1655 3889 Scythi,
1688 3818 1769 3873 vel
1805 3820 1973 3885 Sceti,

377 3885 551 3960 deque
586 3888 872 3960 monachis
905 3888 1014 3943 illic
1034 3885 1795 3960 commorantibus'frequens
1826 3906 1978 3947 men-

376 3958 633 4041 tio'apud.
652 3959 975 4041 Palladium,
1003 3958 1324 4041 Evagrium,
1350 3958 1695 4041 Cassianum2
1724 3962 1977 4018 Sozome-

376 4029 536 4096 num,
566 4029 959 4104 Nicephorum.
993 4037 1049 4104 et
1077 4029 1609 4104 alios.A_Sozomenus
1638 4031 1732 4086 lib.
1766 4047 1811 4100 ι,
1849 4048 1969 4104 cap.

381 4106 468 4168 14,
492 4107 547 4156 et
571 4099 624 4156 in
666 4099 908 4157 Historia
942 4102 1183 4173 Tripart.
1221 4101 1315 4157 lib.
1351 4116 1371 4156 ι
1403 4116 1520 4171 cap.
1555 4105 1613 4156 11
1652 4099 1827 4158 lacum
1861 4099 1975 4160 Ma-

377 4186 522 4236 reos,
564 4173 642 4228 vel
676 4175 941 4237 Maream,
970 4173 1215 4229 Scethim
1254 4180 1309 4228 et
1351 4172 1588 4228 Nitriam
1626 4176 1971 4231 contermina

376 4250 470 4298 aut
496 4242 669 4297 vicina
700 4245 816 4299 loca
844 4259 960 4299 esse
984 4244 1203 4299 indicat.

446 4314 471 4343 ο
509 4313 990 4385 Paphnutiushic
1029 4315 1202 4370 abbas
1244 4322 1300 4385 et
1347 4314 1629 4385 presbyter
1679 4315 1733 4370 in
1783 4331 1971 4372 eremo

375 4379 776 4467 ubi
814 4382 884 4467 ad
908 4391 1207 4467 extremam
1238 4379 1635 4467 vixit‘aetat'em,
1664 4393 1720 4440 et
1746 4396 1972 4467 propter

377 4397 658 4505 scythica,
682 4397 776 4443 uni
814 4397 884 4461 an
908 4397 1207 4437 extremam
1238 4397 1369 4437 Vixit
1396 4397 1635 4451 aetatem,
1664 4397 1720 4440 et
1746 4397 1970 4467 propter

377 4465 440 4505 so
466 4449 967 4526 Itudimsstudium
999 4453 1240 4526 Bubalus
1273 4459 1326 4526 et
1351 4453 1584 4526 Cepheia
1618 4471 1970 4526 cognomina-

377 4528 466 4575 tus
494 4529 585 4597 est
618 4541 630 4575 :
676 4520 743 4597 de
772 4535 881 4597 quo
907 4520 1198 4597 Cassianus
1242 4520 1488 4597 pluribus
1530 4523 1590 4578 in
1628 4520 1790 4597 locis,
1824 4542 1971 4597 prae-

375 4590 567 4665 sertim
605 4590 895 4665 collatione
922 4592 1123 4665 tertia,
1161 4606 1327 4662 quam
1372 4591 1548 4665 eidem
1592 4590 1838 4649 ascribit:
1885 4599 1966 4653 De

374 4662 570 4719 eodem
612 4660 885 4733 Palladius
916 4660 1191 4718 Lausiaca
1216 4668 1283 4717 62
1318 4669 1374 4716 et
1414 4660 1661 4733 sequent.
1711 4666 1968 4724 Meminit

374 4733 622 4803 ejusdem
656 4730 1000 4803 Nicephorus
1038 4733 1127 4790 lib.
1168 4748 1259 4799 IX,
1294 4749 1414 4803 cap.
1453 4730 1507 4789 4.
1545 4734 1668 4789 Fuit
1696 4736 1832 4792 alius
1860 4740 1962 4793 Pa-

374 4751 403 4789 e
430 4751 622 4791 usuem
656 4751 1000 4803 mcepnorus
1038 4751 1127 4790 nn.
1168 4751 1259 4799 Ix,
1294 4751 1414 4803 cap.
1453 4751 1507 4789 4.
1545 4751 1668 4789 ruit
1696 4751 1832 4792 anus
1866 4751 1962 4793 va-

372 4751 633 4878 piinutius
661 4805 837 4861 multo
868 4804 1147 4878 antiquior
1176 4804 1459 4878 Cassiano,
1481 4806 1734 4878 idemque
1761 4808 1964 4865 confes-

370 4874 464 4953 sor
496 4878 746 4953 illustris,
768 4884 839 4953 _et
873 4874 1169 4953 superioris
1200 4874 1832 4953 'I_‘hebaidis_episcopus,
1869 4881 1963 4953 qui

370 4949 472 5020 sub
496 4949 780 5006 Maximini
798 4947 1183 5020 persecutione
1211 4947 1406 5003 dextro
1431 4948 1658 5005 orbatus
1689 4947 1965 5016 oculofet

371 5019 544 5089 altero
582 5019 1061 5089 poplitefsucciso,
1101 5019 1281 5077 adhuc
1317 5030 1613 5088 superstes,
1643 5036 1769 5077 cum
1798 5032 1963 5080 cente-

372 5088 449 5143 ris
472 5087 718 5165 interfuit
746 5087 969 5144 Nicaano
989 5092 1217 5165 concilio
1244 5092 1580 5165 temporibus
1604 5087 1787 5165 magni
1815 5095 1959 5151 Con-

373 5159 618 5246 stantini
636 5159 969 5246 imperatus:
1001 5176 1109 5246 quo
1137 5163 1299 5246 etiam
1326 5159 1525 5246 magno
1550 5163 1603 5217 in
1631 5159 1841 5246 honore
1870 5166 1965 5222 ha-

370 5228 644 5305 bitps_est.
670 5228 762 5305 D’_e_
779 5246 889 5305 quo
916 5228 1147 5305 Ruﬁnus
1176 5231 1268 5287 lib.
1302 5247 1324 5287 ι
1360 5228 1569 5305 Hister.
1605 5250 1726 5305 cap;
1755 5240 1806 5290 4.

443 5287 473 5381 f‘
513 5301 670 5356 Ficus
709 5287 848 5355 dixit
873 5302 1122 5381 superius
1167 5321 1178 5355 :
1215 5318 1379 5372 poma
1412 5287 1531 5381 jam
1561 5287 1827 5381 geminat.
1860 5307 1964 5381 Est

371 5371 514 5425 enim
542 5385 767 5447 pomum
788 5371 1038 5447 generale
1061 5371 1264 5447 nomen
1288 5371 1540 5447 omnium
1564 5372 1846 5430 fructuum
1870 5376 1963 5447 qui

372 5456 438 5515 ex
477 5441 765 5515 arboribus
797 5441 1146 5512 proveniunt.
1185 5443 1419 5515 Plinius,
1450 5444 1567 5515 liba
1588 5459 1706 5500 xm
1742 5462 1862 5515 cap.
1885 5441 1959 5514 '7,

372 5511 539 5590 ﬁcum
568 5511 820 5590 similiter
846 5529 1074 5590 pomum
1111 5514 1383 5590 nominat,
1408 5511 1505 5590 ubi
1536 5513 1605 5569 de
1631 5515 1735 5571 ficu
1769 5511 1971 5590 Egypé

371 5584 510 5640 tiaca
540 5585 677 5641 mira
696 5593 901 5649 narrat,
931 5593 985 5640 et
1008 5585 1075 5642 de
1104 5586 1206 5640 ﬁcu
1233 5585 1415 5642 Indica
1442 5585 1536 5641 lib.
1562 5601 1654 5641 xu
1684 5603 1732 5642 c.
1762 5593 1815 5642 5.

444 5660 467 5687 '
493 5656 619 5712 Veri
647 5656 927 5715 lsraelitze.
958 5664 1014 5712 et
1037 5656 1146 5711 veri
1179 5657 1452 5726 monachi,
1488 5665 1544 5713 et
1577 5665 1638 5713 ut
1671 5660 1962 5715 Cassianus

369 5727 467 5797 ait,
495 5727 644 5800 pueri
674 5736 858 5794 aetate,
887 5744 997 5783 non
1021 5743 1203 5800 sensu,
1228 5729 1317 5800 qui
1345 5744 1443 5800 pro
1473 5728 1677 5785 virtute
1703 5729 1962 5787 obedien-

371 5800 463 5857 tiae
494 5798 769 5874 elegerunt
797 5800 972 5873 magis
1012 5799 1223 5856 animas
1256 5798 1387 5871 (hoc
1415 5808 1517 5870 est,
1549 5801 1718 5858 vitam
1748 5811 1961 5875 tempo-

1998 4498 2049 4560 D

2089 3199 2257 3253 quam
2301 3183 2560 3253 prodere;
2588 3183 2657 3238 ut
2697 3183 3023 3254 respondeat
3068 3183 3172 3239 illis
3210 3183 3409 3240 Christi
3445 3183 3620 3238 verbis
3664 3203 3679 3239 :

2089 3256 2196 3322 Qui
2204 3256 2507 3325 perdiderit
2523 3258 2762 3310 animam
2774 3271 2931 3310 suam
2940 3260 3162 3326 propter
3175 3272 3275 3318 me,
3293 3257 3499 3311 salvam
3512 3257 3683 3322 faciet

2088 3326 2241 3380 illam
2264 3328 2445 3392 (Matt.
2469 3340 2508 3381 ι
2532 3330 2584 3381 et
2605 3341 2741 3393 xvr;
2768 3328 2921 3381 Luca:
2945 3333 3051 3390 1x).
3075 3326 3333 3381 Animam
3356 3326 3499 3381 enim
3525 3340 3681 3381 suam

2088 3397 2267 3465 perdit
2293 3406 2515 3467 prOpter
2540 3396 2839 3465 Christum,
2865 3397 2955 3467 qui
2985 3396 3102 3469 ejus
3126 3413 3313 3453 amore
3334 3397 3510 3469 potius
3533 3396 3683 3469 eligit

2087 3475 2630 3550 mortemoppetere,
2658 3483 2825 3549 quam
2855 3469 2934 3522 vel
2967 3468 3082 3550 ejus
3115 3468 3682 3550 prmcepta,_vel.con-

2086 3536 2205 3609 silia
2234 3536 2452 3594 violare.
2488 3538 2592 3609 Sed
2621 3536 2710 3607 qui
2740 3539 2817 3594 sic
2856 3536 3055 3609 perdit,
3083 3536 3269 3595 revera
3291 3536 3484 3609 potius
3520 3537 3680 3594 inve-

2085 3607 2169 3662 nit
2204 3616 2261 3663 et
2286 3616 2469 3663 servat
2492 3608 2544 3662 in
2574 3609 2735 3664 vitam
2761 3607 3050 3676 aeternam,
3079 3618 3218 3665 teste
3244 3607 3502 3664 veritate.
3532 3609 3683 3678 Quin

2086 3679 2248 3734 etiam
2285 3677 2420 3734 mihi
2452 3679 2750 3750 persuadeo
2779 3680 3079 3736 secundum
3116 3684 3182 3741 D.
3221 3681 3450 3737 Thema:
3480 3677 3684 3736 doctri-

2085 3764 2210 3803 nam
2246 3753 2394 3824 (2-2._
2417 3768 2473 3824 τι.
2520 3755 2642 3817 124,
2681 3755 2789 3807 art.
2829 3754 2909 3821 5),
2949 3760 3227 3824 martyres
3254 3752 3373 3808 illos
3413 3766 3538 3824 vere
3565 3750 3679 3824 dici

2085 3835 2244 3891 posse
2273 3837 2335 3876 ac
2364 3820 2587 3886 debere,
2634 3837 2761 3877 eum
2790 3838 2901 3877 non
2937 3820 3121 3878 solum
3161 3823 3324 3890 ﬁdes,
3358 3822 3451 3877 sed
3495 3823 3682 3879 omnis

2084 3890 2487 3965 virtutisactus
2526 3908 2653 3948 cum
2686 3908 2809 3948 vera
2833 3892 2945 3965 (ﬁde
2972 3893 3319 3965 etreligione
3349 3894 3681 3965 conjunctus

2084 3962 2327 4033 martyrii
2358 3978 2520 4019 causa
2552 3978 2670 4036 esse
2700 3963 2871 4032 possit
2904 3982 2915 4018 :
2948 3964 3094 4020 unde
3121 3962 3469 4036 consequens
3483 3973 3584 4030 est,
3613 3973 3681 4021 ut

2082 4048 2182 4103 pro
2207 4049 2551 4104 quacumque
2586 4035 2786 4106 virtute
2813 4043 3048 4090 mortem
3078 4035 3201 4106 quis
3227 4037 3514 4101 sustineat,
3542 4051 3681 4093 mar-

2083 4111 2172 4174 tyr
2199 4106 2426 4161 omnino
2457 4105 2764 4161 censendus
2792 4107 2880 4161 sit.
2923 4105 3174 4176 Quod’et
3205 4107 3399 4177 probat
3439 4109 3508 4160 D.
3541 4107 3685 4163 Tho-

2082 4190 2200 4248 mas
2239 4177 2488 4247 exemplo
2521 4178 2575 4232 S.
2612 4177 2838 4233 Joannis
2870 4177 3143 4247 Baptistae,
3175 4178 3325 4248 cujus
3354 4180 3685 4246 martyrium

2083 4247 2141 4300 in
2173 4248 2408 4320 Ecclesia
2445 4248 2758 4320 celebratur,
2798 4250 3065 4318 quamvis,
3097 4248 3292 4320 inquit,
3320 4264 3425 4303 non
3448 4264 3552 4318 pro
3579 4265 3683 4304 ne-

2081 4317 2265 4389 ganda
2301 4317 2427 4384 ﬁde,
2462 4319 2556 4373 sed
2580 4335 2687 4389 pro
2720 4317 3123 4389 reprehensione
3158 4317 3423 4375 adulterii
3451 4317 3682 4375 mortem

2079 4387 2323 4440 subierit.
2359 4390 2422 4440 Et
2450 4387 2603 4456 apud
2630 4387 3035 4446 Tlieddoretum
3074 4393 3298 4457 (Hister.
3344 4392 3382 4445 Ι.
3411 4405 3450 4445 v
3483 4407 3529 4444 c.
3569 4396 3674 4458 26;

2081 4458 2137 4510 in
2149 4458 2435 4532 Marti/ro].
2461 4467 2477 4512 I
2500 4462 2778 4526 Januarii)
2794 4460 3096 4532 monachus
3108 4462 3355 4532 quidam,
3372 4462 3462 4532 qui
3482 4461 3681 4532 gladia-

2079 4527 2293 4611 toribus
2309 4543 2367 4582 se
2385 4528 2761 4611 iuterponens,
2777 4531 2847 4611 ab
2863 4532 2966 4611 illis
2985 4527 3207 4611 usitatus
3226 4527 3350 4601 fuit,
3370 4527 3423 4586 in
3443 4527 3678 4611 numero
3774 4550 3797 4571 κ

2075 4598 2641 4674 ῳδτῐγῖυῐῃηιιδιιίῐυε
2668 4610 2769 4656 est.
2798 4604 2867 4657 Et
2892 4606 2961 4658 D.
2995 4598 3422 4673 Chrysostomus
3445 4605 3500 4658 in
3529 4619 3674 4674 qua-

2026 4716 2032 4722 .
2074 4668 2474 4725 dam'homilia
2518 4674 2735 4740 (Homil.
2770 4680 2801 4729 3
2835 4677 2888 4728 in
2918 4677 2941 4729 l
2980 4675 3053 4728 ad
3096 4668 3294 4742 Thess.)
3325 4673 3522 4730 asserit
3544 4668 3677 4729 vere

2073 4749 2374 4819 martyrem
2402 4758 2517 4819 esse.
2536 4759 2661 4799 eum
2685 4744 2775 4819 qui
2798 4760 2925 4799 cum
2954 4746 3123 4819 possit
3149 4746 3375 4819 magicis
3399 4746 3618 4819 artibus
3639 4761 3673 4800 a

2072 4813 2270 4868 morbo
2300 4813 2501 4887 curari,
2536 4814 2745 4887 mavult
2770 4813 3123 4871 tamen'mori
3157 4813 3322 4887 quam
3353 4819 3537 4871 Deum
3565 4815 3679 4871 hoc

2074 4891 2230 4969 pacto
2260 4883 2560 4969 offendere.
2595 4885 3057 4969 .Deniqueuetiam.
3088 4883 3395 4969 martyrum
3412 4887 3538 4969 loco
3577 4886 3677 4942 lia-

2073 4953 2172 5037 biti
2209 4955 2482 5037 leguntur,
2514 4953 2783 5037 qui‘peste
2815 4955 3089 5037 afﬂictatis
3118 4953 3673 5037 m_inist_rantes_mor—

2070 5031 2185 5100 tem
2215 5026 2445 5100 libenter
2470 5026 2807 5097 oppetivere;
2838 5029 2906 5100 de
2929 5028 3129 5100 quibus
3148 5030 3420 5085 Eusebius
3452 5029 3544 5084 lib.
3570 5042 3673 5100 rvn

2071 5096 2220 5173 Hist.
2275 5099 2422 5173 Eccl.
2460 5096 2580 5168 cap.
2622 5102 2746 5173 i6“:
2798 5096 3223 5173 Q_uidi_ii__igitur
3251 5100 3525 5173 praeclaris
3564 5099 3677 5156 illis

2072 5167 2563 5244 adolescentibus,
2586 5167 2907 5244 obedientia‘,
2947 5167 3093 5244 (iliis:
3137 5172 3228 5244 qui
3251 5167 3389 5227 'vitaa
3424 5187 3538 5228 sua:
3573 5186 3677 5242 po-

2072 5237 2181 5326 ‘tius
2212 5253 2378 5326 quam
2407 5237 3447 5326 obedientiac_dispendium_élegerunt,
3477 5252 3532 5298 et
3571 5237 3677 5312 pro

2071 5305 2173 5363 hac
2215 5305 2473 5367 inviolate
2516 5310 2791 5368 retinenda
2828 5305 2944 5369 tam
2982 5305 3260 5370 constanti
3292 5305 3477 5370 animo
3513 5305 3677 5368 mbr-

2072 5385 2185 5457 tem
2217 5383 2577 5457 pertulerunt,
2612 5383 2859 5457 martyrii
2888 5384 3105 5439 laudem
3145 5395 3199 5441 et
3227 5385 3487 5457 palmam
3511 5383 3679 5457 ascri-

2067 5444 2300 5527 bamus,
2323 5460 2377 5505 et
2404 5453 2536 5508 illud
2569 5444 2891 5511 Davidicum
2931 5457 3098 5521 (Psal.
3137 5444 3275 5527 cxv)
3317 5454 3679 5526 gratulatorie

2066 5520 2464 5597 applaudamus
2512 5542 2526 5578 :
2566 5527 2807 5582 Pretiosa
2848 5529 2907 5581 in
2942 5520 3220 5597 Conspectu
3262 5520 3489 5585 Domini
3526 5541 3680 5582 mors

2065 5596 2373 5669 gustaram
2388 5595 2511 5669 ejus
2540 5597 2764 5669 (Bai-on.
2796 5601 2854 5652 in
2882 5595 3162 5669 Martyrol.
3204 5608 3224 5655 ι
3261 5602 3488 5655 Ianuar.
3526 5603 3579 5653 et
3604 5603 3680 5654 28

2065 5664 2334 5747 Februar;
2357 5666 2494 5747 Vide
2517 5664 2635 5722 call.
2665 5673 2720 5736 2,
2750 5686 2795 5725 c.
2828 5674 2916 5747 6).
2947 5664 3227 5747 Caeterum
3255 5669 3542 5747 hujus_rei_
3565 5685 3683 5747 cer-

2066 5743 2180 5815 tam
2218 5737 2620 5815 _deﬁni_tamque
2675 5742 3005 5797 sententiam
3054 5742 3112 5798 S.
3173 5737 3365 5798 Matris
3420 5741 3684 5798 Ecclesizc

2059 5806 2269 5876 judicio
2301 5806 2571 5881 relinquo.
