3996 6198
362 340 468 394 26⁴ἵ

1702 331 1983 389 JOANNIS
2020 330 2324 388 CASSIANI

3563 330 3675 385 263

361 462 660 530 devictum,
689 465 713 494 ⁸
754 462 998 518 immane
1032 459 1262 529 bellum,
1298 468 1354 516 et
1387 458 1534 532 quod
1561 474 1689 516 cum
1719 474 1749 515 a
1780 459 1960 531 primo
1989 463 2042 525 Α
2064 457 2311 529 utrisque
2334 454 2540 528 pariter
2563 453 2978 522 dimicantibus,
3003 453 3192 525 nequit
3229 452 3513 510 debellari.
3556 456 3673 512 Nec

362 562 614 627 tempore
638 554 944 627 pubertatis
973 554 1296 629 impugnare
1323 551 1539 625 incipiat
1566 551 1853 609 hominum
1873 567 1966 626 ge-

361 665 486 716 nus,
509 665 641 718 non,
659 648 763 705 nisi
785 650 937 721 prius
949 656 1145 705 caetera
1168 647 1293 703 vitia
1308 655 1652 719 superentur,
1668 647 1965 721 exstingui-

360 751 472 800 tur.
510 736 537 775 ¹³
567 743 781 815 Duplex
802 757 1039 815 namque
1061 750 1144 799 est
1169 742 1500 816 oppugnatio
1527 742 1746 814 gemino
1774 756 1964 798 arma-

361 845 416 894 ta
447 838 580 895 vitio
620 852 957 911 consurgens
992 836 1061 893 ad
1094 836 1368 909 praelium,
1401 845 1458 893 et
1488 836 1689 894 idcirco
1718 835 1965 893 similiter

362 932 411 987 ei
438 932 658 1005 gemina
687 939 770 988 est
798 933 915 988 acie
943 930 1330 988 resistendum.
1372 929 1649 1003 Siquidem
1678 938 1741 987 ut
1764 930 1962 988 morbo

360 1027 543 1083 carnis
577 1026 882 1099 animaeque
920 1031 1241 1082 concretum
1281 1023 1421 1080 vires
1448 1023 1696 1095 acquirit,
1732 1023 1829 1091 ita,
1859 1023 1963 1080 nisi

2067 551 2218 607 enim
2243 548 2450 606 sufﬁcit
2468 548 2647 605 solum
2668 548 2953 621 corporale
2966 546 3236 621 jejunium
3257 547 3324 605 ad
3346 549 3674 621 conquiren-

2069 643 2197 699 dam
2233 641 2313 698 vel
2356 640 2748 713 possidendam
2785 639 3040 714 perfectae
3071 640 3414 697 castimonia:
3455 640 3675 713 purita-

2068 746 2219 806 tem,
2266 736 2371 793 nisi
2415 736 2753 809 prmeesserit
2804 736 3066 793 contritio
3117 735 3347 806 spiritus
3390 743 3445 790 et
3494 736 3675 793 oratio

2070 844 2259 891 contra
2289 832 2436 889 hunc
2460 831 2967 889 immundissimum
2995 832 3250 906 spiritum
3285 846 3668 904 perseverans,

2070 928 2196 986 dein
2237 928 2558 985 continuata
2613 927 2901 986 meditatio
2949 929 3389 1001 Scripturarum,
3437 926 3674 1002 huicque

2071 1023 2235 1081 fuerit
2262 1022 2487 1079 scientia
2524 1022 2787 1095 spiritalis
2814 1021 3092 1096 adjuncta,
3122 1021 3279 1079 labor
3306 1021 3474 1079 etiam
3507 1037 3677 1096 opus-

1456 1191 1711 1249 ALARDI
1748 1192 1974 1249 ϐΑΖᾸΞΙ
2010 1192 2570 1250 COMMENTARIUS.

361 1357 631 1427 corruptis
648 1357 909 1410 mentibus
923 1357 1126 1410 semina
1140 1355 1433 1425 prauitatis
1446 1354 1763 1427 infundunt.
1777 1354 1959 1427 Mulie-

362 1443 448 1482 res
467 1425 592 1483 sunt
610 1430 802 1482 mentis
823 1428 1276 1497 concupiscentiis,
1290 1440 1410 1494 qua:
1428 1425 1702 1495 pradictis
1724 1425 1957 1479 motibus

361 1501 435 1553 ad
449 1502 594 1566 fetus
616 1501 805 1569 impios
824 1496 1255 1552 substémuntm'.
1281 1496 1505 1552 Parvuli
1527 1500 1576 1550 et
1598 1497 1845 1569 lactentes
1863 1498 1963 1566 qui

364 1574 510 1631 sunt,
534 1572 649 1624 nisi
668 1573 766 1638 qui
781 1570 847 1623 de
868 1569 1327 1624 Amalechitarum
1347 1569 1584 1621 uirorum
1601 1570 1653 1621 et
1675 1568 1960 1623 mulierum

364 1643 736 1694 commixtione
764 1642 1134 1709 generantur?
1162 1640 1300 1694 Nam
1326 1639 1379 1690 si
1402 1642 1576 1691 motus
1598 1639 1756 1691 mala:
1783 1653 1963 1706 sugge-

331 1713 552 1775 .stionis
581 1713 744 1779 quasi
766 1711 1007 1763 adulteri
1030 1714 1203 1762 mente
1232 1709 1508 1777 recipitur,
1540 1710 1963 1777 concupiscentia

2065 1358 2115 1409 et
2156 1354 2415 1409 inclusum
2441 1353 2659 1415 hostem,
2700 1354 2860 1421 Argi,
2873 1351 2947 1406 'ut
2976 1350 3179 1418 fabula:
3207 1350 3413 1417 ferunt,
3455 1354 3667 1405 centum

2066 1426 2231 1479 oculis
2260 1426 2558 1479 observare.
2586 1426 2694 1479 Hoc
2717 1428 2815 1486 est,
2847 1422 2992 1492 quod
3018 1423 3305 1492 Apostolus
3331 1421 3505 1475 rerbis
3543 1423 3671 1475 aliis

2068 1497 2382 1565 loquebatur
2409 1514 2425 1549 :
2452 1496 2615 1551 Omne
2632 1498 2929 1564 peccatum,
2951 1493 3095 1563 quod
3108 1493 3299 1560 fecerit
3322 1492 3493 1559 homo,
3510 1497 3672 1547 extra

2068 1582 2255 1637 corpus
2275 1571 2388 1632 est;
2414 1569 2513 1636 qui
2532 1571 2708 1637 autem
2724 1567 3041 1633 fornicatur,
3066 1566 3125 1617 in
3135 1578 3342 1637 corpus
3367 1578 3523 1637 suum
3542 1579 3674 1633 pec-

2068 1635 2221 1708 cat—(l
2243 1639 2341 1694 Cor
2360 1635 2489 1705 .vi).
2516 1639 2586 1692 Et
2608 1636 2737 1691 alibi
2762 1638 2957 1708 (Epist.
2985 1640 3045 1708 2_l
3066 1635 3150 1708 ad
3168 1636 3380 1708 Busta.)
3403 1652 3425 1708 :7
3448 1636 3563 1708 Non
3592 1637 3673 1708 sic

2072 1703 2313 1763 avaritia
2328 1703 2526 1778 quatit,
2542 1709 2701 1776 inﬂat
2714 1703 3217 1778 superbia,delectat
3235 1705 3488 1778 ambitio;
3506 1705 3673 1771 facile

364 1776 785 1859 quasimeretrir
801 1782 1192 1859 imprcegnatur
1209 1797 1224 1832 :
1242 1776 1361 1859 qua:
1376 1780 1428 1859 si
1446 1776 1733 1859 effundere
1742 1783 1962 1859 partum
1991 1795 2038 1856 Β
2071 1781 2199 1835 aliis
2224 1776 2463 1834 caremus
2485 1781 2634 1859 uitiis
2670 1797 2687 1832 :
2714 1778 2800 1832 hic
2832 1778 2996 1859 hostis
3024 1778 3086 1831 in
3106 1777 3258 1859 nobis
3288 1776 3532 1859 inclusus.
3559 1781 3673 1841 est;

362 1854 584 1913 sinitur,
602 1851 888 1904 libidinum
905 1854 1077 1903 motus
1094 1865 1197 1903 non
1216 1850 1385 1904 solum
1404 1850 1458 1901 in
1476 1854 1669 1912 mente,
1688 1850 1781 1903 sed
1799 1851 1963 1903 etiam

360 1924 419 1976 in
436 1938 598 1975 carne
613 1924 966 1991 generantur;
985 1922 1083 1991 qui
1099 1921 1227 1974 dum
1245 1924 1566 1982 nascuntur,
1584 1921 1807 1989 parvuli
1814 1925 1960 1982 sunt,

362 1996 490 2062 quia
524 1990 701 2047 adhuc
737 1994 893 2046 carni
932 1990 1242 2045 violent-iam
1270 1992 1523 2045 movendo
1550 2006 1656 2045 non
1692 1990 1959 2058 inferunt.

363 2068 641 2119 Lactentes
665 2068 811 2124 sunt,
836 2078 955 2117 cum
984 2064 1135 2116 tenui
1150 2067 1201 2116 et
1216 2063 1510 2130 negligenti
1528 2064 1842 2131 cogitatione
1859 2079 1961 2117 nu-

362 2138 626 2189 triuntur.
655 2136 761 2189 Lac
785 2148 907 2201 ergo
926 2133 1279 2202 parrulorum
1304 2139 1381 2186 est
1396 2134 1648 2201 cogitatio
1669 2134 1963 2187 immundi-

362 2208 482 2270 τίω,
512 2206 643 2274 quia
677 2206 729 2257 si
747 2209 923 2257 motus
947 2205 1123 2272 turpis
1140 2218 1238 2273 per
1265 2205 1639 2272 cogitationem
1663 2219 1767 2259 non
1788 2206 1966 2275 pasci-

363 2281 474 2337 tur,
503 2276 666 2343 quasi
680 2278 871 2343 negato
881 2274 988 2328 sibi
1009 2274 1143 2328 lacte
1156 2290 1229 2344 pa
1238 2275 1381 2327 rruli
1398 2279 1681 2328 necantur.
1710 2274 1861 2341 Quod
1880 2277 1964 2329 lac

360 2348 619 2399 meretrix
632 2350 805 2399 mater
824 2346 1075 2415 porrigit,
1097 2347 1226 2413 quia
1250 2344 1379 2398 dum
1406 2344 1575 2399 ardor
1597 2348 1964 2415 concupiscen-

362 2419 451 2470 tia:
472 2421 695 2470 mentem
705 2416 989 2486 pra'renit,
1008 2419 1167 2485 quasi
1191 2432 1257 2470 ea:
1278 2417 1509 2485 pessima
1533 2415 1704 2469 cordis
1725 2416 1969 2471 ubertate

362 2490 630 2555 agitatur,
660 2492 724 2541 ut
742 2487 951 2557 pejores
978 2490 1219 2540 motuum
1238 2487 1436 2541 soboles
1460 2488 1517 2539 in
1541 2502 1699 2541 carne
1716 2489 1967 2542 nutrian-

362 2563 471 2613 tur.
491 2559 632 2625 Quid
649 2573 772 2612 rero
793 2560 851 2611 in
872 2558 994 2612 boue
1012 2559 1121 2613 nisi
1140 2559 1417 2613 consilium
1438 2557 1855 2624 fraudulentum
1879 2573 1965 2613 ac-

360 2630 583 2698 cipitur,
606 2629 747 2698 quod
774 2629 1013 2698 exemplo
1031 2633 1269 2683 veterum
1294 2630 1472 2682 carnis
1496 2630 1821 2699 voluptatem
1845 2643 1968 2699 sug-

358 2703 517 2768 gerit,
534 2702 634 2769 qui
652 2702 794 2754 inter
819 2701 995 2753 carnis
1012 2715 1170 2769 opera
1190 2701 1543 2770 omnipotenti
1561 2703 1665 2755 Deo
1678 2700 1967 2769 placuere?

362 2772 486 2827 Oris
514 2776 693 2825 autem
712 2771 923 2825 nomine
942 2772 1278 2825 innocentum
1301 2773 1415 2824 rita
1443 2772 1717 2839 signatur,
1745 2771 1838 2825 hoc
1865 2776 1962 2835 est,

358 2842 634 2896 simulatio
647 2844 960 2896 innocentia
971 2841 1216 2911 ;quidam
1230 2844 1369 2895 enim
1381 2841 1511 2895 dum
1526 2842 1761 2907 formam
1774 2842 1966 2897 huma-

358 2916 422 2967 ni
447 2916 705 2982 corporis,
747 2914 1105 2982 proprietates
1131 2915 1418 2981 utriusque
1445 2926 1635 2973 scarus,
1664 2916 1715 2966 et
1742 2914 1965 2968 insitam

358 2985 611 3037 membris
633 2982 915 3037 libidinem
934 2983 1295 3043 considerant,
1325 2982 1482 3051 quasi
1494 2983 1747 3036 naturali
1762 2983 1892 3037 bono
1911 2999 1966 3038 se

360 3055 455 3107 hoc
473 3068 625 3123 posse
640 3056 726 3106 uti
747 3054 963 3123 licenter
987 3057 1205 3121 putant.
1228 3053 1400 3119 Quasi
1425 3066 1547 3121 ergo
1575 3054 1688 3106 ovis
1712 3057 1808 3115 est,
1833 3057 1962 3122 quia

358 3123 807 3177 incontinentibus
821 3122 962 3175 illud
973 3125 1135 3191 quasi
1149 3123 1340 3176 bonum
1350 3124 1831 3192 suggeritur,qu
1843 3140 1961 3179 rere

362 3194 555 3247 bonum
573 3207 679 3247 non
701 3207 809 3247 esse
824 3193 1035 3262 liquido
1043 3192 1677 3263 comprobauit-.Camelus
1691 3196 1953 3258 ruminat,

358 3264 452 3319 sed
466 3278 571 3317 non
586 3263 748 3332 ﬁndit
767 3263 1030 3332 ungulam
1053 3282 1069 3317 :
1092 3268 1143 3318 et
1160 3267 1239 3318 est
1253 3263 1503 3333 quaedam
1520 3266 1772 3333 cogitatio
1795 3266 1956 3320 luxu-

356 3337 475 3397 ria,
508 3350 629 3405 qua:
658 3336 822 3405 quasi
837 3351 871 3387 a
894 3336 1103 3390 ratione
1126 3336 1331 3405 incipit,
1352 3335 1447 3389 sed
1469 3350 1567 3406 per
1590 3336 1956 3392 discretionem

358 3420 460 3460 non
504 3408 725 3475 ﬁnitur;
765 3406 1013 3460 nonnulli
1048 3408 1241 3460 etenim
1278 3408 1658 3461 continentiam
1692 3408 1952 3477 professi,

358 3476 489 3531 dum
518 3493 552 3531 a
577 3479 756 3531 carnis
783 3478 1202 3546 concupiscentia
1222 3482 1573 3547 superantur,
1604 3480 1662 3531 in
1681 3476 1959 3548 eonjugali

356 3550 471 3603 vita
502 3548 714 3602 saluari
743 3561 897 3617 posse
925 3548 1212 3617 conﬁdunt.
1246 3548 1389 3615 Quid
1413 3550 1601 3602 asinus
1623 3550 1737 3602 nisi
1762 3555 1953 3617 aperta

356 3620 606 3689 nequitia
616 3619 992 3685 fornicationis
1004 3621 1304 3689 accipitur?
1325 3618 1592 3686 Quosdam
1608 3620 1750 3674 enim
1770 3618 1955 3675 diabo-

358 3687 452 3746 lus
459 3693 517 3744 in
536 3694 782 3760 apertum
803 3689 958 3744 chaos
984 3687 1363 3757 fornicationis
1385 3691 1607 3751 invehit,
1630 3690 1953 3760 quibusdam

350 3774 451 3889 per
471 3761 697 3846 fraudes
724 3761 925 3845 illudit.
955 3762 1147 3845 Omnia
1176 3776 1296 3831 ergo
1319 3762 1577 3818 Amalech
1604 3761 1855 3844 demoliri
1860 3763 1956 3832 ju-

395 3839 571 3889 entur.
594 3849 729 3889 auia
749 3849 845 3889 aut
859 3838 1002 3888 caste
1015 3848 1189 3887 virere
1202 3836 1528 3889 nrononunt.
1548 3832 1956 3889 deblandimen-

395 3839 571 3898 entur,
594 3834 729 3903 quia
749 3834 849 3903 qui
859 3838 1002 3888 caste
1015 3835 1189 3887 virere
1198 3836 1528 3903 proponunt,
1548 3832 1614 3886 de
1625 3832 1957 3889 blandimen-

355 3906 410 3961 to
429 3902 619 3961 carnis
635 3907 694 3960 in
718 3902 773 3961 se
796 3904 1011 3973 aliquid
1030 3902 1261 3959 retinere
1285 3919 1388 3957 non
1413 3903 1623 3958 debent.
1652 3902 1801 3973 Alibi
1824 3904 1957 3960 item

354 3976 655 4049 Gregorius
681 3976 814 4046 (Lib.
843 3972 951 4049 gon
976 3973 1177 4049 Morel.
1197 3991 1241 4031 c.
1266 3980 1329 4049 79)
1359 3993 1377 4049 7:
1402 3977 1620 4037 Beatus,
1645 3972 1842 4049 inquit,
1867 3977 1961 4049 Job

353 4046 555 4105 crinien
567 4048 803 4102 luxuria:
822 4046 1079 4116 deﬁniens
1100 4049 1182 4100 ait
1205 4065 1221 4100 :
1244 4048 1392 4115 Ignis
1413 4049 1489 4100 est
1512 4060 1678 4117 usque
1695 4046 1769 4100 ad
1785 4048 1963 4117 perdi-

354 4122 552 4176 tionem
571 4119 857 4175 derorans.
884 4120 1022 4185 Quia
1043 4119 1301 4173 nimirum
1323 4121 1506 4172 reatus
1527 4116 1688 4187 hujus
1704 4116 1962 4185 facinoris

351 4205 457 4246 non
477 4191 646 4245 solum
664 4205 833 4260 usque
848 4191 923 4245 ad
937 4192 1397 4259 inquinamentum
1410 4189 1665 4252 maculat,
1689 4189 1783 4244 sed
1795 4204 1963 4260 usque

356 4261 432 4330 ad
456 4261 813 4328 perditionem
828 4265 1002 4315 vorat.
1030 4264 1100 4316 Et
1127 4263 1257 4330 quia
1287 4262 1579 4329 quamlibet
1612 4261 1725 4315 alia
1748 4262 1963 4328 fuerint

357 4328 489 4383 bona
508 4331 748 4397 opera,si
764 4330 999 4382 luxuriae
1009 4328 1174 4383 scelus
1194 4328 1586 4392 non’abluitur,
1608 4333 1965 4386 immensitate

353 4397 518 4466 hujus
542 4399 780 4451 criminis
794 4397 1119 4459 obruuntur,
1132 4404 1341 4453 semitas
1362 4400 1624 4467 adjunrcit
1650 4420 1667 4454 :
1688 4404 1757 4457 Et
1782 4404 1963 4456 omnia

352 4468 637 4540 eradicans
658 4468 952 4540 genimina.
973 4467 1253 4540 Genimiua
1267 4470 1465 4536 quippe
1483 4474 1612 4540 sunt
1631 4472 1828 4524 anima:
1845 4486 1967 4540 ope-

351 4539 592 4591 rationes
613 4536 779 4593 bona.
804 4536 905 4592 Cui
921 4540 1097 4590 tamen
1118 4539 1168 4590 si
1188 4552 1436 4605 perverso
1457 4539 1644 4591 ordine
1665 4554 1786 4593 caro
1796 4536 1966 4594 duini-

351 4611 540 4669 natur,
560 4609 686 4677 igne
705 4607 942 4661 Inmunis
956 4609 1137 4661 omnia
1159 4600 1285 4667 bene
1296 4608 1516 4677 prolata
1534 4615 1957 4665 concrementur.
1997 4600 2047 4661 Ι)

349 4679 518 4738 Nulla
552 4681 749 4749 quippe
799 4682 925 4733 ante
960 4680 1333 4749 omnipotentis
1372 4680 1472 4734 Dei
1512 4679 1685 4733 oculos
1727 4679 1961 4749 justitia:

342 4752 673 4822 pietatisque
691 4753 817 4805 sunt
834 4764 1014 4822 opera,
1036 4766 1157 4820 qua:
1178 4752 1536 4822 corruptimiis
1551 4754 1793 4822 contagio
1807 4768 1955 4808 mon-

351 4827 599 4879 strantur
622 4821 922 4878 immunda.
952 4823 1086 4879 H330
1114 4829 1168 4879 et
1200 4821 1302 4878 alia
1343 4824 1412 4878 D.
1447 4821 1773 4893 Gregorius,
1796 4823 1956 4881 vitio-

348 4908 476 4951 rum
509 4910 574 4951 ac
602 4910 822 4966 morum
848 4908 1047 4966 censor
1075 4902 1129 4949 et
1164 4895 1474 4966 explorator
1501 4892 1874 4966 acutissimus.

423 4976 448 5001 ι
491 4966 672 5033 Quam
710 4965 963 5037 difficile,
1010 4964 1335 5023 diuturnum
1374 4973 1428 5022 et
1455 4964 1832 5037 periculosum
1875 4967 1948 5023 sit

351 5043 629 5108 certamen
653 5038 803 5108 quod
846 5036 1110 5093 adversus
1152 5038 1407 5108 spiritum
1444 5035 1856 5107 fornicationis,
1890 5039 1943 5096 id

350 5114 454 5180 est,
486 5105 778 5180 luxuriam,
809 5119 904 5161 seu
933 5108 1113 5163 carnis
1135 5105 1632 5180 concupiscentiam
1662 5108 1822 5165 nobis
1842 5105 1942 5167 as-

350 5176 507 5251 sidue
549 5176 849 5251 gerendum
888 5184 989 5251 est,
1035 5180 1106 5233 D.
1148 5176 1512 5251 Hieronymus
1552 5183 1819 5250 expressit
1855 5181 1942 5237 his

349 5246 530 5304 verbis
552 5246 747 5322 (Epist.
778 5253 843 5303 10
857 5249 933 5302 ad
944 5250 1182 5322 Furiam)
1210 5267 1222 5302 :
1245 5246 1498 5306 Avaritia
1518 5246 1763 5305 calcatur
1780 5269 1812 5307 a
1832 5254 1944 5322 ple-

342 5322 545 5390 risque,
567 5320 740 5373 etcum
760 5321 1032 5389 marsupio
1042 5319 1345 5389 deponitur.
1368 5321 1681 5376 Maledicam
1700 5319 1941 5391 linguam

339 5392 605 5447 indictum
623 5391 869 5445 emendat
884 5392 1175 5446 silentium.
1192 5392 1376 5448 Cultus
1394 5393 1629 5461 corporis
1654 5396 1704 5445 et
1727 5394 1945 5450 habitus

340 5464 568 5519 uestium
606 5463 764 5517 unius
798 5463 943 5516 hora:
968 5464 1148 5531 spatio
1187 5466 1564 5518 commutatur.
1609 5464 1800 5519 Omnia
1828 5466 1939 5520 alia

333 5539 555 5605 peccata
573 5534 902 5606 extrinsecus
921 5538 1075 5599 sunt;
1097 5538 1148 5589 et
1166 5534 1310 5603 quod
1319 5535 1465 5606 foris
1491 5538 1588 5596 est,
1612 5535 1774 5601 facile
1797 5537 1943 5606 abji-

338 5604 496 5661 citur.
531 5606 657 5663 Sola
689 5604 857 5659 libido
886 5606 1053 5659 insita
1082 5620 1116 5659 a
1144 5608 1247 5659 Deo
1275 5605 1337 5658 ob
1364 5604 1649 5660 liberorum
1683 5604 1943 5675 procrea-

339 5679 531 5749 tionem
544 5680 674 5747 ﬁnes
693 5691 813 5731 suos
830 5692 890 5746 eg
898 5677 1123 5749 reditur.
1143 5676 1413 5731 redundat
1432 5678 1487 5749 in
1505 5678 1720 5741 citium,
1735 5682 1786 5733 et
1802 5695 1936 5749 qua-

336 5748 465 5805 dam
494 5750 604 5818 lege
630 5752 843 5803 naturae
874 5749 931 5803 in
970 5748 1136 5803 scelus
1165 5749 1415 5818 erumpit.
1445 5747 1685 5805 Grandis
1715 5747 1940 5807 virtutis

333 5825 431 5885 set,
466 5825 516 5876 et
534 5819 774 5876 sollicita
806 5820 1106 5890 diligentiae
1130 5833 1386 5888 superare
1412 5822 1555 5890 quod
1572 5826 1732 5876 natus
1754 5823 1860 5885 sis;
1882 5825 1939 5877 in

337 5909 491 5949 tramae
514 5908 621 5950 non
661 5892 946 5948 carnaliter
972 5893 1173 5953 uicere,
1205 5897 1369 5946 (enim
1396 5906 1635 5962 pugnare
1670 5895 1935 5964 quotidie,

2071 1866 2398 1922 quocumque
2398 1852 2723 1976 dpergimus,
2758 1849 3025 1903 nobiscum
3061 1851 3345 1918 portamus

2071 1924 2285 1976 Rursus
2318 1922 2393 1976 ibi
2437 1936 2557 1976 em.
2584 1919 2835 1976 eamdem
2878 1917 3266 1973 difﬁcultatem
3295 1932 3397 1973 suo
3420 1918 3669 1976 exemplo

2071 1917 2285 1977 Rursus
2302 1917 2557 1988 ’ibidem',
2584 1919 2835 1976 eamdem
2878 1917 3266 1973 difﬁcultatem
3295 1932 3397 1989 suo
3420 1918 3669 1989 exemplo

2073 2001 2129 2048 et
2153 1993 2530 2064 experimento
2557 2004 2912 2064 exaggerans,
2944 1997 2999 2045 et
3026 1996 3259 2061 quantas
3289 1988 3359 2044 ab
3382 1988 3484 2064 hoc
3509 1988 3668 2064 hoste

2071 2059 2374 2120 domestico
2396 2059 2683 2118 molestias
2697 2059 2866 2119 ctiam
2892 2060 2947 2116 in
2967 2059 3181 2117 summa
3202 2059 3515 2115 austeritate
3538 2060 3670 2116 vita:

2071 2143 2326 2206 expertus
2354 2140 2518 2199 esset,
2540 2147 2985 2206 commemorans
3009 2150 3022 2186 :
3047 2132 3089 2187 0
3123 2133 3348 2206 quoties,
3384 2130 3581 2203 inquit,
3607 2133 3671 2206 in

2072 2202 2239 2260 eremo
2261 2208 2601 2267 constitutus,
2623 2208 2674 2259 et
2691 2206 2751 2258 in
2775 2203 2873 2259 illa
2898 2207 3054 2257 casta
3073 2202 3384 2265 solitudine,
3402 2202 3521 2272 qua:
3540 2202 3670 2257 solis

2070 2282 2263 2331 exusta
2274 2277 2558 2331 ardoribus
2570 2276 2847 2330 horridum
2860 2275 3132 2328 monachis
3146 2279 3375 2344 prastat
3392 2274 3670 2328 habitacu-

2076 2349 2209 2411 lum,
2231 2348 2498 2418 putabam
2517 2362 2599 2401 me
2610 2348 2860 2403 Romanis
2873 2348 3132 2418 interesse
3149 2346 3359 2418 deliciis
3378 2347 3398 2418 ξ
3413 2345 3672 2401 Sedebam

2073 2416 2371 2488 solusfquia
2390 2419 2751 2473 amaritudine
2772 2417 3002 2487 repletus
3022 2431 3169 2471 eram
3187 2434 3204 2482 ;
3223 2416 3505 2488 horrebant
3521 2430 3673 2470 sacco

2071 2486 2307 2543 membra
2345 2490 2607 2557 deformia
2624 2531 2639 2550 ,
2662 2492 2712 2542 et
2733 2486 2985 2557 squalida
3007 2489 3148 2542 cutis
3173 2489 3330 2541 situm
3356 2486 3674 2556 Ethiopian

2072 2505 2307 2543 memora
2345 2505 2607 2557 aerormza
2624 2531 2639 2550 ,
2662 2505 2712 2542 et
2732 2505 2985 2612 squama
3007 2505 3148 2542 cutis
3173 2505 3330 2541 suum
3356 2505 3671 2556 mruzopzcaa

2072 2562 2247 2615 carnis
2264 2560 2580 2614 obdtwerat.
2597 2561 2756 2627 Quot'
2794 2561 2840 2612 ie
2855 2559 3125 2628 lacn/mw,
3143 2558 3378 2627 quotidie
3394 2559 3626 2625 gemitus
3653 2577 3671 2611 :

2073 2635 2124 2685 et
2140 2633 2190 2686 si
2208 2632 2425 2701 quando
2443 2634 2828 2700 repugnantem
2850 2644 3064 2684 somnus
3080 2632 3358 2701 imminens
3376 2631 3675 2701 oppressis-

2071 2707 2171 2769 set,
2192 2700 2341 2757 nuda
2364 2702 2520 2756 humo
2541 2704 2639 2755 cia:
2663 2716 2779 2755 ossa
2802 2701 3064 2755 haerentia
3087 2700 3419 2754 collidcbam.
3446 2700 3541 2755 Ille
3566 2701 3675 2768 igi-

2073 2777 2164 2827 tur
2199 2789 2320 2843 ego,
2349 2775 2447 2842 qui
2474 2774 2538 2827 ob
2567 2772 2817 2841 gehenna:
2847 2776 3047 2826 metum
3083 2772 3188 2825 tali
3212 2786 3297 2825 me
3318 2786 3523 2843 carcere
3555 2772 3675 2840 ipse

2072 2840 2453 2898 damnareram
2470 2885 2483 2906 ,
2515 2840 2843 2913 scalpiormm
2872 2847 3083 2896 tantum
3119 2844 3294 2895 socius
3318 2846 3369 2895 et
3394 2840 3672 2913 foramini,

2069 2930 2208 2984 sape
2230 2916 2400 2969 choris
2429 2912 2714 2969 intereram
2732 2913 3056 2983 puellarum.
3089 2914 3368 2984 Pallebant
3399 2927 3496 2966 ora
3515 2912 3671 2981 jeju-

2069 2983 2197 3048 niis,
2224 2990 2277 3040 et
2301 2999 2449 3039 mens
2468 2985 2753 3039 desideriis
2776 2984 3039 3038 aestuabat
3063 2985 3120 3037 in
3141 2983 3344 3051 frigido
3361 2998 3597 3052 corpore,
3620 2988 3673 3037 et

2067 3060 2191 3111 ante
2211 3056 2472 3110 hominem
2495 3070 2595 3110 sua
2613 3055 2735 3124 jam
2752 3070 2913 3109 carne
2921 3059 3330 3124 pramortuum,
3358 3054 3470 3124 sola
3494 3054 3673 3107 libidi.

2067 3143 2195 3181 num
2215 3127 2463 3181 incendia
2491 3123 2804 3180 bulliebant.
2831 3123 3018 3195 Itaque
3044 3128 3191 3179 omni
3204 3126 3418 3179 auxilio
3438 3123 3671 3179 destitu-

2068 3201 2155 3252 tus
2196 3198 2271 3251 ad
2298 3201 2427 3253 Jesu
2458 3196 2703 3266 jacebam
2725 3196 2917 3266 pedes,
2946 3196 3193 3265 rigabam
3225 3197 3497 3264 Iacrymis,
3524 3196 3671 3249 crine

2068 3270 2356 3338 tergebam,
2372 3274 2424 3324 et
2447 3273 2831 3339 repugnantem
2847 3282 3061 3339 carnem
3081 3266 3533 3339 hebdomadarum
3555 3268 3670 3339 ine-

2062 3339 2154 3411 dia
2185 3337 2522 3411 superabam:
2565 3340 2790 3395 Memini
2813 3353 2896 3392 me
2923 3338 3242 3392 clamantem
3260 3380 3275 3399 ,
3306 3337 3449 3392 diem
3489 3338 3670 3391 crebro

2053 3410 2308 3479 junan‘sse
2332 3427 2453 3465 cum
2482 3415 2662 3477 nocte,
2687 3426 2781 3464 nec
2798 3410 2953 3479 prius
2981 3425 3014 3462 a
3039 3411 3270 3478 pectoris
3296 3422 3524 3464 cessasse
3545 3424 3668 3462 rer-

2065 3483 2293 3545 boribus,
2316 3497 2480 3551 quam
2502 3482 2719 3544 rediret,
2750 3481 2971 3551 Domino
2992 3481 3327 3551 increpante,
3346 3479 3667 3548 tranquilli-

2062 3556 2167 3614 tas,
2201 3560 2303 3608 etc.
2325 3549 2682 3623 Hieronymo
2725 3550 3070 3623 consentiens
3097 3549 3439 3623 Augustinus
3479 3568 3493 3603 :
3524 3552 3670 3605 Inter

2060 3625 2240 3676 omnia
2256 3665 2271 3686 ,
2298 3623 2403 3687 ait,
2430 3620 2725 3678 certamina
2748 3620 3343 3683 Christianorum'sola
3373 3620 3513 3674 dura
3538 3625 3669 3675 sunt

2060 3695 2255 3764 prwlia
2274 3695 2562 3755 castitatis,
2577 3694 2677 3747 ubi
2693 3692 3015 3763 quotidiana
3043 3697 3121 3747 est
3138 3706 3345 3762 pugna,
3371 3695 3422 3746 et
3436 3706 3570 3764 rara
3594 3694 3671 3745 ri-

2067 3767 2256 3819 ctoria.
2289 3765 2516 3821 Gravem
2540 3780 2776 3833 namque
2798 3765 2991 3818 sortita
3012 3767 3090 3818 est
3116 3766 3337 3818 castitas
3362 3763 3665 3833 inimicum,

2068 3838 2164 3890 cui
2193 3836 2432 3905 quotidie
2446 3832 2740 3897 resistitur,
2766 3838 2818 3889 et
2832 3849 3039 3905 semper
3063 3835 3282 3905 timetur
3310 3832 3535 3905 (Lib._de
3551 3835 3663 3888 Ho-

2066 3903 2219 3961 nesta
2237 3908 2450 3962 mulier.
2474 3924 2518 3962 c.
2542 3911 2617 3972 2).
2646 3903 3163 3976 Palladiusquoque
3187 3904 3240 3976 in
3257 3903 3501 3976 Historia
3522 3905 3667 3976 Lau-

2069 3977 2240 4048 siaea,
2283 3977 2477 4034 scribit
2524 3978 2778 4048 abbatem
2810 3974 3121 4031 Pachbnem
3158 3975 3272 4031 sive
3310 3974 3655 4048 Pachonium

2068 4052 2199 4115 (non
2224 4045 2594 4106 'Pachomium
2627 4046 3072 4112 Tabennensem)
3114 4054 3333 4116 optasse
3360 4045 3666 4102 bestiarum

2071 4120 2324 4176 dentibus
2352 4121 2569 4186 laniari,
2597 4135 2662 4175 eo
2683 4119 2829 4190 quod
2854 4117 3216 4190 quadraginta
3243 4131 3513 4190 annorum
3533 4116 3669 4172 soli-

2072 4191 2279 4258 tudine,
2304 4191 2642 4262 jejuniorum
2666 4187 3007 4261 aliarumque
3036 4187 3219 4262 rerum
3244 4187 3533 4262 asperitate
3552 4202 3669 4243 non

2070 4258 2482 4333 potuerit'liunc
2519 4262 2730 4317 hostem
2761 4258 3089 4333 expugnare,
3120 4259 3245 4333 licet
3271 4258 3323 4315 ei
3342 4273 3660 4333 numquam

2071 4329 2450 4388 succubuisset
2470 4335 2690 4403 ,(Lausi.
2722 4329 2844 4403 r29);
2877 4329 3023 4388 Idem
3067 4329 3235 4403 refert
3262 4337 3317 4386 et
3340 4329 3591 4403 Moysem
3620 4345 3669 4403 _e

2073 4403 2283 4475 latrone
2312 4402 2621 4475 eremitam,
2647 4402 2802 4475 cujus
2827 4403 2937 4475 vita
2965 4401 3243 4475 quondam
3269 4400 3463 4475 parum
3485 4400 3669 4475 conti-

2072 4487 2208 4554 nens
2239 4469 2626 4555 fuerat,_nulla
2662 4469 2861 4555 jejuuii
2903 4469 3193 4555 severitate
3230 4469 3471 4554 potuisse
3497 4470 3671 4554 lasci-

2072 4543 2219 4615 viam
2234 4543 2419 4615 carnis
2437 4542 2693 4615 domare;
2714 4542 2888 4601 immo
2906 4560 3032 4601 cum
3054 4552 3176 4615 post
3195 4542 3669 4615 sexenniumjeju-

2074 4613 2167 4669 nio
2195 4613 2407 4687 vigilias
2434 4614 2747 4687 diuturnas,
2778 4616 2971 4684 longas
3002 4613 3221 4687 preces,
3252 4613 3561 4687 multasque
3577 4613 3670 4669 la-

2069 4685 2285 4758 crymas
2324 4685 2632 4758 junxisset,
2682 4688 2823 4744 nihil
2872 4685 3057 4743 tamen
3081 4685 3437 4758 Aobtinuisse,
3475 4685 3670 4758 donec

2068 4756 2290 4828 tandem
2321 4756 2442 4828 post
2471 4758 2774 4815 exantlatos
2798 4759 2938 4815 alios
2981 4756 3195 4828 multos
3208 4756 3451 4828 labores,
3482 4756 3657 4828 bene-

2059 4827 2300 4912 dictione
2322 4826 2337 4828 “
2352 4829 2532 4912 patris
2563 4829 2877 4912 spiritualis
2913 4828 3088 4885 sancti
3129 4826 3327 4912 lsidori
3349 4869 3365 4895 ,
3417 4827 3669 4899 quietem

2055 4900 2315 4982 aliquam,
2350 4897 2616 4955 fremente
2641 4901 2765 4957 licet
2790 4903 3011 4966 Satana,
3044 4897 3350 4967 meruisset.
3434 4897 3450 4899 “
3516 4970 3527 4980 .
3621 4971 3631 4980 ⁸

2125 4964 2151 5002 ¹³
2174 4973 2265 5027 Sic
2295 4970 2467 5027 abbas
2504 4973 2764 5043 Serapion
2793 4972 2975 5028 collat.
3000 4978 3057 5032 5.
3090 4986 3220 5043 cap.
3250 4976 3284 5025 4
3313 4989 3327 5025 :
3373 4968 3668 5039 Spit-italia

2052 5044 2185 5096 t‘itia
2224 5044 2459 5112 simplici
2500 5042 2677 5099 cordis
2715 5045 2954 5113 indigent
2982 5042 3247 5098 medicina
3277 5060 3296 5096 .-
3333 5055 3457 5110 qua
3485 5043 3667 5093 autem

2051 5116 2301 5168 carnalia
2322 5119 2470 5179 sunt,
2496 5131 2601 5169 non
2620 5118 2732 5170 nisi
2749 5116 2956 5185 duplici
2976 5115 3051 5168 ad
3074 5116 3362 5168 sanitatem
3392 5113 3673 5166 curatimte

2046 5187 2384 5254 perueniunt.
2414 5187 2562 5241 Unde
2582 5188 2817 5256 puritati
2838 5185 3177 5240 studentibus
3207 5185 3509 5253 plurimum
3537 5197 3670 5256 eort-

2052 5258 2164 5323 fert
2184 5261 2247 5311 ut
2266 5258 2459 5312 harum
2481 5254 2784 5312 carnalium
2798 5259 3107 5327 passionum
3125 5257 3277 5325 ipsas
3288 5256 3547 5327 materias
3560 5254 3670 5307 sibi

2047 5330 2303 5397 primitus
2332 5329 2688 5392 subtrahunt,
2709 5326 2903 5397 quibus
2934 5332 3109 5398 potest
3135 5327 3219 5380 vel
3243 5328 3448 5398 occasio
3464 5326 3550 5379 vel
3573 5340 3667 5379 re-

2049 5400 2288 5455 cordatio
2318 5400 2622 5455 cartimdcm
2639 5397 2946 5469 passionum
2964 5399 3257 5467 (egrotanti
3277 5397 3457 5451 adhuc
3469 5398 3670 5469 anitum

2049 5474 2312 5538 generari.
2344 5473 2587 5529 Necessse
2614 5467 2692 5523 est
2728 5473 2867 5525 enim
2895 5475 2955 5524 ut
2993 5469 3177 5525 morbo
3212 5469 3421 5538 duplici
3459 5467 3670 5537 duplex

2049 5542 2375 5597 adhibeatur
2401 5544 2623 5597 curatio.
2659 5543 2793 5597 Nam
2818 5543 3041 5612 corpori,
3070 5556 3138 5595 ne
3152 5541 3576 5609 cmtmipiscentia
3605 5539 3663 5591 in

2052 5614 2303 5680 effectum
2319 5617 2486 5668 tentet
2504 5628 2867 5683 prorumpere,
2884 5614 3183 5668 necessario
3196 5612 3405 5683 efﬁgies
3424 5614 3475 5665 et
3496 5613 3668 5663 mate-

2054 5687 2141 5737 ria
2158 5686 2384 5738 illiciens
2403 5682 2773 5740 subtrahendo
2791 5690 2867 5739 est
2879 5700 2895 5753 ;
2908 5688 2959 5738 et
2980 5686 3181 5738 anima
3198 5682 3579 5741 nihilominus,
3596 5694 3666 5734 ne

2051 5770 2169 5809 eam
2190 5757 2273 5811 cel
2292 5757 2613 5825 cogitatione
2629 5757 2910 5826 concipiat.
2935 5755 3191 5810 attentior
3211 5754 3494 5826 meditatio

2046 5830 2353 5899 pturaram,
2375 5831 2427 5882 et
2444 5827 2745 5883 sollicitudo
2759 5825 3009 5899 pervigil,
3028 5839 3091 5879 ac
3109 5826 3330 5879 remotio
3350 5825 3659 5878 solitudinis

2049 5898 2349 5967 appetenda
2359 5941 2369 5952 .
