3996 6198
181 316 287 372 269

183 453 286 512 que
327 452 592 494 manuum
638 436 920 494 instabiles
961 437 1140 495 cordis
1166 439 1583 512 pervagationes
1625 453 1783 494 coer-
1809 441 1864 505 Α

183 546 307 588 cens
335 546 400 588 ac
426 545 710 596 revocans,
741 538 798 587 et
836 539 967 587 ante
993 531 1178 588 omnia
1206 528 1442 588 fundata
1469 529 1639 587 fuerit
1677 529 1785 586 hu-

188 625 388 682 militas
434 639 583 695 vera,
629 624 749 682 sine
793 639 899 697 qua
934 625 1136 682 nullius
1173 627 1394 699 penitus
1442 625 1559 682 vitii
1589 623 1789 698 poterit

188 733 447 791 umquam
465 716 781 790 triumphus
803 718 1031 792 acquiri.
1541 705 1547 710 ’

806 829 1055 888 CAPUT
1084 831 1161 884 Il.
1239 853 1247 862 -

189 934 258 988 De
279 931 579 1004 principali
589 931 820 986 remedio
831 931 1092 986 adversus
1111 931 1371 1000 spiritum
1385 930 1784 997 fornicationis.

258 1035 646 1108 Principaliter
674 1034 825 1090 enim
850 1031 966 1088 vitii
1011 1031 1176 1104 hujus
1204 1031 1474 1088 correctio
1511 1029 1578 1087 de
1605 1029 1790 1087 cordis

193 1127 521 1202 perfectione
555 1125 860 1194 descendit,
889 1141 954 1184 ex
975 1141 1084 1198 quo
1117 1125 1285 1182 etiam
1310 1123 1474 1198 hujus
1505 1125 1687 1180 morbi
1714 1125 1790 1180 vi-

189 1238 279 1280 rus
307 1221 538 1280 Domini
569 1236 702 1278 voce
724 1219 936 1293 prodire
962 1221 1229 1294 signatur.
1261 1222 1346 1276 De
1371 1218 1558 1288 corde,
1585 1218 1780 1291 inquit,

191 1325 386 1374 exeunt
410 1315 770 1389 cogitationes
795 1313 974 1382 malas,
1004 1311 1328 1382 homicidia,
1356 1312 1643 1382 adulteria,
1670 1311 1781 1370 for-

190 1411 505 1478 nicationes,
539 1409 702 1478 furta,
731 1407 866 1465 falsa
897 1407 1215 1464 testimonia
1243 1408 1472 1482 (Matth.
1503 1409 1652 1477 xv),
1673 1414 1778 1462 etc.

194 1505 326 1563 Illud
351 1519 482 1577 ergo
527 1509 610 1560 est
645 1502 904 1575 primitus
935 1501 1292 1574 expiandum,
1329 1501 1476 1560 unde
1502 1501 1630 1558 fons
1657 1500 1782 1558 vitae

193 1609 242 1658 et
279 1597 472 1656 mortis
499 1611 728 1654 manare
763 1596 1143 1670 cognoscitur,
1186 1594 1403 1654 dicente
1431 1598 1724 1655 Salomone
1766 1615 1780 1652 :

195 1698 216 1728 ³
244 1693 411 1750 Omni
439 1691 688 1748 custodia
715 1705 870 1747 serva
899 1705 994 1746 cor
1038 1698 1219 1757 tuum,
1250 1705 1314 1746 ex
1356 1689 1444 1747 his
1481 1691 1633 1748 enim
1657 1701 1787 1748 sunt

195 1789 367 1845 exitus
392 1786 516 1843 vitae
535 1785 818 1854 (Proverb.
843 1787 960 1852 Iv).
989 1783 1130 1841 Caro
1156 1783 1307 1841 enim
1327 1783 1444 1856 ejus
1463 1784 1693 1840 arbitrio
1705 1792 1790 1841 at-

197 1896 295 1955 que
312 1879 542 1952 imperio
563 1877 879 1945 famulatur,
911 1885 967 1934 et
989 1876 1194 1935 idcirco
1215 1891 1436 1934 summo
1460 1876 1644 1935 studio
1672 1894 1787 1951 par-

197 1973 428 2030 cimonia
448 1972 789 2046 jejuniorum
817 1970 1080 2028 sectanda
1104 1979 1208 2040 est,
1238 1985 1308 2028 ne
1331 1985 1582 2028 escarum
1614 1972 1792 2029 abun-

197 2065 378 2124 dantia
405 2065 605 2126 referta
629 2081 780 2135 caro,
812 2067 1102 2139 praeceptis
1121 2065 1324 2122 anima:
1347 2065 1677 2122 salutaribus
1697 2065 1794 2124 ad-

198 2169 425 2229 versata,
445 2167 717 2217 rectorem
737 2174 904 2216 suum
921 2159 1179 2231 spiritum
1199 2157 1422 2230 dejiciat
1439 2159 1796 2217 insolescens.

197 2257 464 2314 Caeterum
496 2255 542 2312 si
562 2269 790 2312 omnem
819 2268 1101 2310 summam
1130 2252 1190 2309 in
1206 2251 1562 2325 castigatione
1575 2261 1792 2310 tantum

197 2351 438 2424 corporis
469 2349 820 2417 collocemus,
851 2347 1032 2404 anima
1073 2361 1192 2402 non
1220 2345 1475 2402 similiter
1507 2363 1538 2403 a
1577 2347 1794 2404 caeteris

197 2444 339 2500 vitiis
346 2443 648 2517 jejunante,
670 2457 770 2498 nec
787 2439 1149 2497 meditatione
1167 2438 1352 2497 divina
1377 2445 1430 2496 et
1453 2439 1793 2512 spiritalibus

191 2536 382 2593 studiis
406 2543 690 2608 occupata,
707 2549 1055 2606 nequaquam
1083 2531 1154 2590 ad
1184 2532 1318 2590 illud
1337 2532 1798 2591 sublimissimum

198 2645 335 2687 vera:
351 2628 681 2702 integritatis
699 2625 981 2702 fastigium
1011 2628 1330 2701 poterimus
1358 2627 1673 2699 ascendere,
1703 2627 1798 2684 illo

198 2722 343 2795 quod
398 2723 456 2780 in
495 2721 658 2778 nobis
701 2729 785 2778 est
834 2721 1153 2794 principale,
1202 2723 1501 2795 puritatem
1552 2723 1803 2796 corporis

197 2818 364 2874 nostri
383 2815 696 2874 infestante.
726 2809 753 2849 δ
776 2817 1010 2888 Oportet
1029 2831 1161 2890 ergo
1184 2831 1293 2874 nos
1320 2815 1590 2874 mundare
1619 2817 1796 2889 prius,

192 2912 344 2984 juxta
370 2913 701 2970 sententiam
749 2912 1000 2980 Domini,
1030 2909 1088 2967 id
1117 2911 1265 2984 quod
1314 2910 1464 2967 intus
1499 2918 1582 2968 est
1613 2910 1801 2968 calicis

197 3015 246 3063 et
269 3004 608 3080 paropsidis,
632 3011 694 3060 ut
715 3003 812 3062 ﬁat
829 3012 885 3061 et
911 3003 968 3062 id
987 3003 1138 3077 quod
1167 3001 1373 3062 deforis
1397 3012 1502 3074 est,
1531 3003 1802 3062 mundum

197 3102 430 3168 (Κακὴ.
455 3101 673 3168 nm).

674 315 763 370 DE
799 312 1276 372 C(ENOBIORUM
1317 314 1566 371 INSTIT.
1605 314 1732 370 LIB.
1774 313 1869 368 Vl.
1907 342 1980 354 —
2019 314 2108 369 DE
2144 313 2410 370 SPlRlTU
2451 314 2996 375 FORNICATIONIS.

3381 325 3488 380 270

2505 439 2740 497 CAPUT
2777 443 2874 498 III.

1893 527 2254 598 Quantum'ad
2265 531 3025 659 superandugnlfggoicationis
3038 539 3234 593 vitium
3248 555 3340 595 con
3343 541 3466 608 fera

2597 618 2626 657 ο
2649 619 2670 658 i
2809 647 2822 659 .

2597 618 2822 660 ontuao.

1969 691 2180 751 Deinde
2207 707 2231 738 ο
2255 701 2452 751 caetera
2481 695 2609 752 vitia
2631 696 2798 752 etiam
2823 712 2926 754 usu
2946 697 3235 758 hominum
3261 711 3313 758 et
3337 719 3487 761 exer-

1895 786 2026 844 citio
2075 787 2396 861 quotidiano
2455 789 2678 862 purgari
2733 789 2940 858 solent,
2983 799 3037 848 et
3081 794 3488 866 quedammodo

1893 879 2066 954 ipsius
2092 881 2276 954 lapsus
2294 880 2597 938 offensione
2627 883 2998 953 [ostensione]
3014 885 3224 956 curari;
3253 896 3314 944 ut
3339 899 3492 962 puta,

1897 973 2012 1042 iraa,
2045 975 2304 1044 tristitiae,
2333 976 2690 1047 impatientia:
2715 977 2964 1050 languor,
3003 980 3358 1038 meditatione
3376 999 3496 1041 cor-

1896 1067 2002 1138 dis,
2033 1085 2098 1125 ac
2125 1069 2369 1142 pervigili
2398 1068 2782 1141 sollicitudine,
2807 1069 3040 1129 fratrum
3056 1075 3226 1132 etiam
3247 1075 3497 1150 frequen-

1897 1163 1970 1219 tia
1991 1171 2048 1221 et
2077 1163 2292 1220 assidua
2315 1164 2705 1236 provocatione
2727 1174 3015 1235 sanantur.
3049 1171 3304 1241 Dumque
3336 1185 3489 1226 com-

1893 1264 2042 1313 mota
2073 1255 2496 1314 manifestantur
2532 1257 2755 1328 saepius,
2785 1265 2840 1313 et
2877 1258 3125 1316 crebrius
3161 1271 3490 1334 arguuntur,

1891 1353 2213 1423 quantocius
2235 1351 2559 1424 perveniunt
2585 1350 2656 1408 ad
2686 1350 2940 1408 salutem.
2975 1353 3077 1409 ilic
3101 1369 3228 1411 vero
3266 1357 3497 1415 morbus

1891 1460 2016 1501 cum
2047 1446 2295 1517 corporis
2321 1443 2646 1516 afflictione,
2677 1454 2732 1503 et
2759 1448 3092 1505 contritione
3122 1451 3320 1520 cordis,
3347 1441 3376 1486 ά
3401 1470 3490 1511 so-

1892 1538 2119 1597 litudine
2155 1555 2372 1613 quoque
2399 1555 2464 1596 ac
2489 1541 2796 1598 remotione
2835 1541 3070 1616 indiget,
3111 1553 3172 1600 ut
3219 1547 3390 1618 possit
3424 1549 3494 1606 ad

1895 1635 2167 1706 integrum
2206 1635 2459 1690 sanitatis
2486 1642 2725 1704 statum,
2753 1636 3058 1708 perniciosa
3087 1645 3323 1695 aestuum
3355 1639 3494 1698 febri

1893 1725 2164 1798 deposita,
2208 1725 2510 1800 pervenire.
2557 1725 2708 1782 Sicut
2735 1727 3052 1800 plerumque
3088 1739 3236 1788 certa
3272 1735 3502 1806 aegritu-

1816 1831 1864 1893 B
1894 1817 2024 1875 dine
2052 1817 2427 1875 laborantibus
2448 1819 2584 1875 utile
2601 1827 2703 1888 est,
2727 1828 2786 1875 ut
2809 1819 2914 1876 cibi
2944 1823 3090 1879 noxii
3117 1838 3186 1878 ne
3214 1825 3500 1884 oculorum

1897 1909 2114 1982 quidem
2140 1910 2386 1983 ipsorum
2409 1909 2694 1968 obtutibus
2721 1909 3052 1984 offerantur,
3077 1930 3148 1972 ne
3175 1916 3323 1988 quod
3345 1933 3497 1991 aspe-

1899 2012 2020 2062 ctus
2067 2005 2356 2062 occasione
2383 2003 2712 2062 desiderium
2760 2005 2839 2062 eis
2879 2005 3078 2064 lethale
3105 2008 3358 2083 gignatur
3388 2033 3401 2069 :
3428 2013 3502 2070 ita

1900 2097 2203 2172 plurimum
2239 2096 2452 2155 confert
2495 2097 2562 2155 ad
2606 2098 2986 2171 depellendum
3025 2100 3174 2159 hunc
3200 2105 3502 2176 specialiter

1901 2191 2160 2248 morbum
2205 2191 2356 2266 quies
2384 2207 2449 2248 ac
2479 2191 2736 2263 solitudo,
2790 2202 2851 2250 ut
2891 2210 3049 2251 mens
3087 2211 3231 2270 aegra
3277 2199 3502 2256 minime

1899 2285 2122 2343 diversis
2154 2285 2344 2358 ﬁguris
2373 2286 2738 2359 interpellata,
2777 2287 2846 2344 ad
2882 2288 3158 2360 puriorem
3187 2291 3502 2363 perveniens

1898 2379 2372 2454 contemplationis
2397 2381 2674 2450 intuitum,
2706 2381 2921 2440 facilius
2947 2383 3268 2458 pestiferum
3294 2403 3501 2445 concu-

1907 2473 2180 2545 piscentiae
2209 2472 2463 2530 fomitem
2482 2473 2742 2531 radicitus
2765 2477 2939 2546 possit
2969 2491 3179 2534 eruere.

2297 2567 2540 2624 CAPUT
2582 2569 2682 2623 IV.

1910 2661 2056 2731 Quid
2092 2663 2309 2716 intersit
2339 2663 2482 2716 inter
2520 2663 2820 2716 castitatem
2848 2667 2900 2717 et
2927 2667 3330 2731 continentiam,
3360 2674 3411 2724 et
3436 2689 3506 2726 an

2217 2736 2460 2802 utraque
2481 2733 2649 2787 simul
2673 2749 2880 2804 semper
2908 2735 3196 2792 habeatur.

1978 2829 2159 2883 Nemo
2196 2833 2382 2882 tamen
2425 2840 2490 2882 ex
2522 2824 2627 2882 hoc
2665 2840 2864 2898 negare
2908 2843 3012 2885 nos
3041 2837 3214 2902 putet,
3258 2832 3423 2890 etiam
3455 2835 3508 2891 in

1909 2914 2328 2988 congregatione
2355 2913 2587 2970 fratrum
2625 2915 2835 2986 positos
2877 2914 3107 2974 inveniri
3136 2920 3508 2989 continentes,

1910 3003 2059 3077 quod
2084 3001 2340 3076 perfacile
2363 3001 2480 3059 ﬁeri
2511 3018 2670 3075 posse
2707 3001 3058 3063 conﬁtemur.
3103 3008 3128 3038 ⁸
3160 3007 3326 3066 Aliud
3363 3012 3509 3067 enim

1913 3101 2019 3161 est,
2057 3092 2430 3149 continentem
2471 3107 2610 3162 esse,
2641 3089 2699 3149 id
2727 3086 2877 3160 est,‘
2932 3093 3185 3168 inpari;
3235 3097 3383 3156 aliud
3412 3116 3509 3156 ca-

1299 3207 1550 3264 ALARDI
1588 3207 1815 3264 GAZEI
1853 3204 2414 3263 COMMENTARIUS.

260 3322 290 3352 ⁸
344 3317 435 3372 Ex
483 3313 680 3371 Graeco
719 3321 871 3370 textu
913 3331 927 3369 :
976 3312 1032 3368 ix
1074 3313 1172 3385 γὰρ
1218 3316 1406 3367 τούτων
1438 3313 1597 3376 ἔξοδοι
1653 3316 1802 3382 ζωῆς.

1916 3316 2012 3368 riis
2057 3313 2303 3367 armatus
2329 3312 2544 3385 absiste,
2587 3315 2651 3368 ut
2671 3317 2960 3384 postquam
2986 3317 3194 3379 viceris,
3224 3321 3508 3374 coroneris.

199 3388 462 3468 Vulgata.
483 3385 662 3442 versio
691 3401 707 3439 :
739 3388 871 3468 quia
1136 3388 1262 3468 vita
1269 3385 1534 3468 procedit.
1564 3389 1643 3468 η..
1666 3388 1806 3442 Ber-

200 3455 502 3542 nardusju
533 3471 701 3542 scim.
734 3455 806 3542 de
841 3455 1043 3542 triplici
1062 3455 1336 3542 custodia,
1367 3471 1583 3524 manus,
1607 3457 1806 3542 linguae

202 3538 254 3584 et
299 3527 534 3584 cordis:
579 3531 696 3592 Est,
729 3527 931 3600 inquit,
956 3529 1149 3598 vigilia
1194 3543 1356 3600 super
1380 3545 1488 3592 cor,
1538 3531 1630 3584 cui
1673 3527 1806 3585 sane

203 3615 406 3654 omnem
454 3600 752 3655 custodiam
780 3599 1031 3655 exhibere
1070 3601 1295 3655 Sapiens
1316 3605 1511 3655 monet.
1539 3603 1804 3655 nimirum

203 3615 406 3654 omnem
454 3605 752 3655 custodiam
780 3605 1031 3655 exhibere
1070 3605 1295 3671 Sapiens
1316 3605 1511 3664 monet,
1539 3605 1804 3656 nimirum

204 3673 332 3742 quia
355 3687 425 3725 ea:
444 3686 501 3725 eo
523 3673 638 3726 vita
654 3671 912 3742 procedit.
932 3672 1107 3740 Quam
1124 3671 1425 3727 custodiam
1446 3676 1687 3728 constare
1706 3689 1805 3727 ar-

250 3743 378 3795 itror
398 3741 772 3812 specialiterut
787 3741 1016 3806 duobus,
1031 3743 1352 3798 utvidelicet
1373 3759 1536 3814 super
1557 3744 1809 3810 affectio-

250 3827 336 3865 πη
361 3813 528 3867 simul
551 3816 603 3868 et
628 3815 1015 3868 coaitationum
1033 3827 1258 3868 suarum
1280 3829 1466 3868 areaes
1488 3828 1635 3867 mens
1661 3814 1806 3867 solli-

207 3827 336 3865 num
361 3827 526 3867 sanus
551 3827 603 3868 et
628 3827 1015 3883 cogitationum
1033 3827 1258 3868 suarum
1280 3829 1466 3883 greges
1488 3828 1635 3867 mens
1661 3827 1806 3867 som-

209 3884 635 3964 θίίέἒῗθᾷαπίπ
657 3885 922 3964 θηταιάαί·
1040 3952 1089 3964 ..
1149 3963 1155 3964 ,
1195 3949 1210 3964 .
1302 3963 1311 3964 ,
1346 3947 1406 3964 -.
1496 3949 1509 3961 .
1574 3963 1648 3964 ,,,

271 3946 300 3984 "
322 3946 423 4010 Ob'
455 3953 596 4009 hanc
623 3953 769 4008 enim
793 3966 1019 4009 causam
1040 3949 1320 4020 Dominus
1346 3947 1659 4020 Pbarismos
1675 3964 1808 4020 gra-

210 4022 340 4100 titer
359 4023 675 4100 redarguit,
690 4023 876 4100 dicens
897 4040 921 4100 :_
939 4024 1046 4100 _V¢z
1067 4019 1235 4100 vobis,
1254 4019 1455 4100 S_cribae
1477 4023 1527 4100 et

217 4089 670 4166 hpocritgefqui
692 4093 974 4147 mundatis
991 4089 1150 4166 quod
1184 4089 1398 4166 deforis
1446 4093 1525 4166 est
1549 4089 1734 4166 colicis
1763 4094 1818 4166 et

209 4161 530 4239 paropsidis
553 4181 568 4217 :
582 4161 735 4216 intus
753 4166 931 4218 autem
944 4161 1098 4239 pleni
1116 4162 1242 4239 estis
1461 4164 1514 4216 et
1535 4161 1820 4239 immundi-

215 4237 282 4288 tia
303 4232 631 4294 :"Pharisae
651 4247 799 4296 cccc,
819 4232 1023 4288 munda
1029 4232 1352 4303 priusquod
1367 4233 1514 4287 intus
1529 4236 1610 4288 est
1627 4232 1813 4303 colicis

213 4309 268 4390 εξ.
281 4305 632 4390 arma“,
653 4306 836 4390 υξλίατ
855 4308 908 4360 σε
931 4303 993 4358 id
1009 4302 1492 4390 reservasse
1522 4302 1806 4390 φνηάξιεη-

213 4373 306 4451 Ubi
325 4373 608 4451 Origenes
636 4391 652 4451 ς
680 4373 782 4451 Hic
805 4389 992 4442 sermo,
1018 4373 1218 4446 inquit,
1247 4375 1616 4451 nostinstruit,
1642 4378 1706 4451 ut
1723 4377 1811 4444 fe-

207 4446 470 4505 stinemus'
493 4463 604 4504 esse
619 4446 784 4518 justi,
812 4462 920 4502 non
938 4459 1218 4517 apparere.
1252 4447 1360 4518 Qui
1380 4448 1522 4501 enim
1543 4446 1726 4502 studet
1747 4451 1813 4502 ut

209 4517 684 4590 appareatjustus,
697 4533 819 4588 quis
832 4535 868 4573 a
882 4519 1025 4586 foris
1035 4520 1162 4570 sunt
1174 4517 1426 4590 mundat,
1435 4519 1812 4590 θερμωυίάεη-

209 4589 308 4653 tur,
339 4589 510 4647 curat
542 4609 558 4645 :
587 4605 677 4645 cor
719 4594 897 4645 autem
938 4592 990 4644 et
1027 4589 1402 4643 conscientiam
1427 4589 1676 4656 negligit.
1707 4590 1815 4656 Qui

209 4666 384 4716 Mem
411 4661 603 4716 studet
631 4676 695 4716 ca
722 4676 841 4731 qua
869 4663 1188 4721 intussunt,
1233 4657 1428 4721 idest,

207 4733 496 4796 undare,
527 4746 650 4787 cons

209 4801 380 4863 fuerat
411 4803 629 4857 munda
660 4801 862 4873 (Tract.
901 4805 972 4858 25
1009 4803 1071 4873 in
1094 4801 1348 4873 Matth).

267 4874 292 4903 ε
319 4875 419 4931 Sic
446 4874 622 4930 etiam
649 4870 818 4930 abbas
853 4871 1121 4944 Serapion
1145 4870 1442 4944 collatione
1462 4871 1660 4944 (quinta
1688 4886 1811 4942 cap.

208 4943 236 4993 4
265 4962 279 4997 :
305 4947 369 5000 In
401 4947 619 5002 catenis
646 4947 795 5001 uitiis
833 4942 1074 5000 humana
1101 4943 1368 4998 consortia
1391 4942 1535 4996 nihil
1573 4943 1767 4998 obsunt
1795 4961 1812 4998 .-

208 5017 332 5087 quin
353 5020 530 5072 immo
547 5018 712 5072 etiam
723 5017 1019 5087 plurimum
1034 5015 1318 5087 conferunt
1329 5013 1413 5087 his
1427 5014 1527 5087 qui
1541 5028 1725 5068 carere
1741 5013 1816 5087 eis

209 5083 518 5143 inreritate
525 5083 838 5144 desiderant
851 5106 868 5152 ;
881 5088 1016 5157 quia
1029 5087 1256 5156 frequen
1261 5086 1340 5139 tia
1353 5084 1627 5157 hominum
1637 5085 1810 5153 magis

211 5163 542 5223 aguntur,
559 5164 611 5214 et
624 5157 754 5212 dum
771 5156 1019 5213 lacessita
1026 5157 1266 5212 crebrius
1281 5156 1724 5223 manifestantur,
1736 5169 1811 5209 ce-

212 5221 302 5278 leri
646 5231 966 5278 perveniunt
997 5227 1074 5278 ad
1099 5229 1348 5278 salutem.

319 5227 1405 5383 ﬂﬂmﬁ‘i‘ﬁuﬂm
1423 5297 1813 5383 maximam!!-

203 5361 436 5443 ljernm.
469 5361 1091 5443 Stic'DaHierotnymus
1118 5369 1262 5443 (Lib.
1533 5371 1729 5443 YtgiL,
1757 5370 1816 5424 in

197 5437 381 5514 με).
435 5441 755 5514 Vigilantii,
807 5441 901 5514 qui
921 5437 1337 5514 (monachorum
1371 5441 1424 5496 in
1467 5437 1817 5514 solitudinem

201 5503 400 5596 [ngam
439 5503 1213 5596 vituperabat,'objectionetn
1243 5511 1487 5596 refutans
1521 5531 1534 5566 :
1568 5512 1820 5596 ϐουλίη-

204 5585 382 5645 quia.
403 5585 600 5654 pergis
628 5585 706 5640 ad
722 5599 950 5640 eremum
967 5587 996 5640 ἵ
1015 5585 1258 5640 videlicet
1287 5588 1348 5639 ut
1371 5587 1422 5640 te
1449 5600 1552 5640 non
1573 5585 1819 5646 audiam,

207 5656 575 5719 moideam,
591 5661 654 5711 ut
671 5659 766 5711 tuo
781 5657 969 5724 furore
984 5670 1089 5711 non
1107 5671 1341 5718 movear,
1361 5661 1422 5711 ut
1443 5661 1538 5711 tua
1555 5656 1694 5711 bella
1715 5671 1821 5710 non

215 5725 422 5788 μων.
453 5742 521 5783 ne
551 5741 634 5782 me
659 5729 843 5798 capiat
871 5727 1051 5783 oculus
1077 5729 1392 5794 meretricis,
1417 5743 1484 5784 ne
1499 5729 1684 5796 forma
1708 5727 1825 5797 pul-

225 5788 490 5827 ιιι-...Ἀυ-
543 5798 616 5827 ..Α
636 5798 859 5827 simu...
899 5798 1060 5827 ,τηηηι
1091 5799 1366 5827 -..ηιηυη
1423 5798 1776 5827 ῃημηκλδιδι.
1810 5813 1823 5827 .

225 5788 492 5870 ἐξα-νήιδα
538 5798 616 5852 ad
636 5788 859 5852 illicitos
896 5798 1060 5870 ducat
1087 5788 1387 5868 amplexus:
1418 5788 1776 5870 Respondebis
1810 5813 1822 5850 :

1913 3388 2106 3442 Fateor
2133 3383 2551 3458 imbecillitatem
2576 3399 2770 3458 meam,
2804 3383 2934 3441 nolo
2959 3401 3054 3456 spe
3073 3403 3320 3458 pugnare
3345 3392 3508 3446 victo-

1911 3459 2030 3532 ria,
2056 3471 2124 3532 ne
2149 3455 2376 3532 perdam
2403 3455 2702 3532 aliquando
2726 3455 3030 3532 victoritmt.
3058 3455 3123 3515 Si
3143 3455 3355 3530 fugero,
3377 3463 3517 3532 glatt

1913 3527 2066 3582 dium
2084 3527 2356 3593 devitari;
2376 3529 2429 3580 si
2444 3531 2654 3590 stetere,
2682 3529 3110 3584 autvincendum
3126 3527 3266 3586 mihi
3288 3527 3398 3596 est,
3413 3550 3505 3588 au.

1913 3599 2228 3654 cadendum.
2261 3597 2406 3666 Quid
2428 3602 2606 3652 autem
2631 3613 2834 3654 necesse
2860 3605 2940 3655 est
2964 3605 3109 3656 certa
3136 3602 3434 3667 dimittere,
3461 3609 3511 3658 et

1913 3671 2118 3724 incerta
2131 3671 2330 3724 sectari
2343 3671 2372 3724 ?
2385 3669 2430 3725 Α
2438 3673 2499 3724 ut
2515 3673 2780 3732 scuto,aut
2782 3671 3015 3741 pedibus
3024 3689 3166 3727 mors
3179 3676 3403 3729 vitanda
3416 3682 3513 3729 est.

1920 3743 1998 3796 Tu
2018 3743 2117 3810 qui
2130 3756 2363 3811 pugnas,
2389 3744 2441 3796 et
2465 3742 2716 3810 superari
2732 3745 2905 3813 potes,
2934 3746 2986 3796 et
3002 3745 3230 3798 vincere.
3261 3747 3375 3813 Ego
3399 3760 3516 3798 cum

1914 3813 2128 3880 fugere,
2148 3827 2256 3866 non
2285 3813 2437 3883 uinco
2464 3813 2524 3864 in
2554 3826 2611 3865 co
2629 3812 2772 3883 quod
2792 3814 2980 3882 fugio;
3007 3814 3100 3868 sed
3127 3815 3248 3868 ideo
3274 3812 3430 3882 fugio
3450 3830 3518 3868 ne

1914 3883 2120 3954 uincar.
2170 3881 2332 3938 Nulla
2359 3883 2620 3936 securitas
2639 3881 2752 3954 ’ρετ⁸
2768 3885 2944 3937 vicino
2987 3889 3230 3954 serpente
3257 3881 3515 3939 dormire-

1920 3953 2093 4024 Potest
2117 3953 2236 4024 ﬁcri
2260 3955 2324 4005 ut
2357 3967 2442 4006 me
2465 3967 2569 4024 non
2597 3952 2862 4024 mordeat,
2894 3952 3090 4008 tamen'
3108 3959 3285 4024 potest
3309 3957 3434 4024 ﬁeri
3459 3971 3517 4019 ua

1923 4021 2221 4094 aliquando
2247 4035 2330 4074 me
2369 4023 2626 4075 mordeat.
2655 4022 2790 4076 Haec
2817 4022 3094 4094 eleganter
3108 4021 3175 4094 et
3213 4021 3403 4094 argute
3455 4027 3516 4080 D.

1926 4090 2398 4166 Hieronymus,et
2416 4105 2541 4166 qua:
2568 4098 2872 4166 sequuntur
2900 4090 3024 4166 a_|ibi
3051 4090 3329 4150 referenda
3356 4095 3524 4166 (Vide

1925 4160 2149 4239 colt}?
2167 4175 2292 4239 gap.
2322 4161 2388 4214 16
2417 4160 2574 4239 ᾂὸκν
2603 4160 2767 4239 libelli
2793 4163 2879 4239 2__).
2909 4161 3120 4239 Eodem
3145 4160 3520 4239 spectat'quod

1925 4231 1979 4286 in
1995 4231 2144 4309 _V_it_is
2167 4229 2396 4309 Patrum
2435 4229 2672 4309 legi_tur._
2697 4233 2852 4309 Dicit
2889 4233 3060 4309 abbas
3082 4229 3353 4294 Antonius
3374 4229 3520 4309 {Qui

1917 4302 2146 4382 s_e_det_in
2167 4302 2479 4382 solitudine,
2497 4302 2564 4382 et
2573 4303 2818 4382 quiescit,
2846 4320 2880 4358 a
2897 4306 3078 4382 tribus
3090 4309 3244 4364 bellis
3261 4302 3514 4382 eripitur,

1918 4373 1980 4428 id
2003 4379 2100 4437 est,
2131 4373 2399 4446 auditus,
2424 4374 2725 4437 locutionis,
2764 4379 2816 4430 et
2849 4379 3032 4446 visus;
3061 4385 3112 4436 et
3134 4385 3323 4437 contra
3337 4373 3519 4439 ’ωιυηί

1919 4445 2284 4501 tantummodo
2307 4445 2468 4500 habet
2483 4461 2750 4516 pugnam,
2774 4447 2834 4502 id
2859 4454 2958 4513 est,
2977 4445 3166 4508 cardis.
3195 4457 3325 4511 Item
3349 4456 3518 4510 abbas

1917 4519 2179 4590 Arsenius
2197 4532 2318 4573 cum
2343 4517 2521 4572 adhuc
2548 4523 2680 4573 esset
2705 4520 2763 4572 in
2785 4523 3017 4590 palatio,
3039 4527 3214 4580 oravit
3238 4527 3314 4580 ad
3341 4531 3522 4582 Domi-

1918 4603 2049 4642 num
2076 4588 2257 4644 dicens
2285 4607 2301 4643 :
2333 4591 2572 4653 Domine,
2601 4588 2878 4658 dirige—me
2899 4593 2974 4647 ad
3001 4596 3248 4651 salutem.
3278 4599 3350 4651 Et
3373 4598 3522 4649 venit

1475 4660 1815 4727 cogitationes
1922 4660 1972 4714 ei
1997 4674 2102 4714 υοω
2129 4661 2308 4715 dicens
2335 4678 2354 4714 :
2380 4662 2600 4722 Arseni,
2641 4662 2772 4729 fuge
2813 4661 3082 4726 homines,
3123 4671 3175 4720 et
3201 4666 3516 4718 salvaberis.

651 4729 842 4802 cquens
861 4733 1017 4787 estut
1038 4731 1200 4785 etiam
1227 4745 1291 4802 ea
1316 4743 1439 4800 qua
1465 4744 1500 4783 a
1528 4731 1668 4798 foris
1690 4734 1818 4784 sunt
1845 4729 1897 4792 D
1925 4729 2068 4786 Idem
2106 4733 2220 4802 ipse
2248 4730 2524 4802 discedens
2551 4730 2626 4784 ad
2665 4733 3031 4802 monachalem
3071 4737 3264 4793 vitam,
3301 4747 3520 4785 rursum

1925 4801 2131 4872 oravit,
2150 4801 2394 4872 eumdem
2421 4814 2710 4872 sermonem
2738 4801 2940 4855 dicens.
2988 4803 3327 4872 Audicitque
3343 4818 3519 4857 vocem

1925 4871 2317 4952 dicentemsibi
2347 4889 2364 4923 :
2396 4870 2616 4929 Arseni,
2634 4870 3178 4952 fugez‘tace,_quiesce
3195 4891 3211 4938 ;
3230 4870 3353 4930 huic
3380 4877 3520 4930 enim

1923 4945 2050 4996 sunt
2067 4941 2278 4995 radices
2316 4953 2428 4992 non
2449 4939 2724 5008 peccandi.
2768 4941 2902 4995 Haec
2921 4939 3016 4996 ibi.

1993 5013 2018 5042 ε
2041 5012 2128 5068 Sic
2153 5010 2322 5082 abbas
2340 5009 2666 5082 Cliizeremon
2687 5009 2870 5066 collat.
2891 5017 2952 5068 12
2974 5028 3095 5082 cap.
3124 5021 3186 5069 to
3210 5037 3222 5073 :
3245 5019 3360 5075 Non
3376 5021 3518 5074 enim

1918 5085 2159 5161 castitas,
2173 5080 2268 5135 sed
2287 5081 2613 5161 continentia
2627 5080 2848 5161 dicitur,
2866 5083 2962 5161 ubi
2975 5080 3212 5161 adhucei
3227 5090 3417 5161 aliqua
3440 5106 3522 5144 re-

1921 5155 2068 5225 sistit
2081 5152 2382 5225 adversitas
2395 5151 2710 5225 poluptatis.
2727 5152 2839 5225 Ubi
2861 5155 3016 5225 plura
3031 5157 3098 5212 de
3115 5157 3216 5216 hac
3233 5176 3292 5216 re
3309 5151 3514 5217 notata.

1993 5217 2012 5256 ¹
2047 5221 2322 5304 ’βγκρᾳτῇ
2361 5217 2743 5304 ’ξὶγκρᾶτήςείᾁ
2770 5217 2895 5304 Δ(³δῄ
2933 5227 3235 5299 continens,
3265 5231 3523 5304 ἐγκράτεια

1923 5293 2260 5375 cpntinentia
2310 5294 2436 5375 :_de
2463 5293 3127 5375 _qua.Ari‘s_toteles_yn_
3169 5293 3507 5375 Ethico'rum.

1924 5367 2121 5450 Nescio
2147 5366 2289 5423 unde
2315 5363 2585 5450 Cuychius
2606 5364 2675 5450 in.
2688 5365 2928 5450 editione
2957 5370 3293 5432 Plantiniana
3321 5363 3511 5450 pasue-

1926 5439 1998 5496 rit
2026 5437 2280 5517 εὔξρατον,
2311 5436 2460 5510 quod
2496 5436 2769 5510 significat
2800 5436 3340 5517 benetemperatum',
3383 5450 3518 5504 bene

1928 5511 2282 5588 constitutum
2308 5527 2321 5561 :
2347 5517 2403 5565 at
2427 5524 2678 5588 corpore,
2714 5526 2827 5588 non
2856 5511 3042 5588 animo
3057 5511 3088 5582 ;“
3104 5517 3250 5588 quod
3283 5511 3518 5574 multum

1928 5581 2118 5640 differt
2136 5581 2206 5636 ab
2244 5581 2504 5637 encratia.
2527 5581 2797 5640 'Vitiosius
2825 5585 2987 5642 etiam
3015 5581 3310 5645 Basiliense
3337 5601 3519 5643 exem-

1932 5654 2066 5728 plar,
2104 5650 2362 5728 εὔκράςην.
2387 5652 2578 5728 Utitur
2601 5656 2898 5728 Apostolus
2923 5657 3028 5713 hac
3049 5673 3181 5714 voce
3209 5659 3420 5728 ὶγιφατῆ
3456 5653 3524 5707 ad

1931 5721 2141 5799 Titum,
2171 5721 2264 5778 ubi
2283 5721 2438 5799 inter
2463 5724 2598 5799 alias
2620 5721 2860 5799 episcopi
2883 5728 3042 5799 dotes
3063 5728 3228 5798 jubet
3245 5721 3367 5780 esse
3395 5735 3528 5799 con:

1934 5795 2200 5868 tinemem
2243 5794 2501 5868 (Cap-ut)
2533 5812 2545 5848 :
2595 5791 2694 5866 pr'o
2719 5791 2830 5868 quis
2871 5800 2938 5852 D.
2975 5791 3341 5864 Hieronymus
3371 5791 3532 5838 vertit

233 5857 318 5916 Hoc
342 5881 462 5923 non
485 5875 570 5926 est
589 5883 860 5941 pugnare,
882 5869 974 5925 sed
993 5857 1206 5937 fugere}
1230 5874 1315 5925 sta
1333 5872 1388 5924 in
1415 5857 1546 5937 acie,
1575 5869 1830 5923 adversa-
1937 5863 2302 5924 abstiuentem
2322 5857 2456 5930 {alii
2475 5857 2893 5934 temperantem.
