3996 6198
476 410 575 463 271
1818 392 2098 450 JOANNIS
2134 391 2439 450 CASSIANI
3676 378 3788 433 272

480 540 651 599 stum,
682 537 755 595 et,
787 536 850 584 ut
894 527 968 584 ita
994 525 1197 592 dicam,
1250 524 1305 579 in
1328 520 1593 578 affectum
1632 518 1964 591 integritatis
1986 517 2069 574 vel
2102 523 2157 584 Α
2181 531 2331 573 cesse
2353 522 2436 572 est
2468 513 2617 570 enim
2643 524 3092 584 unumquemque
3119 509 3177 564 in
3218 504 3611 599 colluctatione
3638 503 3788 575 posi-

482 597 911 694 incorruptionis
954 619 1208 687 transire,
1234 626 1260 652 ι
1293 614 1440 687 quod
1476 613 1676 670 dicitur
1704 612 1857 683 ἁγνόν
1906 630 1918 666 :
1955 625 2079 684 qua:
2186 618 2337 678 tum,
2393 606 2646 681 quamvis
2696 605 3013 678 frequenter
3060 600 3432 660 adversarium
3490 597 3677 654 vincat
3721 612 3790 653 ac

484 718 654 773 virtus
700 693 805 771 illis
833 714 963 770 solis
991 711 1250 767 tribuitur
1278 707 1536 774 maxime,
1579 706 1673 779 qui
1702 705 1952 778 virgines,
1997 703 2077 759 vel
2186 711 2427 776 superet,
2447 710 2503 759 et
2531 702 2712 773 ipsum
2741 708 2926 757 tamen
2951 695 3244 770 aliquando
3270 693 3499 751 turbari.

482 818 687 875 mente,
714 808 799 866 vel
825 823 985 864 carne
1005 804 1328 878 perdurant,
1358 796 1384 835 δ
1410 810 1471 858 ut
1492 810 1722 873 uterque
1752 802 1994 857 Joannes
2023 798 2080 854 in

480 922 625 962 novo
645 907 1029 969 Testamento;
1049 906 1073 936 ο
1090 901 1148 955 in
1174 897 1340 955 veteri
1362 911 1579 969 quoque
1601 896 1766 962 Elias,
1794 893 2079 961 Jeremias,

483 997 678 1056 Daniel
707 994 878 1052 fuisse
906 1001 1228 1050 noscuntur.
1256 993 1319 1046 In
1342 1005 1579 1063 quorum
1596 988 1766 1063 gradu
1789 988 1844 1045 hi
1865 1002 2083 1060 quoque

480 1108 596 1147 non
645 1089 924 1146 immerito
966 1085 1389 1158 reputabuntur.
1418 1083 1515 1155 qui
1558 1091 1682 1155 post
1710 1082 2080 1154 experimenta

481 1182 844 1255 corruptionis
867 1181 936 1237 ad
960 1179 1202 1235 similem
1224 1177 1477 1250 puritatis
1494 1182 1699 1232 statum
1719 1191 1817 1248 per
1838 1175 2081 1232 laborem

482 1291 706 1355 longum
740 1282 796 1329 et
838 1271 1164 1329 industriam
1198 1260 1509 1342 integritate
1536 1268 1740 1325 mentis
1783 1276 1840 1324 et
1883 1282 2082 1338 corpo-

481 1371 556 1426 ris
583 1374 961 1441 pervenerunt,
989 1374 1044 1421 et
1067 1364 1288 1421 aculeos
1315 1363 1496 1420 carnis
1517 1378 1629 1419 non
1658 1370 1777 1418 tam
1802 1361 2083 1433 impugna-

483 1465 634 1520 tione
677 1460 1131 1532 concupiscentia:
1156 1459 1356 1529 turpis,
1380 1472 1544 1529 quam
1579 1464 1790 1512 naturae
1834 1462 2077 1511 tantum-

483 1557 652 1614 modo
679 1564 832 1612 motu
862 1553 1125 1610 sentiunt.
1158 1554 1334 1622 Quem
1358 1558 1564 1606 statum
1592 1548 1831 1606 dicimus
1858 1546 2077 1604 difﬁcil-

481 1651 613 1705 lime
634 1664 795 1720 posse
819 1647 960 1702 inter
978 1644 1266 1700 hominum
1288 1643 1477 1698 turbas
1495 1640 1864 1713 apprehendi;
1891 1648 2078 1697 utrum

482 1759 610 1799 vero
639 1751 695 1799 et
722 1739 1054 1813 impossibile
1082 1739 1174 1805 sit,
1203 1737 1578 1808 unusquisque
1603 1750 1713 1790 non
1749 1742 1935 1790 nostra
1952 1748 2083 1789 sen-

480 1835 649 1891 tentia
687 1841 959 1904 exspectet
987 1844 1300 1903 agnoscere,
1348 1827 1445 1883 sed
1478 1825 1824 1882 conscientia
1860 1839 1974 1881 suae
2002 1825 2082 1880 ri-

2806 803 3048 859 CAPUT
3092 802 3156 856 V.

2191 907 2342 977 Quod
2387 906 2721 978 impugnatio
2762 904 3147 978 fornicationis
3185 903 3295 978 solo
3336 901 3568 955 humano
3605 899 3791 955 studio

2722 991 2831 1030 non
2852 977 3025 1046 possit
3066 975 3251 1028 euinci.

2262 1082 2611 1153 Quapropter
2651 1080 2697 1136 si
2721 1077 2882 1135 nobis
2911 1076 3064 1134 cordi
3099 1083 3183 1132 est
3224 1088 3457 1146 agonem
3483 1071 3785 1144 spiritalem

2190 1191 2318 1230 cum
2361 1173 2631 1246 Apostolo
2667 1173 2907 1247 legitime
2932 1170 3209 1229 decertare
3237 1171 3291 1237 (Ι
3325 1170 3462 1223 Tim.
3496 1171 3613 1235 1v),
3644 1166 3794 1223 hunc

2192 1269 2695 1326 immundissimum
2719 1268 2979 1340 spiritum
3008 1279 3266 1338 superare
3290 1264 3442 1320 omni
3481 1263 3682 1319 mentis
3708 1264 3796 1318 in-

2190 1364 2455 1433 tentione,
2486 1350 2514 1395 δ
2540 1378 2650 1419 non
2664 1363 2867 1418 nostris
2890 1360 3095 1418 viribus
3117 1357 3455 1416 conﬁdentes
3478 1357 3611 1426 (hoc
3639 1359 3795 1415 enim

2187 1454 2462 1512 industria
2491 1456 2734 1510 humana
2773 1452 3028 1525 perlicere
3050 1468 3163 1509 non
3201 1450 3508 1523 praevalet),
3540 1450 3638 1507 sed
3665 1452 3793 1523 opi-

2186 1546 2448 1603 tulatione
2476 1545 2696 1603 Domini
2742 1544 3085 1603 festinemus.
3127 1542 3370 1600 Tamdiu
3406 1557 3647 1613 namque
3686 1543 3794 1601 hoc

2187 1642 2320 1697 vitio
2343 1642 2584 1698 animam
2598 1655 2816 1697 necesse
2842 1649 2926 1697 est
2956 1637 3283 1711 impugnari,
3308 1636 3489 1694 donec
3509 1652 3566 1692 se
3584 1635 3797 1694 bellum

2187 1749 2372 1806 gerere
2399 1749 2564 1807 supra
2611 1731 2751 1789 vires
2794 1748 2921 1790 suas
2958 1738 3243 1804 agnoscat;
3277 1733 3301 1762 °
3337 1744 3438 1785 nec
3466 1728 3673 1799 labore,
3711 1730 3792 1786 vel

2187 1827 2367 1885 studio
2399 1829 2620 1901 proprio
2650 1827 2936 1884 victoriam
2959 1825 3211 1882 obtinere
3234 1840 3293 1881 se
3321 1838 3500 1896 posse,
3532 1822 3638 1880 nisi
3676 1826 3792 1880 Do-

482 1936 664 1984 metur
688 1925 956 1983 examine.
980 1926 1251 1980 Caeterum
1269 1921 1605 1976 continentes
1630 1917 1832 1973 multos
1849 1918 2085 1973 existere
2111 1933 2158 1996 Β
2192 1922 2326 1978 mini
2357 1921 2523 1979 fuerit
2547 1921 2751 1979 auxilio
2770 1937 2834 1977 ac
2862 1919 3200 1994 proiectione
3222 1916 3465 1976 suffulta.

481 2036 596 2076 non
640 2019 976 2082 dubitamus,
1009 2015 1102 2086 qui
1150 2011 1619 2085 impugnationem
1662 2010 1861 2078 carnis,
1891 2025 2081 2081 quam,

484 2112 565 2168 vel
594 2126 741 2176 raro,
774 2109 858 2163 vel
886 2106 1150 2179 quotidie,
1179 2104 1467 2169 sustinent,
1497 2118 1596 2159 seu
1623 2111 1774 2159 metu
1800 2101 2082 2176 gehennae,

482 2219 579 2260 seu
601 2184 869 2258 desiderio
890 2198 1041 2271 régni
1066 2197 1337 2254 caelorum
1364 2196 1723 2269 exstinguunt
1744 2202 1907 2268 atque
1932 2211 2083 2252 com-

485 2302 734 2368 pescunt.
768 2295 923 2363 Quos
958 2291 1221 2360 seniores,
1255 2290 1394 2347 sicut
1419 2290 1777 2361 pronuntiant
1796 2305 1954 2362 posse
1968 2305 2083 2346 non

488 2388 703 2461 penitus
732 2386 1019 2444 incentivis
1043 2386 1207 2442 obrui
1245 2385 1524 2451 vitiorum,
1551 2385 1625 2440 ita
1661 2399 1881 2440 securos
1911 2394 1966 2440 et
1992 2385 2081 2440 in-

487 2484 757 2559 sauciatos
785 2496 1001 2553 semper
1028 2480 1258 2536 existere
1297 2495 1409 2535 non
1450 2493 1608 2551 posse
1637 2476 1927 2534 deﬁniunt.
1974 2480 2081 2534 Ne-

2772 2026 3013 2083 CAPUT
3043 2025 3138 2079 VI.

2194 2124 2267 2177 De
2288 2121 2551 2191 peculiari
2588 2122 2773 2190 gratia
2818 2121 2916 2175 Dei
2963 2119 3038 2173 ad
3066 2120 3336 2201 castitatis
3375 2119 3795 2172 consecutionem

2830 2204 3128 2245 necessaria
3136 2232 3148 2244 .

2258 2296 2330 2350 Et
2367 2307 2550 2349 revera
2579 2308 2707 2349 cum
2733 2292 2791 2348 in
2825 2290 3084 2347 omnibus
3129 2290 3396 2345 virtutum
3434 2288 3790 2360 profectibus,

2188 2393 2243 2440 et
2256 2394 2578 2441 cunctorum
2598 2385 3001 2458 expugnatione
3026 2382 3305 2449 vitiorum,
3334 2381 3562 2437 Domini
3582 2381 3657 2437 sit
3672 2398 3797 2454 gra-

2189 2479 2260 2534 tia
2288 2487 2450 2551 atque
2478 2479 2727 2550 victoria,
2766 2480 2824 2536 in
2852 2477 2959 2535 hoc
2995 2477 3270 2551 praecipue
3298 2469 3315 2508 ί
3343 2475 3618 2549 peculiare
3652 2476 3796 2533 bene

1579 2621 1833 2675 ΑΕΔΗῡί
1873 2621 2102 2677 ΕΑΖΛΞΙ
2141 2620 2701 2677 COMMENTARIUS.

556 2753 580 2783 ⁸
608 2747 793 2820 Ἆγνός,
816 2755 1023 2815 castus,
1050 2762 1243 2820 purus,
1273 2746 1649 2820 intemeratus,
1680 2760 1782 2817 pro
1809 2762 1920 2820 quo
1950 2746 2090 2820 Cuy-

488 2821 645 2877 chius
666 2817 831 2876 habet
862 2820 1002 2872 ἄκιον
1024 2817 1128 2886 (ἰὰ
1156 2828 1258 2886 est,
1280 2818 1657 2888 incorruptum
1690 2836 1702 2872 :
1734 2817 1838 2874 sed
1852 2818 1956 2873 hoc
1975 2817 2090 2888 epi-

484 2892 675 2949 theton
694 2892 868 2963 magis
886 2891 1032 2962 ligno
1058 2889 1313 2963 congruit
1338 2904 1505 2959 quam
1528 2888 1762 2963 ho_min_i_,
1788 2889 1831 2944 si
1854 2889 2090 2963 nominis

489 2957 815 3034 etymologia
858 2957 1147 3034 spectetur.
1171 2957 1377 3015 'Codex
1417 2974 1545 3013 vero
1573 2959 1913 3034 _Basiliensi§
1943 2958 2084 3034 tirév,

485 3030 797 3089 mendosius
831 3033 1003 3096 (Vide
1028 3032 1145 3085 coll.
1182 3035 1244 3085 l2
1265 3045 1385 3099 cap.
1422 3033 1513 3094 ll;
1545 3030 1719 3084 Arist.
1755 3044 1844 3084 vn
1871 3031 2084 3097 Ethic.;

489 3106 547 3161 S.
583 3105 763 3157 Thom.
801 3106 916 3167 2-2,
945 3120 1001 3170 q.
1043 3106 1166 3165 155,
1205 3104 1317 3170 art.
1355 3104 1433 3164 ι).
1481 3103 1653 3154 Ροιτο
1681 3099 1828 3170 quod
1869 3100 1941 3155 ad
1967 3116 2085 3156 rem

486 3173 699 3235 attinet,
722 3169 1011 3243 distinguit
1033 3170 1119 3225 hic
1141 3169 1445 3243 Cassianus
1459 3170 1602 3243 inter
1617 3169 2011 3243 continentiam
2032 3180 2086 3227 et

488 3229 819 3310 castitatem,
849 3229 925 3297 et”
934 3243 1142 3297 multos
1165 3239 1386 3312 quidem
1416 3240 1551 3296 dicit
1577 3256 1695 3297 esse
1722 3241 2081 3309 continentes,
2115 3229 2159 3291 C

491 3329 789 3386 perpaucos
834 3328 961 3386 vero
1004 3311 1227 3386 cas_tos,_
1256 3311 1634 3386 incorruptos,
1673 3327 1772 3386 seu
1806 3312 2080 3386 _virgines;

491 3380 1176 3464 ubi'continentiani,_sive
1210 3380 1498 3464 ἔγξράτςξαῦ
1525 3383 1741 3464 30(ιίρῆι
1772 3380 2084 3464 sicut'_Phi-#

493 3457 751 3528 los0phus
780 3455 836 3510 in
881 3455 1108 3528 Ethicis,
1141 3470 1239 3525 pro
1272 3454 1552 3528 ﬁrmitate
1573 3454 1765 3528 animi,
1798 3471 1893 3511 seu
1923 3455 2085 3528 iirmo

491 3525 796 3599 proposito,
842 3541 952 3599 quo
999 3526 1123 3592 quis
1162 3525 1501 3599 secontinet
1538 3525 1803 3599 in_‘bono_
1831 3526 2084 3599 rationis,

492 3594 683 3653 contra
714 3594 979 3668 impulsus
1014 3596 1486 3668 concupiscentiae,
1518 3594 1716 3668 quibus
1737 3595 1808 3651 ad
1828 3597 2087 3668 volupta-

491 3678 575 3725 tes
598 3666 851 3723 venereas
872 3667 1184 3738 impellitur.
1208 3667 1366 3723 Unde
1383 3675 1436 3721 et
1450 3666 1792 3722 continentes
1810 3666 2086 3735 describit,

492 3743 591 3811 qui
606 3742 1059 3810 impugnationem
1078 3740 1279 3801 carnis,
1306 3754 1471 3808 quam
1490 3739 1570 3811 uel
1590 3753 1737 3811 raro,
1760 3739 1841 3792 vel
1850 3740 2091 3807 quotidie

494 3809 777 3873 sustinent,
805 3827 897 3865 seu
917 3816 1058 3865 metu
1078 3811 1347 3878 gehennw,
1368 3825 1459 3864 seu
1488 3809 1752 3863 desiderio
1772 3811 1928 3878 regni
1944 3812 2092 3865 cwlo-

496 3900 619 3937 rum
661 3885 1007 3951 eastinguunt
1035 3886 1197 3950 atque
1224 3884 1572 3951 compescunt.
1607 3879 1930 3935 Castitatem
1964 3896 2090 3937 vero

492 3954 722 4023 exponit
765 3950 1131 4024 integritatem
1170 3959 1223 4006 et
1252 3950 1751 4021 incorruptionem:
1802 3955 1852 4006 et
1886 3957 2091 4007 castum

492 4040 621 4088 esse,
640 4028 697 4080 in
708 4027 974 4092 affectum
988 4024 1319 4091 integritatis
1335 4027 1385 4077 et
1400 4024 1812 4092 incorruptionis
1825 4026 2057 4078 transire
2066 4046 2088 4091 ;

494 4099 815 4167 quasvirtus,
837 4095 1031 4167 inquit,
1062 4096 1173 4149 illis
1193 4094 1320 4149 solis
1336 4094 1614 4167 tribuitur,
1640 4094 1741 4167 qui
1753 4097 1989 4167 uirgines
2010 4096 2092 4167 vel

492 4164 654 4223 carne
674 4170 757 4223 vel
774 4164 945 4223 mente
958 4167 1281 4238 perdurant.
1318 4164 1527 4238 Quibus
1555 4164 1732 4238 verbis
1762 4164 1965 4238 indicat
1988 4165 2091 4221 sub

491 4240 753 4293 castitatis
772 4234 990 4293 nomine
1014 4247 1068 4293 et
1086 4246 1231 4293 statu
1254 4234 1644 4308 comprehendi
1664 4234 1774 4292 duo
1803 4236 2091 4308 hominum

495 4322 717 4379 genera,
750 4310 1211 4379 aiterumueorum
1236 4307 1329 4378 qui
1353 4307 1535 4363 mente
1560 4316 1615 4379 et
1648 4323 1878 4379 corpore
1918 4307 2096 4379 incor-

492 4376 661 4449 rupti,
688 4377 943 4449 nullaque
970 4376 1189 4449 libidine
1209 4376 1337 4430 sunt
1354 4378 1732 4449 contaminati,
1748 4376 1849 4448 'qui
1874 4378 2092 4449 proprie

491 4445 749 4518 dicuntur
777 4445 1045 4518 virgines;
1078 4446 1313 4518 alterum
1343 4460 1535 4501 eorum
1553 4448 1676 4518 qui,
1702 4445 1827 4503 licet
1854 4445 2089 4518 aliquam

493 4514 887 4587 corruptionis,
932 4530 1046 4587 seu_
1080 4513 1340 4587 libidinis,
1387 4513 1668 4570 maculam
1704 4517 1812 4572 sint
1857 4513 2083 4587 experti,

493 4584 695 4647 tamen,
736 4584 934 4653 inquit,
973 4585 1046 4656 ad
1074 4585 1305 4638 similem
1328 4586 1592 4653 puritatis
1616 4590 1819 4641 statum
1842 4584 1940 4656 per
1968 4584 2082 4642 Ion;

493 4672 621 4726 gum
632 4656 861 4710 laborem
873 4659 923 4709 et
942 4655 1274 4709 industriam
1286 4660 1663 4724 pervenerunt,
1681 4661 1732 4711 et
1746 4655 1952 4713 aculeos
1967 4676 2085 4714 car-

489 4730 576 4783 nis
595 4744 699 4783 non
714 4731 827 4782 tam
852 4728 1255 4796 impugnatione
1274 4727 1707 4798 concupiscentia:
1726 4731 1898 4798 turpis
1918 4746 2083 4798 quam

487 4804 697 4855 natura:
721 4799 1086 4854 tantummodo
1110 4802 1257 4869 motu
1278 4799 1534 4852 sentiunt.
1556 4797 1653 4869 δίο
1678 4797 1792 4869 ipse
1811 4797 1833 4869 ἰ
1853 4797 1989 4857 Vide
2011 4804 2084 4857 in-

486 4873 582 4940 fra
607 4873 680 4927 ad
708 4888 752 4925 c.
781 4874 843 4925 18
864 4871 1025 4941 hujus
1049 4868 1276 4940 collat.).
1308 4870 1486 4938 Quam
1513 4868 1584 4923 ob
1602 4868 1831 4926 causam
1849 4888 1978 4927 usus
2000 4882 2083 4929 est

486 4942 576 4997 illa
596 4944 937 4998 distinctione
964 4943 1046 4999 vel
1067 4958 1241 5005 carne,
1268 4942 1351 4996 vel
1371 4945 1545 5013 mente
1570 4943 1827 5013 virgines.
1857 4946 1998 4999 Nam
2024 4944 2078 5000 bi

485 5013 709 5096 quidem
739 5014 873 5096 casti
899 5014 1186 5096 dicuntur,‘
1202 5020 1256 5069 et
1287 5021 1468 5096 incute
1494 5012 1905 5096 virgines,_quia
1927 5030 2077 5096 men-

485 5084 555 5140 tis
594 5085 864 5140 maculam
902 5084 1224 5153 poenitentia
1270 5084 1548 5140 diluerunt
1584 5084 1644 5141 et
1686 5084 2031 5142 detérserunt
2062 5105 2077 5141 :

481 5171 592 5211 non
621 5163 804 5236 tamen
849 5155 1062 5236 proprie
1101 5155 1511 5236 virgines,_quia
1546 5156 1824 5236 virginitas
1863 5155 2078 5236 perfec-

482 5235 598 5283 tam
620 5225 818 5309 mentis
830 5232 893 5309 et
914 5226 1157 5308 corporis
1175 5225 1378 5309 integri
1386 5225 1577 5309 interr)“
1592 5225 2078 5309 incorruptionem-

480 5313 586 5369 que
609 5296 868 5367 supponit
892 5311 958 5351 ac
986 5297 1235 5367 requirit,
1259 5305 1320 5351 ut
1347 5296 1491 5352 infra
1524 5297 1750 5353 dicetur.
1815 5296 1835 5300 ⁷

548 5362 576 5402 δ
610 5371 693 5423 De
735 5370 945 5423 Joanne
985 5370 1228 5437 Baptista
1277 5383 1444 5423 nemo
1490 5368 1795 5424 catholicus
1839 5367 2073 5438 dubitat,

477 5441 605 5513 quin
638 5439 790 5513 virgo
832 5439 1214 5513 permanserit,
1246 5454 1373 5513 cum
1403 5446 1618 5513 constet
1666 5454 1731 5494 ex
1788 5442 2074 5510 Evangelio

475 5508 602 5568 eum
640 5511 694 5565 in
728 5508 949 5582 deserto
987 5509 1058 5565 ab
1088 5509 1312 5566 infantia
1357 5509 1425 5582 ad
1458 5508 1627 5582 ﬁnem
1644 5526 1831 5582 usque
1866 5508 1992 5570 vita:
2022 5514 2078 5569 in

475 5597 694 5638 summa
738 5580 1053 5637 austeritate
1097 5590 1151 5636 et
1195 5580 1557 5637 sanctimonia
1606 5580 1805 5638 vixisse
1848 5586 2071 5648 (Matth.

474 5669 580 5723 tu;
607 5657 733 5709 Luc.
767 5654 845 5718 ι).
890 5652 1054 5708 Unde
1084 5652 1140 5706 in
1165 5653 1282 5724 ejus
1308 5651 1529 5708 laudem
1552 5652 1704 5709 cauit
1724 5655 1962 5712 Ecclesia
1987 5674 2001 5709 :

660 5770 702 5818 Ο
726 5768 870 5817 nimis
890 5766 1024 5826 felix,
1050 5767 1306 5830 meritique
1319 5767 1454 5827 celsi,

659 5833 892 5881 Nesciens
915 5830 1072 5880 labem
1102 5830 1231 5881 nivei
1265 5830 1483 5894 pudoris.

537 5940 809 5997 Joannem
840 5939 1007 5996 etiam
1049 5936 1434 6012 evangelistam
1464 5937 1734 6013 virginem
1779 5937 1948 6000 fuisse
1991 5950 2075 6023 te-

2198 2755 2434 2819 stantur.
2470 2750 2541 2803 D.
2568 2746 2943 2819 Hieronymus
2967 2744 3060 2803 lib.
3089 2760 3130 2801 n
3152 2744 3207 2800 in
3233 2744 3605 2819 Iovinianum,
3634 2752 3691 2800 et
3719 2746 3791 2819 1_).

2197 2818 2537 2891 Augustinus
2577 2827 2738 2874 tract.
2764 2816 2871 2891 fulti
2904 2818 2961 2872 in
3000 2819 3301 2891 Joannem,
3328 2817 3419 2871 ubi
3449 2816 3587 2891 dicit
3620 2816 3798 2891 eade

2196 2887 2356 2945 causa
2383 2891 2654 2946 Joannem
2682 2906 2713 2945 a
2743 2888 2962 2946 Christo
2987 2887 3330 2959 praaiczeteris
3352 2887 3619 2959 apostolis
3637 2887 3799 2943 dilec-

2197 2968 2346 3032 tum,
2383 2960 2533 3032 quod
2572 2975 2748 3032 neque
2812 2958 3039 3032 uxorem
3084 2958 3325 3026 duxerit,
3368 2966 3423 3014 et
3459 2958 3529 3015 ab
3574 2958 3800 3016 ineunte

2196 3030 2427 3102 pueritia
2462 3031 2801 3086 castissimus
2826 3031 3040 3086 vixerit.

2262 3126 2288 3156 c
2321 3105 2403 3157 De
2444 3102 2585 3167 Elia,
2627 3102 2866 3158 Jeremia
2914 3109 2970 3157 et
3014 3100 3136 3157 aliis
3175 3100 3256 3155 sic
3306 3102 3372 3155 D.
3417 3099 3800 3171 Hieronymus

2194 3172 2349 3243 epist.
2380 3178 2447 3228 22
2478 3173 2549 3229 ad
2569 3173 2930 3228 Eustochium
2955 3190 2967 3227 :
2997 3176 3162 3241 Virgo
3180 3173 3349 3233 Elius,
3373 3173 3602 3227 Elisceus
3620 3174 3797 3240 virgo,

2192 3245 2432 3312 virgines
2443 3246 2549 3313 ﬁlii
2558 3246 2942 3314 prophetarum
2961 3263 2977 3310 ;
3002 3248 3052 3299 et
3067 3244 3305 3299 Jeremia:
3320 3243 3541 3304 dicitur,
3563 3246 3633 3298 Et
3654 3247 3715 3314 tu
3729 3259 3802 3298 ne

2192 3318 2429 3385 accipias
2456 3313 2678 3369 uxorem
2707 3318 2841 3380 (Jer.
2873 3319 3028 3378 xvr).
3060 3317 3130 3385 Et
3159 3314 3383 3385 prologo
3413 3314 3468 3367 in
3497 3313 3802 3385 Jeremiam

2191 3383 2420 3441 testatur
2448 3386 2705 3441 eumdem
2740 3386 3010 3457 virginem
3047 3383 3234 3440 fuisSe.
3262 3383 3342 3439 De
3371 3384 3598 3457 Daniele
3622 3385 3803 3457 Joan-

2191 3471 2290 3511 nes
2322 3460 2696 3512 Damascenus
2724 3455 2968 3511 afﬁrmat
2990 3464 3212 3527 propter
3243 3455 3591 3527 excellentem
3625 3456 3807 3511 casti-

2194 3527 2320 3583 tatis
2351 3528 2634 3595 virtutem,
2663 3536 2719 3583 et
2748 3528 2927 3598 ipsum
2964 3525 3005 3582 a‘
3045 3525 3270 3598 leonum
3315 3525 3541 3598 saevitia,
3580 3534 3639 3598 et
3679 3533 3806 3583 tres

2197 3613 2391 3667 pueros
2420 3598 2585 3653 fuisse
2612 3598 2681 3653 ab
2702 3596 2953 3654 incendio
2982 3596 3319 3653 inviolabiles
3340 3596 3486 3663 (Lib.
3515 3610 3574 3651 IV
3597 3597 3803 3654 Ortho-

2196 3670 2322 3723 doa'.
2355 3670 2474 3724 Fid.
2502 3686 2547 3724 c.
2575 3669 2689 3724 25).

2311 3712 2322 3723 .
2355 3672 2474 3724 Fid.
2502 3686 2547 3724 c.
2575 3672 2689 3725 25).

2266 3727 2294 3771 δ
2324 3740 2419 3820 Pio
2443 3747 2516 3820 et
2553 3727 2818 3820 catholice
2841 3739 2896 3795 in
2924 3739 3032 3796 hoc
3052 3739 3379 3820 e_tnsequenti
3405 3737 3589 3820 capite
3614 3737 3808 3820 loqui-

2200 3818 2290 3866 tur
2318 3813 2525 3867 Auctor
2548 3810 2615 3867 de
2641 3811 2833 3882 gratias
2856 3820 2929 3882 iet
2964 3809 3149 3882 auxilii
3172 3809 3341 3882 divini
3371 3809 3719 3882 necessitate,
3747 3820 3810 3868 et

2201 3890 2409 3937 natura:
2450 3898 2547 3937 seu
2588 3879 2742 3937 liberi
2787 3881 3001 3936 arbitrii
3047 3880 3419 3937 imbecillitate
3460 3879 3527 3934 ad
3564 3894 3808 3952 compa-

2197 3952 2426 4008 randam
2466 3961 2520 4008 et
2558 3952 2988 4008 conservandam
3028 3952 3383 4008 continentiae
3420 3951 3718 4017 virtutem,
3739 3962 3808 4009 et

2199 4024 2531 4095 superandas
2560 4026 2739 4080 carnis
2768 4024 3203 4095 impugnationes
3225 4023 3394 4093 (Vide
3424 4024 3520 4095 lib.
3545 4037 3639 4095 xit
3660 4025 3808 4095 inst.

2200 4111 2244 4150 c.
2267 4092 2326 4163 9,
2358 4102 2407 4152 et
2428 4098 2635 4165 aliquot
2660 4100 2825 4166 seq.).
2849 4092 3017 4151 Unde
3038 4102 3263 4165 apparet
3288 4108 3416 4150 eum
3444 4092 3621 4166 sicubi
3643 4094 3812 4151 aliter

2199 4167 2433 4223 sensisse
2462 4163 2744 4237 videatur;
2759 4182 2868 4221 non
2894 4163 3235 4237 tamex—sua
3268 4179 3436 4236 quam
3461 4179 3526 4218 ex
3551 4163 3811 4237 aliorum

2201 4237 2460 4307 Opinione
2489 4252 2606 4292 esse
2632 4233 2895 4293 locutum.
2924 4238 2985 4291 ln
3010 4235 3105 4307 his
3119 4233 3390 4307 siquidem
3429 4233 3814 4307 Institutioni-

2202 4306 2305 4362 bus
2343 4307 2684 4375 monasticis,
2733 4308 2874 4363 sicut
2913 4308 3048 4364 etin
3095 4306 3243 4362 libris
3287 4306 3354 4362 de
3413 4306 3816 4363 lncarnationc

2200 4376 2389 4449 _Verbi,
2418 4377 2693 4449 propriam
2723 4379 3049 4434 sententiam
3074 4376 3342 4449 exposuit.
3380 4376 3813 4449 lnCollationi-

2197 4446 2299 4518 bus
2326 4445 2536 4514 autem;
2566 4448 2788 4504 illorum
2835 4451 3056 4505 Patrum
3100 4445 3270 4503 refert
3314 4448 3621 4516 opiniones,
3657 4462 3816 4518 quos

2196 4516 2480 4591 loquentes
2507 4518 2831 4591 introduxit.
2880 4523 2960 4576 Ita
3006 4518 3232 4591 quidem
3262 4519 3515 4591 apinatus
3552 4516 3808 4591 estDo.

2112 4610 2163 4671 D
2193 4589 2482 4671 Quychius.
2656 4607 2747 4671 an
2772 4606 2957 4671 rgvera
2983 4588 3058 4671 ita
3082 4590 3170 4652 sit.
3207 4604 3273 4671 ex
3304 4588 3434 4671 ipsis
3472 4588 3815 4671 Collationi-

2189 4657 2323 4733 bus,
2344 4669 2399 4717 et
2426 4677 2495 4733 ex
2530 4661 2672 4718 libro
2707 4664 2775 4717 D.
2805 4660 3056 4733 Prosperi
3095 4668 3287 4733 contra
3314 4657 3679 4733 Collatorem,
3711 4677 3819 4717 ex-

2190 4732 2540 4805 pendendum
2577 4741 2632 4788 et
2669 4730 3094 4790 examinandum
3127 4731 3379 4804 relinquo
3427 4730 3602 4803 (Vide
3627 4735 3819 4789 etiam

2186 4805 2463 4863 notataad
2482 4805 2574 4859 lib.
2604 4820 2718 4870 xu,
2744 4821 2788 4860 c.
2813 4808 2929 4871 14).

2251 4877 2287 4947 ξ
2322 4875 2385 4931 Id
2438 4875 2607 4931 etiam
2665 4874 2909 4947 pluribus
2949 4875 3185 4933 inculcat
3224 4874 3399 4931 abbas
3453 4872 3823 4947 Chaeremon

2187 4943 2370 5018 collat.
2403 4949 2474 5018 712
2500 4963 2619 5018 cap.
2649 4943 2699 5002 αἱ.
2726 4949 2792 5001 Et
2821 4949 3058 5003 Joannes
3080 4947 3357 5003 Climacus
3388 4945 3609 5010 (Gradu
3642 4951 3759 5014 15)
3799 4968 3819 5003 :

2184 5017 2369 5081 Nemo,
2398 5017 2597 5089 inquit,
2625 5034 2693 5073 ea:
2719 5019 2801 5073 his
2826 5020 2927 5087 qui
2946 5034 3001 5073 se
3028 5018 3208 5073 studio
3227 5019 3495 5073 castitatis
3523 5024 3824 5084 exercent,

2184 5090 2297 5143 suis
2324 5089 2462 5144 hanc
2489 5090 2761 5145 laboribus
2785 5094 2884 5143 aut
2907 5090 3183 5144 industria
3200 5105 3254 5144 se
3279 5090 3575 5158 aoquisisse
3600 5094 3777 5158 putet
3800 5112 3828 5157 ;

2185 5173 2313 5213 nam
2336 5161 2592 5229 possibile
2607 5176 2707 5215 non
2724 5165 2882 5216 estut
2904 5163 3182 5230 quispiam
3205 5165 3465 5215 naturam
3488 5174 3651 5213 suam
3682 5163 3839 5217 vin-

2184 5234 2271 5284 cat
2299 5249 2316 5285 :
2343 5232 2442 5286 ubi
2456 5232 2682 5301 denique
2698 5236 2899 5286 natura
2916 5236 3169 5301 superata
3188 5236 3287 5294 est,
3308 5232 3425 5285 illic
3443 5232 3490 5285 is
3509 5233 3615 5299 qui
3623 5246 3839 5301 supra

2184 5305 2440 5357 naturam
2460 5306 2557 5366 est,
2574 5303 2850 5358 advenisse
2867 5305 3220 5371 cognoscitur.
3246 5305 3386 5359 Nam
3404 5303 3518 5356 sine
3538 5301 3660 5355 ulla
3679 5318 3841 5357 con-

2185 5376 2446 5445 troversia
2475 5375 2537 5428 id
2554 5375 2697 5445 quod
2716 5374 2953 5429 deterius
2971 5378 3049 5429 est
3073 5390 3107 5428 a
3132 5376 3432 5445 potentiore
3454 5372 3833 5445 destruitur.

2256 5436 2275 5474 ¹
2304 5447 2387 5500 De
2425 5443 2531 5500 hoc
2561 5436 2834 5516 “peculiari
2869 5445 3041 5509 dono,
3070 5436 3151 5500 ac'
3169 5444 3393 5516 speciali
3427 5443 3525 5516 Dei
3554 5443 3836 5516 auxilio,

2187 5529 2297 5585 quo
2342 5524 2489 5572 recte
2530 5513 2588 5571 et
2613 5515 2895 5587 catholice,
2920 5513 3303 5587 intelligatur,
3330 5521 3461 5571 sunt
3490 5513 3615 5587 haec
3654 5513 3851 5577 sciui
3914 5574 3915 5579 η

2185 5584 2513 5660 necessaria.
2542 5588 2729 5660 Primo
2752 5584 3153 5660 continentiam
3194 5595 3251 5660 ei
3273 5586 3484 5660 donum
3516 5584 3620 5660 Dei
3651 5599 3850 5660 esse,

2185 5665 2240 5712 et
2266 5666 2454 5714 tamen
2492 5658 2549 5713 in
2586 5657 2819 5714 arbitrio
2842 5666 2896 5713 et
2941 5655 3478 5728 potestateihominis
3500 5655 3781 5728 positum
3816 5655 3854 5718 Ξ

2185 5743 2425 5800 quorum
2447 5729 2689 5805 alterum
2717 5728 2895 5805 nostri
2926 5724 3188 5805 temporis
3214 5727 3457 5785 haeretici
3482 5724 3862 5805 afﬁrmant,

2183 5799 2383 5868 nempe
2428 5799 2635 5857 donum
2670 5800 2769 5856 Dei
2798 5815 2948 5871 esse;
2988 5799 3221 5856 alterum
3261 5806 3518 5871 negant;
3552 5799 3709 5871 unde
3767 5799 3875 5863 ei

2182 5871 2446 5946 col_ligunt
2499 5872 2776 5946 neminem
2803 5870 3029 5946 _debe_re
3091 5869 3797 5946 vovere_cont_inen_tia_ru
3832 5918 3863 5946 ,

2181 5940 2497 6013 quia—nemo
2517 5943 2620 6001 scit
2642 5958 2713 5999 an
2732 5941 2926 5999 habeat
2942 5940 3153 6000 donum
3171 5940 3531 6000 continentia
3556 5940 3871 6013 (Bellar'.
3902 6008 3903 6015 η
