3996 6198
434 264 539 317 2'75

1773 258 2054 317 JOANNIS
2088 257 2393 316 CASSIANI

3635 260 3740 316 2'76

438 385 744 444 declaratur
775 386 860 444 his
904 387 999 460 qui
1037 401 1162 444 eam
1200 384 1504 443 meruerint
1547 384 1847 458 possidere.
1887 386 2037 454 Quo-
2063 387 2110 449 Α
2145 381 2248 440 bus
2281 382 2484 441 dixerit
2507 383 2907 456 ,inquiramus,
2951 389 3014 440 ut
3059 382 3234 455 possit
3274 380 3440 438 nobis
3480 382 3743 454 spiritalis
3791 426 3807 441 .

439 480 740 538 dammodo
775 482 923 537 enim
953 481 1099 538 exire
1124 480 1191 537 de
1227 494 1393 536 carne
1429 480 1597 536 est/in
1631 494 1861 553 corpore
1887 494 2040 536 com-

441 584 779 642 morantem;
804 584 861 632 et
879 576 1019 633 ultra
1042 582 1296 630 naturam
1321 581 1403 629 est
1422 572 1601 646 fragili
1630 588 1795 629 carne
1815 572 2042 630 circum~

440 668 652 737 datum,
696 670 873 725 carnis
906 668 1124 725 aculeos
1158 683 1272 723 non
1315 666 1534 723 sentire.
1584 669 1654 723 Et
1680 666 1889 724 idcirco
1931 667 2037 723 im-

442 762 702 835 possibile
731 770 814 818 est
854 761 1139 817 hominem
1167 760 1283 817 suis
1320 764 1412 829 (ut
1452 759 1524 816 ita
1554 759 1816 827 dixerim)
1846 759 2041 831 pennis

439 855 508 913 ad
534 864 651 912 tam
680 855 1002 927 praecelsum
1025 854 1356 927 coelesteque
1396 853 1690 927 praemium
1729 852 2040 922 subvolare,

437 949 543 1004 nisi
580 964 711 1004 eum
765 948 942 1019 gratia
983 948 1208 1004 Domini
1273 947 1342 1005 de
1388 956 1551 1004 terra;
1595 962 1760 1004 emno
1810 962 2039 1003 munere

438 1041 677 1098 evexerit
718 1040 1335 1110 [eduxerit]castitatis.
1364 1045 1389 1073 ³
1440 1040 1597 1097 Nulla
1641 1042 1792 1097 enim
1837 1040 2042 1097 virtute

437 1143 555 1191 tam
597 1136 815 1207 proprie
856 1136 1105 1192 carnales
1152 1134 1408 1191 homines
1448 1134 1793 1207 spiritalibus
1834 1134 2041 1207 angelis

434 1228 743 1284 imitatione
766 1228 1192 1284 conversationis
1217 1237 1525 1301 aequantur,
1552 1243 1720 1300 quam
1749 1227 1950 1284 merito
1981 1235 2038 1283 et

437 1323 610 1393 gratia
636 1322 923 1389 castitatis,
954 1338 1049 1395 per
1076 1338 1243 1395 quam
1282 1322 1461 1380 adhuc
1489 1322 1544 1378 in
1588 1330 1731 1379 terra
1780 1321 2038 1395 degentes

440 1409 467 1448 δ
488 1415 711 1489 habent,
741 1414 1045 1472 secundum
1068 1416 1397 1487 Apostolum
1428 1417 1663 1487 (Philip.
1700 1420 1837 1486 ιιι),
1864 1416 2047 1473 muni-

439 1507 681 1579 cipatum
707 1508 763 1563 in
781 1509 971 1576 caelis;
1008 1507 1179 1579 quod,
1215 1507 1795 1581 deposita'corruptela
1818 1510 2044 1576 carnali,

443 1603 726 1659 habituros
750 1611 970 1658 sanctos
998 1602 1335 1675 promittitur
1358 1603 1417 1659 in
1448 1601 1719 1674 futurum,
1747 1602 1837 1659 hic
1852 1603 1971 1676 jam
1991 1603 2049 1661 in

442 1714 607 1755 carne
627 1697 803 1770 fragili
830 1697 1191 1769 possidentes.

1067 1805 1255 1861 CAPT
1291 1806 1413 1859 V11.

442 1898 761 1969 Exemplum
790 1898 857 1955 de
897 1914 1066 1968 agone
1099 1898 1391 2026 riundtialli,
1429 1897 1720 1954 secundum
1756 1912 2048 1954 sermonem

1168 1985 1262 2026 nos
1288 1986 1316 2024 ο
1338 1986 1378 2025 i.

1163 1985 1378 2039 postca.

514 2070 658 2127 Audi
686 2071 820 2143 quid
842 2070 986 2128 dicat
1006 2071 1305 2141 Apostolus
1332 2077 1388 2126 :°
1409 2072 1627 2140 Omnis,
1655 2071 1749 2144 qui
1782 2071 1840 2127 in
1874 2086 2050 2145 agone

444 2164 743 2232 contendit,
786 2163 857 2220 ab
886 2164 1147 2220 omnibus
1174 2179 1234 2221 se
1259 2162 1514 2221 abstinet.
1561 2167 1609 2221 Α
1646 2165 1847 2237 quibus
1871 2165 2051 2222 omni-

2146 477 2339 551 agonis
2368 477 2661 535 instructio
2691 477 3102 549 comparatione
3128 477 3362 534 carnalis
3398 477 3631 549 acquiri.
3659 478 3742 535 Illi

2147 571 2351 626 etenim
2391 572 2485 645 qui
2526 572 2583 628 in
2625 571 2731 628 hoc
2766 587 2941 645 agone
2989 570 3192 628 visibili
3237 569 3462 627 student
3507 569 3747 642 legitime

2148 663 2457 733 decertare,
2519 667 2709 724 utendi
2761 666 3024 723 omnibus
3068 665 3242 735 escis,
3295 680 3432 737 quas
3488 664 3746 722 desiderii

2149 757 2318 816 libido
2345 760 2709 833 suggesserit,
2742 776 2854 816 non
2882 758 3088 817 habent
3114 757 3472 828 facultatem;
3502 758 3603 815 sed
3640 759 3747 816 illis

2148 860 2364 908 tantum
2390 868 2526 925 quas
2571 852 2897 909 earumdem
2943 852 3312 910 certaminum
3352 851 3548 908 statuit
3589 851 3749 909 disci-

2145 946 2311 1022 plina.
2341 950 2412 1003 Et
2450 933 2479 978 ά
2510 961 2621 1002 non
2650 946 2830 1003 solum
2859 944 3166 1003 interdictis
3194 944 3333 1002 escis
3353 986 3368 1014 ,
3401 953 3458 1001 et
3484 943 3748 1003 ebrietate

2145 1041 2408 1114 omnique
2450 1040 2673 1114 crapula
2716 1055 2813 1097 eos
2839 1054 3066 1097 necesse
3101 1047 3184 1096 est
3211 1038 3489 1117 abstinere
3508 1080 3525 1109 ,
3554 1054 3746 1096 verum

2147 1136 2316 1192 etiam
2353 1143 2548 1192 cuncta
2580 1135 2779 1191 inertia
2799 1175 2815 1202 ,
2838 1135 2955 1191 otio
2981 1141 3144 1206 atque
3182 1131 3436 1199 desidia;
3469 1140 3531 1189 ut
3560 1134 3750 1205 quoti-

2144 1229 2325 1287 dianis
2365 1228 2643 1285 exercitiis
2679 1226 2908 1300 jugique
2948 1226 3310 1284 meditatione
3350 1227 3522 1282 virtus
3549 1242 3750 1283 eorum

2147 1324 2319 1396 possit
2345 1336 2670 1381 accrescere.
2703 1324 2774 1379 Et
2800 1322 2876 1378 ita
2903 1321 3058 1379 omni
3087 1318 3456 1378 sollicitudine
3480 1337 3547 1378 ac
3569 1322 3749 1378 tristi-

2154 1417 2227 1473 tia
2254 1416 2597 1490 negotiisque
2636 1414 3024 1485 saecularibus,
3052 1413 3259 1499 affectu
3300 1415 3473 1472 etiam
3501 1423 3557 1471 et
3586 1432 3750 1488 Opere

2151 1509 2424 1583 conjugali
2469 1507 2787 1566 efﬁciuntur
2831 1508 3024 1577 alieni,
3071 1516 3135 1565 ut
3177 1516 3379 1582 praeter
3414 1509 3751 1567 exercitium

2152 1600 2455 1676 disciplinae
2478 1644 2493 1672 ,
2540 1601 2676 1659 nihil
2710 1601 2862 1659 aliud
2899 1601 3150 1659 noverint
3171 1643 3187 1671 ,
3216 1617 3318 1660 nec
3357 1603 3454 1659 ulli
3486 1603 3752 1662 mundiali

2153 1712 2302 1754 curae
2330 1697 2545 1768 penitus
2574 1697 2925 1769 implicentur
2953 1716 2966 1751 :
2994 1696 3064 1753 ab
3092 1711 3158 1753 eo
3184 1705 3432 1767 tantum,
3463 1699 3559 1771 qui
3587 1707 3753 1755 certa-

2077 1806 2126 1870 Β
2154 1789 2287 1845 mini
2312 1788 2598 1862 praesidet,
2631 1797 2914 1860 sperantes
2954 1788 3263 1861 quotidiani
3295 1790 3472 1847 victus
3495 1790 3752 1847 substan-

2153 1881 2310 1950 tiam,
2338 1886 2394 1937 et
2414 1896 2633 1938 coronae.
2653 1880 2910 1955 gloriam,
2934 1881 3314 1956 condignaque
3337 1883 3559 1955 praemia
3582 1885 3756 1941 victo-

2154 1976 2252 2032 riae
2287 1973 2447 2033 laude
2468 1975 2813 2047 conquirere.
2858 1979 2931 2031 At
2951 1974 3007 2031 in
3048 1983 3265 2031 tantum
3306 1990 3365 2033 se
3404 1974 3643 2033 mundos
3680 1975 3753 2033 ab

2156 2071 2309 2126 omni
2330 2070 2504 2126 coitus
2533 2069 2829 2141 pollutione
2854 2068 3192 2139 custodiunt,
3218 2077 3280 2126 ut
3307 2085 3434 2127 cum
3453 2086 3514 2127 se
3536 2086 3757 2143 praepa-

2157 2170 2282 2218 rant
2323 2161 2391 2218 ad
2436 2176 2678 2234 agonum
2728 2161 3029 2220 certamina
3049 2203 3066 2230 ,
3118 2177 3191 2220 ne
3236 2177 3343 2235 qua
3380 2161 3615 2221 forsitan
3662 2180 3757 2237 per

1539 2329 1797 2385 ALARDI
1836 2330 2065 2387 GAZJEI
2103 2328 2669 2386 COMMENTARIUS.

520 2490 545 2516 ι
575 2479 749 2552 multa
791 2488 920 2537 sunt
946 2479 1261 2552 hujusmodi
1302 2482 1394 2538 SS.
1435 2483 1662 2538 Patrum
1700 2480 1898 2551 elogia,
1924 2481 2050 2552 qui-

520 2498 545 2516 ι
575 2498 749 2536 multa
791 2498 920 2537 sunt
947 2498 1018 2536 nu
1046 2498 1261 2537 usmom
1302 2498 1394 2538 δδ.
1435 2498 1662 2538 vstrum
1700 2498 1898 2551 elogia,
1924 2498 2050 2552 qui-

450 2551 554 2607 bus
596 2498 1079 2624 virginespangellis
1124 2560 1498 2624 coaequautur,
1542 2560 1638 2608 aut
1664 2552 1829 2624 etiam
1860 2552 2052 2624 praefe-

448 2629 666 2678 runtur.
686 2622 989 2696 Cyprianus
1017 2628 1038 2696 (
1053 2628 1127 2680 De
1174 2622 1382 2696 Habita
1403 2625 1642 2696 uirgin.)
1671 2622 1906 2696 virgines
1930 2626 2049 2696 Deo

448 2702 689 2749 sacratas
723 2695 804 2749 sic
840 2694 1135 2766 alloquitur
1162 2713 1174 2749 :
1204 2695 1355 2763 Quod
1382 2695 1567 2761 futuri
1588 2694 1794 2757 sumus,
1823 2710 1912 2750 vos
1931 2695 2051 2764 jam

449 2780 557 2819 esse
581 2767 848 2835 crepistis;
875 2781 965 2820 vos
997 2767 1396 2821 resurrectionis
1416 2766 1645 2834 gloriam
1668 2768 1726 2819 in
1751 2766 1844 2820 hoc
1865 2767 2052 2820 steculo

437 2835 562 2904 jam
585 2838 806 2903 tenetis;
822 2852 919 2907 per
934 2837 1188 2891 saeculum
1206 2837 1321 2892 sine
1342 2838 1525 2891 seaculi
1538 2838 1853 2905 cogitatione
1880 2841 2054 2891 trans-

449 2909 573 2973 itis;
603 2923 723 2963 cum
770 2912 931 2962 casta:
954 2910 1303 2977 perseveratis
1330 2923 1393 2961 ac
1418 2909 1671 2975 uirgines,
1713 2908 1922 2975 angelis
1958 2910 2057 2962 Dei

450 2977 1279 3050 estiswquales.Chrysostomus
1292 2977 1487 3050 homil.
1505 2983 1565 3032 18
1588 2977 1646 3050 in_
1658 2977 1865 3050 Genes.
1890 2998 1902 3033 :
1928 2980 2051 3045 Qua

450 3063 527 3110 re,
572 3047 771 3118 inquit,
815 3047 1152 3114 differebant
1198 3049 1268 3101 ab
1322 3049 1528 3115 angelis
1578 3048 1751 3118 Elius,
1800 3049 2050 3112 Eliswus,

448 3112 694 3189 Joannes,
736 3112 885 3171 certe
908 3112 1171 3189 amatores
1198 3112 1565 3189 integritatis?
1586 3117 1738 3172 nulla
1768 3120 1880 3173 nisi
1906 3120 2055 3189 quod
2088 3112 2089 3115 “

449 3188 672 3259 mortali
707 3191 914 3241 natura
958 3188 1290 3259 constabant.
1341 3190 1478 3243 Nam
1507 3188 1573 3242 de
1613 3192 1800 3243 σωτενο
1838 3191 1890 3243 si
1916 3188 2055 3259 quis

2157 2484 2346 2539 Noster
2374 2483 2737 2552 municipatus
2758 2483 2818 2552 in
2845 2482 2987 2552 catis
3019 2484 3118 2536 est.
3152 2483 3220 2537 Et
3243 2480 3304 2552 in
3328 2480 3556 2552 epistola
3582 2481 3756 2552 prima

2158 2552 2231 2607 ad
2252 2551 2633 2624 Heliodorum,
2656 2567 2722 2607 eo
2742 2551 2989 2608 alludens
3014 2571 3027 2606 :
3056 2554 3218 2624 Tunc,
3237 2551 3431 2624 inquit,
3461 2556 3739 2624 municipa

2159 2628 2275 2678 tum
2304 2638 2422 2677 cum
2446 2623 2616 2678 Paulo
2641 2625 2838 2693 capies.
2862 2624 2929 2677 Et
2953 2622 3327 2679 Tertullianus
3340 2622 3436 2679 lib.
3471 2638 3549 2679 ιιι
3565 2622 3755 2680 contra

2160 2693 2517 2761 Marcionem,
2547 2694 2713 2748 etiam
2742 2693 2993 2765 Graecam
3017 2708 3205 2750 vocem
3243 2694 3501 2765 apposuit
3522 2695 3713 2751 dicens
3738 2713 3752 2749 :

2157 2765 2451 2821 Jerusalem
2466 2804 2485 2832 ,
2516 2780 2683 2834 quam
2718 2764 3005 2834 Apostolus
3030 2768 3259 2819 matrem
3278 2764 3519 2820 uestram
3545 2781 3757 2820 sursum

2159 2838 2427 2904 assignat,
2450 2839 2501 2890 et
2519 2834 2793 2904 πολίτευμα
2812 2839 3074 2899 nostrum,
3094 2835 3153 2891 id
3170 2838 3268 2900 est,
3288 2839 3679 2907 municipatum
3698 2839 3757 2891 in

2159 2908 2303 2961 ctelis
2326 2921 2435 2961 esse
2453 2908 2793 2975 pronuntiat.

2231 2976 2453 3049 ¢_Redit
2479 2979 2690 3033 Auctor
2706 2975 2781 3049 ad
2815 2976 2967 3049 illam
3002 2977 3474 3048 comparationem
3497 2993 3565 3033 ex
3602 2982 3755 3049 Apo-

2170 3046 2316 3120 stolo
2340 3046 2573 3120 petitam
2608 3049 2661 3117 (1
2687 3048 2804 3104 Cor.
2836 3048 2964 3117 Ix),
2993 3046 3169 3120 nostri
3194 3049 3390 3120 agonis
3412 3056 3469 3103 et
3502 3046 3757 3120 certami-

2161 3118 2245 3189 nis
2271 3116 2569 3188 spiritualis
2608 3116 2735 3174 cum
2773 3116 2948 3189 agone
2990 3116 3260 3175 saculari'
3279 3127 3333 3175 et
3358 3118 3665 3186 mundano,
3698 3128 3758 3176 et

2164 3188 2222 3244 in
2251 3196 2716 3262 utroqueugenere
2760 3188 3089 3262 certantium
3131 3190 3507 3262 agonistarum
3522 3231 3544 3262 ,Α
3586 3206 3758 3262 quam

452 3256 1017 3355 diligatiter‘inquirat,
1047 3258 1112 3355 hi
1130 3258 1308 3355 nihilo
1311 3259 1480 3355 aliter
1497 3259 1695 3326 affecti
1702 3256 2054 3355 reperientur,
2088 3292 2133 3355 Ο
2164 3256 2443 3355 superiolre
2466 3256 2611 3355 librq
2631 3261 2793 3355 (ϐίῳ.
2823 3261 2918 3355 122
2947 3256 3233 3355 exposuit-1
3258 3275 3385 3355 qua:
3415 3256 3643 3332 quidem
3681 3261 3754 3343 ab

450 3342 613 3400 quam
637 3327 781 3382 beati
806 3329 893 3382 illi
918 3330 1178 3400 spiritus;
1207 3333 1260 3384 et
1284 3329 1539 3400 idipsum,
1559 3346 1662 3400 quo
1688 3327 1948 3397 inferiore
1963 3327 2049 3385 vi;

450 3397 647 3470 dentur
659 3414 767 3454 esse
791 3397 1109 3463 conditione,
1142 3403 1200 3455 in
1226 3397 1428 3470 magna
1451 3406 1529 3455 est
1554 3397 1631 3457 eis
1659 3401 1817 3457 laude
1840 3417 2050 3470 ponen-

454 3468 606 3523 dum.
636 3472 703 3525 Ut
726 3472 865 3525 enim
887 3474 1157 3526 terrarum
1178 3468 1377 3534 incolae,
1403 3476 1452 3527 et
1471 3474 1516 3526 ii
1531 3474 1631 3541 qui
1652 3477 1822 3527 essent
1833 3468 2051 3528 mortali

452 3544 672 3612 natura,
694 3545 912 3612 possent
939 3542 1013 3596 ad
1046 3543 1197 3596 illam
1220 3545 1474 3597 virtutem
1501 3545 1558 3596 vi
1582 3547 1633 3596 et
1655 3543 1833 3597 studio
1855 3559 2051 3612 perve-

453 3611 588 3671 nire,
612 3611 733 3664 vide
761 3615 967 3679 quanta
993 3627 1075 3666 eos
1097 3613 1435 3679 fortitudine,
1467 3617 1673 3680 quanta
1698 3614 1822 3666 vita:
1845 3611 2052 3669 ratione

448 3681 912 3755 PF‘Bditosifuisise
929 3687 1188 3755 oporteat.
1221 3683 1438 3737 Basilus
1455 3681 1547 3738 lib.
1576 3681 1646 3737 de
1668 3690 1854 3738 sancta
1877 3684 2054 3755 Virgi-

452 3750 619 3807 nitate
642 3771 654 3807 ε
682 3754 753 3807 Et
788 3752 849 3806 hi
863 3754 1128 3821 profecto,
1159 3756 1256 3823 qui
1278 3755 1656 3808 continentiam
1674 3758 1909 3818 servant,
1947 3750 2048 3810 an-

449 3823 558 3890 geli
584 3826 732 3894 sunt,
752 3824 849 3891 qui
865 3824 1092 3878 viventes
1112 3826 1174 3878 in
1193 3839 1352 3878 carne
1362 3825 1718 3894 corruptibili,
1738 3826 2051 3881 mortalium

452 3897 621 3949 vitam
647 3891 972 3948 illustrando
1009 3899 1247 3950 tuentur.
1275 3896 1411 3951 Sunt
1439 3891 1620 3951 autem
1648 3897 1831 3965 angeli
1846 3912 1952 3950 non
1979 3913 2047 3952 ea:

452 3968 634 4034 inﬁmo
655 3967 843 4034 quovis
869 3965 1070 4029 ordine,
1100 3966 1194 4022 sed
1215 3970 1352 4020 certe
1370 3966 1729 4021 illustrissimi
1743 3981 1806 4021 ac
1826 3968 2048 4023 nobilis-

450 4038 593 4091 simi.
614 4035 705 4090 Illi
713 4038 853 4091 enim
870 4039 1073 4092 carneis
1090 4038 1317 4091 nexibus
1338 4037 1493 4092 liberi
1509 4039 1875 4106 integritatem
1897 4053 2050 4094 suam

456 4109 513 4162 in
540 4107 680 4162 cmlis
708 4112 943 4171 seruant,
965 4111 1018 4162 et
1037 4108 1145 4163 loco
1169 4113 1221 4163 et
1240 4113 1439 4163 natura
1466 4109 1816 4170 inviolabiles,
1835 4111 2051 4180 et_apud

449 4194 715 4233 summum
735 4182 932 4247 Regem
950 4182 1183 4234 omnium
1200 4182 1368 4234 Deum
1393 4182 1691 4235 constituti.
1723 4182 1801 4236 At
1815 4171 2054 4237 υθῖνοῖεεί

450 4251 674 4303 interra
703 4251 881 4304 carnis
900 4251 1162 4306 illecebris
1187 4256 1237 4306 et
1264 4251 1626 4320 voluptatibus
1650 4251 1750 4305 diu
1778 4252 2048 4307 reluctan-

454 4323 550 4379 tes,
580 4336 642 4372 ac
665 4320 870 4391 diaboli
897 4324 1225 4376 tentamenta
1246 4326 1504 4391 perpetua
1521 4324 1903 4377 exercitatione
1927 4326 2049 4378 vin-

450 4393 643 4461 centes,
656 4389 1102 4461 irworruptionem
1113 4389 1367 4458 angelica:
1375 4394 1617 4459 puritati
1625 4408 1832 4461 parem,
1846 4397 2049 4449 virtute

447 4459 725 4534 prwcipua
754 4461 880 4534 ante
904 4458 1734 4534 Creatgris_oculosicustodiunt.
1778 4463 2045 4534 Denique,

456 4534 519 4580 ut
560 4527 696 4601 alios
733 4526 1011 4601 omittam,
1054 4530 1123 4582 D.
1172 4529 1480 4584 Bernardus
1507 4529 1732 4598 epistola
1772 4538 1835 4587 41
1867 4526 2046 4601 εραίιὶ

2166 3332 2432 3401 Apostolo
2479 3330 2535 3386 in
2578 3330 2801 3403 duabus,
2828 3330 2990 3403 rebus
3020 3330 3386 3392 constituitur
3428 3330 3669 3403 {nempe
3697 3333 3760 3388 in

2157 3400 2322 3458 cursu
2363 3410 2419 3457 et
2447 3417 2657 3474 pugna,
2690 3400 2890 3474 quibus
2918 3401 3027 3457 vita
3069 3409 3256 3474 nostra
3285 3400 3654 3474 comparatur.
3685 3404 3762 3459 Et

2157 3487 2353 3545 cursus
2383 3471 2608 3545 quidem
2646 3471 2866 3542 respicit
2897 3471 3226 3542 praemium,
3260 3471 3722 3544 quod‘speramus
3742 3515 3761 3542 ,

2157 3542 2306 3611 quod
2333 3542 2632 3612 Apostolus
2671 3550 2829 3599 vocat
2868 3546 3127 3599 Brauium
3171 3542 3412 3614 superna
3451 3546 3755 3601 uocationis

2162 3616 2263 3669 Dei
2283 3616 2341 3667 in
2363 3614 2572 3671 Christo
2596 3618 2719 3686 Iesu
2740 3616 2962 3686 (Rhilip.
2985 3618 3082 3686 in)
3109 3632 3125 3674 :
3148 3612 3329 3686 pugna
3341 3612 3462 3686 sive
3474 3628 3554 3668 cei
3566 3621 3770 3672 tamen

2158 3692 2454 3766 praesentes
2481 3683 3173 3766 respicitadversariosna
3213 3683 3413 3757 quibus
3450 3684 3753 3766 impugna-

2160 3754 2306 3826 inur,
2335 3763 2391 3811 et
2406 3770 2438 3810 a
2455 3754 2720 3826 spirituali
2739 3770 2904 3826 cursu
2931 3754 3287 3823 retrahimur,
3309 3754 3583 3826 mundum
3604 3754 3760 3813 vide-

2158 3824 2322 3899 licet,
2352 3824 2603 3899 carnem,
2640 3833 2697 3881 et
2722 3824 3034 3899 damonem
3058 3866 3074 3891 ,
3100 3842 3229 3899 cum
3257 3824 3459 3899 quibus
3486 3835 3760 3899 perpetua

2158 3895 2317 3952 nobis
2358 3896 2417 3952 in
2461 3896 2568 3952 hoc
2606 3898 2809 3953 saculo
2839 3905 2922 3952 est
2959 3895 3289 3966 contentio;
3317 3906 3372 3953 et
3419 3895 3761 3957 colluctatio.

2157 3967 2279 4040 Qua
2307 3967 2714 4040 comparatione
2737 3966 2793 4040 id
2819 3966 3168 4040 potiimum
3185 3973 3633 4040 spectatAuctor
3654 3970 3768 4026 hoc

2159 4038 2316 4111 loco,
2354 4047 2416 4095 ut
2438 4037 2645 4095 doceat
2673 4037 2874 4111 milites
2916 4037 3157 4111 Christi,
3198 4037 3298 4111 seu
3341 4037 3574 4111 athletas
3598 4040 3770 4111 spiri-

2155 4109 2364 4177 tuales,
2409 4118 2619 4176 castos,
2652 4117 2709 4165 et
2748 4109 2816 4165 ab
2854 4109 3007 4165 omni
3036 4110 3237 4165 mentis
3266 4118 3320 4166 et
3342 4109 3594 4179 corporis
3631 4109 3767 4167 cor-

2156 4181 2622 4262 ruptelaalienos,
2652 4188 2817 4262 atque
2844 4180 3121 4262 immunes
3147 4196 3263 4237 esse
3284 4188 3573 4252 oportere:
3602 4182 3768 4252 quod

2155 4249 2404 4320 sequenti
2428 4250 2608 4321 capite
2636 4249 2835 4306 clarius
2862 4251 3112 4322 exponit.
3320 4249 3339 4252 “
3617 4249 3637 4252 “

2156 4389 2168 4402 _
2230 4309 2258 4402 ξί
2286 4322 2384 4377 His
2399 4328 2666 4402 consonat
2686 4320 2839 4402 Plato
2856 4321 2995 4402 libro
3020 4336 3144 4402 vm_
3156 4321 3225 4402 de
3248 4321 3629 4402 Legibus,_ubi
3655 4322 3763 4392 ait,

2155 4389 2467 4464 hujusmodi
2496 4391 2722 4463 pugiles,
2748 4391 2860 4447 sive
2887 4393 3259 4464 antagonistas
3285 4389 3620 4464 abstinuisse
3640 4389 3763 4450 non

2152 4462 2333 4516 solum
2378 4476 2412 4517 a
2438 4462 2737 4533 congressu
2775 4462 3102 4531 mulierum,
3147 4462 3243 4520 sed
3279 4463 3349 4520 ab
3395 4464 3552 4520 omni
3596 4463 3769 4520 indu-

2152 4539 2341 4587 mento
2364 4532 2599 4606 onerosa
2615 4572 2630 4599 ,
2658 4532 2782 4606 cibo
2811 4534 2980 4606 gravi,
3019 4542 3074 4590 et
3097 4534 3314 4606 actione
3340 4550 3542 4606 corpus
3565 4533 3771 4591 debili-

450 4599 719 4659 castitate,
749 4596 941 4665 inquit,
973 4598 1366 4667 decorius,quee
1402 4596 1749 4654 mundumde
1772 4596 2045 4660 immundo
2079 4652 2123 4667 η
2151 4608 2301 4658 tante
2333 4602 2400 4658 ad
2430 4596 2673 4659 cursum.
2717 4596 2871 4660 [dein
2901 4596 3067 4660 etiam
3098 4604 3304 4661 indicat
3331 4596 3599 4662 Horatius
3636 4608 3767 4663 vul-

453 4652 759 4745 conceptum
784 4652 1003 4745 semine,
1027 4668 1107 4745 de;
1121 4652 1274 4745 hoste
1295 4652 1659 4745 domesticum,
1677 4652 1935 4745 angelum
1941 4652 2042 4730 2:21
2077 4652 2127 4715 D
2153 4652 2299 4745 {alii
2327 4652 2704 4731 ill—is'vers—ib'us
2718 4652 3284 4745 '(ihliié'eieiﬁi';

452 4741 616 4809 nique
632 4739 697 4794 de
708 4739 918 4793 homine
937 4740 1114 4807 facit?
1132 4740 1410 4807 differunt
1424 4741 1643 4810 quidem
1661 4739 1805 4797 inter
1818 4760 1872 4798 se
1891 4746 2043 4801 homo

447 4811 679 4881 pudicus
693 4816 744 4867 et
766 4811 1017 4879 angelus;
1039 4812 1132 4866 sed
1152 4811 1432 4878 felicitate,
1454 4828 1560 4867 non
1584 4815 1796 4869 virtute.
1826 4817 1930 4872 Sed
1945 4820 2048 4873 etsi

451 4884 604 4937 illius
625 4885 848 4939 castitas
868 4884 1098 4951 felicior,
1121 4883 1285 4953 hujus
1306 4888 1485 4938 tamen
1507 4886 1704 4951 fortior
1731 4901 1838 4941 esse
1857 4902 2046 4956 cogno-

446 4957 634 5010 scitur.
665 4956 791 5011 Sola
818 4960 895 5009 est
923 4957 1174 5018 castitas,
1209 4960 1328 5025 qua!
1358 4958 1415 5009 in
1441 4956 1534 5010 hoc
1563 4958 1910 5013 mortalitatis
1937 4960 2044 5015 loco

448 5030 500 5077 et
528 5029 760 5100 tempore
785 5030 985 5100 statum
1010 5028 1295 5096 quemdam
1320 5027 1636 5083 immortalis
1652 5029 1832 5097 gloriae
1851 5045 2045 5100 repim-

448 5099 625 5148 sentat
636 5112 651 5162 ;
668 5097 783 5149 sola
804 5097 940 5149 inter
954 5100 1270 5166 nuptiarum
1288 5099 1639 5154 solemnitatis
1659 5097 1923 5155 solemnia
1934 5117 2043 5157 mo-

450 5180 563 5243 rem
585 5166 752 5243 beatce
773 5165 921 5219 illius
936 5165 1334 5243 resurrectionis
1368 5170 1625 5243 uindicat,
1653 5173 1709 5225 in
1738 5187 1849 5241 qua
1872 5188 2040 5243 neque

448 5236 668 5309 nubent,
694 5252 861 5309 neque
876 5237 1161 5309 nubentur,
1179 5240 1423 5308 praebens
1442 5236 1833 5309 quodammodo
1853 5245 1909 5297 in
1930 5236 2041 5298 ter-

450 5308 539 5380 ris
555 5306 940 5380 cwlestisillius
962 5306 1371 5365 conversationis
1395 5306 1801 5380 aperientium.
1830 5312 2039 5369 Similia

451 5374 617 5452 habet
650 5379 718 5431 D.
749 5376 1136 5452 Hieronymus,
1167 5380 1246 5452 vel
1286 5374 1531 5452 quisquis
1554 5389 1746 5436 auctor
1767 5385 2039 5440 sermonis

448 5446 518 5502 de
561 5446 1045 5523 Assumptione‘B.
1086 5446 1322 5520 Mariae;
1361 5446 1794 5523 et'Augu‘stinus
1842 5452 1937 5509 lib.
1971 5454 2040 5512 de

449 5526 635 5591 sancta
661 5518 912 5591 Virginit.
947 5535 1066 5591 cap.
1100 5527 1185 5577 l3.

519 5582 546 5621 δ
578 5582 824 5680 βεερξίξὶῑ
850 5589 981 5680 illud
1012 5582 1261 5680 Apostoli
1283 5591 1682 5680 ad'Philippen.
1716 5606 1790 5649 ιιι
1814 5593 2036 5680 ε-Ἦ-ρῶν

445 5658 545 5731 γὰρ
564 5661 621 5737 rb
651 5660 939 5737 ζτοᾎίτευμςι-
958 5659 1006 5714 ἐν
1037 5658 1265 5733 οὖρανοῒς
1291 5658 1541 5733 ὓπάρχειί
1554 5658 1658 5720 Pro
1691 5681 1800 5737 quo
1838 5658 2035 5725 Latina

448 5732 620 5788 versio
657 5732 820 5789 habet
849 5752 859 5786 :
887 5735 1077 5789 Nostra
1104 5732 1284 5789 autem
1311 5732 1631 5789 conuersatio
1671 5732 1726 5791 in
1763 5739 1903 5793 culis
1935 5745 2031 5796 est.

447 5803 813 5877 Hieronymus
841 5819 967 5860 vero
989 5804 1221 5861 subinde
1243 5805 1368 5876 legit
1391 5809 1471 5872 (In
1495 5808 1713 5863 Zachar.
1743 5822 1861 5880 cap.
1891 5814 1988 5882 ιιι)
2016 5832 2030 5870 :

2277 4824 2378 4891 Qui
2395 4824 2545 4891 cupit
2560 4828 2782 4891 optatam
2801 4839 2953 4877 cursu
2978 4827 3260 4891 contingere
3293 4831 3500 4891 metam,

2276 4887 2834 4952 multatulit,'fecilque
2867 4903 3011 4952 puer.
3047 4887 3268 4951 sudavit,
3303 4892 3354 4940 et
3384 4889 3529 4952 alsit;

2275 4949 2531 5000 Abstinuit
2568 4949 2765 5002 Venere
2784 4956 2834 5002 et
2862 4949 3073 5003 Baccho.

2150 5104 2292 5178 Quin
2330 5114 2387 5161 et
2417 5106 2715 5178 Apostolus
2754 5106 2952 5164 eodem
2995 5107 3237 5165 alludere
3282 5107 3495 5166 videtur
3526 5108 3597 5167 ad
3643 5112 3769 5166 He-

2150 5174 2332 5232 braeos
2360 5174 2487 5243 xu,
2516 5178 2608 5233 ubi
2636 5178 2715 5234 ait
2747 5195 2760 5233 :
2794 5183 3124 5249 Deponentes
3143 5195 3298 5234 omne
3316 5181 3552 5250 pondus,
3583 5186 3638 5236 et
3658 5184 3771 5237 cir-

2147 5252 2416 5303 cumstans
2430 5263 2525 5303 nos
2544 5254 2839 5322 peccatum,
2866 5265 3148 5322 curramus
3167 5251 3241 5322 ad
3252 5254 3589 5322 propositum
3604 5254 3767 5308 nobis

2148 5323 2434 5392 certamen,
2464 5326 2568 5375 etc.
2592 5321 2657 5375 ln
2688 5320 2890 5392 quibus
2926 5321 3107 5392 verbis
3136 5320 3391 5378 observet
3417 5323 3593 5378 lector
3620 5338 3767 5379 con-

2142 5387 2392 5465 j_unctam_
2421 5387 2723 5465 utramque
2757 5390 3167 5465 metaphoram,
3199 5408 3393 5465 cursus
3423 5401 3480 5449 et
3505 5409 3719 5465 pugna:
3739 5436 3757 5463 ,

2146 5458 2215 5515 de
2236 5475 2342 5531 qua
2379 5459 2467 5516 hic
2503 5458 2704 5533 agitur,
2747 5458 2975 5519 sicut'et
3004 5464 3055 5518 ll
3083 5458 3329 5519 Timoth.
3375 5479 3445 5520 ιν
3498 5458 3523 5519 ἔ
3545 5458 3764 5520 Bonum

2145 5535 2411 5586 certamen
2441 5535 2657 5597 certari,
2685 5549 2897 5590 cursum
2928 5536 3320 5601 consummavi;
3345 5542 3398 5589 et
3427 5538 3447 5589 ι
3477 5537 3617 5592 Cor.
3651 5552 3718 5593 Ix
3745 5556 3760 5592 :

2144 5604 2369 5678 Nescitis
2389 5604 2533 5673 quod
2552 5605 2643 5678 hi,_
2661 5607 2759 5674 qui
2778 5607 2833 5659 in
2851 5605 3030 5678 stadio
3057 5611 3315 5669 currunt;
3339 5613 3413 5668 et,
3438 5607 3629 5662 Omnis
3659 5610 3766 5678 qui

2144 5674 2201 5726 in
2223 5689 2393 5742 agone
2420 5673 2724 5743 contendit;
2753 5684 2808 5731 et
2847 5673 3027 5732 infra:
3073 5680 3185 5745 Ego
3225 5678 3399 5745 igitur
3436 5679 3515 5732 sic
3544 5673 3712 5734 curio
3736 5720 3754 5741 ρ

2144 5759 2251 5798 non
2239 5748 2444 5873 bguasi
2470 5748 2527 5803 in
2564 5749 2856 5817 incertum;
2896 5750 2973 5805 sic
3004 5764 3207 5819 pugno,
3250 5763 3368 5803 non-
3386 5751 3552 5817 quasi
3577 5765 3761 5805 carem

2145 5831 2237 5870 rer
2301 5832 2450 5873 rans.

2145 5831 2450 5874 verberans.
