  <div class='ocr_page' id='page_1' title='image "/cluster/home/n/w/nwhite01/storage/ocr_20150623/49/hvd.32044096580709/146.png"; bbox 0 0 3996 6198; ppageno 0'>
   <div class='ocr_carea' id='block_1_1' title="bbox 406 234 513 286">
    <p class='ocr_par' dir='ltr' id='par_1_1' title="bbox 406 234 513 286">
     <span class='ocr_line' id='line_1_1' title="bbox 406 234 513 286; baseline 0 0"><span class='ocrx_word' id='word_1_1' title='bbox 406 234 513 286; x_wconf 80' lang='lat'><strong>2‘77</strong></span> 
     </span>
    </p>
   </div>
   <div class='ocr_carea' id='block_1_2' title="bbox 901 199 3248 291">
    <p class='ocr_par' dir='ltr' id='par_1_2' title="bbox 901 199 3248 291">
     <span class='ocr_line' id='line_1_2' title="bbox 901 199 3248 291; baseline 0.003 -7"><span class='ocrx_word' id='word_1_2' title='bbox 901 229 994 284; x_wconf 83' lang='lat' dir='ltr'><strong>DE</strong></span> <span class='ocrx_word' id='word_1_3' title='bbox 1030 227 1511 286; x_wconf 74' lang='lat' dir='ltr'><strong>C(ENOBIORUM</strong></span> <span class='ocrx_word' id='word_1_4' title='bbox 1548 229 1788 285; x_wconf 85' lang='lat' dir='ltr'><strong>INSTIT.</strong></span> <span class='ocrx_word' id='word_1_5' title='bbox 1830 228 1960 284; x_wconf 87' lang='lat' dir='ltr'><strong>LIB.</strong></span> <span class='ocrx_word' id='word_1_6' title='bbox 2004 229 2092 285; x_wconf 85' lang='lat' dir='ltr'><strong>VI.</strong></span> <span class='ocrx_word' id='word_1_7' title='bbox 2131 258 2206 271; x_wconf 96' lang='lat'><strong><em>—</em></strong></span> <span class='ocrx_word' id='word_1_8' title='bbox 2242 230 2331 286; x_wconf 88' lang='lat' dir='ltr'><strong>DE</strong></span> <span class='ocrx_word' id='word_1_9' title='bbox 2365 230 2633 289; x_wconf 82' lang='lat' dir='ltr'><strong>SPIRITU</strong></span> <span class='ocrx_word' id='word_1_10' title='bbox 2675 199 3248 291; x_wconf 46' lang='lat' dir='ltr'><strong>FORNICATIONIS:</strong></span> 
     </span>
    </p>
   </div>
   <div class='ocr_carea' id='block_1_3' title="bbox 3608 238 3713 293">
    <p class='ocr_par' dir='ltr' id='par_1_3' title="bbox 3608 238 3713 293">
     <span class='ocr_line' id='line_1_3' title="bbox 3608 238 3713 293; baseline 0.01 -2"><span class='ocrx_word' id='word_1_11' title='bbox 3608 238 3713 293; x_wconf 78' lang='lat'><strong>278</strong></span> 
     </span>
    </p>
   </div>
   <div class='ocr_carea' id='block_1_4' title="bbox 408 352 3710 433">
    <p class='ocr_par' dir='ltr' id='par_1_4' title="bbox 408 352 3710 433">
     <span class='ocr_line' id='line_1_4' title="bbox 408 352 3710 433; baseline 0.002 -22"><span class='ocrx_word' id='word_1_12' title='bbox 408 370 667 421; x_wconf 84' lang='lat' dir='ltr'><strong>somnum</strong></span> <span class='ocrx_word' id='word_1_13' title='bbox 722 361 992 411; x_wconf 90' lang='lat' dir='ltr'><strong>nocturna</strong></span> <span class='ocrx_word' id='word_1_14' title='bbox 1041 352 1216 411; x_wconf 83' lang='lat' dir='ltr'><strong>delusi</strong></span> <span class='ocrx_word' id='word_1_15' title='bbox 1263 352 1511 424; x_wconf 82' lang='lat' dir='ltr'><strong>fallacia,</strong></span> <span class='ocrx_word' id='word_1_16' title='bbox 1552 352 1693 411; x_wconf 90' lang='lat' dir='ltr'><strong>vires</strong></span> <span class='ocrx_word' id='word_1_17' title='bbox 1749 353 2008 411; x_wconf 77' lang='lat' dir='ltr'><strong>minuant</strong></span> <span class='ocrx_word' id='word_1_18' title='bbox 2034 359 2087 422; x_wconf 85' lang='grc' dir='ltr'><strong>Α</strong></span> <span class='ocrx_word' id='word_1_19' title='bbox 2117 354 2317 427; x_wconf 82' lang='lat' dir='ltr'><strong>peribit</strong></span> <span class='ocrx_word' id='word_1_20' title='bbox 2340 370 2528 412; x_wconf 89' lang='lat' dir='ltr'><strong>coram</strong></span> <span class='ocrx_word' id='word_1_21' title='bbox 2570 356 2837 414; x_wconf 91' lang='lat' dir='ltr'><strong>Domino.</strong></span> <span class='ocrx_word' id='word_1_22' title='bbox 2873 358 3153 431; x_wconf 89' lang='lat' dir='ltr'><strong>Quantum</strong></span> <span class='ocrx_word' id='word_1_23' title='bbox 3188 359 3355 432; x_wconf 77' lang='lat' dir='ltr'><strong>igitur</strong></span> <span class='ocrx_word' id='word_1_24' title='bbox 3382 359 3710 433; x_wconf 77' lang='lat' dir='ltr'><strong>integritatis</strong></span> 
     </span>
    </p>
   </div>
   <div class='ocr_carea' id='block_1_5' title="bbox 412 446 3707 523">
    <p class='ocr_par' dir='ltr' id='par_1_5' title="bbox 412 446 3707 523">
     <span class='ocr_line' id='line_1_5' title="bbox 412 446 3707 523; baseline 0.001 -18"><span class='ocrx_word' id='word_1_25' title='bbox 412 448 586 506; x_wconf 90' lang='lat' dir='ltr'><strong>multo</strong></span> <span class='ocrx_word' id='word_1_26' title='bbox 651 455 904 521; x_wconf 90' lang='lat' dir='ltr'><strong>tempore</strong></span> <span class='ocrx_word' id='word_1_27' title='bbox 960 447 1287 519; x_wconf 89' lang='lat' dir='ltr'><strong>conquisitas</strong></span> <span class='ocrx_word' id='word_1_28' title='bbox 1310 487 1327 518; x_wconf 93' lang='lat'><strong>,</strong></span> <span class='ocrx_word' id='word_1_29' title='bbox 1380 452 1407 481; x_wconf 82' lang='grc' dir='ltr'>ι</span> <span class='ocrx_word' id='word_1_30' title='bbox 1462 446 1678 505; x_wconf 86' lang='lat' dir='ltr'><strong>laminis</strong></span> <span class='ocrx_word' id='word_1_31' title='bbox 1729 446 2008 519; x_wconf 77' lang='lat' dir='ltr'><strong>plumbeis</strong></span> <span class='ocrx_word' id='word_1_32' title='bbox 2116 456 2203 504; x_wconf 90' lang='lat' dir='ltr'><strong>est</strong></span> <span class='ocrx_word' id='word_1_33' title='bbox 2232 463 2468 519; x_wconf 89' lang='lat' dir='ltr'><strong>munus,</strong></span> <span class='ocrx_word' id='word_1_34' title='bbox 2499 449 2619 505; x_wconf 90' lang='lat' dir='ltr'><strong>sine</strong></span> <span class='ocrx_word' id='word_1_35' title='bbox 2664 465 2773 521; x_wconf 89' lang='lat' dir='ltr'><strong>qua</strong></span> <span class='ocrx_word' id='word_1_36' title='bbox 2806 450 2972 508; x_wconf 88' lang='lat' dir='ltr'><strong>etiam</strong></span> <span class='ocrx_word' id='word_1_37' title='bbox 2998 450 3075 508; x_wconf 90' lang='lat' dir='ltr'><strong>illi</strong></span> <span class='ocrx_word' id='word_1_38' title='bbox 3105 451 3197 523; x_wconf 89' lang='lat' dir='ltr'><strong>qui</strong></span> <span class='ocrx_word' id='word_1_39' title='bbox 3233 459 3388 508; x_wconf 83' lang='lat' dir='ltr'><strong>erant</strong></span> <span class='ocrx_word' id='word_1_40' title='bbox 3409 451 3512 507; x_wconf 88' lang='lat' dir='ltr'><strong>sub</strong></span> <span class='ocrx_word' id='word_1_41' title='bbox 3537 454 3707 509; x_wconf 83' lang='lat' dir='ltr'><strong>veteri</strong></span> 
     </span>
    </p>
   </div>
   <div class='ocr_carea' id='block_1_6' title="bbox 408 540 2003 615">
    <p class='ocr_par' dir='ltr' id='par_1_6' title="bbox 408 540 2003 615">
     <span class='ocr_line' id='line_1_6' title="bbox 408 540 2003 615; baseline -0.001 -16"><span class='ocrx_word' id='word_1_42' title='bbox 408 557 599 599; x_wconf 90' lang='lat' dir='ltr'><strong>renum</strong></span> <span class='ocrx_word' id='word_1_43' title='bbox 647 548 946 615; x_wconf 91' lang='lat' dir='ltr'><strong>contegant</strong></span> <span class='ocrx_word' id='word_1_44' title='bbox 978 541 1095 599; x_wconf 90' lang='lat' dir='ltr'><strong>loca</strong></span> <span class='ocrx_word' id='word_1_45' title='bbox 1116 583 1132 610; x_wconf 95' lang='lat'><strong>,</strong></span> <span class='ocrx_word' id='word_1_46' title='bbox 1177 557 1286 613; x_wconf 91' lang='lat' dir='ltr'><strong>quo</strong></span> <span class='ocrx_word' id='word_1_47' title='bbox 1324 540 1531 599; x_wconf 84' lang='lat' dir='ltr'><strong>scilicet</strong></span> <span class='ocrx_word' id='word_1_48' title='bbox 1570 540 1777 598; x_wconf 90' lang='lat' dir='ltr'><strong>metalli</strong></span> <span class='ocrx_word' id='word_1_49' title='bbox 1823 541 2003 615; x_wconf 87' lang='lat' dir='ltr'><strong>rigore</strong></span> 
     </span>
    </p>
   </div>
   <div class='ocr_carea' id='block_1_7' title="bbox 406 633 2005 708">
    <p class='ocr_par' dir='ltr' id='par_1_7' title="bbox 406 633 2005 708">
     <span class='ocr_line' id='line_1_7' title="bbox 406 633 2005 708; baseline 0.001 -18"><span class='ocrx_word' id='word_1_50' title='bbox 406 634 729 708; x_wconf 82' lang='lat' dir='ltr'><strong>genitalibus</strong></span> <span class='ocrx_word' id='word_1_51' title='bbox 786 635 1047 692; x_wconf 86' lang='lat' dir='ltr'><strong>membris</strong></span> <span class='ocrx_word' id='word_1_52' title='bbox 1092 635 1383 708; x_wconf 89' lang='lat' dir='ltr'><strong>applicito,</strong></span> <span class='ocrx_word' id='word_1_53' title='bbox 1430 634 1700 693; x_wconf 88' lang='lat' dir='ltr'><strong>obscenos</strong></span> <span class='ocrx_word' id='word_1_54' title='bbox 1741 633 2005 692; x_wconf 85' lang='lat' dir='ltr'><strong>humores</strong></span> 
     </span>
    </p>
   </div>
   <div class='ocr_carea' id='block_1_8' title="bbox 405 727 2004 801">
    <p class='ocr_par' dir='ltr' id='par_1_8' title="bbox 405 727 2004 801">
     <span class='ocr_line' id='line_1_8' title="bbox 405 727 2004 801; baseline 0.001 -18"><span class='ocrx_word' id='word_1_55' title='bbox 405 727 614 785; x_wconf 85' lang='lat' dir='ltr'><strong>valeant</strong></span> <span class='ocrx_word' id='word_1_56' title='bbox 652 727 895 785; x_wconf 88' lang='lat' dir='ltr'><strong>inhibere</strong></span> <span class='ocrx_word' id='word_1_57' title='bbox 927 747 940 784; x_wconf 89' lang='lat'><strong>:</strong></span> <span class='ocrx_word' id='word_1_58' title='bbox 985 727 1346 801; x_wconf 87' lang='lat' dir='ltr'><strong>intelligentes</strong></span> <span class='ocrx_word' id='word_1_59' title='bbox 1386 743 1448 785; x_wconf 89' lang='lat' dir='ltr'><strong>se</strong></span> <span class='ocrx_word' id='word_1_60' title='bbox 1491 727 1852 801; x_wconf 86' lang='lat' dir='ltr'><strong>proculdubio</strong></span> <span class='ocrx_word' id='word_1_61' title='bbox 1886 744 2004 785; x_wconf 90' lang='lat' dir='ltr'><strong>esse</strong></span> 
     </span>
    </p>
   </div>
   <div class='ocr_carea' id='block_1_9' title="bbox 403 820 2002 895">
    <p class='ocr_par' dir='ltr' id='par_1_9' title="bbox 403 820 2002 895">
     <span class='ocr_line' id='line_1_9' title="bbox 403 820 2002 895; baseline 0.001 -19"><span class='ocrx_word' id='word_1_62' title='bbox 403 820 733 892; x_wconf 81' lang='lat' dir='ltr'><strong>vincendos,</strong></span> <span class='ocrx_word' id='word_1_63' title='bbox 785 836 889 879; x_wconf 89' lang='lat' dir='ltr'><strong>nec</strong></span> <span class='ocrx_word' id='word_1_64' title='bbox 940 821 1056 895; x_wconf 86' lang='lat' dir='ltr'><strong>jam</strong></span> <span class='ocrx_word' id='word_1_65' title='bbox 1105 837 1265 894; x_wconf 90' lang='lat' dir='ltr'><strong>posse</strong></span> <span class='ocrx_word' id='word_1_66' title='bbox 1325 821 1672 895; x_wconf 89' lang='lat' dir='ltr'><strong>propositum</strong></span> <span class='ocrx_word' id='word_1_67' title='bbox 1727 829 2002 879; x_wconf 81' lang='lat' dir='ltr'><strong>certamen</strong></span> 
     </span>
    </p>
   </div>
   <div class='ocr_carea' id='block_1_10' title="bbox 403 912 2001 988">
    <p class='ocr_par' dir='ltr' id='par_1_10' title="bbox 403 912 2001 988">
     <span class='ocr_line' id='line_1_10' title="bbox 403 912 2001 988; baseline 0.001 -18"><span class='ocrx_word' id='word_1_68' title='bbox 403 912 643 987; x_wconf 83' lang='lat' dir='ltr'><strong>demptis</strong></span> <span class='ocrx_word' id='word_1_69' title='bbox 687 914 894 971; x_wconf 89' lang='lat' dir='ltr'><strong>viribus</strong></span> <span class='ocrx_word' id='word_1_70' title='bbox 946 914 1285 987; x_wconf 85' lang='lat' dir='ltr'><strong>adimplere,</strong></span> <span class='ocrx_word' id='word_1_71' title='bbox 1333 915 1379 972; x_wconf 93' lang='lat' dir='ltr'><strong>si</strong></span> <span class='ocrx_word' id='word_1_72' title='bbox 1414 914 1685 988; x_wconf 83' lang='lat' dir='ltr'><strong>provisam</strong></span> <span class='ocrx_word' id='word_1_73' title='bbox 1732 914 2001 987; x_wconf 66' lang='lat' dir='ltr'><strong>pudicitiae</strong></span> 
     </span>
    </p>
   </div>
   <div class='ocr_carea' id='block_1_11' title="bbox 400 1007 1999 1082">
    <p class='ocr_par' dir='ltr' id='par_1_11' title="bbox 400 1007 1999 1082">
     <span class='ocr_line' id='line_1_11' title="bbox 400 1007 1999 1082; baseline 0.001 -18"><span class='ocrx_word' id='word_1_74' title='bbox 400 1007 731 1066; x_wconf 86' lang='lat' dir='ltr'><strong>soliditatem</strong></span> <span class='ocrx_word' id='word_1_75' title='bbox 782 1007 952 1065; x_wconf 80' lang='lat' dir='ltr'><strong>fallax</strong></span> <span class='ocrx_word' id='word_1_76' title='bbox 1000 1009 1183 1066; x_wconf 62' lang='lat' dir='ltr'><strong>noxia;</strong></span> <span class='ocrx_word' id='word_1_77' title='bbox 1232 1009 1521 1082; x_wconf 85' lang='lat' dir='ltr'><strong>voluptatis</strong></span> <span class='ocrx_word' id='word_1_78' title='bbox 1577 1009 1756 1082; x_wconf 85' lang='lat' dir='ltr'><strong>imago</strong></span> <span class='ocrx_word' id='word_1_79' title='bbox 1804 1024 1999 1066; x_wconf 87' lang='lat' dir='ltr'><strong>corru-</strong></span> 
     </span>
    </p>
   </div>
   <div class='ocr_carea' id='block_1_12' title="bbox 404 1101 562 1173">
    <p class='ocr_par' dir='ltr' id='par_1_12' title="bbox 404 1101 562 1173">
     <span class='ocr_line' id='line_1_12' title="bbox 404 1101 562 1173; baseline 0.006 -16"><span class='ocrx_word' id='word_1_80' title='bbox 404 1101 562 1173; x_wconf 87' lang='lat' dir='ltr'><strong>perit.</strong></span> 
     </span>
    </p>
   </div>
   <div class='ocr_carea' id='block_1_13' title="bbox 980 1199 1424 1256">
    <p class='ocr_par' dir='ltr' id='par_1_13' title="bbox 980 1199 1424 1256">
     <span class='ocr_line' id='line_1_13' title="bbox 980 1199 1424 1256; baseline -0.009 0"><span class='ocrx_word' id='word_1_81' title='bbox 980 1199 1222 1256; x_wconf 84' lang='lat' dir='ltr'><strong>CAPUT</strong></span> <span class='ocrx_word' id='word_1_82' title='bbox 1275 1199 1424 1255; x_wconf 85' lang='lat' dir='ltr'><strong>VIII.</strong></span> 
     </span>
    </p>
   </div>
   <div class='ocr_carea' id='block_1_14' title="bbox 398 1301 1996 1372">
    <p class='ocr_par' dir='ltr' id='par_1_14' title="bbox 398 1301 1996 1372">
     <span class='ocr_line' id='line_1_14' title="bbox 398 1301 1996 1372; baseline -0.001 -16"><span class='ocrx_word' id='word_1_83' title='bbox 398 1303 477 1356; x_wconf 89' lang='lat' dir='ltr'><strong>De</strong></span> <span class='ocrx_word' id='word_1_84' title='bbox 502 1302 895 1371; x_wconf 87' lang='lat' dir='ltr'><strong>compa-ratione</strong></span> <span class='ocrx_word' id='word_1_85' title='bbox 914 1302 1314 1372; x_wconf 79' lang='lat' dir='ltr'><strong>puriﬁcationis</strong></span> <span class='ocrx_word' id='word_1_86' title='bbox 1356 1316 1541 1355; x_wconf 86' lang='lat' dir='ltr'><strong>eorum</strong></span> <span class='ocrx_word' id='word_1_87' title='bbox 1564 1301 1662 1371; x_wconf 83' lang='lat' dir='ltr'><strong>qui</strong></span> <span class='ocrx_word' id='word_1_88' title='bbox 1698 1302 1757 1355; x_wconf 89' lang='lat' dir='ltr'><strong>in</strong></span> <span class='ocrx_word' id='word_1_89' title='bbox 1788 1303 1996 1355; x_wconf 86' lang='lat' dir='ltr'><strong>terreno</strong></span> 
     </span>
    </p>
   </div>
   <div class='ocr_carea' id='block_1_15' title="bbox 706 1372 1693 1441">
    <p class='ocr_par' dir='ltr' id='par_1_15' title="bbox 706 1372 1693 1441">
     <span class='ocr_line' id='line_1_15' title="bbox 706 1372 1693 1441; baseline 0.001 -15"><span class='ocrx_word' id='word_1_90' title='bbox 706 1387 877 1441; x_wconf 83' lang='lat' dir='ltr'><strong>agone</strong></span> <span class='ocrx_word' id='word_1_91' title='bbox 933 1378 1200 1428; x_wconf 78' lang='lat' dir='ltr'><strong>certamen</strong></span> <span class='ocrx_word' id='word_1_92' title='bbox 1244 1372 1496 1427; x_wconf 81' lang='lat' dir='ltr'><strong>habituri</strong></span> <span class='ocrx_word' id='word_1_93' title='bbox 1543 1376 1693 1428; x_wconf 86' lang='lat' dir='ltr'><strong>sunt.</strong></span> 
     </span>
    </p>
   </div>
   <div class='ocr_carea' id='block_1_16' title="bbox 469 1477 1994 1551">
    <p class='ocr_par' dir='ltr' id='par_1_16' title="bbox 469 1477 1994 1551">
     <span class='ocr_line' id='line_1_16' title="bbox 469 1477 1994 1551; baseline 0 -19"><span class='ocrx_word' id='word_1_94' title='bbox 469 1479 662 1548; x_wconf 86' lang='lat' dir='ltr'><strong>Itaque</strong></span> <span class='ocrx_word' id='word_1_95' title='bbox 702 1477 747 1534; x_wconf 88' lang='lat' dir='ltr'><strong>si</strong></span> <span class='ocrx_word' id='word_1_96' title='bbox 780 1478 970 1550; x_wconf 87' lang='lat' dir='ltr'><strong>agonis</strong></span> <span class='ocrx_word' id='word_1_97' title='bbox 1010 1478 1303 1535; x_wconf 88' lang='lat' dir='ltr'><strong>mundialis</strong></span> <span class='ocrx_word' id='word_1_98' title='bbox 1334 1477 1714 1548; x_wconf 74' lang='lat' dir='ltr'><strong>intelleximus</strong></span> <span class='ocrx_word' id='word_1_99' title='bbox 1761 1477 1994 1551; x_wconf 86' lang='lat' dir='ltr'><strong>discipli-</strong></span> 
     </span>
    </p>
   </div>
   <div class='ocr_carea' id='block_1_17' title="bbox 394 1568 1994 1642">
    <p class='ocr_par' dir='ltr' id='par_1_17' title="bbox 394 1568 1994 1642">
     <span class='ocr_line' id='line_1_17' title="bbox 394 1568 1994 1642; baseline 0 -18"><span class='ocrx_word' id='word_1_100' title='bbox 394 1583 563 1635; x_wconf 89' lang='lat' dir='ltr'><strong>nam,</strong></span> <span class='ocrx_word' id='word_1_101' title='bbox 611 1568 766 1642; x_wconf 86' lang='lat' dir='ltr'><strong>cujus</strong></span> <span class='ocrx_word' id='word_1_102' title='bbox 810 1570 1060 1642; x_wconf 81' lang='lat' dir='ltr'><strong>exemplo</strong></span> <span class='ocrx_word' id='word_1_103' title='bbox 1106 1568 1299 1627; x_wconf 89' lang='lat' dir='ltr'><strong>beatus</strong></span> <span class='ocrx_word' id='word_1_104' title='bbox 1338 1569 1635 1642; x_wconf 84' lang='lat' dir='ltr'><strong>Apostolus</strong></span> <span class='ocrx_word' id='word_1_105' title='bbox 1674 1584 1776 1626; x_wconf 90' lang='lat' dir='ltr'><strong>nos</strong></span> <span class='ocrx_word' id='word_1_106' title='bbox 1826 1569 1994 1626; x_wconf 87' lang='lat' dir='ltr'><strong>voluit</strong></span> 
     </span>
    </p>
   </div>
   <div class='ocr_carea' id='block_1_18' title="bbox 393 1661 1993 1736">
    <p class='ocr_par' dir='ltr' id='par_1_18' title="bbox 393 1661 1993 1736">
     <span class='ocr_line' id='line_1_18' title="bbox 393 1661 1993 1736; baseline 0.001 -18"><span class='ocrx_word' id='word_1_107' title='bbox 393 1661 629 1732; x_wconf 91' lang='lat' dir='ltr'><strong>erudire,</strong></span> <span class='ocrx_word' id='word_1_108' title='bbox 654 1661 856 1720; x_wconf 89' lang='lat' dir='ltr'><strong>docens</strong></span> <span class='ocrx_word' id='word_1_109' title='bbox 882 1671 1085 1736; x_wconf 89' lang='lat' dir='ltr'><strong>quanta</strong></span> <span class='ocrx_word' id='word_1_110' title='bbox 1113 1663 1172 1719; x_wconf 90' lang='lat' dir='ltr'><strong>in</strong></span> <span class='ocrx_word' id='word_1_111' title='bbox 1197 1663 1288 1720; x_wconf 90' lang='lat' dir='ltr'><strong>illa</strong></span> <span class='ocrx_word' id='word_1_112' title='bbox 1327 1663 1399 1721; x_wconf 89' lang='lat' dir='ltr'><strong>sit</strong></span> <span class='ocrx_word' id='word_1_113' title='bbox 1423 1662 1761 1732; x_wconf 84' lang='lat' dir='ltr'><strong>observatio,</strong></span> <span class='ocrx_word' id='word_1_114' title='bbox 1792 1670 1993 1734; x_wconf 89' lang='lat' dir='ltr'><strong>quanta</strong></span> 
     </span>
    </p>
   </div>
   <div class='ocr_carea' id='block_1_19' title="bbox 392 1755 1331 1830">
    <p class='ocr_par' dir='ltr' id='par_1_19' title="bbox 392 1755 1331 1830">
     <span class='ocr_line' id='line_1_19' title="bbox 392 1755 1331 1830; baseline 0.001 -17"><span class='ocrx_word' id='word_1_115' title='bbox 392 1755 668 1830; x_wconf 83' lang='lat' dir='ltr'><strong>diligentia</strong></span> <span class='ocrx_word' id='word_1_116' title='bbox 688 1799 703 1826; x_wconf 92' lang='lat'><strong>,</strong></span> <span class='ocrx_word' id='word_1_117' title='bbox 756 1766 961 1830; x_wconf 88' lang='lat' dir='ltr'><strong>quanta</strong></span> <span class='ocrx_word' id='word_1_118' title='bbox 1016 1757 1263 1816; x_wconf 87' lang='lat' dir='ltr'><strong>custodia</strong></span> <span class='ocrx_word' id='word_1_119' title='bbox 1319 1778 1331 1814; x_wconf 93' lang='lat'>:</span> 
     </span>
    </p>
   </div>
   <div class='ocr_carea' id='block_1_20' title="bbox 389 1849 1994 1926">
    <p class='ocr_par' dir='ltr' id='par_1_20' title="bbox 389 1849 1994 1926">
     <span class='ocr_line' id='line_1_20' title="bbox 389 1849 1994 1926; baseline 0.001 -19"><span class='ocrx_word' id='word_1_120' title='bbox 389 1849 598 1919; x_wconf 86' lang='lat' dir='ltr'><strong>facere,</strong></span> <span class='ocrx_word' id='word_1_121' title='bbox 644 1866 751 1924; x_wconf 91' lang='lat' dir='ltr'><strong>qua</strong></span> <span class='ocrx_word' id='word_1_122' title='bbox 786 1853 1022 1925; x_wconf 87' lang='lat' dir='ltr'><strong>puritate</strong></span> <span class='ocrx_word' id='word_1_123' title='bbox 1050 1851 1326 1926; x_wconf 88' lang='lat' dir='ltr'><strong>oportebit</strong></span> <span class='ocrx_word' id='word_1_124' title='bbox 1359 1852 1636 1909; x_wconf 89' lang='lat' dir='ltr'><strong>custodire</strong></span> <span class='ocrx_word' id='word_1_125' title='bbox 1674 1851 1849 1910; x_wconf 87' lang='lat' dir='ltr'><strong>nostri</strong></span> <span class='ocrx_word' id='word_1_126' title='bbox 1875 1867 1994 1909; x_wconf 88' lang='lat' dir='ltr'><strong>cor-</strong></span> 
     </span>
    </p>
   </div>
   <div class='ocr_carea' id='block_1_21' title="bbox 388 1939 1995 2019">
    <p class='ocr_par' dir='ltr' id='par_1_21' title="bbox 388 1939 1995 2019">
     <span class='ocr_line' id='line_1_21' title="bbox 388 1939 1995 2019; baseline 0 -19"><span class='ocrx_word' id='word_1_127' title='bbox 388 1946 541 2017; x_wconf 87' lang='lat' dir='ltr'><strong>poris</strong></span> <span class='ocrx_word' id='word_1_128' title='bbox 566 1954 729 2018; x_wconf 90' lang='lat' dir='ltr'><strong>atque</strong></span> <span class='ocrx_word' id='word_1_129' title='bbox 772 1946 971 2003; x_wconf 69' lang='lat' dir='ltr'><strong>animae</strong></span> <span class='ocrx_word' id='word_1_130' title='bbox 1016 1947 1360 2014; x_wconf 86' lang='lat' dir='ltr'><strong>castitatem,</strong></span> <span class='ocrx_word' id='word_1_131' title='bbox 1406 1939 1434 1979; x_wconf 67' lang='grc' dir='ltr'>δ</span> <span class='ocrx_word' id='word_1_132' title='bbox 1470 1961 1608 2019; x_wconf 90' lang='lat' dir='ltr'><strong>quos</strong></span> <span class='ocrx_word' id='word_1_133' title='bbox 1650 1960 1870 2003; x_wconf 88' lang='lat' dir='ltr'><strong>necesse</strong></span> <span class='ocrx_word' id='word_1_134' title='bbox 1909 1953 1995 2002; x_wconf 86' lang='lat' dir='ltr'><strong>est</strong></span> 
     </span>
    </p>
   </div>
   <div class='ocr_carea' id='block_1_22' title="bbox 377 2037 1990 2114">
    <p class='ocr_par' dir='ltr' id='par_1_22' title="bbox 377 2037 1990 2114">
     <span class='ocr_line' id='line_1_22' title="bbox 377 2037 1990 2114; baseline 0.002 -21"><span class='ocrx_word' id='word_1_135' title='bbox 377 2037 621 2110; x_wconf 83' lang='lat' dir='ltr'><strong>quotidie</strong></span> <span class='ocrx_word' id='word_1_136' title='bbox 663 2040 1026 2097; x_wconf 86' lang='lat' dir='ltr'><strong>sacrosanctis</strong></span> <span class='ocrx_word' id='word_1_137' title='bbox 1076 2040 1218 2114; x_wconf 71' lang='grc' dir='ltr'><strong>Λειιί</strong></span> <span class='ocrx_word' id='word_1_138' title='bbox 1270 2040 1530 2096; x_wconf 90' lang='lat' dir='ltr'><strong>carnibus</strong></span> <span class='ocrx_word' id='word_1_139' title='bbox 1580 2040 1768 2107; x_wconf 87' lang='lat' dir='ltr'><strong>vesci,</strong></span> <span class='ocrx_word' id='word_1_140' title='bbox 1850 2054 1990 2112; x_wconf 89' lang='lat' dir='ltr'><strong>quas</strong></span> 
     </span>
    </p>
   </div>
   <div class='ocr_carea' id='block_1_23' title="bbox 383 2131 1990 2205">
    <p class='ocr_par' dir='ltr' id='par_1_23' title="bbox 383 2131 1990 2205">
     <span class='ocr_line' id='line_1_23' title="bbox 383 2131 1990 2205; baseline 0.001 -18"><span class='ocrx_word' id='word_1_141' title='bbox 383 2132 664 2189; x_wconf 88' lang='lat' dir='ltr'><strong>neminem</strong></span> <span class='ocrx_word' id='word_1_142' title='bbox 699 2131 1052 2191; x_wconf 85' lang='lat' dir='ltr'><strong>immundum</strong></span> <span class='ocrx_word' id='word_1_143' title='bbox 1093 2133 1409 2205; x_wconf 83' lang='lat' dir='ltr'><strong>contingere</strong></span> <span class='ocrx_word' id='word_1_144' title='bbox 1441 2131 1609 2189; x_wconf 89' lang='lat' dir='ltr'><strong>etiam</strong></span> <span class='ocrx_word' id='word_1_145' title='bbox 1634 2131 1832 2189; x_wconf 87' lang='lat' dir='ltr'><strong>veteris</strong></span> <span class='ocrx_word' id='word_1_146' title='bbox 1858 2132 1990 2205; x_wconf 84' lang='lat' dir='ltr'><strong>legis</strong></span> 
     </span>
    </p>
   </div>
   <div class='ocr_carea' id='block_1_24' title="bbox 384 2225 1984 2299">
    <p class='ocr_par' dir='ltr' id='par_1_24' title="bbox 384 2225 1984 2299">
     <span class='ocr_line' id='line_1_24' title="bbox 384 2225 1984 2299; baseline 0.001 -19"><span class='ocrx_word' id='word_1_147' title='bbox 384 2234 660 2299; x_wconf 66' lang='lat' dir='ltr'><strong>prmoepta</strong></span> <span class='ocrx_word' id='word_1_148' title='bbox 690 2228 1044 2299; x_wconf 85' lang='lat' dir='ltr'><strong>permittunt!</strong></span> <span class='ocrx_word' id='word_1_149' title='bbox 1076 2230 1101 2261; x_wconf 72' lang='grc' dir='ltr'><strong>ο</strong></span> <span class='ocrx_word' id='word_1_150' title='bbox 1127 2225 1454 2284; x_wconf 87' lang='lat' dir='ltr'><strong>lnLevitico</strong></span> <span class='ocrx_word' id='word_1_151' title='bbox 1481 2240 1723 2298; x_wconf 83' lang='lat' dir='ltr'><strong>namque</strong></span> <span class='ocrx_word' id='word_1_152' title='bbox 1746 2225 1819 2282; x_wconf 88' lang='lat' dir='ltr'><strong>ita</strong></span> <span class='ocrx_word' id='word_1_153' title='bbox 1843 2240 1984 2299; x_wconf 76' lang='lat' dir='ltr'><strong>prae-</strong></span> 
     </span>
    </p>
   </div>
   <div class='ocr_carea' id='block_1_25' title="bbox 382 2319 1983 2392">
    <p class='ocr_par' dir='ltr' id='par_1_25' title="bbox 382 2319 1983 2392">
     <span class='ocr_line' id='line_1_25' title="bbox 382 2319 1983 2392; baseline 0 -16"><span class='ocrx_word' id='word_1_154' title='bbox 382 2320 584 2392; x_wconf 83' lang='lat' dir='ltr'><strong>cipitur</strong></span> <span class='ocrx_word' id='word_1_155' title='bbox 632 2340 645 2376; x_wconf 92' lang='lat'>:</span> <span class='ocrx_word' id='word_1_156' title='bbox 698 2322 896 2378; x_wconf 89' lang='lat' dir='ltr'><strong>Omnis</strong></span> <span class='ocrx_word' id='word_1_157' title='bbox 939 2321 1185 2378; x_wconf 89' lang='lat' dir='ltr'><strong>mundus</strong></span> <span class='ocrx_word' id='word_1_158' title='bbox 1224 2319 1577 2378; x_wconf 88' lang='lat' dir='ltr'><strong>manducabit</strong></span> <span class='ocrx_word' id='word_1_159' title='bbox 1627 2335 1833 2377; x_wconf 91' lang='lat' dir='ltr'><strong>carnes.</strong></span> <span class='ocrx_word' id='word_1_160' title='bbox 1880 2323 1983 2389; x_wconf 87' lang='lat' dir='ltr'><strong>Et,</strong></span> 
     </span>
    </p>
   </div>
   <div class='ocr_carea' id='block_1_26' title="bbox 379 2411 1986 2488">
    <p class='ocr_par' dir='ltr' id='par_1_26' title="bbox 379 2411 1986 2488">
     <span class='ocr_line' id='line_1_26' title="bbox 379 2411 1986 2488; baseline 0 -20"><span class='ocrx_word' id='word_1_161' title='bbox 379 2413 588 2471; x_wconf 77' lang='lat' dir='ltr'><strong>Anima</strong></span> <span class='ocrx_word' id='word_1_162' title='bbox 618 2429 979 2488; x_wconf 74' lang='lat' dir='ltr'><strong>quaecumque</strong></span> <span class='ocrx_word' id='word_1_163' title='bbox 1018 2413 1319 2473; x_wconf 88' lang='lat' dir='ltr'><strong>comederit</strong></span> <span class='ocrx_word' id='word_1_164' title='bbox 1345 2413 1413 2471; x_wconf 91' lang='lat' dir='ltr'><strong>de</strong></span> <span class='ocrx_word' id='word_1_165' title='bbox 1448 2411 1704 2470; x_wconf 88' lang='lat' dir='ltr'><strong>carnibus</strong></span> <span class='ocrx_word' id='word_1_166' title='bbox 1740 2412 1986 2470; x_wconf 89' lang='lat' dir='ltr'><strong>sacriﬁcii</strong></span> 
     </span>
    </p>
   </div>
   <div class='ocr_carea' id='block_1_27' title="bbox 376 2505 1980 2582">
    <p class='ocr_par' dir='ltr' id='par_1_27' title="bbox 376 2505 1980 2582">
     <span class='ocr_line' id='line_1_27' title="bbox 376 2505 1980 2582; baseline -0.001 -18"><span class='ocrx_word' id='word_1_167' title='bbox 376 2507 636 2565; x_wconf 89' lang='lat' dir='ltr'><strong>salutaris</strong></span> <span class='ocrx_word' id='word_1_168' title='bbox 663 2509 810 2582; x_wconf 90' lang='lat' dir='ltr'><strong>quod</strong></span> <span class='ocrx_word' id='word_1_169' title='bbox 840 2518 922 2566; x_wconf 91' lang='lat' dir='ltr'><strong>est</strong></span> <span class='ocrx_word' id='word_1_170' title='bbox 954 2508 1209 2579; x_wconf 90' lang='lat' dir='ltr'><strong>Domini,</strong></span> <span class='ocrx_word' id='word_1_171' title='bbox 1246 2509 1301 2565; x_wconf 92' lang='lat' dir='ltr'><strong>in</strong></span> <span class='ocrx_word' id='word_1_172' title='bbox 1324 2524 1430 2582; x_wconf 89' lang='lat' dir='ltr'><strong>qua</strong></span> <span class='ocrx_word' id='word_1_173' title='bbox 1470 2516 1557 2565; x_wconf 88' lang='lat' dir='ltr'><strong>est</strong></span> <span class='ocrx_word' id='word_1_174' title='bbox 1597 2505 1943 2564; x_wconf 88' lang='lat' dir='ltr'><strong>immunditia</strong></span> <span class='ocrx_word' id='word_1_175' title='bbox 1965 2549 1980 2577; x_wconf 88' lang='lat'><strong>,</strong></span> 
     </span>
    </p>
   </div>
   <div class='ocr_carea' id='block_1_28' title="bbox 2117 542 3705 617">
    <p class='ocr_par' dir='ltr' id='par_1_28' title="bbox 2117 542 3705 617">
     <span class='ocr_line' id='line_1_28' title="bbox 2117 542 3705 617; baseline 0.003 -21"><span class='ocrx_word' id='word_1_176' title='bbox 2117 548 2471 610; x_wconf 89' lang='lat' dir='ltr'><strong>testamento,</strong></span> <span class='ocrx_word' id='word_1_177' title='bbox 2500 543 2640 598; x_wconf 86' lang='lat' dir='ltr'><strong>sacri</strong></span> <span class='ocrx_word' id='word_1_178' title='bbox 2647 542 2780 599; x_wconf 90' lang='lat' dir='ltr'><strong>ﬁciis</strong></span> <span class='ocrx_word' id='word_1_179' title='bbox 2797 544 2993 615; x_wconf 88' lang='lat' dir='ltr'><strong>typicis</strong></span> <span class='ocrx_word' id='word_1_180' title='bbox 3010 559 3123 600; x_wconf 92' lang='lat' dir='ltr'><strong>non</strong></span> <span class='ocrx_word' id='word_1_181' title='bbox 3143 553 3392 617; x_wconf 90' lang='lat' dir='ltr'><strong>poterant</strong></span> <span class='ocrx_word' id='word_1_182' title='bbox 3417 545 3705 615; x_wconf 84' lang='lat' dir='ltr'><strong>interesse;</strong></span> 
     </span>
    </p>
   </div>
   <div class='ocr_carea' id='block_1_29' title="bbox 2113 633 3694 710">
    <p class='ocr_par' dir='ltr' id='par_1_29' title="bbox 2113 633 3694 710">
     <span class='ocr_line' id='line_1_29' title="bbox 2113 633 3694 710; baseline 0.002 -20"><span class='ocrx_word' id='word_1_183' title='bbox 2113 642 2168 690; x_wconf 93' lang='lat' dir='ltr'><strong>et</strong></span> <span class='ocrx_word' id='word_1_184' title='bbox 2196 636 2290 706; x_wconf 92' lang='lat' dir='ltr'><strong>qui</strong></span> <span class='ocrx_word' id='word_1_185' title='bbox 2333 634 2498 709; x_wconf 83' lang='lat' dir='ltr'><strong>hujus</strong></span> <span class='ocrx_word' id='word_1_186' title='bbox 2526 633 2715 692; x_wconf 92' lang='lat' dir='ltr'><strong>mundi</strong></span> <span class='ocrx_word' id='word_1_187' title='bbox 2744 636 3156 708; x_wconf 89' lang='lat' dir='ltr'><strong>corruptibilem</strong></span> <span class='ocrx_word' id='word_1_188' title='bbox 3195 652 3422 695; x_wconf 84' lang='lat' dir='ltr'><strong>coroam</strong></span> <span class='ocrx_word' id='word_1_189' title='bbox 3466 639 3694 710; x_wconf 89' lang='lat' dir='ltr'><strong>cupiunt</strong></span> 
     </span>
    </p>
   </div>
   <div class='ocr_carea' id='block_1_30' title="bbox 2109 721 2983 802">
    <p class='ocr_par' dir='ltr' id='par_1_30' title="bbox 2109 721 2983 802">
     <span class='ocr_line' id='line_1_30' title="bbox 2109 721 2983 802; baseline 0 -17"><span class='ocrx_word' id='word_1_190' title='bbox 2109 727 2357 800; x_wconf 82' lang='lat' dir='ltr'><strong>adipisci,</strong></span> <span class='ocrx_word' id='word_1_191' title='bbox 2394 737 2668 802; x_wconf 90' lang='lat' dir='ltr'><strong>nequeunt</strong></span> <span class='ocrx_word' id='word_1_192' title='bbox 2696 721 2945 787; x_wconf 85' lang='lat' dir='ltr'><strong>coronari</strong></span> <span class='ocrx_word' id='word_1_193' title='bbox 2970 733 2983 785; x_wconf 89' lang='lat'><strong>!</strong></span> 
     </span>
    </p>
   </div>
   <div class='ocr_carea' id='block_1_31' title="bbox 2716 834 3106 893">
    <p class='ocr_par' dir='ltr' id='par_1_31' title="bbox 2716 834 3106 893">
     <span class='ocr_line' id='line_1_31' title="bbox 2716 834 3106 893; baseline -0.003 -2"><span class='ocrx_word' id='word_1_194' title='bbox 2716 834 2959 893; x_wconf 81' lang='lat' dir='ltr'><strong>CAPUT</strong></span> <span class='ocrx_word' id='word_1_195' title='bbox 3000 837 3106 891; x_wconf 84' lang='lat' dir='ltr'><strong>IX.</strong></span> 
     </span>
    </p>
   </div>
   <div class='ocr_carea' id='block_1_32' title="bbox 2110 928 3707 1001">
    <p class='ocr_par' dir='ltr' id='par_1_32' title="bbox 2110 928 3707 1001">
     <span class='ocr_line' id='line_1_32' title="bbox 2110 928 3707 1001; baseline 0.004 -20"><span class='ocrx_word' id='word_1_196' title='bbox 2110 928 2381 995; x_wconf 75' lang='lat' dir='ltr'><strong>Quantam</strong></span> <span class='ocrx_word' id='word_1_197' title='bbox 2407 942 2615 1001; x_wconf 63' lang='lat' dir='ltr'><strong>semper</strong></span> <span class='ocrx_word' id='word_1_198' title='bbox 2640 929 2818 1001; x_wconf 80' lang='lat' dir='ltr'><strong>cordis</strong></span> <span class='ocrx_word' id='word_1_199' title='bbox 2836 931 3138 1001; x_wconf 78' lang='lat' dir='ltr'><strong>puritatem</strong></span> <span class='ocrx_word' id='word_1_200' title='bbox 3166 946 3367 1000; x_wconf 86' lang='lat' dir='ltr'><strong>parare</strong></span> <span class='ocrx_word' id='word_1_201' title='bbox 3398 945 3577 986; x_wconf 86' lang='lat' dir='ltr'><strong>coram</strong></span> <span class='ocrx_word' id='word_1_202' title='bbox 3611 933 3707 988; x_wconf 86' lang='lat' dir='ltr'><strong>Dei</strong></span> 
     </span>
    </p>
   </div>
   <div class='ocr_carea' id='block_1_33' title="bbox 2643 1000 3173 1056">
    <p class='ocr_par' dir='ltr' id='par_1_33' title="bbox 2643 1000 3173 1056">
     <span class='ocr_line' id='line_1_33' title="bbox 2643 1000 3173 1056; baseline 0.008 -4"><span class='ocrx_word' id='word_1_203' title='bbox 2643 1000 2811 1053; x_wconf 88' lang='lat' dir='ltr'><strong>oculis</strong></span> <span class='ocrx_word' id='word_1_204' title='bbox 2867 1000 3173 1056; x_wconf 80' lang='lat' dir='ltr'><strong>debeamus.</strong></span> 
     </span>
    </p>
   </div>
   <div class='ocr_carea' id='block_1_34' title="bbox 2176 1097 3707 1170">
    <p class='ocr_par' dir='ltr' id='par_1_34' title="bbox 2176 1097 3707 1170">
     <span class='ocr_line' id='line_1_34' title="bbox 2176 1097 3707 1170; baseline 0.001 -16"><span class='ocrx_word' id='word_1_205' title='bbox 2176 1100 2367 1170; x_wconf 88' lang='lat' dir='ltr'><strong>Itaque</strong></span> <span class='ocrx_word' id='word_1_206' title='bbox 2410 1097 2563 1154; x_wconf 92' lang='lat' dir='ltr'><strong>omni</strong></span> <span class='ocrx_word' id='word_1_207' title='bbox 2609 1097 2854 1165; x_wconf 85' lang='lat' dir='ltr'><strong>custodia</strong></span> <span class='ocrx_word' id='word_1_208' title='bbox 2892 1097 3075 1154; x_wconf 87' lang='lat' dir='ltr'><strong>cordis</strong></span> <span class='ocrx_word' id='word_1_209' title='bbox 3104 1099 3279 1154; x_wconf 91' lang='lat' dir='ltr'><strong>nostri</strong></span> <span class='ocrx_word' id='word_1_210' title='bbox 3316 1107 3451 1155; x_wconf 92' lang='lat' dir='ltr'><strong>sunt</strong></span> <span class='ocrx_word' id='word_1_211' title='bbox 3487 1097 3707 1155; x_wconf 69' lang='lat' dir='ltr'><strong>latebra:</strong></span> 
     </span>
    </p>
   </div>
   <div class='ocr_carea' id='block_1_35' title="bbox 2105 1188 3704 1263">
    <p class='ocr_par' dir='ltr' id='par_1_35' title="bbox 2105 1188 3704 1263">
     <span class='ocr_line' id='line_1_35' title="bbox 2105 1188 3704 1263; baseline 0.001 -18"><span class='ocrx_word' id='word_1_212' title='bbox 2105 1190 2358 1263; x_wconf 90' lang='lat' dir='ltr'><strong>primitus</strong></span> <span class='ocrx_word' id='word_1_213' title='bbox 2379 1188 2682 1263; x_wconf 71' lang='lat' dir='ltr'><strong>expiandae.</strong></span> <span class='ocrx_word' id='word_1_214' title='bbox 2716 1190 2879 1260; x_wconf 87' lang='lat' dir='ltr'><strong>Quod</strong></span> <span class='ocrx_word' id='word_1_215' title='bbox 2913 1191 3066 1247; x_wconf 90' lang='lat' dir='ltr'><strong>enim</strong></span> <span class='ocrx_word' id='word_1_216' title='bbox 3092 1191 3171 1247; x_wconf 91' lang='lat' dir='ltr'><strong>illi</strong></span> <span class='ocrx_word' id='word_1_217' title='bbox 3204 1191 3259 1246; x_wconf 92' lang='lat' dir='ltr'><strong>in</strong></span> <span class='ocrx_word' id='word_1_218' title='bbox 3282 1191 3528 1263; x_wconf 91' lang='lat' dir='ltr'><strong>corporis</strong></span> <span class='ocrx_word' id='word_1_219' title='bbox 3548 1192 3704 1263; x_wconf 88' lang='lat' dir='ltr'><strong>puri-</strong></span> 
     </span>
    </p>
   </div>
   <div class='ocr_carea' id='block_1_36' title="bbox 2105 1282 3705 1356">
    <p class='ocr_par' dir='ltr' id='par_1_36' title="bbox 2105 1282 3705 1356">
     <span class='ocr_line' id='line_1_36' title="bbox 2105 1282 3705 1356; baseline 0.002 -18"><span class='ocrx_word' id='word_1_220' title='bbox 2105 1291 2214 1339; x_wconf 90' lang='lat' dir='ltr'><strong>tate</strong></span> <span class='ocrx_word' id='word_1_221' title='bbox 2236 1284 2468 1356; x_wconf 90' lang='lat' dir='ltr'><strong>cupiunt</strong></span> <span class='ocrx_word' id='word_1_222' title='bbox 2498 1282 2709 1355; x_wconf 89' lang='lat' dir='ltr'><strong>assequi</strong></span> <span class='ocrx_word' id='word_1_223' title='bbox 2728 1324 2746 1353; x_wconf 93' lang='lat'><strong>,</strong></span> <span class='ocrx_word' id='word_1_224' title='bbox 2775 1299 2878 1340; x_wconf 91' lang='lat' dir='ltr'><strong>nos</strong></span> <span class='ocrx_word' id='word_1_225' title='bbox 2901 1282 3165 1341; x_wconf 87' lang='lat' dir='ltr'><strong>debemus</strong></span> <span class='ocrx_word' id='word_1_226' title='bbox 3192 1284 3360 1341; x_wconf 88' lang='lat' dir='ltr'><strong>etiam</strong></span> <span class='ocrx_word' id='word_1_227' title='bbox 3397 1284 3453 1341; x_wconf 91' lang='lat' dir='ltr'><strong>in</strong></span> <span class='ocrx_word' id='word_1_228' title='bbox 3490 1286 3705 1342; x_wconf 88' lang='lat' dir='ltr'><strong>arcanis</strong></span> 
     </span>
    </p>
   </div>
   <div class='ocr_carea' id='block_1_37' title="bbox 2102 1367 3701 1452">
    <p class='ocr_par' dir='ltr' id='par_1_37' title="bbox 2102 1367 3701 1452">
     <span class='ocr_line' id='line_1_37' title="bbox 2102 1367 3701 1452; baseline 0.001 -18"><span class='ocrx_word' id='word_1_229' title='bbox 2102 1378 2455 1435; x_wconf 75' lang='lat' dir='ltr'><strong>conscientiae</strong></span> <span class='ocrx_word' id='word_1_230' title='bbox 2503 1377 2779 1450; x_wconf 88' lang='lat' dir='ltr'><strong>possidere</strong></span> <span class='ocrx_word' id='word_1_231' title='bbox 2825 1396 2839 1434; x_wconf 90' lang='lat'><strong>:</strong></span> <span class='ocrx_word' id='word_1_232' title='bbox 2875 1380 2935 1435; x_wconf 91' lang='lat' dir='ltr'><strong>in</strong></span> <span class='ocrx_word' id='word_1_233' title='bbox 2982 1395 3090 1452; x_wconf 89' lang='lat' dir='ltr'><strong>qua</strong></span> <span class='ocrx_word' id='word_1_234' title='bbox 3131 1378 3405 1436; x_wconf 89' lang='lat' dir='ltr'><strong>Dominus</strong></span> <span class='ocrx_word' id='word_1_235' title='bbox 3444 1367 3474 1411; x_wconf 71' lang='grc' dir='ltr'><em>δ</em></span> <span class='ocrx_word' id='word_1_236' title='bbox 3499 1380 3701 1436; x_wconf 85' lang='lat' dir='ltr'><strong>arbiter</strong></span> 
     </span>
    </p>
   </div>
   <div class='ocr_carea' id='block_1_38' title="bbox 2098 1470 3701 1546">
    <p class='ocr_par' dir='ltr' id='par_1_38' title="bbox 2098 1470 3701 1546">
     <span class='ocr_line' id='line_1_38' title="bbox 2098 1470 3701 1546; baseline 0.002 -18"><span class='ocrx_word' id='word_1_237' title='bbox 2098 1479 2258 1544; x_wconf 87' lang='lat' dir='ltr'><strong>atque</strong></span> <span class='ocrx_word' id='word_1_238' title='bbox 2286 1470 2617 1543; x_wconf 86' lang='lat' dir='ltr'><strong>agonotheta</strong></span> <span class='ocrx_word' id='word_1_239' title='bbox 2659 1471 2924 1540; x_wconf 86' lang='lat' dir='ltr'><strong>residens,</strong></span> <span class='ocrx_word' id='word_1_240' title='bbox 2958 1488 3198 1546; x_wconf 82' lang='lat' dir='ltr'><strong>pugnam</strong></span> <span class='ocrx_word' id='word_1_241' title='bbox 3226 1488 3419 1530; x_wconf 90' lang='lat' dir='ltr'><strong>cursus</strong></span> <span class='ocrx_word' id='word_1_242' title='bbox 3448 1482 3505 1530; x_wconf 92' lang='lat' dir='ltr'><strong>et</strong></span> <span class='ocrx_word' id='word_1_243' title='bbox 3527 1482 3701 1531; x_wconf 87' lang='lat' dir='ltr'><strong>certa-</strong></span> 
     </span>
    </p>
   </div>
   <div class='ocr_carea' id='block_1_39' title="bbox 2099 1565 3700 1641">
    <p class='ocr_par' dir='ltr' id='par_1_39' title="bbox 2099 1565 3700 1641">
     <span class='ocr_line' id='line_1_39' title="bbox 2099 1565 3700 1641; baseline 0.003 -21"><span class='ocrx_word' id='word_1_244' title='bbox 2099 1567 2289 1640; x_wconf 46' lang='lat' dir='ltr'><strong>minis.</strong></span> <span class='ocrx_word' id='word_1_245' title='bbox 2309 1565 2482 1621; x_wconf 89' lang='lat' dir='ltr'><strong>nostri</strong></span> <span class='ocrx_word' id='word_1_246' title='bbox 2504 1565 2708 1638; x_wconf 86' lang='lat' dir='ltr'><strong>jugiter</strong></span> <span class='ocrx_word' id='word_1_247' title='bbox 2745 1574 3021 1637; x_wconf 83' lang='lat' dir='ltr'><strong>exspectat</strong></span> <span class='ocrx_word' id='word_1_248' title='bbox 3065 1567 3336 1638; x_wconf 85' lang='lat' dir='ltr'><strong>[spectat],</strong></span> <span class='ocrx_word' id='word_1_249' title='bbox 3383 1576 3445 1623; x_wconf 91' lang='lat' dir='ltr'><strong>ut</strong></span> <span class='ocrx_word' id='word_1_250' title='bbox 3480 1582 3545 1623; x_wconf 88' lang='lat' dir='ltr'><strong>ea</strong></span> <span class='ocrx_word' id='word_1_251' title='bbox 3575 1585 3700 1641; x_wconf 69' lang='lat' dir='ltr'><strong>quae</strong></span> 
     </span>
    </p>
   </div>
   <div class='ocr_carea' id='block_1_40' title="bbox 2102 1660 3699 1733">
    <p class='ocr_par' dir='ltr' id='par_1_40' title="bbox 2102 1660 3699 1733">
     <span class='ocr_line' id='line_1_40' title="bbox 2102 1660 3699 1733; baseline 0.003 -17"><span class='ocrx_word' id='word_1_252' title='bbox 2102 1661 2160 1716; x_wconf 89' lang='lat' dir='ltr'><strong>in</strong></span> <span class='ocrx_word' id='word_1_253' title='bbox 2204 1660 2493 1733; x_wconf 85' lang='lat' dir='ltr'><strong>propatulo</strong></span> <span class='ocrx_word' id='word_1_254' title='bbox 2538 1661 2830 1718; x_wconf 86' lang='lat' dir='ltr'><strong>horremus</strong></span> <span class='ocrx_word' id='word_1_255' title='bbox 2878 1661 3205 1731; x_wconf 86' lang='lat' dir='ltr'><strong>admittere,</strong></span> <span class='ocrx_word' id='word_1_256' title='bbox 3253 1678 3322 1718; x_wconf 89' lang='lat' dir='ltr'><strong>ne</strong></span> <span class='ocrx_word' id='word_1_257' title='bbox 3368 1663 3699 1720; x_wconf 87' lang='lat' dir='ltr'><strong>intrinsecus</strong></span> 
     </span>
    </p>
   </div>
   <div class='ocr_carea' id='block_1_41' title="bbox 1392 1753 3701 1831">
    <p class='ocr_par' dir='ltr' id='par_1_41' title="bbox 1392 1753 3701 1831">
     <span class='ocr_line' id='line_1_41' title="bbox 1392 1753 3701 1831; baseline -0.001 -16"><span class='ocrx_word' id='word_1_258' title='bbox 1392 1758 1523 1831; x_wconf 92' lang='lat' dir='ltr'><strong>quid</strong></span> <span class='ocrx_word' id='word_1_259' title='bbox 1560 1774 1665 1815; x_wconf 90' lang='lat' dir='ltr'><strong>nos</strong></span> <span class='ocrx_word' id='word_1_260' title='bbox 1708 1757 1995 1815; x_wconf 85' lang='lat' dir='ltr'><strong>conveniet</strong></span> <span class='ocrx_word' id='word_1_261' title='bbox 2021 1767 2069 1830; x_wconf 81' lang='grc' dir='ltr'>Β</span> <span class='ocrx_word' id='word_1_262' title='bbox 2102 1753 2326 1825; x_wconf 87' lang='lat' dir='ltr'><strong>quidem</strong></span> <span class='ocrx_word' id='word_1_263' title='bbox 2356 1754 2661 1809; x_wconf 87' lang='lat' dir='ltr'><strong>coalescere</strong></span> <span class='ocrx_word' id='word_1_264' title='bbox 2700 1755 2917 1810; x_wconf 89' lang='lat' dir='ltr'><strong>incauta</strong></span> <span class='ocrx_word' id='word_1_265' title='bbox 2950 1754 3278 1827; x_wconf 88' lang='lat' dir='ltr'><strong>cogitatione</strong></span> <span class='ocrx_word' id='word_1_266' title='bbox 3310 1757 3615 1827; x_wconf 84' lang='lat' dir='ltr'><strong>patiamur;</strong></span> <span class='ocrx_word' id='word_1_267' title='bbox 3646 1766 3701 1812; x_wconf 90' lang='lat' dir='ltr'><strong>et</strong></span> 
     </span>
    </p>
   </div>
   <div class='ocr_carea' id='block_1_42' title="bbox 2103 1845 3697 1920">
    <p class='ocr_par' dir='ltr' id='par_1_42' title="bbox 2103 1845 3697 1920">
     <span class='ocr_line' id='line_1_42' title="bbox 2103 1845 3697 1920; baseline 0.003 -18"><span class='ocrx_word' id='word_1_268' title='bbox 2103 1846 2162 1902; x_wconf 93' lang='lat' dir='ltr'><strong>in</strong></span> <span class='ocrx_word' id='word_1_269' title='bbox 2204 1846 2402 1920; x_wconf 90' lang='lat' dir='ltr'><strong>quibus</strong></span> <span class='ocrx_word' id='word_1_270' title='bbox 2431 1845 2673 1904; x_wconf 90' lang='lat' dir='ltr'><strong>humana</strong></span> <span class='ocrx_word' id='word_1_271' title='bbox 2693 1847 3009 1919; x_wconf 88' lang='lat' dir='ltr'><strong>cognitione</strong></span> <span class='ocrx_word' id='word_1_272' title='bbox 3041 1846 3455 1917; x_wconf 88' lang='lat' dir='ltr'><strong>confundimur,</strong></span> <span class='ocrx_word' id='word_1_273' title='bbox 3502 1864 3571 1905; x_wconf 91' lang='lat' dir='ltr'><strong>ne</strong></span> <span class='ocrx_word' id='word_1_274' title='bbox 3600 1865 3697 1907; x_wconf 91' lang='lat' dir='ltr'><strong>oc-</strong></span> 
     </span>
    </p>
   </div>
   <div class='ocr_carea' id='block_1_43' title="bbox 2098 1938 3700 2013">
    <p class='ocr_par' dir='ltr' id='par_1_43' title="bbox 2098 1938 3700 2013">
     <span class='ocr_line' id='line_1_43' title="bbox 2098 1938 3700 2013; baseline 0.001 -17"><span class='ocrx_word' id='word_1_275' title='bbox 2098 1938 2245 1996; x_wconf 87' lang='lat' dir='ltr'><strong>culta</strong></span> <span class='ocrx_word' id='word_1_276' title='bbox 2261 1938 2482 2012; x_wconf 89' lang='lat' dir='ltr'><strong>quidem</strong></span> <span class='ocrx_word' id='word_1_277' title='bbox 2507 1939 2850 1996; x_wconf 87' lang='lat' dir='ltr'><strong>conniventia</strong></span> <span class='ocrx_word' id='word_1_278' title='bbox 2872 1939 3204 2012; x_wconf 88' lang='lat' dir='ltr'><strong>polluamur.</strong></span> <span class='ocrx_word' id='word_1_279' title='bbox 3227 1944 3363 2013; x_wconf 71' lang='lat' dir='ltr'><strong>Quae</strong></span> <span class='ocrx_word' id='word_1_280' title='bbox 3384 1942 3508 1998; x_wconf 88' lang='lat' dir='ltr'><strong>licet</strong></span> <span class='ocrx_word' id='word_1_281' title='bbox 3529 1942 3700 2013; x_wconf 88' lang='lat' dir='ltr'><strong>possit</strong></span> 
     </span>
    </p>
   </div>
   <div class='ocr_carea' id='block_1_44' title="bbox 2099 2034 3696 2107">
    <p class='ocr_par' dir='ltr' id='par_1_44' title="bbox 2099 2034 3696 2107">
     <span class='ocr_line' id='line_1_44' title="bbox 2099 2034 3696 2107; baseline 0.002 -18"><span class='ocrx_word' id='word_1_282' title='bbox 2099 2034 2389 2091; x_wconf 90' lang='lat' dir='ltr'><strong>hominum</strong></span> <span class='ocrx_word' id='word_1_283' title='bbox 2419 2035 2695 2107; x_wconf 63' lang='lat' dir='ltr'><strong>praeterire</strong></span> <span class='ocrx_word' id='word_1_284' title='bbox 2716 2034 2970 2090; x_wconf 89' lang='lat' dir='ltr'><strong>notitiam</strong></span> <span class='ocrx_word' id='word_1_285' title='bbox 2992 2077 3006 2104; x_wconf 90' lang='lat'><strong>,</strong></span> <span class='ocrx_word' id='word_1_286' title='bbox 3036 2044 3350 2093; x_wconf 89' lang='lat' dir='ltr'><strong>sanctorum</strong></span> <span class='ocrx_word' id='word_1_287' title='bbox 3386 2046 3575 2093; x_wconf 89' lang='lat' dir='ltr'><strong>tamen</strong></span> <span class='ocrx_word' id='word_1_288' title='bbox 3600 2051 3696 2092; x_wconf 92' lang='lat' dir='ltr'><strong>an-</strong></span> 
     </span>
    </p>
   </div>
   <div class='ocr_carea' id='block_1_45' title="bbox 2097 2128 3692 2202">
    <p class='ocr_par' dir='ltr' id='par_1_45' title="bbox 2097 2128 3692 2202">
     <span class='ocr_line' id='line_1_45' title="bbox 2097 2128 3692 2202; baseline 0.001 -17"><span class='ocrx_word' id='word_1_289' title='bbox 2097 2128 2380 2202; x_wconf 86' lang='lat' dir='ltr'><strong>gelorum,</strong></span> <span class='ocrx_word' id='word_1_290' title='bbox 2444 2128 2719 2202; x_wconf 88' lang='lat' dir='ltr'><strong>ipsiusque</strong></span> <span class='ocrx_word' id='word_1_291' title='bbox 2762 2129 3157 2202; x_wconf 88' lang='lat' dir='ltr'><strong>omnipotentis</strong></span> <span class='ocrx_word' id='word_1_292' title='bbox 3211 2131 3317 2186; x_wconf 92' lang='lat' dir='ltr'><strong>Dei</strong></span> <span class='ocrx_word' id='word_1_293' title='bbox 3372 2131 3692 2198; x_wconf 82' lang='lat' dir='ltr'><strong>scientiam,</strong></span> 
     </span>
    </p>
   </div>
   <div class='ocr_carea' id='block_1_46' title="bbox 2093 2220 3689 2295">
    <p class='ocr_par' dir='ltr' id='par_1_46' title="bbox 2093 2220 3689 2295">
     <span class='ocr_line' id='line_1_46' title="bbox 2093 2220 3689 2295; baseline 0.001 -17"><span class='ocrx_word' id='word_1_294' title='bbox 2093 2237 2263 2294; x_wconf 90' lang='lat' dir='ltr'><strong>quam</strong></span> <span class='ocrx_word' id='word_1_295' title='bbox 2285 2222 2432 2279; x_wconf 88' lang='lat' dir='ltr'><strong>nulla</strong></span> <span class='ocrx_word' id='word_1_296' title='bbox 2457 2220 2864 2295; x_wconf 87' lang='lat' dir='ltr'><strong>subterfugiunt</strong></span> <span class='ocrx_word' id='word_1_297' title='bbox 2882 2229 3113 2293; x_wconf 86' lang='lat' dir='ltr'><strong>secreta,</strong></span> <span class='ocrx_word' id='word_1_298' title='bbox 3142 2223 3308 2281; x_wconf 88' lang='lat' dir='ltr'><strong>latere</strong></span> <span class='ocrx_word' id='word_1_299' title='bbox 3334 2238 3444 2280; x_wconf 92' lang='lat' dir='ltr'><strong>non</strong></span> <span class='ocrx_word' id='word_1_300' title='bbox 3468 2223 3689 2295; x_wconf 86' lang='lat' dir='ltr'><strong>poterit.</strong></span> 
     </span>
    </p>
   </div>
   <div class='ocr_carea' id='block_1_47' title="bbox 2689 2318 3040 2375">
    <p class='ocr_par' dir='ltr' id='par_1_47' title="bbox 2689 2318 3040 2375">
     <span class='ocr_line' id='line_1_47' title="bbox 2689 2318 3040 2375; baseline 0 -1"><span class='ocrx_word' id='word_1_301' title='bbox 2689 2318 2932 2375; x_wconf 80' lang='lat' dir='ltr'>CAPUT</span> <span class='ocrx_word' id='word_1_302' title='bbox 2964 2321 3040 2375; x_wconf 85' lang='lat' dir='ltr'><strong>X.</strong></span> 
     </span>
    </p>
   </div>
   <div class='ocr_carea' id='block_1_48' title="bbox 2129 2412 3654 2486">
    <p class='ocr_par' dir='ltr' id='par_1_48' title="bbox 2129 2412 3654 2486">
     <span class='ocr_line' id='line_1_48' title="bbox 2129 2412 3654 2486; baseline 0.003 -18"><span class='ocrx_word' id='word_1_303' title='bbox 2129 2412 2281 2481; x_wconf 82' lang='lat' dir='ltr'><strong>Quod</strong></span> <span class='ocrx_word' id='word_1_304' title='bbox 2321 2415 2395 2469; x_wconf 90' lang='lat' dir='ltr'><strong>sit</strong></span> <span class='ocrx_word' id='word_1_305' title='bbox 2430 2413 2689 2468; x_wconf 84' lang='lat' dir='ltr'><strong>indicium</strong></span> <span class='ocrx_word' id='word_1_306' title='bbox 2722 2415 2978 2483; x_wconf 69' lang='lat' dir='ltr'><strong>perfecta</strong></span> <span class='ocrx_word' id='word_1_307' title='bbox 3010 2418 3062 2470; x_wconf 87' lang='lat' dir='ltr'><strong>et</strong></span> <span class='ocrx_word' id='word_1_308' title='bbox 3098 2416 3325 2484; x_wconf 63' lang='lat' dir='ltr'><strong>integrae</strong></span> <span class='ocrx_word' id='word_1_309' title='bbox 3363 2416 3654 2486; x_wconf 73' lang='lat' dir='ltr'><strong>puritatis.</strong></span> 
     </span>
    </p>
   </div>
   <div class='ocr_carea' id='block_1_49' title="bbox 2161 2508 3693 2581">
    <p class='ocr_par' dir='ltr' id='par_1_49' title="bbox 2161 2508 3693 2581">
     <span class='ocr_line' id='line_1_49' title="bbox 2161 2508 3693 2581; baseline 0.002 -15"><span class='ocrx_word' id='word_1_310' title='bbox 2161 2509 2184 2540; x_wconf 77' lang='lat'><strong><em>°</em></strong></span> <span class='ocrx_word' id='word_1_311' title='bbox 2231 2508 2399 2581; x_wconf 86' lang='lat' dir='ltr'><strong>Cujus</strong></span> <span class='ocrx_word' id='word_1_312' title='bbox 2433 2508 2687 2580; x_wconf 86' lang='lat' dir='ltr'><strong>puritatis</strong></span> <span class='ocrx_word' id='word_1_313' title='bbox 2729 2508 2837 2566; x_wconf 89' lang='lat' dir='ltr'><strong>hoc</strong></span> <span class='ocrx_word' id='word_1_314' title='bbox 2875 2510 2982 2567; x_wconf 91' lang='lat' dir='ltr'><strong>erit</strong></span> <span class='ocrx_word' id='word_1_315' title='bbox 3027 2510 3248 2568; x_wconf 89' lang='lat' dir='ltr'><strong>evidens</strong></span> <span class='ocrx_word' id='word_1_316' title='bbox 3288 2511 3582 2581; x_wconf 89' lang='lat' dir='ltr'><strong>indicium,</strong></span> <span class='ocrx_word' id='word_1_317' title='bbox 3630 2527 3693 2569; x_wconf 88' lang='lat' dir='ltr'><strong>ac</strong></span> 
     </span>
    </p>
   </div>
   <div class='ocr_carea' id='block_1_50' title="bbox 1471 2623 2597 2682">
    <p class='ocr_par' dir='ltr' id='par_1_50' title="bbox 1471 2623 2597 2682">
     <span class='ocr_line' id='line_1_50' title="bbox 1471 2623 2597 2682; baseline 0 0"><span class='ocrx_word' id='word_1_318' title='bbox 1471 2626 1728 2682; x_wconf 82' lang='lat' dir='ltr'><strong>ALARDI</strong></span> <span class='ocrx_word' id='word_1_319' title='bbox 1764 2624 1996 2680; x_wconf 72' lang='grc' dir='ltr'><strong>(ΞΑΖΑΞΙ</strong></span> <span class='ocrx_word' id='word_1_320' title='bbox 2031 2623 2597 2682; x_wconf 76' lang='lat' dir='ltr'><strong>COMMENTARIUS.</strong></span> 
     </span>
    </p>
   </div>
   <div class='ocr_carea' id='block_1_51' title="bbox 452 2729 1981 2805">
    <p class='ocr_par' dir='ltr' id='par_1_51' title="bbox 452 2729 1981 2805">
     <span class='ocr_line' id='line_1_51' title="bbox 452 2729 1981 2805; baseline -0.001 -17"><span class='ocrx_word' id='word_1_321' title='bbox 452 2742 480 2805; x_wconf 59' lang='grc' dir='ltr'><strong>ξι</strong></span> <span class='ocrx_word' id='word_1_322' title='bbox 509 2734 594 2805; x_wconf 77' lang='lat' dir='ltr'><strong>De</strong></span> <span class='ocrx_word' id='word_1_323' title='bbox 636 2733 793 2805; x_wconf 87' lang='lat' dir='ltr'><strong>variis</strong></span> <span class='ocrx_word' id='word_1_324' title='bbox 837 2733 1166 2791; x_wconf 84' lang='lat' dir='ltr'><strong>athletarum</strong></span> <span class='ocrx_word' id='word_1_325' title='bbox 1196 2733 1409 2805; x_wconf 85' lang='lat' dir='ltr'><strong>legibus</strong></span> <span class='ocrx_word' id='word_1_326' title='bbox 1428 2741 1484 2789; x_wconf 93' lang='lat' dir='ltr'><strong>et</strong></span> <span class='ocrx_word' id='word_1_327' title='bbox 1520 2732 1788 2805; x_wconf 86' lang='lat' dir='ltr'><strong>moribus,</strong></span> <span class='ocrx_word' id='word_1_328' title='bbox 1827 2729 1981 2805; x_wconf 74' lang='lat' dir='ltr'><strong>vide,</strong></span> 
     </span>
    </p>
   </div>
   <div class='ocr_carea' id='block_1_52' title="bbox 370 2800 1982 2873">
    <p class='ocr_par' dir='ltr' id='par_1_52' title="bbox 370 2800 1982 2873">
     <span class='ocr_line' id='line_1_52' title="bbox 370 2800 1982 2873; baseline -0.001 -15"><span class='ocrx_word' id='word_1_329' title='bbox 370 2801 426 2858; x_wconf 89' lang='lat' dir='ltr'><strong>si</strong></span> <span class='ocrx_word' id='word_1_330' title='bbox 456 2802 631 2872; x_wconf 88' lang='lat' dir='ltr'><strong>lubet,</strong></span> <span class='ocrx_word' id='word_1_331' title='bbox 658 2804 1030 2862; x_wconf 79' lang='lat' dir='ltr'><strong>Alexandrum</strong></span> <span class='ocrx_word' id='word_1_332' title='bbox 1072 2805 1143 2861; x_wconf 89' lang='lat' dir='ltr'><strong>ab</strong></span> <span class='ocrx_word' id='word_1_333' title='bbox 1170 2800 1479 2861; x_wconf 74' lang='lat' dir='ltr'><strong>Aléxandro</strong></span> <span class='ocrx_word' id='word_1_334' title='bbox 1497 2846 1513 2872; x_wconf 88' lang='lat'><strong>,</strong></span> <span class='ocrx_word' id='word_1_335' title='bbox 1545 2812 1600 2860; x_wconf 90' lang='lat' dir='ltr'><strong>et</strong></span> <span class='ocrx_word' id='word_1_336' title='bbox 1629 2803 1802 2859; x_wconf 88' lang='lat' dir='ltr'><strong>multa</strong></span> <span class='ocrx_word' id='word_1_337' title='bbox 1835 2800 1982 2873; x_wconf 83' lang='lat' dir='ltr'><strong>apud</strong></span> 
     </span>
    </p>
   </div>
   <div class='ocr_carea' id='block_1_53' title="bbox 370 2870 1982 2954">
    <p class='ocr_par' dir='ltr' id='par_1_53' title="bbox 370 2870 1982 2954">
     <span class='ocr_line' id='line_1_53' title="bbox 370 2870 1982 2954; baseline -0.001 -25"><span class='ocrx_word' id='word_1_338' title='bbox 370 2870 656 2954; x_wconf 47' lang='lat' dir='ltr'><strong>{iudicum</strong></span> <span class='ocrx_word' id='word_1_339' title='bbox 685 2875 742 2931; x_wconf 90' lang='lat' dir='ltr'><strong>in</strong></span> <span class='ocrx_word' id='word_1_340' title='bbox 769 2876 1026 2954; x_wconf 62' lang='lat' dir='ltr'><strong>Pandect.</strong></span> <span class='ocrx_word' id='word_1_341' title='bbox 1066 2879 1142 2932; x_wconf 91' lang='lat' dir='ltr'><strong>De</strong></span> <span class='ocrx_word' id='word_1_342' title='bbox 1169 2876 1377 2954; x_wconf 77' lang='lat' dir='ltr'><strong>plumbi</strong></span> <span class='ocrx_word' id='word_1_343' title='bbox 1416 2870 1524 2954; x_wconf 73' lang='lat' dir='ltr'><strong>usu</strong></span> <span class='ocrx_word' id='word_1_344' title='bbox 1560 2882 1615 2930; x_wconf 90' lang='lat' dir='ltr'><strong>et</strong></span> <span class='ocrx_word' id='word_1_345' title='bbox 1642 2870 1982 2954; x_wconf 47' lang='lat' dir='ltr'><strong>efﬁcaciaad</strong></span> 
     </span>
    </p>
   </div>
   <div class='ocr_carea' id='block_1_54' title="bbox 370 2943 1981 3017">
    <p class='ocr_par' dir='ltr' id='par_1_54' title="bbox 370 2943 1981 3017">
     <span class='ocr_line' id='line_1_54' title="bbox 370 2943 1981 3017; baseline -0.001 -17"><span class='ocrx_word' id='word_1_346' title='bbox 370 2945 614 3003; x_wconf 87' lang='lat' dir='ltr'><strong>Veneris</strong></span> <span class='ocrx_word' id='word_1_347' title='bbox 637 2948 869 3017; x_wconf 87' lang='lat' dir='ltr'><strong>impetus</strong></span> <span class='ocrx_word' id='word_1_348' title='bbox 888 2955 944 3003; x_wconf 90' lang='lat' dir='ltr'><strong>et</strong></span> <span class='ocrx_word' id='word_1_349' title='bbox 967 2947 1148 3004; x_wconf 81' lang='lat' dir='ltr'><strong>ﬂuxus</strong></span> <span class='ocrx_word' id='word_1_350' title='bbox 1166 2943 1500 3017; x_wconf 74' lang='lat' dir='ltr'><strong>cohibendos</strong></span> <span class='ocrx_word' id='word_1_351' title='bbox 1515 2988 1530 3015; x_wconf 87' lang='lat'><strong>,</strong></span> <span class='ocrx_word' id='word_1_352' title='bbox 1554 2953 1750 3002; x_wconf 90' lang='lat' dir='ltr'><strong>auctor</strong></span> <span class='ocrx_word' id='word_1_353' title='bbox 1773 2943 1981 3017; x_wconf 83' lang='lat' dir='ltr'><strong>Plinius</strong></span> 
     </span>
    </p>
   </div>
   <div class='ocr_carea' id='block_1_55' title="bbox 368 3015 1975 3088">
    <p class='ocr_par' dir='ltr' id='par_1_55' title="bbox 368 3015 1975 3088">
     <span class='ocr_line' id='line_1_55' title="bbox 368 3015 1975 3088; baseline -0.001 -18"><span class='ocrx_word' id='word_1_354' title='bbox 368 3017 618 3074; x_wconf 84' lang='lat' dir='ltr'><strong>natural.</strong></span> <span class='ocrx_word' id='word_1_355' title='bbox 652 3015 797 3073; x_wconf 80' lang='lat' dir='ltr'><strong>Hist.</strong></span> <span class='ocrx_word' id='word_1_356' title='bbox 820 3018 914 3074; x_wconf 92' lang='lat' dir='ltr'><strong>lib.</strong></span> <span class='ocrx_word' id='word_1_357' title='bbox 940 3033 1159 3084; x_wconf 77' lang='lat' dir='ltr'><strong>xxxrv,</strong></span> <span class='ocrx_word' id='word_1_358' title='bbox 1183 3020 1355 3088; x_wconf 86' lang='lat' dir='ltr'><strong>capite</strong></span> <span class='ocrx_word' id='word_1_359' title='bbox 1381 3015 1595 3073; x_wconf 91' lang='lat' dir='ltr'><strong>decimo</strong></span> <span class='ocrx_word' id='word_1_360' title='bbox 1621 3024 1816 3072; x_wconf 89' lang='lat' dir='ltr'><strong>octavo</strong></span> <span class='ocrx_word' id='word_1_361' title='bbox 1840 3015 1975 3088; x_wconf 80' lang='lat' dir='ltr'><strong>(Lib.</strong></span> 
     </span>
    </p>
   </div>
   <div class='ocr_carea' id='block_1_56' title="bbox 369 3087 1967 3159">
    <p class='ocr_par' dir='ltr' id='par_1_56' title="bbox 369 3087 1967 3159">
     <span class='ocr_line' id='line_1_56' title="bbox 369 3087 1967 3159; baseline 0 -19"><span class='ocrx_word' id='word_1_362' title='bbox 369 3088 436 3143; x_wconf 85' lang='grc' dir='ltr'>ιι</span> <span class='ocrx_word' id='word_1_363' title='bbox 480 3089 692 3147; x_wconf 86' lang='lat' dir='ltr'><strong>Genial.</strong></span> <span class='ocrx_word' id='word_1_364' title='bbox 738 3104 858 3159; x_wconf 85' lang='lat' dir='ltr'><strong>cap.</strong></span> <span class='ocrx_word' id='word_1_365' title='bbox 908 3094 943 3144; x_wconf 89' lang='lat'><strong>9</strong></span> <span class='ocrx_word' id='word_1_366' title='bbox 986 3094 1037 3145; x_wconf 90' lang='lat' dir='ltr'><strong>et</strong></span> <span class='ocrx_word' id='word_1_367' title='bbox 1064 3090 1159 3144; x_wconf 87' lang='lat' dir='ltr'><strong>lib.</strong></span> <span class='ocrx_word' id='word_1_368' title='bbox 1191 3087 1391 3159; x_wconf 18' lang='lat' dir='ltr'><strong>vicap.</strong></span> <span class='ocrx_word' id='word_1_369' title='bbox 1433 3092 1497 3157; x_wconf 85' lang='lat'><strong>8;</strong></span> <span class='ocrx_word' id='word_1_370' title='bbox 1543 3089 1742 3146; x_wconf 65' lang='lat' dir='ltr'><strong>Caelius</strong></span> <span class='ocrx_word' id='word_1_371' title='bbox 1774 3087 1967 3155; x_wconf 83' lang='lat' dir='ltr'><strong>Rodig.</strong></span> 
     </span>
    </p>
   </div>
   <div class='ocr_carea' id='block_1_57' title="bbox 371 3140 2047 3229">
    <p class='ocr_par' dir='ltr' id='par_1_57' title="bbox 371 3140 2047 3229">
     <span class='ocr_line' id='line_1_57' title="bbox 371 3140 2047 3229; baseline -0.002 -15"><span class='ocrx_word' id='word_1_372' title='bbox 371 3140 863 3229; x_wconf 44' lang='lat' dir='ltr'><strong>redimam:</strong></span> <span class='ocrx_word' id='word_1_373' title='bbox 896 3140 1234 3229; x_wconf 48' lang='lat' dir='ltr'><strong>iv&#39;éapl&#39;ej.</strong></span> <span class='ocrx_word' id='word_1_374' title='bbox 1442 3140 1497 3157; x_wconf 73' lang='grc'><strong>’⁷</strong></span> <span class='ocrx_word' id='word_1_375' title='bbox 1774 3140 1883 3144; x_wconf 53' lang='grc' dir='ltr'><strong>“’ ⁷</strong></span> <span class='ocrx_word' id='word_1_376' title='bbox 1914 3140 1964 3229; x_wconf 53' lang='grc' dir='ltr'><strong>’ί</strong></span> <span class='ocrx_word' id='word_1_377' title='bbox 2001 3140 2047 3205; x_wconf 92' lang='lat' dir='ltr'>C</span> 
     </span>
    </p>
   </div>
   <div class='ocr_carea' id='block_1_58' title="bbox 457 3220 1970 3299">
    <p class='ocr_par' dir='ltr' id='par_1_58' title="bbox 457 3220 1970 3299">
     <span class='ocr_line' id='line_1_58' title="bbox 457 3220 1970 3299; baseline 0.001 -18"><span class='ocrx_word' id='word_1_378' title='bbox 457 3220 489 3299; x_wconf 10' lang='lat' dir='ltr'><strong>hu</strong></span> <span class='ocrx_word' id='word_1_379' title='bbox 507 3230 629 3282; x_wconf 79' lang='lat' dir='ltr'><strong>Non</strong></span> <span class='ocrx_word' id='word_1_380' title='bbox 656 3220 976 3299; x_wconf 67' lang='lat' dir='ltr'><strong>necessitate</strong></span> <span class='ocrx_word' id='word_1_381' title='bbox 997 3220 1160 3285; x_wconf 71' lang='lat' dir='ltr'><strong>credo</strong></span> <span class='ocrx_word' id='word_1_382' title='bbox 1189 3220 1459 3295; x_wconf 84' lang='lat' dir='ltr'><strong>absoluta,</strong></span> <span class='ocrx_word' id='word_1_383' title='bbox 1488 3228 1585 3299; x_wconf 83' lang='lat' dir='ltr'><strong>sed</strong></span> <span class='ocrx_word' id='word_1_384' title='bbox 1616 3225 1970 3299; x_wconf 79' lang='lat' dir='ltr'><strong>congruenti,</strong></span> 
     </span>
    </p>
   </div>
   <div class='ocr_carea' id='block_1_59' title="bbox 372 3296 1974 3371">
    <p class='ocr_par' dir='ltr' id='par_1_59' title="bbox 372 3296 1974 3371">
     <span class='ocr_line' id='line_1_59' title="bbox 372 3296 1974 3371; baseline 0.001 -21"><span class='ocrx_word' id='word_1_385' title='bbox 372 3297 602 3371; x_wconf 78' lang='lat' dir='ltr'><strong>ratione</strong></span> <span class='ocrx_word' id='word_1_386' title='bbox 636 3297 797 3354; x_wconf 79' lang='lat' dir='ltr'><strong>ofﬁcii</strong></span> <span class='ocrx_word' id='word_1_387' title='bbox 826 3299 1236 3371; x_wconf 71' lang='lat' dir='ltr'><strong>etpraelaturie.</strong></span> <span class='ocrx_word' id='word_1_388' title='bbox 1266 3299 1411 3371; x_wconf 78' lang='lat' dir='ltr'><strong>_C_um</strong></span> <span class='ocrx_word' id='word_1_389' title='bbox 1439 3298 1586 3354; x_wconf 90' lang='lat' dir='ltr'><strong>enim</strong></span> <span class='ocrx_word' id='word_1_390' title='bbox 1612 3297 1666 3353; x_wconf 92' lang='lat' dir='ltr'><strong>id</strong></span> <span class='ocrx_word' id='word_1_391' title='bbox 1696 3296 1974 3371; x_wconf 69' lang='lat' dir='ltr'><strong>temporis</strong></span> 
     </span>
    </p>
   </div>
   <div class='ocr_carea' id='block_1_60' title="bbox 369 3367 1977 3441">
    <p class='ocr_par' dir='ltr' id='par_1_60' title="bbox 369 3367 1977 3441">
     <span class='ocr_line' id='line_1_60' title="bbox 369 3367 1977 3441; baseline 0.001 -18"><span class='ocrx_word' id='word_1_392' title='bbox 369 3368 628 3441; x_wconf 87' lang='lat' dir='ltr'><strong>plerique</strong></span> <span class='ocrx_word' id='word_1_393' title='bbox 655 3367 938 3437; x_wconf 68' lang='lat' dir='ltr'><strong>monachi,</strong></span> <span class='ocrx_word' id='word_1_394' title='bbox 976 3376 1201 3441; x_wconf 80' lang='lat' dir='ltr'><strong>excepto</strong></span> <span class='ocrx_word' id='word_1_395' title='bbox 1228 3368 1456 3435; x_wconf 88' lang='lat' dir='ltr'><strong>abbate,</strong></span> <span class='ocrx_word' id='word_1_396' title='bbox 1484 3376 1675 3441; x_wconf 76' lang='lat' dir='ltr'><strong>essent</strong></span> <span class='ocrx_word' id='word_1_397' title='bbox 1696 3367 1850 3437; x_wconf 70' lang='lat' dir='ltr'><strong>laici,</strong></span> <span class='ocrx_word' id='word_1_398' title='bbox 1874 3375 1977 3441; x_wconf 79' lang='lat' dir='ltr'><strong>aut</strong></span> 
     </span>
    </p>
   </div>
   <div class='ocr_carea' id='block_1_61' title="bbox 370 3438 1972 3522">
    <p class='ocr_par' dir='ltr' id='par_1_61' title="bbox 370 3438 1972 3522">
     <span class='ocr_line' id='line_1_61' title="bbox 370 3438 1972 3522; baseline 0 -27"><span class='ocrx_word' id='word_1_399' title='bbox 370 3438 552 3522; x_wconf 65' lang='lat' dir='ltr'><strong>pauci</strong></span> <span class='ocrx_word' id='word_1_400' title='bbox 566 3448 718 3522; x_wconf 82' lang='lat' dir='ltr'><strong>certe</strong></span> <span class='ocrx_word' id='word_1_401' title='bbox 746 3456 812 3497; x_wconf 87' lang='lat' dir='ltr'><strong>ex</strong></span> <span class='ocrx_word' id='word_1_402' title='bbox 856 3441 922 3498; x_wconf 91' lang='lat' dir='ltr'><strong>iis</strong></span> <span class='ocrx_word' id='word_1_403' title='bbox 958 3438 1339 3522; x_wconf 65' lang='lat' dir='ltr'><strong>ordinarentur</strong></span> <span class='ocrx_word' id='word_1_404' title='bbox 1382 3438 1706 3522; x_wconf 67' lang='lat' dir='ltr'><strong>presbyteri,</strong></span> <span class='ocrx_word' id='word_1_405' title='bbox 1737 3447 1801 3497; x_wconf 89' lang='lat' dir='ltr'><strong>ut</strong></span> <span class='ocrx_word' id='word_1_406' title='bbox 1837 3439 1972 3522; x_wconf 83' lang='lat' dir='ltr'><strong>alias</strong></span> 
     </span>
    </p>
   </div>
   <div class='ocr_carea' id='block_1_62' title="bbox 365 3509 1972 3583">
    <p class='ocr_par' dir='ltr' id='par_1_62' title="bbox 365 3509 1972 3583">
     <span class='ocr_line' id='line_1_62' title="bbox 365 3509 1972 3583; baseline 0 -17"><span class='ocrx_word' id='word_1_407' title='bbox 365 3509 584 3583; x_wconf 79' lang='lat' dir='ltr'><strong>dictum</strong></span> <span class='ocrx_word' id='word_1_408' title='bbox 612 3519 728 3580; x_wconf 89' lang='lat' dir='ltr'><strong>est,</strong></span> <span class='ocrx_word' id='word_1_409' title='bbox 757 3520 1185 3583; x_wconf 83' lang='lat' dir='ltr'><strong>consentaneum</strong></span> <span class='ocrx_word' id='word_1_410' title='bbox 1229 3510 1329 3568; x_wconf 80' lang='lat' dir='ltr'><strong>fuit</strong></span> <span class='ocrx_word' id='word_1_411' title='bbox 1365 3509 1426 3569; x_wconf 82' lang='lat' dir='ltr'><strong>ut</strong></span> <span class='ocrx_word' id='word_1_412' title='bbox 1455 3509 1556 3583; x_wconf 85' lang='lat' dir='ltr'><strong>qui</strong></span> <span class='ocrx_word' id='word_1_413' title='bbox 1582 3510 1700 3568; x_wconf 91' lang='lat' dir='ltr'><strong>aliis</strong></span> <span class='ocrx_word' id='word_1_414' title='bbox 1741 3518 1972 3583; x_wconf 68' lang='lat' dir='ltr'><strong>praeerat</strong></span> 
     </span>
    </p>
   </div>
   <div class='ocr_carea' id='block_1_63' title="bbox 367 3581 1970 3654">
    <p class='ocr_par' dir='ltr' id='par_1_63' title="bbox 367 3581 1970 3654">
     <span class='ocr_line' id='line_1_63' title="bbox 367 3581 1970 3654; baseline 0.001 -18"><span class='ocrx_word' id='word_1_415' title='bbox 367 3581 545 3654; x_wconf 83' lang='lat' dir='ltr'><strong>abbas</strong></span> <span class='ocrx_word' id='word_1_416' title='bbox 563 3622 580 3650; x_wconf 91' lang='lat'><strong>,</strong></span> <span class='ocrx_word' id='word_1_417' title='bbox 610 3583 847 3654; x_wconf 88' lang='lat' dir='ltr'><strong>quotidie</strong></span> <span class='ocrx_word' id='word_1_418' title='bbox 885 3598 1074 3640; x_wconf 88' lang='lat' dir='ltr'><strong>coram</strong></span> <span class='ocrx_word' id='word_1_419' title='bbox 1095 3581 1353 3640; x_wconf 80' lang='lat' dir='ltr'><strong>fratribus</strong></span> <span class='ocrx_word' id='word_1_420' title='bbox 1380 3581 1970 3654; x_wconf 81' lang='lat' dir='ltr'><strong>Missarumsolemnia</strong></span> 
     </span>
    </p>
   </div>
   <div class='ocr_carea' id='block_1_64' title="bbox 368 3651 1967 3728">
    <p class='ocr_par' dir='ltr' id='par_1_64' title="bbox 368 3651 1967 3728">
     <span class='ocr_line' id='line_1_64' title="bbox 368 3651 1967 3728; baseline 0 -20"><span class='ocrx_word' id='word_1_421' title='bbox 368 3651 705 3728; x_wconf 70' lang='lat' dir='ltr'><strong>celebraret,</strong></span> <span class='ocrx_word' id='word_1_422' title='bbox 732 3664 785 3711; x_wconf 90' lang='lat' dir='ltr'><strong>et</strong></span> <span class='ocrx_word' id='word_1_423' title='bbox 810 3655 918 3711; x_wconf 91' lang='lat' dir='ltr'><strong>hoc</strong></span> <span class='ocrx_word' id='word_1_424' title='bbox 958 3654 1236 3728; x_wconf 68' lang='lat' dir='ltr'><strong>praecipuo</strong></span> <span class='ocrx_word' id='word_1_425' title='bbox 1252 3654 1526 3728; x_wconf 83' lang='lat' dir='ltr'><strong>religionis</strong></span> <span class='ocrx_word' id='word_1_426' title='bbox 1549 3653 1731 3728; x_wconf 75' lang='lat' dir='ltr'><strong>ofﬁcio</strong></span> <span class='ocrx_word' id='word_1_427' title='bbox 1756 3653 1815 3728; x_wconf 81' lang='lat' dir='ltr'><strong>in</strong></span> <span class='ocrx_word' id='word_1_428' title='bbox 1844 3668 1967 3728; x_wconf 86' lang='lat' dir='ltr'><strong>mo-</strong></span> 
     </span>
    </p>
   </div>
   <div class='ocr_carea' id='block_1_65' title="bbox 367 3723 1967 3798">
    <p class='ocr_par' dir='ltr' id='par_1_65' title="bbox 367 3723 1967 3798">
     <span class='ocr_line' id='line_1_65' title="bbox 367 3723 1967 3798; baseline 0 -20"><span class='ocrx_word' id='word_1_429' title='bbox 367 3724 615 3780; x_wconf 87' lang='lat' dir='ltr'><strong>nasterio</strong></span> <span class='ocrx_word' id='word_1_430' title='bbox 648 3723 977 3798; x_wconf 65' lang='lat' dir='ltr'><strong>iungeretur</strong></span> <span class='ocrx_word' id='word_1_431' title='bbox 1016 3745 1029 3782; x_wconf 92' lang='lat'>:</span> <span class='ocrx_word' id='word_1_432' title='bbox 1061 3723 1169 3798; x_wconf 79' lang='lat' dir='ltr'><strong>qua</strong></span> <span class='ocrx_word' id='word_1_433' title='bbox 1206 3726 1273 3782; x_wconf 90' lang='lat' dir='ltr'><strong>de</strong></span> <span class='ocrx_word' id='word_1_434' title='bbox 1301 3723 1545 3798; x_wconf 62' lang='lat' dir='ltr'><strong>re&#39;plura</strong></span> <span class='ocrx_word' id='word_1_435' title='bbox 1579 3724 1710 3798; x_wconf 89' lang='lat' dir='ltr'><strong>alibi</strong></span> <span class='ocrx_word' id='word_1_436' title='bbox 1737 3723 1967 3798; x_wconf 87' lang='lat' dir='ltr'><strong>dicenda</strong></span> 
     </span>
    </p>
   </div>
   <div class='ocr_carea' id='block_1_66' title="bbox 366 3796 1966 3867">
    <p class='ocr_par' dir='ltr' id='par_1_66' title="bbox 366 3796 1966 3867">
     <span class='ocr_line' id='line_1_66' title="bbox 366 3796 1966 3867; baseline 0 -18"><span class='ocrx_word' id='word_1_437' title='bbox 366 3801 501 3867; x_wconf 82' lang='lat' dir='ltr'><strong>sunt</strong></span> <span class='ocrx_word' id='word_1_438' title='bbox 524 3796 689 3863; x_wconf 85' lang='lat' dir='ltr'><strong>(Vide</strong></span> <span class='ocrx_word' id='word_1_439' title='bbox 709 3800 888 3853; x_wconf 87' lang='lat' dir='ltr'><strong>collat.</strong></span> <span class='ocrx_word' id='word_1_440' title='bbox 923 3803 1013 3864; x_wconf 76' lang='lat'><strong>23,</strong></span> <span class='ocrx_word' id='word_1_441' title='bbox 1039 3796 1157 3867; x_wconf 78' lang='lat' dir='ltr'><strong>cap.</strong></span> <span class='ocrx_word' id='word_1_442' title='bbox 1186 3802 1299 3863; x_wconf 81' lang='lat'><strong>20).</strong></span> <span class='ocrx_word' id='word_1_443' title='bbox 1323 3796 1711 3867; x_wconf 13' lang='lat' dir='ltr'><strong>undeicolligo</strong></span> <span class='ocrx_word' id='word_1_444' title='bbox 1740 3804 1796 3851; x_wconf 89' lang='lat' dir='ltr'><strong>et</strong></span> <span class='ocrx_word' id='word_1_445' title='bbox 1833 3797 1966 3867; x_wconf 80' lang='lat' dir='ltr'><strong>Cas-</strong></span> 
     </span>
    </p>
   </div>
   <div class='ocr_carea' id='block_1_67' title="bbox 364 3864 1969 3941">
    <p class='ocr_par' dir='ltr' id='par_1_67' title="bbox 364 3864 1969 3941">
     <span class='ocr_line' id='line_1_67' title="bbox 364 3864 1969 3941; baseline -0.001 -21"><span class='ocrx_word' id='word_1_446' title='bbox 364 3864 593 3941; x_wconf 72' lang='lat' dir='ltr'><strong>siauum</strong></span> <span class='ocrx_word' id='word_1_447' title='bbox 620 3869 999 3941; x_wconf 77' lang='lat' dir='ltr'><strong>presbyterum</strong></span> <span class='ocrx_word' id='word_1_448' title='bbox 1034 3864 1334 3934; x_wconf 74' lang='lat' dir='ltr'><strong>exstitisse,</strong></span> <span class='ocrx_word' id='word_1_449' title='bbox 1367 3866 1515 3941; x_wconf 82' lang='lat' dir='ltr'><strong>quod</strong></span> <span class='ocrx_word' id='word_1_450' title='bbox 1557 3874 1614 3921; x_wconf 88' lang='lat' dir='ltr'><strong>et</strong></span> <span class='ocrx_word' id='word_1_451' title='bbox 1648 3864 1969 3941; x_wconf 74' lang='lat' dir='ltr'><strong>Genuadius</strong></span> 
     </span>
    </p>
   </div>
   <div class='ocr_carea' id='block_1_68' title="bbox 368 3935 1967 4005">
    <p class='ocr_par' dir='ltr' id='par_1_68' title="bbox 368 3935 1967 4005">
     <span class='ocr_line' id='line_1_68' title="bbox 368 3935 1967 4005; baseline -0.002 -14"><span class='ocrx_word' id='word_1_452' title='bbox 368 3943 432 3991; x_wconf 85' lang='lat' dir='ltr'><strong>et</strong></span> <span class='ocrx_word' id='word_1_453' title='bbox 452 3935 795 3997; x_wconf 78' lang='lat' dir='ltr'><strong>Tritbémius</strong></span> <span class='ocrx_word' id='word_1_454' title='bbox 806 3945 1167 4001; x_wconf 83' lang='lat' dir='ltr'><strong>attestantur;</strong></span> <span class='ocrx_word' id='word_1_455' title='bbox 1193 3945 1250 3991; x_wconf 90' lang='lat' dir='ltr'><strong>et</strong></span> <span class='ocrx_word' id='word_1_456' title='bbox 1275 3935 1671 4005; x_wconf 84' lang='lat' dir='ltr'><strong>quotidianum,</strong></span> <span class='ocrx_word' id='word_1_457' title='bbox 1689 3943 1757 4005; x_wconf 86' lang='lat' dir='ltr'><strong>ut</strong></span> <span class='ocrx_word' id='word_1_458' title='bbox 1770 3935 1967 4005; x_wconf 85' lang='lat' dir='ltr'><strong>decuit,</strong></span> 
     </span>
    </p>
   </div>
   <div class='ocr_carea' id='block_1_69' title="bbox 364 4003 1967 4083">
    <p class='ocr_par' dir='ltr' id='par_1_69' title="bbox 364 4003 1967 4083">
     <span class='ocr_line' id='line_1_69' title="bbox 364 4003 1967 4083; baseline -0.002 -20"><span class='ocrx_word' id='word_1_459' title='bbox 364 4005 558 4083; x_wconf 57' lang='lat' dir='ltr'><strong>Missa?</strong></span> <span class='ocrx_word' id='word_1_460' title='bbox 587 4008 912 4083; x_wconf 58' lang='lat' dir='ltr'><strong>sacriﬁcjum</strong></span> <span class='ocrx_word' id='word_1_461' title='bbox 950 4003 1370 4083; x_wconf 59' lang='lat' dir='ltr'><strong>celebrasse,&#39;in</strong></span> <span class='ocrx_word' id='word_1_462' title='bbox 1397 4018 1508 4083; x_wconf 90' lang='lat' dir='ltr'><strong>quo</strong></span> <span class='ocrx_word' id='word_1_463' title='bbox 1534 4007 1718 4083; x_wconf 80' lang='lat' dir='ltr'><strong>Agnus</strong></span> <span class='ocrx_word' id='word_1_464' title='bbox 1747 4003 1836 4083; x_wconf 71' lang='lat' dir='ltr'><strong>ille</strong></span> <span class='ocrx_word' id='word_1_465' title='bbox 1865 4004 1967 4059; x_wconf 88' lang='lat' dir='ltr'><strong>im-</strong></span> 
     </span>
    </p>
   </div>
   <div class='ocr_carea' id='block_1_70' title="bbox 362 4073 1969 4144">
    <p class='ocr_par' dir='ltr' id='par_1_70' title="bbox 362 4073 1969 4144">
     <span class='ocr_line' id='line_1_70' title="bbox 362 4073 1969 4144; baseline -0.002 -11"><span class='ocrx_word' id='word_1_466' title='bbox 362 4078 683 4133; x_wconf 87' lang='lat' dir='ltr'><strong>maculatus</strong></span> <span class='ocrx_word' id='word_1_467' title='bbox 726 4077 981 4144; x_wconf 76' lang='lat' dir='ltr'><strong>offertur,</strong></span> <span class='ocrx_word' id='word_1_468' title='bbox 1018 4076 1356 4143; x_wconf 89' lang='lat' dir='ltr'><strong>immolatur,</strong></span> <span class='ocrx_word' id='word_1_469' title='bbox 1390 4081 1446 4131; x_wconf 90' lang='lat' dir='ltr'><strong>et</strong></span> <span class='ocrx_word' id='word_1_470' title='bbox 1475 4073 1730 4130; x_wconf 88' lang='lat' dir='ltr'><strong>sumitur.</strong></span> <span class='ocrx_word' id='word_1_471' title='bbox 1761 4073 1969 4142; x_wconf 88' lang='lat' dir='ltr'><strong>Quam-</strong></span> 
     </span>
    </p>
   </div>
   <div class='ocr_carea' id='block_1_71' title="bbox 357 4145 1971 4219">
    <p class='ocr_par' dir='ltr' id='par_1_71' title="bbox 357 4145 1971 4219">
     <span class='ocr_line' id='line_1_71' title="bbox 357 4145 1971 4219; baseline 0 -18"><span class='ocrx_word' id='word_1_472' title='bbox 357 4162 546 4219; x_wconf 85' lang='lat' dir='ltr'><strong>quam</strong></span> <span class='ocrx_word' id='word_1_473' title='bbox 577 4146 892 4219; x_wconf 18' lang='lat' dir='ltr'><strong>existimemo</strong></span> <span class='ocrx_word' id='word_1_474' title='bbox 916 4148 1099 4219; x_wconf 84' lang='lat' dir='ltr'><strong>ipsum</strong></span> <span class='ocrx_word' id='word_1_475' title='bbox 1133 4161 1253 4219; x_wconf 82' lang='lat' dir='ltr'><strong>non</strong></span> <span class='ocrx_word' id='word_1_476' title='bbox 1276 4145 1330 4200; x_wconf 94' lang='lat' dir='ltr'><strong>in</strong></span> <span class='ocrx_word' id='word_1_477' title='bbox 1372 4159 1469 4202; x_wconf 88' lang='lat' dir='ltr'><strong>sua</strong></span> <span class='ocrx_word' id='word_1_478' title='bbox 1498 4152 1713 4219; x_wconf 80' lang='lat' dir='ltr'><strong>tantum</strong></span> <span class='ocrx_word' id='word_1_479' title='bbox 1738 4159 1971 4219; x_wconf 83' lang='lat' dir='ltr'><strong>persona</strong></span> 
     </span>
    </p>
   </div>
   <div class='ocr_carea' id='block_1_72' title="bbox 362 4215 1972 4288">
    <p class='ocr_par' dir='ltr' id='par_1_72' title="bbox 362 4215 1972 4288">
     <span class='ocr_line' id='line_1_72' title="bbox 362 4215 1972 4288; baseline -0.001 -14"><span class='ocrx_word' id='word_1_480' title='bbox 362 4215 453 4274; x_wconf 67' lang='lat' dir='ltr'><strong>ita</strong></span> <span class='ocrx_word' id='word_1_481' title='bbox 482 4216 728 4288; x_wconf 86' lang='lat' dir='ltr'><strong>locutum</strong></span> <span class='ocrx_word' id='word_1_482' title='bbox 745 4259 765 4287; x_wconf 89' lang='lat'><strong>,</strong></span> <span class='ocrx_word' id='word_1_483' title='bbox 802 4217 898 4275; x_wconf 92' lang='lat' dir='ltr'><strong>sed</strong></span> <span class='ocrx_word' id='word_1_484' title='bbox 925 4215 1156 4274; x_wconf 83' lang='lat' dir='ltr'><strong>aliorum</strong></span> <span class='ocrx_word' id='word_1_485' title='bbox 1185 4217 1349 4273; x_wconf 89' lang='lat' dir='ltr'><strong>etiam</strong></span> <span class='ocrx_word' id='word_1_486' title='bbox 1373 4215 1750 4288; x_wconf 78' lang='lat' dir='ltr'><strong>sacerdotum,</strong></span> <span class='ocrx_word' id='word_1_487' title='bbox 1772 4215 1972 4288; x_wconf 88' lang='lat' dir='ltr'><strong>quibus</strong></span> 
     </span>
    </p>
   </div>
   <div class='ocr_carea' id='block_1_73' title="bbox 358 4286 1966 4360">
    <p class='ocr_par' dir='ltr' id='par_1_73' title="bbox 358 4286 1966 4360">
     <span class='ocr_line' id='line_1_73' title="bbox 358 4286 1966 4360; baseline -0.002 -14"><span class='ocrx_word' id='word_1_488' title='bbox 358 4304 442 4360; x_wconf 80' lang='lat' dir='ltr'><strong>ex</strong></span> <span class='ocrx_word' id='word_1_489' title='bbox 481 4286 671 4360; x_wconf 80' lang='lat' dir='ltr'><strong>ofﬁcio</strong></span> <span class='ocrx_word' id='word_1_490' title='bbox 705 4286 783 4344; x_wconf 89' lang='lat' dir='ltr'><strong>vel</strong></span> <span class='ocrx_word' id='word_1_491' title='bbox 839 4297 966 4345; x_wconf 80' lang='lat' dir='ltr'><strong>voto</strong></span> <span class='ocrx_word' id='word_1_492' title='bbox 1010 4288 1364 4360; x_wconf 84' lang='lat' dir='ltr'><strong>incumberet</strong></span> <span class='ocrx_word' id='word_1_493' title='bbox 1392 4286 1642 4360; x_wconf 80' lang='lat' dir='ltr'><strong>quotidie</strong></span> <span class='ocrx_word' id='word_1_494' title='bbox 1680 4286 1966 4360; x_wconf 77' lang='lat' dir='ltr'><strong>sacrosan-</strong></span> 
     </span>
    </p>
   </div>
   <div class='ocr_carea' id='block_1_74' title="bbox 361 4357 1967 4483">
    <p class='ocr_par' dir='ltr' id='par_1_74' title="bbox 361 4357 1967 4483">
     <span class='ocr_line' id='line_1_74' title="bbox 361 4357 1967 4478; baseline -0.001 -62"><span class='ocrx_word' id='word_1_495' title='bbox 361 4359 477 4416; x_wconf 86' lang='lat' dir='ltr'><strong>ctis</strong></span> <span class='ocrx_word' id='word_1_496' title='bbox 494 4357 646 4478; x_wconf 42' lang='lat' dir='ltr'><strong>.gni</strong></span> <span class='ocrx_word' id='word_1_497' title='bbox 672 4360 907 4417; x_wconf 71' lang='lat' dir='ltr'><strong>cmlestis</strong></span> <span class='ocrx_word' id='word_1_498' title='bbox 943 4360 1200 4418; x_wconf 84' lang='lat' dir='ltr'><strong>carnibus</strong></span> <span class='ocrx_word' id='word_1_499' title='bbox 1229 4359 1369 4416; x_wconf 85' lang='lat' dir='ltr'><strong>vesci</strong></span> <span class='ocrx_word' id='word_1_500' title='bbox 1386 4357 1578 4432; x_wconf 58' lang='lat' dir='ltr'><strong>{quod</strong></span> <span class='ocrx_word' id='word_1_501' title='bbox 1606 4357 1670 4414; x_wconf 87' lang='lat' dir='ltr'><strong>ﬁt</strong></span> <span class='ocrx_word' id='word_1_502' title='bbox 1700 4358 1757 4416; x_wconf 90' lang='lat' dir='ltr'><strong>in</strong></span> <span class='ocrx_word' id='word_1_503' title='bbox 1781 4358 1967 4415; x_wconf 77' lang='lat' dir='ltr'><strong>Missae</strong></span> 
     </span>
     <span class='ocr_line' id='line_1_75' title="bbox 361 4430 653 4483; baseline 0 0"><span class='ocrx_word' id='word_1_504' title='bbox 361 4430 653 4483; x_wconf 77' lang='lat' dir='ltr'><strong>cnlclo.</strong></span> 
     </span>
    </p>
   </div>
   <div class='ocr_carea' id='block_1_75' title="bbox 360 4444 653 4487">
    <p class='ocr_par' dir='ltr' id='par_1_75' title="bbox 360 4444 653 4487">
     <span class='ocr_line' id='line_1_76' title="bbox 360 4444 653 4487; baseline -0.003 0"><span class='ocrx_word' id='word_1_505' title='bbox 360 4445 506 4487; x_wconf 87' lang='lat' dir='ltr'><strong>sacn</strong></span> <span class='ocrx_word' id='word_1_506' title='bbox 513 4444 653 4486; x_wconf 81' lang='lat' dir='ltr'><strong>IICIO.</strong></span> 
     </span>
    </p>
   </div>
   <div class='ocr_carea' id='block_1_76' title="bbox 441 4490 1437 4568">
    <p class='ocr_par' dir='ltr' id='par_1_76' title="bbox 441 4490 1437 4568">
     <span class='ocr_line' id='line_1_77' title="bbox 441 4490 1437 4568; baseline 0 -11"><span class='ocrx_word' id='word_1_507' title='bbox 441 4490 477 4534; x_wconf 65' lang='grc' dir='ltr'><strong>θ’</strong></span> <span class='ocrx_word' id='word_1_508' title='bbox 493 4501 723 4557; x_wconf 88' lang='lat' dir='ltr'><strong>Levitici</strong></span> <span class='ocrx_word' id='word_1_509' title='bbox 753 4516 870 4568; x_wconf 83' lang='lat' dir='ltr'><strong>vn,</strong></span> <span class='ocrx_word' id='word_1_510' title='bbox 899 4501 1208 4559; x_wconf 91' lang='lat' dir='ltr'><strong>secundum</strong></span> <span class='ocrx_word' id='word_1_511' title='bbox 1254 4502 1437 4557; x_wconf 82' lang='lat' dir='ltr'><strong>LXX.</strong></span> 
     </span>
    </p>
   </div>
   <div class='ocr_carea' id='block_1_77' title="bbox 361 4572 1656 4638">
    <p class='ocr_par' dir='ltr' id='par_1_77' title="bbox 361 4572 1656 4638">
     <span class='ocr_line' id='line_1_78' title="bbox 361 4572 1656 4638; baseline -0.002 -10"><span class='ocrx_word' id='word_1_512' title='bbox 361 4572 503 4628; x_wconf 88' lang='lat' dir='ltr'><strong>citat</strong></span> <span class='ocrx_word' id='word_1_513' title='bbox 534 4587 722 4629; x_wconf 87' lang='lat' dir='ltr'><strong>rursus</strong></span> <span class='ocrx_word' id='word_1_514' title='bbox 756 4573 1013 4630; x_wconf 88' lang='lat' dir='ltr'><strong>eumdem</strong></span> <span class='ocrx_word' id='word_1_515' title='bbox 1050 4574 1232 4630; x_wconf 89' lang='lat' dir='ltr'><strong>locum</strong></span> <span class='ocrx_word' id='word_1_516' title='bbox 1258 4573 1439 4629; x_wconf 86' lang='lat' dir='ltr'><strong>collat.</strong></span> <span class='ocrx_word' id='word_1_517' title='bbox 1469 4577 1559 4638; x_wconf 78' lang='lat'><strong>22,</strong></span> <span class='ocrx_word' id='word_1_518' title='bbox 1596 4587 1656 4626; x_wconf 90' lang='lat' dir='ltr'><strong>ca</strong></span> 
     </span>
    </p>
   </div>
   <div class='ocr_carea' id='block_1_78' title="bbox 365 4644 1964 4713">
    <p class='ocr_par' dir='ltr' id='par_1_78' title="bbox 365 4644 1964 4713">
     <span class='ocr_line' id='line_1_79' title="bbox 365 4644 1964 4713; baseline 0.001 -16"><span class='ocrx_word' id='word_1_519' title='bbox 365 4651 529 4713; x_wconf 85' lang='lat' dir='ltr'><strong>gatus</strong></span> <span class='ocrx_word' id='word_1_520' title='bbox 550 4651 730 4701; x_wconf 86' lang='lat' dir='ltr'><strong>textus</strong></span> <span class='ocrx_word' id='word_1_521' title='bbox 750 4644 1001 4700; x_wconf 88' lang='lat' dir='ltr'><strong>nonnihil</strong></span> <span class='ocrx_word' id='word_1_522' title='bbox 1030 4644 1276 4700; x_wconf 90' lang='lat' dir='ltr'><strong>diversus</strong></span> <span class='ocrx_word' id='word_1_523' title='bbox 1308 4661 1322 4699; x_wconf 92' lang='lat'><strong>:</strong></span> <span class='ocrx_word' id='word_1_524' title='bbox 1356 4645 1559 4700; x_wconf 88' lang='lat' dir='ltr'><strong>Anima</strong></span> <span class='ocrx_word' id='word_1_525' title='bbox 1579 4644 1811 4712; x_wconf 86' lang='lat' dir='ltr'><strong>polluta,</strong></span> <span class='ocrx_word' id='word_1_526' title='bbox 1843 4660 1964 4712; x_wconf 74' lang='lat' dir='ltr'><strong>qua:</strong></span> 
     </span>
    </p>
   </div>
   <div class='ocr_carea' id='block_1_79' title="bbox 362 4714 1966 4785">
    <p class='ocr_par' dir='ltr' id='par_1_79' title="bbox 362 4714 1966 4785">
     <span class='ocr_line' id='line_1_80' title="bbox 362 4714 1966 4785; baseline 0 -16"><span class='ocrx_word' id='word_1_527' title='bbox 362 4715 538 4769; x_wconf 80' lang='lat' dir='ltr'><strong>ederit</strong></span> <span class='ocrx_word' id='word_1_528' title='bbox 567 4715 633 4771; x_wconf 88' lang='lat' dir='ltr'><strong>de</strong></span> <span class='ocrx_word' id='word_1_529' title='bbox 651 4717 906 4770; x_wconf 86' lang='lat' dir='ltr'><strong>carnibus</strong></span> <span class='ocrx_word' id='word_1_530' title='bbox 935 4717 1121 4771; x_wconf 71' lang='lat' dir='ltr'><strong>hostia:</strong></span> <span class='ocrx_word' id='word_1_531' title='bbox 1142 4717 1506 4785; x_wconf 80' lang='lat' dir='ltr'><strong>paciﬁcorum,</strong></span> <span class='ocrx_word' id='word_1_532' title='bbox 1533 4728 1653 4785; x_wconf 72' lang='lat' dir='ltr'><strong>quae</strong></span> <span class='ocrx_word' id='word_1_533' title='bbox 1681 4714 1861 4785; x_wconf 83' lang='lat' dir='ltr'><strong>oblata</strong></span> <span class='ocrx_word' id='word_1_534' title='bbox 1888 4719 1966 4769; x_wconf 88' lang='lat' dir='ltr'><strong>est</strong></span> 
     </span>
    </p>
   </div>
   <div class='ocr_carea' id='block_1_80' title="bbox 364 4782 1966 4859">
    <p class='ocr_par' dir='ltr' id='par_1_80' title="bbox 364 4782 1966 4859">
     <span class='ocr_line' id='line_1_81' title="bbox 364 4782 1966 4859; baseline 0.001 -20"><span class='ocrx_word' id='word_1_535' title='bbox 364 4788 613 4859; x_wconf 77' lang='lat' dir='ltr'><strong>Domino,</strong></span> <span class='ocrx_word' id='word_1_536' title='bbox 638 4789 846 4859; x_wconf 77' lang='lat' dir='ltr'><strong>peribit</strong></span> <span class='ocrx_word' id='word_1_537' title='bbox 872 4787 938 4842; x_wconf 90' lang='lat' dir='ltr'><strong>de</strong></span> <span class='ocrx_word' id='word_1_538' title='bbox 958 4782 1177 4859; x_wconf 79' lang='lat' dir='ltr'><strong>populis</strong></span> <span class='ocrx_word' id='word_1_539' title='bbox 1206 4782 1341 4849; x_wconf 83' lang='lat' dir='ltr'><strong>suis,</strong></span> <span class='ocrx_word' id='word_1_540' title='bbox 1374 4792 1479 4841; x_wconf 90' lang='lat' dir='ltr'><strong>etc.</strong></span> <span class='ocrx_word' id='word_1_541' title='bbox 1513 4782 1622 4839; x_wconf 90' lang='lat' dir='ltr'><strong>Ubi</strong></span> <span class='ocrx_word' id='word_1_542' title='bbox 1655 4783 1837 4845; x_wconf 88' lang='lat' dir='ltr'><strong>anima</strong></span> <span class='ocrx_word' id='word_1_543' title='bbox 1867 4800 1966 4856; x_wconf 87' lang='lat' dir='ltr'><strong>pro</strong></span> 
     </span>
    </p>
   </div>
   <div class='ocr_carea' id='block_1_81' title="bbox 362 4855 897 4929">
    <p class='ocr_par' dir='ltr' id='par_1_81' title="bbox 362 4855 897 4929">
     <span class='ocr_line' id='line_1_82' title="bbox 362 4855 897 4929; baseline -0.004 -15"><span class='ocrx_word' id='word_1_544' title='bbox 362 4855 590 4929; x_wconf 76' lang='lat' dir='ltr'><strong>homine</strong></span> <span class='ocrx_word' id='word_1_545' title='bbox 615 4855 897 4929; x_wconf 74' lang='lat' dir='ltr'><strong>accipitur.</strong></span> 
     </span>
    </p>
   </div>
   <div class='ocr_carea' id='block_1_82' title="bbox 436 4915 1971 5005">
    <p class='ocr_par' dir='ltr' id='par_1_82' title="bbox 436 4915 1971 5005">
     <span class='ocr_line' id='line_1_83' title="bbox 436 4915 1971 5005; baseline -0.002 -22"><span class='ocrx_word' id='word_1_546' title='bbox 436 4915 465 4959; x_wconf 71' lang='grc' dir='ltr'><em>δ</em></span> <span class='ocrx_word' id='word_1_547' title='bbox 491 4915 885 5005; x_wconf 62' lang='grc' dir='ltr'><strong>Λεοιιοῐιᾷθςθε,</strong></span> <span class='ocrx_word' id='word_1_548' title='bbox 914 4926 1027 4983; x_wconf 89' lang='lat' dir='ltr'><strong>sive</strong></span> <span class='ocrx_word' id='word_1_549' title='bbox 1054 4925 1408 5005; x_wconf 80' lang='lat' dir='ltr'><strong>agonotheta,</strong></span> <span class='ocrx_word' id='word_1_550' title='bbox 1438 4931 1524 5005; x_wconf 82' lang='lat' dir='ltr'><strong>est</strong></span> <span class='ocrx_word' id='word_1_551' title='bbox 1544 4924 1637 5005; x_wconf 79' lang='lat' dir='ltr'><strong>qui</strong></span> <span class='ocrx_word' id='word_1_552' title='bbox 1661 4924 1842 4996; x_wconf 88' lang='lat' dir='ltr'><strong>agoni,</strong></span> <span class='ocrx_word' id='word_1_553' title='bbox 1867 4923 1971 5005; x_wconf 83' lang='lat' dir='ltr'><strong>hoc</strong></span> 
     </span>
    </p>
   </div>
   <div class='ocr_carea' id='block_1_83' title="bbox 1782 5010 1969 5051">
    <p class='ocr_par' dir='ltr' id='par_1_83' title="bbox 1782 5010 1969 5051">
     <span class='ocr_line' id='line_1_84' title="bbox 1782 5010 1969 5051; baseline 0.011 -2"><span class='ocrx_word' id='word_1_554' title='bbox 1782 5010 1969 5051; x_wconf 61' lang='lat' dir='ltr'><strong>ramia</strong></span> 
     </span>
    </p>
   </div>
   <div class='ocr_carea' id='block_1_84' title="bbox 1799 5066 1969 5121">
    <p class='ocr_par' dir='ltr' id='par_1_84' title="bbox 1799 5066 1969 5121">
     <span class='ocr_line' id='line_1_85' title="bbox 1799 5066 1969 5121; baseline 0.006 -1"><span class='ocrx_word' id='word_1_555' title='bbox 1799 5108 1813 5120; x_wconf 92' lang='lat'><strong>.</strong></span> <span class='ocrx_word' id='word_1_556' title='bbox 1839 5066 1969 5121; x_wconf 84' lang='lat' dir='ltr'><strong>Hie-</strong></span> 
     </span>
    </p>
   </div>
   <div class='ocr_carea' id='block_1_85' title="bbox 1482 4499 1961 4572">
    <p class='ocr_par' dir='ltr' id='par_1_85' title="bbox 1482 4499 1961 4572">
     <span class='ocr_line' id='line_1_86' title="bbox 1482 4499 1961 4572; baseline -0.002 -16"><span class='ocrx_word' id='word_1_557' title='bbox 1482 4499 1961 4572; x_wconf 88' lang='lat' dir='ltr'><strong>Quemadmodum</strong></span> 
     </span>
    </p>
   </div>
   <div class='ocr_carea' id='block_1_86' title="bbox 361 4994 1703 5076">
    <p class='ocr_par' dir='ltr' id='par_1_86' title="bbox 361 4994 1703 5076">
     <span class='ocr_line' id='line_1_87' title="bbox 361 4994 1703 5076; baseline -0.004 -21"><span class='ocrx_word' id='word_1_558' title='bbox 361 5006 485 5067; x_wconf 85' lang='lat' dir='ltr'><strong>est,</strong></span> <span class='ocrx_word' id='word_1_559' title='bbox 523 4994 801 5076; x_wconf 68' lang='lat' dir='ltr'><strong>certamini</strong></span> <span class='ocrx_word' id='word_1_560' title='bbox 843 4994 1062 5076; x_wconf 60' lang='lat' dir='ltr'><strong>praeest,</strong></span> <span class='ocrx_word' id='word_1_561' title='bbox 1090 4994 1183 5076; x_wconf 48' lang='lat' dir='ltr'><strong>Ecl</strong></span> <span class='ocrx_word' id='word_1_562' title='bbox 1207 4997 1344 5076; x_wconf 85' lang='lat' dir='ltr'><strong>_qui</strong></span> <span class='ocrx_word' id='word_1_563' title='bbox 1370 4994 1703 5076; x_wconf 71' lang='lat' dir='ltr'><strong>certantibus</strong></span> 
     </span>
    </p>
   </div>
   <div class='ocr_carea' id='block_1_87' title="bbox 362 5067 1715 5142">
    <p class='ocr_par' dir='ltr' id='par_1_87' title="bbox 362 5067 1715 5142">
     <span class='ocr_line' id='line_1_88' title="bbox 362 5067 1715 5142; baseline -0.004 -17"><span class='ocrx_word' id='word_1_564' title='bbox 362 5070 645 5142; x_wconf 90' lang='lat' dir='ltr'><strong>proponit.</strong></span> <span class='ocrx_word' id='word_1_565' title='bbox 670 5072 833 5127; x_wconf 83' lang='lat' dir='ltr'><strong>Hunc</strong></span> <span class='ocrx_word' id='word_1_566' title='bbox 844 5067 1071 5126; x_wconf 75' lang='lat' dir='ltr'><strong>titulum</strong></span> <span class='ocrx_word' id='word_1_567' title='bbox 1090 5067 1308 5126; x_wconf 78' lang='lat' dir='ltr'><strong>Christo</strong></span> <span class='ocrx_word' id='word_1_568' title='bbox 1332 5067 1527 5142; x_wconf 76' lang='lat' dir='ltr'><strong>tribuit</strong></span> <span class='ocrx_word' id='word_1_569' title='bbox 1549 5067 1715 5142; x_wconf 79' lang='lat' dir='ltr'><strong>etiam</strong></span> 
     </span>
    </p>
   </div>
   <div class='ocr_carea' id='block_1_88' title="bbox 364 5136 1968 5224">
    <p class='ocr_par' dir='ltr' id='par_1_88' title="bbox 364 5136 1968 5224">
     <span class='ocr_line' id='line_1_89' title="bbox 364 5136 1968 5224; baseline -0.002 -28"><span class='ocrx_word' id='word_1_570' title='bbox 364 5136 636 5224; x_wconf 55' lang='lat' dir='ltr'><strong>ronymus</strong></span> <span class='ocrx_word' id='word_1_571' title='bbox 671 5142 822 5224; x_wconf 51' lang='lat' dir='ltr'><strong>(Lilu</strong></span> <span class='ocrx_word' id='word_1_572' title='bbox 878 5155 902 5197; x_wconf 84' lang='lat'>1</span> <span class='ocrx_word' id='word_1_573' title='bbox 938 5158 986 5197; x_wconf 82' lang='grc' dir='ltr'><strong>ο.</strong></span> <span class='ocrx_word' id='word_1_574' title='bbox 1008 5144 1116 5224; x_wconf 39' lang='lat'><strong>“7).,</strong></span> <span class='ocrx_word' id='word_1_575' title='bbox 1146 5153 1314 5224; x_wconf 72' lang='lat' dir='ltr'><strong>agens</strong></span> <span class='ocrx_word' id='word_1_576' title='bbox 1342 5137 1413 5194; x_wconf 91' lang='lat' dir='ltr'><strong>de</strong></span> <span class='ocrx_word' id='word_1_577' title='bbox 1442 5136 1753 5224; x_wconf 45' lang='lat' dir='ltr'><strong>vi‘ugi‘nitate</strong></span> <span class='ocrx_word' id='word_1_578' title='bbox 1778 5144 1968 5219; x_wconf 82' lang='lat' dir='ltr'><strong>contra</strong></span> 
     </span>
    </p>
   </div>
   <div class='ocr_carea' id='block_1_89' title="bbox 359 5210 1965 5284">
    <p class='ocr_par' dir='ltr' id='par_1_89' title="bbox 359 5210 1965 5284">
     <span class='ocr_line' id='line_1_90' title="bbox 359 5210 1965 5284; baseline -0.004 -17"><span class='ocrx_word' id='word_1_579' title='bbox 359 5210 716 5269; x_wconf 77' lang='lat' dir='ltr'><strong>Iovinianum</strong></span> <span class='ocrx_word' id='word_1_580' title='bbox 748 5214 1057 5284; x_wconf 83' lang='lat' dir='ltr'><strong>:Proponit,</strong></span> <span class='ocrx_word' id='word_1_581' title='bbox 1082 5210 1276 5282; x_wconf 91' lang='lat' dir='ltr'><strong>inquit,</strong></span> <span class='ocrx_word' id='word_1_582' title='bbox 1306 5210 1646 5284; x_wconf 70' lang='lat' dir='ltr'><strong>agonotlietes</strong></span> <span class='ocrx_word' id='word_1_583' title='bbox 1664 5210 1965 5284; x_wconf 74' lang='lat' dir='ltr'><strong>prcemium,</strong></span> 
     </span>
    </p>
   </div>
   <div class='ocr_carea' id='block_1_90' title="bbox 360 5280 1967 5350">
    <p class='ocr_par' dir='ltr' id='par_1_90' title="bbox 360 5280 1967 5350">
     <span class='ocr_line' id='line_1_91' title="bbox 360 5280 1967 5350; baseline -0.004 -12"><span class='ocrx_word' id='word_1_584' title='bbox 360 5286 565 5339; x_wconf 71' lang='lat' dir='ltr'><strong>inritat</strong></span> <span class='ocrx_word' id='word_1_585' title='bbox 580 5285 656 5339; x_wconf 89' lang='lat' dir='ltr'><strong>ad</strong></span> <span class='ocrx_word' id='word_1_586' title='bbox 668 5280 905 5347; x_wconf 59' lang='lat' dir='ltr'><strong>cursum,</strong></span> <span class='ocrx_word' id='word_1_587' title='bbox 922 5288 1067 5339; x_wconf 85' lang='lat' dir='ltr'><strong>tenet</strong></span> <span class='ocrx_word' id='word_1_588' title='bbox 1079 5285 1136 5336; x_wconf 85' lang='lat' dir='ltr'><strong>in</strong></span> <span class='ocrx_word' id='word_1_589' title='bbox 1148 5280 1315 5337; x_wconf 78' lang='lat' dir='ltr'><strong>manu</strong></span> <span class='ocrx_word' id='word_1_590' title='bbox 1328 5281 1669 5350; x_wconf 79' lang='lat' dir='ltr'><strong>virginitatis</strong></span> <span class='ocrx_word' id='word_1_591' title='bbox 1693 5280 1967 5342; x_wconf 73' lang='lat' dir='ltr'><strong>braeium,</strong></span> 
     </span>
    </p>
   </div>
   <div class='ocr_carea' id='block_1_91' title="bbox 359 5352 1965 5425">
    <p class='ocr_par' dir='ltr' id='par_1_91' title="bbox 359 5352 1965 5425">
     <span class='ocr_line' id='line_1_92' title="bbox 359 5352 1965 5425; baseline -0.004 -14"><span class='ocrx_word' id='word_1_592' title='bbox 359 5356 599 5411; x_wconf 76' lang='lat' dir='ltr'><strong>ostendit</strong></span> <span class='ocrx_word' id='word_1_593' title='bbox 621 5358 976 5425; x_wconf 86' lang='lat' dir='ltr'><strong>purissimum</strong></span> <span class='ocrx_word' id='word_1_594' title='bbox 1018 5356 1251 5423; x_wconf 83' lang='lat' dir='ltr'><strong>fontem,</strong></span> <span class='ocrx_word' id='word_1_595' title='bbox 1286 5357 1339 5408; x_wconf 87' lang='lat' dir='ltr'><strong>et</strong></span> <span class='ocrx_word' id='word_1_596' title='bbox 1363 5353 1617 5425; x_wconf 86' lang='lat' dir='ltr'><strong>clamitat</strong></span> <span class='ocrx_word' id='word_1_597' title='bbox 1641 5352 1798 5425; x_wconf 86' lang='lat' dir='ltr'><strong>:Qui</strong></span> <span class='ocrx_word' id='word_1_598' title='bbox 1815 5352 1965 5425; x_wconf 83' lang='lat' dir='ltr'><strong>sitit,</strong></span> 
     </span>
    </p>
   </div>
   <div class='ocr_carea' id='block_1_92' title="bbox 364 5420 1961 5495">
    <p class='ocr_par' dir='ltr' id='par_1_92' title="bbox 364 5420 1961 5495">
     <span class='ocr_line' id='line_1_93' title="bbox 364 5420 1961 5495; baseline -0.003 -16"><span class='ocrx_word' id='word_1_599' title='bbox 364 5428 549 5482; x_wconf 71' lang='lat' dir='ltr'><strong>veniat</strong></span> <span class='ocrx_word' id='word_1_600' title='bbox 572 5420 639 5482; x_wconf 75' lang='grc' dir='ltr'><strong>εί</strong></span> <span class='ocrx_word' id='word_1_601' title='bbox 652 5427 817 5482; x_wconf 90' lang='lat' dir='ltr'><strong>bibat.</strong></span> <span class='ocrx_word' id='word_1_602' title='bbox 847 5427 955 5493; x_wconf 88' lang='lat' dir='ltr'><strong>Qui</strong></span> <span class='ocrx_word' id='word_1_603' title='bbox 968 5420 1143 5495; x_wconf 83' lang='lat' dir='ltr'><strong>potest</strong></span> <span class='ocrx_word' id='word_1_604' title='bbox 1162 5440 1368 5495; x_wconf 86' lang='lat' dir='ltr'><strong>capere,</strong></span> <span class='ocrx_word' id='word_1_605' title='bbox 1394 5425 1578 5495; x_wconf 84' lang='lat' dir='ltr'><strong>capiat</strong></span> <span class='ocrx_word' id='word_1_606' title='bbox 1603 5423 1779 5493; x_wconf 78' lang='lat' dir='ltr'><strong>(Matt.</strong></span> <span class='ocrx_word' id='word_1_607' title='bbox 1807 5420 1961 5491; x_wconf 73' lang='lat' dir='ltr'><strong>XIX}.</strong></span> 
     </span>
    </p>
   </div>
   <div class='ocr_carea' id='block_1_93' title="bbox 364 5439 1963 5579">
    <p class='ocr_par' dir='ltr' id='par_1_93' title="bbox 364 5439 1963 5579">
     <span class='ocr_line' id='line_1_94' title="bbox 364 5439 1961 5550; baseline -0.003 -71"><span class='ocrx_word' id='word_1_608' title='bbox 364 5439 549 5482; x_wconf 66' lang='lat' dir='ltr'><strong>reiciat</strong></span> <span class='ocrx_word' id='word_1_609' title='bbox 572 5439 623 5482; x_wconf 80' lang='lat' dir='ltr'><strong>et</strong></span> <span class='ocrx_word' id='word_1_610' title='bbox 652 5439 817 5482; x_wconf 77' lang='lat' dir='ltr'><strong>ozoat.</strong></span> <span class='ocrx_word' id='word_1_611' title='bbox 847 5439 951 5493; x_wconf 67' lang='lat' dir='ltr'><strong>qui</strong></span> <span class='ocrx_word' id='word_1_612' title='bbox 968 5439 1143 5495; x_wconf 71' lang='lat' dir='ltr'><strong>petes:</strong></span> <span class='ocrx_word' id='word_1_613' title='bbox 1162 5440 1368 5495; x_wconf 86' lang='lat' dir='ltr'><strong>capere,</strong></span> <span class='ocrx_word' id='word_1_614' title='bbox 1394 5439 1578 5550; x_wconf 61' lang='lat' dir='ltr'><strong>capiat</strong></span> <span class='ocrx_word' id='word_1_615' title='bbox 1603 5439 1779 5493; x_wconf 67' lang='lat' dir='ltr'><strong>tutati.</strong></span> <span class='ocrx_word' id='word_1_616' title='bbox 1807 5439 1961 5491; x_wconf 69' lang='lat' dir='ltr'><strong>XIX).</strong></span> 
     </span>
     <span class='ocr_line' id='line_1_95' title="bbox 364 5495 1963 5579; baseline -0.004 -25"><span class='ocrx_word' id='word_1_617' title='bbox 364 5496 578 5554; x_wconf 82' lang='lat' dir='ltr'><strong>Eodem</strong></span> <span class='ocrx_word' id='word_1_618' title='bbox 594 5497 833 5579; x_wconf 77' lang='lat' dir='ltr'><strong>respexit</strong></span> <span class='ocrx_word' id='word_1_619' title='bbox 846 5495 1140 5579; x_wconf 55' lang='lat' dir='ltr'><strong>apostolus</strong></span> <span class='ocrx_word' id='word_1_620' title='bbox 1155 5495 1272 5579; x_wconf 80' lang='lat' dir='ltr'><strong>loca</strong></span> <span class='ocrx_word' id='word_1_621' title='bbox 1294 5495 1457 5579; x_wconf 60' lang='lat' dir='ltr'><strong>prata]</strong></span> <span class='ocrx_word' id='word_1_622' title='bbox 1472 5502 1642 5579; x_wconf 41' lang='lat' dir='ltr'><strong>‘egat‘o</strong></span> <span class='ocrx_word' id='word_1_623' title='bbox 1661 5495 1963 5562; x_wconf 83' lang='lat' dir='ltr'><strong>(Heb.xu),</strong></span> 
     </span>
    </p>
   </div>
   <div class='ocr_carea' id='block_1_94' title="bbox 361 5566 1967 5639">
    <p class='ocr_par' dir='ltr' id='par_1_94' title="bbox 361 5566 1967 5639">
     <span class='ocr_line' id='line_1_96' title="bbox 361 5566 1967 5639; baseline -0.002 -16"><span class='ocrx_word' id='word_1_624' title='bbox 361 5582 595 5624; x_wconf 88' lang='lat' dir='ltr'><strong>monens</strong></span> <span class='ocrx_word' id='word_1_625' title='bbox 609 5576 671 5625; x_wconf 89' lang='lat' dir='ltr'><strong>ut</strong></span> <span class='ocrx_word' id='word_1_626' title='bbox 687 5566 1022 5639; x_wconf 69' lang='lat' dir='ltr'><strong>aspiciamus</strong></span> <span class='ocrx_word' id='word_1_627' title='bbox 1044 5570 1104 5622; x_wconf 86' lang='lat' dir='ltr'><strong>in</strong></span> <span class='ocrx_word' id='word_1_628' title='bbox 1125 5572 1397 5622; x_wconf 84' lang='lat' dir='ltr'><strong>auctorem</strong></span> <span class='ocrx_word' id='word_1_629' title='bbox 1411 5566 1538 5639; x_wconf 76' lang='lat' dir='ltr'><strong>ﬁdei</strong></span> <span class='ocrx_word' id='word_1_630' title='bbox 1559 5571 1611 5639; x_wconf 84' lang='lat' dir='ltr'><strong>et</strong></span> <span class='ocrx_word' id='word_1_631' title='bbox 1634 5580 1967 5639; x_wconf 83' lang='lat' dir='ltr'><strong>consumma-</strong></span> 
     </span>
    </p>
   </div>
   <div class='ocr_carea' id='block_1_95' title="bbox 359 5637 1966 5711">
    <p class='ocr_par' dir='ltr' id='par_1_95' title="bbox 359 5637 1966 5711">
     <span class='ocr_line' id='line_1_97' title="bbox 359 5637 1966 5711; baseline 0.001 -19"><span class='ocrx_word' id='word_1_632' title='bbox 359 5643 529 5711; x_wconf 72' lang='lat' dir='ltr'><strong>torem</strong></span> <span class='ocrx_word' id='word_1_633' title='bbox 545 5642 741 5704; x_wconf 71' lang='lat' dir='ltr'><strong>Iesum,</strong></span> <span class='ocrx_word' id='word_1_634' title='bbox 759 5637 964 5711; x_wconf 79' lang='lat' dir='ltr'><strong>nempe</strong></span> <span class='ocrx_word' id='word_1_635' title='bbox 986 5648 1269 5711; x_wconf 84' lang='lat' dir='ltr'><strong>tamquam</strong></span> <span class='ocrx_word' id='word_1_636' title='bbox 1289 5637 1608 5711; x_wconf 80' lang='lat' dir='ltr'><strong>certaminis</strong></span> <span class='ocrx_word' id='word_1_637' title='bbox 1627 5637 1800 5694; x_wconf 88' lang='lat' dir='ltr'><strong>nostri</strong></span> <span class='ocrx_word' id='word_1_638' title='bbox 1816 5652 1966 5708; x_wconf 71' lang='lat' dir='ltr'><strong>pra:-</strong></span> 
     </span>
    </p>
   </div>
   <div class='ocr_carea' id='block_1_96' title="bbox 357 5708 1964 5782">
    <p class='ocr_par' dir='ltr' id='par_1_96' title="bbox 357 5708 1964 5782">
     <span class='ocr_line' id='line_1_98' title="bbox 357 5708 1964 5782; baseline 0 -17"><span class='ocrx_word' id='word_1_639' title='bbox 357 5708 539 5765; x_wconf 85' lang='lat' dir='ltr'><strong>sidem</strong></span> <span class='ocrx_word' id='word_1_640' title='bbox 581 5725 647 5767; x_wconf 89' lang='lat' dir='ltr'><strong>ac</strong></span> <span class='ocrx_word' id='word_1_641' title='bbox 672 5708 1090 5782; x_wconf 64' lang='lat' dir='ltr'><strong>praemiatorem</strong></span> <span class='ocrx_word' id='word_1_642' title='bbox 1108 5708 1138 5782; x_wconf 70' lang='grc' dir='ltr'><strong>ς’</strong></span> <span class='ocrx_word' id='word_1_643' title='bbox 1166 5709 1528 5782; x_wconf 78' lang='lat' dir='ltr'><strong>sicut_solent</strong></span> <span class='ocrx_word' id='word_1_644' title='bbox 1572 5716 1852 5765; x_wconf 88' lang='lat' dir='ltr'><strong>currentes</strong></span> <span class='ocrx_word' id='word_1_645' title='bbox 1898 5724 1964 5765; x_wconf 89' lang='lat' dir='ltr'><strong>ac</strong></span> 
     </span>
    </p>
   </div>
   <div class='ocr_carea' id='block_1_97' title="bbox 357 5778 1952 5853">
    <p class='ocr_par' dir='ltr' id='par_1_97' title="bbox 357 5778 1952 5853">
     <span class='ocr_line' id='line_1_99' title="bbox 357 5778 1952 5853; baseline 0.001 -16"><span class='ocrx_word' id='word_1_646' title='bbox 357 5788 636 5841; x_wconf 83' lang='lat' dir='ltr'><strong>certantes</strong></span> <span class='ocrx_word' id='word_1_647' title='bbox 664 5778 721 5837; x_wconf 80' lang='lat' dir='ltr'><strong>in</strong></span> <span class='ocrx_word' id='word_1_648' title='bbox 752 5781 930 5840; x_wconf 86' lang='lat' dir='ltr'><strong>stadio</strong></span> <span class='ocrx_word' id='word_1_649' title='bbox 979 5781 1247 5853; x_wconf 85' lang='lat' dir='ltr'><strong>respicere</strong></span> <span class='ocrx_word' id='word_1_650' title='bbox 1274 5778 1344 5837; x_wconf 94' lang='lat' dir='ltr'><strong>ad</strong></span> <span class='ocrx_word' id='word_1_651' title='bbox 1389 5779 1709 5853; x_wconf 57' lang='lat' dir='ltr'><strong>praelectum</strong></span> <span class='ocrx_word' id='word_1_652' title='bbox 1739 5788 1795 5835; x_wconf 89' lang='lat' dir='ltr'><strong>et</strong></span> <span class='ocrx_word' id='word_1_653' title='bbox 1821 5793 1952 5852; x_wconf 85' lang='lat' dir='ltr'><strong>ago-</strong></span> 
     </span>
    </p>
   </div>
   <div class='ocr_carea' id='block_1_98' title="bbox 1703 4538 2042 4627">
    <p class='ocr_par' dir='ltr' id='par_1_98' title="bbox 1703 4538 2042 4627">
     <span class='ocr_line' id='line_1_100' title="bbox 1703 4538 2042 4627; baseline 0.003 -1"><span class='ocrx_word' id='word_1_654' title='bbox 1703 4538 1963 4627; x_wconf 66' lang='grc' dir='ltr'><strong>ῗῖῗῖνῗὶῑὶ</strong></span> <span class='ocrx_word' id='word_1_655' title='bbox 1991 4538 2042 4601; x_wconf 82' lang='lat' dir='ltr'><strong>D</strong></span> 
     </span>
    </p>
   </div>
   <div class='ocr_carea' id='block_1_99' title="bbox 2090 2731 3689 2807">
    <p class='ocr_par' dir='ltr' id='par_1_99' title="bbox 2090 2731 3689 2807">
     <span class='ocr_line' id='line_1_101' title="bbox 2090 2731 3689 2807; baseline 0.002 -20"><span class='ocrx_word' id='word_1_656' title='bbox 2090 2731 2408 2807; x_wconf 83' lang='lat' dir='ltr'><strong>nothetam,</strong></span> <span class='ocrx_word' id='word_1_657' title='bbox 2452 2732 2543 2804; x_wconf 91' lang='lat' dir='ltr'><strong>qui</strong></span> <span class='ocrx_word' id='word_1_658' title='bbox 2567 2735 2835 2807; x_wconf 69' lang='lat' dir='ltr'><strong>_&#39;praasens</strong></span> <span class='ocrx_word' id='word_1_659' title='bbox 2874 2740 3109 2807; x_wconf 84' lang='lat' dir='ltr'><strong>spectat,</strong></span> <span class='ocrx_word' id='word_1_660' title='bbox 3156 2742 3212 2789; x_wconf 91' lang='lat' dir='ltr'><strong>et</strong></span> <span class='ocrx_word' id='word_1_661' title='bbox 3255 2734 3470 2807; x_wconf 87' lang='lat' dir='ltr'><strong>animos</strong></span> <span class='ocrx_word' id='word_1_662' title='bbox 3503 2735 3689 2807; x_wconf 85' lang='lat' dir='ltr'><strong>addit,</strong></span> 
     </span>
    </p>
   </div>
   <div class='ocr_carea' id='block_1_100' title="bbox 2087 2803 3691 2929">
    <p class='ocr_par' dir='ltr' id='par_1_100' title="bbox 2087 2803 3691 2929">
     <span class='ocr_line' id='line_1_102' title="bbox 2087 2803 3691 2929; baseline 0.001 -70"><span class='ocrx_word' id='word_1_663' title='bbox 2087 2804 2321 2929; x_wconf 49' lang='lat' dir='ltr'><strong>praemio</strong></span> <span class='ocrx_word' id='word_1_664' title='bbox 2360 2803 2643 2888; x_wconf 70' lang='lat' dir='ltr'><strong>proposito</strong></span> <span class='ocrx_word' id='word_1_665' title='bbox 2675 2804 2868 2887; x_wconf 75' lang='lat' dir='ltr'><strong>:cujus</strong></span> <span class='ocrx_word' id='word_1_666' title='bbox 2886 2803 2962 2862; x_wconf 79' lang='lat' dir='ltr'><strong>rei</strong></span> <span class='ocrx_word' id='word_1_667' title='bbox 2987 2806 3199 2887; x_wconf 71' lang='lat' dir='ltr'><strong>illustre</strong></span> <span class='ocrx_word' id='word_1_668' title='bbox 3228 2805 3540 2887; x_wconf 79' lang='lat' dir='ltr'><strong>exemplum</strong></span> <span class='ocrx_word' id='word_1_669' title='bbox 3588 2803 3691 2861; x_wconf 46' lang='lat' dir='ltr'><strong>ha;</strong></span> 
     </span>
     <span class='ocr_line' id='line_1_103' title="bbox 2128 2873 3688 2929; baseline 0 0"><span class='ocrx_word' id='word_1_670' title='bbox 2128 2881 2250 2929; x_wconf 90' lang='lat' dir='ltr'><strong>etur</strong></span> <span class='ocrx_word' id='word_1_671' title='bbox 2265 2890 2319 2929; x_wconf 82' lang='lat' dir='ltr'><strong>tu</strong></span> <span class='ocrx_word' id='word_1_672' title='bbox 2336 2876 2372 2929; x_wconf 57' lang='grc' dir='ltr'><strong>ι</strong></span> <span class='ocrx_word' id='word_1_673' title='bbox 2388 2883 2463 2929; x_wconf 80' lang='lat' dir='ltr'><strong>ita</strong></span> <span class='ocrx_word' id='word_1_674' title='bbox 2480 2876 2538 2929; x_wconf 91' lang='lat' dir='ltr'><strong>S.</strong></span> <span class='ocrx_word' id='word_1_675' title='bbox 2564 2877 2793 2929; x_wconf 82' lang='lat' dir='ltr'><strong>Antonu</strong></span> <span class='ocrx_word' id='word_1_676' title='bbox 2818 2875 2889 2929; x_wconf 90' lang='lat' dir='ltr'><strong>ab</strong></span> <span class='ocrx_word' id='word_1_677' title='bbox 2905 2875 3208 2929; x_wconf 76' lang='lat' dir='ltr'><strong>Athanasno</strong></span> <span class='ocrx_word' id='word_1_678' title='bbox 3223 2873 3512 2929; x_wconf 85' lang='lat' dir='ltr'><strong>descnnta.</strong></span> <span class='ocrx_word' id='word_1_679' title='bbox 3545 2878 3688 2929; x_wconf 89' lang='lat' dir='ltr'><strong>Cum</strong></span> 
     </span>
    </p>
   </div>
   <div class='ocr_carea' id='block_1_101' title="bbox 2128 2873 3689 2946">
    <p class='ocr_par' dir='ltr' id='par_1_101' title="bbox 2128 2873 3689 2946">
     <span class='ocr_line' id='line_1_104' title="bbox 2128 2873 3689 2946; baseline 0.003 -18"><span class='ocrx_word' id='word_1_680' title='bbox 2128 2881 2250 2946; x_wconf 85' lang='lat' dir='ltr'><strong>etur</strong></span> <span class='ocrx_word' id='word_1_681' title='bbox 2265 2874 2319 2929; x_wconf 89' lang='lat' dir='ltr'><strong>in</strong></span> <span class='ocrx_word' id='word_1_682' title='bbox 2336 2873 2538 2931; x_wconf 75' lang='lat' dir='ltr'><strong>Vitas.</strong></span> <span class='ocrx_word' id='word_1_683' title='bbox 2564 2873 2793 2946; x_wconf 82' lang='lat' dir='ltr'><strong>Antonii</strong></span> <span class='ocrx_word' id='word_1_684' title='bbox 2818 2875 2889 2931; x_wconf 89' lang='lat' dir='ltr'><strong>ab</strong></span> <span class='ocrx_word' id='word_1_685' title='bbox 2905 2875 3208 2932; x_wconf 83' lang='lat' dir='ltr'><strong>Athanasio</strong></span> <span class='ocrx_word' id='word_1_686' title='bbox 3223 2873 3512 2946; x_wconf 86' lang='lat' dir='ltr'><strong>descripta.</strong></span> <span class='ocrx_word' id='word_1_687' title='bbox 3545 2878 3689 2933; x_wconf 89' lang='lat' dir='ltr'><strong>Cum</strong></span> 
     </span>
    </p>
   </div>
   <div class='ocr_carea' id='block_1_102' title="bbox 2087 2944 3681 3016">
    <p class='ocr_par' dir='ltr' id='par_1_102' title="bbox 2087 2944 3681 3016">
     <span class='ocr_line' id='line_1_105' title="bbox 2087 2944 3681 3016; baseline 0.003 -17"><span class='ocrx_word' id='word_1_688' title='bbox 2087 2944 2237 3000; x_wconf 89' lang='lat' dir='ltr'><strong>enim</strong></span> <span class='ocrx_word' id='word_1_689' title='bbox 2267 2946 2322 3016; x_wconf 10' lang='lat' dir='ltr'><strong>Si.</strong></span> <span class='ocrx_word' id='word_1_690' title='bbox 2356 2946 2631 3002; x_wconf 82' lang='lat' dir='ltr'><strong>Antonius</strong></span> <span class='ocrx_word' id='word_1_691' title='bbox 2667 2945 2765 3003; x_wconf 92' lang='lat' dir='ltr'><strong>diu</strong></span> <span class='ocrx_word' id='word_1_692' title='bbox 2793 2961 2923 3002; x_wconf 90' lang='lat' dir='ltr'><strong>cum</strong></span> <span class='ocrx_word' id='word_1_693' title='bbox 2952 2946 3301 3004; x_wconf 70' lang='lat' dir='ltr'><strong>dmmonibus</strong></span> <span class='ocrx_word' id='word_1_694' title='bbox 3328 2944 3681 3016; x_wconf 85' lang='lat' dir='ltr'><strong>colluctatus,</strong></span> 
     </span>
    </p>
   </div>
   <div class='ocr_carea' id='block_1_103' title="bbox 2086 3015 3685 3087">
    <p class='ocr_par' dir='ltr' id='par_1_103' title="bbox 2086 3015 3685 3087">
     <span class='ocr_line' id='line_1_106' title="bbox 2086 3015 3685 3087; baseline 0.002 -16"><span class='ocrx_word' id='word_1_695' title='bbox 2086 3015 2402 3087; x_wconf 74' lang='lat' dir='ltr'><strong>etgraviter</strong></span> <span class='ocrx_word' id='word_1_696' title='bbox 2429 3015 2499 3072; x_wconf 90' lang='lat' dir='ltr'><strong>ab</strong></span> <span class='ocrx_word' id='word_1_697' title='bbox 2521 3016 2601 3072; x_wconf 90' lang='lat' dir='ltr'><strong>eis</strong></span> <span class='ocrx_word' id='word_1_698' title='bbox 2625 3025 2849 3073; x_wconf 86' lang='lat' dir='ltr'><strong>vexatus</strong></span> <span class='ocrx_word' id='word_1_699' title='bbox 2884 3016 3091 3081; x_wconf 79' lang='lat' dir='ltr'><strong>fuisset,</strong></span> <span class='ocrx_word' id='word_1_700' title='bbox 3124 3017 3347 3073; x_wconf 88' lang='lat' dir='ltr'><strong>tandem</strong></span> <span class='ocrx_word' id='word_1_701' title='bbox 3376 3018 3530 3074; x_wconf 89' lang='lat' dir='ltr'><strong>radio</strong></span> <span class='ocrx_word' id='word_1_702' title='bbox 3552 3015 3685 3074; x_wconf 88' lang='lat' dir='ltr'><strong>lucis</strong></span> 
     </span>
    </p>
   </div>
   <div class='ocr_carea' id='block_1_104' title="bbox 2081 3085 3686 3159">
    <p class='ocr_par' dir='ltr' id='par_1_104' title="bbox 2081 3085 3686 3159">
     <span class='ocr_line' id='line_1_107' title="bbox 2081 3085 3686 3159; baseline 0.002 -18"><span class='ocrx_word' id='word_1_703' title='bbox 2081 3085 2376 3159; x_wconf 76' lang='lat' dir='ltr'><strong>effulgente</strong></span> <span class='ocrx_word' id='word_1_704' title='bbox 2395 3096 2669 3144; x_wconf 90' lang='lat' dir='ltr'><strong>recreatus</strong></span> <span class='ocrx_word' id='word_1_705' title='bbox 2689 3089 3039 3159; x_wconf 73' lang='lat' dir='ltr'><strong>praesentiam</strong></span> <span class='ocrx_word' id='word_1_706' title='bbox 3060 3088 3288 3145; x_wconf 92' lang='lat' dir='ltr'><strong>Domini</strong></span> <span class='ocrx_word' id='word_1_707' title='bbox 3319 3088 3604 3155; x_wconf 86' lang='lat' dir='ltr'><strong>intellexit,</strong></span> <span class='ocrx_word' id='word_1_708' title='bbox 3630 3097 3686 3145; x_wconf 91' lang='lat' dir='ltr'><strong>et</strong></span> 
     </span>
    </p>
   </div>
   <div class='ocr_carea' id='block_1_105' title="bbox 2083 3157 3687 3242">
    <p class='ocr_par' dir='ltr' id='par_1_105' title="bbox 2083 3157 3687 3242">
     <span class='ocr_line' id='line_1_108' title="bbox 2083 3157 3687 3242; baseline 0.003 -30"><span class='ocrx_word' id='word_1_709' title='bbox 2083 3171 2152 3212; x_wconf 86' lang='lat' dir='ltr'><strong>ex</strong></span> <span class='ocrx_word' id='word_1_710' title='bbox 2177 3157 2368 3214; x_wconf 88' lang='lat' dir='ltr'><strong>intimo</strong></span> <span class='ocrx_word' id='word_1_711' title='bbox 2406 3166 2625 3240; x_wconf 72' lang='lat' dir='ltr'><strong>pectore</strong></span> <span class='ocrx_word' id='word_1_712' title='bbox 2667 3157 3078 3242; x_wconf 72' lang='lat' dir='ltr'><strong>longatrahens</strong></span> <span class='ocrx_word' id='word_1_713' title='bbox 3107 3160 3372 3242; x_wconf 77' lang='lat' dir='ltr'><strong>suspiria,</strong></span> <span class='ocrx_word' id='word_1_714' title='bbox 3408 3159 3479 3242; x_wconf 73' lang='lat' dir='ltr'><strong>ad</strong></span> <span class='ocrx_word' id='word_1_715' title='bbox 3503 3160 3687 3242; x_wconf 85' lang='lat' dir='ltr'><strong>_visio—</strong></span> 
     </span>
    </p>
   </div>
   <div class='ocr_carea' id='block_1_106' title="bbox 2079 3230 3677 3303">
    <p class='ocr_par' dir='ltr' id='par_1_106' title="bbox 2079 3230 3677 3303">
     <span class='ocr_line' id='line_1_109' title="bbox 2079 3230 3677 3303; baseline 0.003 -19"><span class='ocrx_word' id='word_1_716' title='bbox 2079 3243 2374 3303; x_wconf 39' lang='lat' dir='ltr'><strong>nemtquze</strong></span> <span class='ocrx_word' id='word_1_717' title='bbox 2398 3230 2808 3303; x_wconf 83' lang='lat' dir='ltr'><strong>ei_apparuerat,</strong></span> <span class='ocrx_word' id='word_1_718' title='bbox 2829 3231 3151 3303; x_wconf 88' lang='lat' dir='ltr'><strong>loquebatur</strong></span> <span class='ocrx_word' id='word_1_719' title='bbox 3166 3230 3385 3287; x_wconf 90' lang='lat' dir='ltr'><strong>dicens:</strong></span> <span class='ocrx_word' id='word_1_720' title='bbox 3410 3233 3514 3303; x_wconf 85' lang='lat' dir='ltr'><strong>Ubi</strong></span> <span class='ocrx_word' id='word_1_721' title='bbox 3540 3247 3677 3295; x_wconf 85' lang='lat' dir='ltr'><strong>eras,</strong></span> 
     </span>
    </p>
   </div>
   <div class='ocr_carea' id='block_1_107' title="bbox 2083 3300 3680 3372">
    <p class='ocr_par' dir='ltr' id='par_1_107' title="bbox 2083 3300 3680 3372">
     <span class='ocr_line' id='line_1_110' title="bbox 2083 3300 3680 3372; baseline 0.003 -18"><span class='ocrx_word' id='word_1_722' title='bbox 2083 3300 2213 3354; x_wconf 86' lang='lat' dir='ltr'><strong>bone</strong></span> <span class='ocrx_word' id='word_1_723' title='bbox 2226 3301 2349 3354; x_wconf 78' lang='lat' dir='ltr'><strong>Iesu</strong></span> <span class='ocrx_word' id='word_1_724' title='bbox 2363 3303 2392 3355; x_wconf 83' lang='lat'><strong><em>?</em></strong></span> <span class='ocrx_word' id='word_1_725' title='bbox 2408 3300 2635 3355; x_wconf 79' lang='lat' dir='ltr'><strong>ubieras</strong></span> <span class='ocrx_word' id='word_1_726' title='bbox 2650 3303 2679 3355; x_wconf 84' lang='lat'><strong><em>?</em></strong></span> <span class='ocrx_word' id='word_1_727' title='bbox 2702 3304 2881 3368; x_wconf 81' lang='lat' dir='ltr'><strong>Quare</strong></span> <span class='ocrx_word' id='word_1_728' title='bbox 2893 3300 3000 3356; x_wconf 77' lang='lat' dir='ltr'><strong>non</strong></span> <span class='ocrx_word' id='word_1_729' title='bbox 3023 3319 3055 3357; x_wconf 89' lang='lat' dir='ltr'><strong>a</strong></span> <span class='ocrx_word' id='word_1_730' title='bbox 3074 3303 3345 3372; x_wconf 82' lang='lat' dir='ltr'><strong>principio</strong></span> <span class='ocrx_word' id='word_1_731' title='bbox 3364 3302 3594 3370; x_wconf 72' lang='lat' dir='ltr'><strong>affuisti,</strong></span> <span class='ocrx_word' id='word_1_732' title='bbox 3616 3308 3680 3359; x_wconf 86' lang='lat' dir='ltr'><strong>ut</strong></span> 
     </span>
    </p>
   </div>
   <div class='ocr_carea' id='block_1_108' title="bbox 2082 3372 3673 3440">
    <p class='ocr_par' dir='ltr' id='par_1_108' title="bbox 2082 3372 3673 3440">
     <span class='ocr_line' id='line_1_111' title="bbox 2082 3372 3673 3440; baseline 0.003 -15"><span class='ocrx_word' id='word_1_733' title='bbox 2082 3385 2308 3426; x_wconf 84' lang='lat' dir='ltr'><strong>sanares</strong></span> <span class='ocrx_word' id='word_1_734' title='bbox 2327 3372 2555 3425; x_wconf 78' lang='lat' dir='ltr'><strong>vulnera</strong></span> <span class='ocrx_word' id='word_1_735' title='bbox 2570 3387 2688 3425; x_wconf 91' lang='lat' dir='ltr'><strong>mea</strong></span> <span class='ocrx_word' id='word_1_736' title='bbox 2700 3376 2728 3427; x_wconf 71' lang='grc' dir='ltr'><strong>ί)</strong></span> <span class='ocrx_word' id='word_1_737' title='bbox 2750 3375 2821 3428; x_wconf 90' lang='lat' dir='ltr'><strong>Et</strong></span> <span class='ocrx_word' id='word_1_738' title='bbox 2839 3388 2945 3426; x_wconf 77' lang='lat' dir='ltr'><strong>vos:</strong></span> <span class='ocrx_word' id='word_1_739' title='bbox 2963 3375 3116 3440; x_wconf 82' lang='lat' dir='ltr'><strong>facta</strong></span> <span class='ocrx_word' id='word_1_740' title='bbox 3131 3377 3211 3427; x_wconf 89' lang='lat' dir='ltr'><strong>est</strong></span> <span class='ocrx_word' id='word_1_741' title='bbox 3226 3373 3303 3427; x_wconf 88' lang='lat' dir='ltr'><strong>ad</strong></span> <span class='ocrx_word' id='word_1_742' title='bbox 3321 3389 3442 3427; x_wconf 87' lang='lat' dir='ltr'><strong>eum</strong></span> <span class='ocrx_word' id='word_1_743' title='bbox 3463 3374 3641 3429; x_wconf 86' lang='lat' dir='ltr'><strong>dicens</strong></span> <span class='ocrx_word' id='word_1_744' title='bbox 3655 3394 3673 3429; x_wconf 91' lang='lat'><strong><em>:</em></strong></span> 
     </span>
    </p>
   </div>
   <div class='ocr_carea' id='block_1_109' title="bbox 2075 3442 3683 3513">
    <p class='ocr_par' dir='ltr' id='par_1_109' title="bbox 2075 3442 3683 3513">
     <span class='ocr_line' id='line_1_112' title="bbox 2075 3442 3683 3513; baseline 0.002 -15"><span class='ocrx_word' id='word_1_745' title='bbox 2075 3442 2301 3503; x_wconf 84' lang='lat' dir='ltr'><strong>Antoni,</strong></span> <span class='ocrx_word' id='word_1_746' title='bbox 2342 3442 2427 3497; x_wconf 87' lang='lat' dir='ltr'><strong>hic</strong></span> <span class='ocrx_word' id='word_1_747' title='bbox 2452 3457 2637 3508; x_wconf 81' lang='lat' dir='ltr'><strong>eram,-</strong></span> <span class='ocrx_word' id='word_1_748' title='bbox 2667 3443 2761 3497; x_wconf 88' lang='lat' dir='ltr'><strong>sed</strong></span> <span class='ocrx_word' id='word_1_749' title='bbox 2787 3445 3159 3513; x_wconf 67' lang='lat' dir='ltr'><strong>exspectabam</strong></span> <span class='ocrx_word' id='word_1_750' title='bbox 3194 3443 3380 3499; x_wconf 79' lang='lat' dir='ltr'><strong>cidere</strong></span> <span class='ocrx_word' id='word_1_751' title='bbox 3416 3449 3683 3501; x_wconf 78' lang='lat' dir='ltr'><strong>certamen</strong></span> 
     </span>
    </p>
   </div>
   <div class='ocr_carea' id='block_1_110' title="bbox 2078 3515 3682 3583">
    <p class='ocr_par' dir='ltr' id='par_1_110' title="bbox 2078 3515 3682 3583">
     <span class='ocr_line' id='line_1_113' title="bbox 2078 3515 3682 3583; baseline 0.002 -15"><span class='ocrx_word' id='word_1_752' title='bbox 2078 3518 2271 3568; x_wconf 86' lang='lat' dir='ltr'><strong>tuum:</strong></span> <span class='ocrx_word' id='word_1_753' title='bbox 2299 3527 2442 3568; x_wconf 86' lang='lat' dir='ltr'><strong>nunc</strong></span> <span class='ocrx_word' id='word_1_754' title='bbox 2467 3518 2649 3568; x_wconf 87' lang='lat' dir='ltr'><strong>autem</strong></span> <span class='ocrx_word' id='word_1_755' title='bbox 2677 3515 2809 3583; x_wconf 85' lang='lat' dir='ltr'><strong>quia</strong></span> <span class='ocrx_word' id='word_1_756' title='bbox 2836 3515 3152 3570; x_wconf 84' lang='lat' dir='ltr'><strong>decertando</strong></span> <span class='ocrx_word' id='word_1_757' title='bbox 3177 3516 3411 3570; x_wconf 72' lang='lat' dir='ltr'><strong>viriliter</strong></span> <span class='ocrx_word' id='word_1_758' title='bbox 3438 3531 3542 3571; x_wconf 83' lang='lat' dir='ltr'><strong>non</strong></span> <span class='ocrx_word' id='word_1_759' title='bbox 3566 3532 3682 3571; x_wconf 78' lang='lat' dir='ltr'><strong>ces-</strong></span> 
     </span>
    </p>
   </div>
   <div class='ocr_carea' id='block_1_111' title="bbox 2077 3585 3674 3658">
    <p class='ocr_par' dir='ltr' id='par_1_111' title="bbox 2077 3585 3674 3658">
     <span class='ocr_line' id='line_1_114' title="bbox 2077 3585 3674 3658; baseline 0.001 -19"><span class='ocrx_word' id='word_1_760' title='bbox 2077 3585 2243 3658; x_wconf 75' lang='lat' dir='ltr'><strong>sisti,_</strong></span> <span class='ocrx_word' id='word_1_761' title='bbox 2265 3599 2470 3654; x_wconf 82' lang='lat' dir='ltr'><strong>semper</strong></span> <span class='ocrx_word' id='word_1_762' title='bbox 2500 3585 2817 3658; x_wconf 63' lang='lat' dir='ltr'><strong>_auwiliaM°</strong></span> <span class='ocrx_word' id='word_1_763' title='bbox 2843 3586 2962 3641; x_wconf 84' lang='lat' dir='ltr'><strong>tibi.</strong></span> <span class='ocrx_word' id='word_1_764' title='bbox 3002 3588 3073 3642; x_wconf 90' lang='lat' dir='ltr'><strong>Et</strong></span> <span class='ocrx_word' id='word_1_765' title='bbox 3097 3601 3221 3658; x_wconf 73' lang='lat' dir='ltr'><strong>qua:</strong></span> <span class='ocrx_word' id='word_1_766' title='bbox 3248 3585 3323 3642; x_wconf 89' lang='lat' dir='ltr'><strong>ibi</strong></span> <span class='ocrx_word' id='word_1_767' title='bbox 3351 3595 3674 3658; x_wconf 88' lang='lat' dir='ltr'><strong>sequuntur.</strong></span> 
     </span>
    </p>
   </div>
   <div class='ocr_carea' id='block_1_112' title="bbox 2078 3655 2707 3724">
    <p class='ocr_par' dir='ltr' id='par_1_112' title="bbox 2078 3655 2707 3724">
     <span class='ocr_line' id='line_1_115' title="bbox 2078 3655 2707 3724; baseline 0 -13"><span class='ocrx_word' id='word_1_768' title='bbox 2078 3659 2098 3723; x_wconf 85' lang='lat'><strong>(</strong></span> <span class='ocrx_word' id='word_1_769' title='bbox 2118 3655 2293 3711; x_wconf 87' lang='lat' dir='ltr'><strong>Verba</strong></span> <span class='ocrx_word' id='word_1_770' title='bbox 2317 3660 2446 3711; x_wconf 88' lang='lat' dir='ltr'><strong>sunt</strong></span> <span class='ocrx_word' id='word_1_771' title='bbox 2470 3656 2707 3724; x_wconf 81' lang='lat' dir='ltr'><strong>Athan.)</strong></span> 
     </span>
    </p>
   </div>
   <div class='ocr_carea' id='block_1_113' title="bbox 2145 3725 3678 3798">
    <p class='ocr_par' dir='ltr' id='par_1_113' title="bbox 2145 3725 3678 3798">
     <span class='ocr_line' id='line_1_116' title="bbox 2145 3725 3678 3798; baseline 0.002 -18"><span class='ocrx_word' id='word_1_772' title='bbox 2145 3731 2168 3756; x_wconf 83' lang='lat'>°</span> <span class='ocrx_word' id='word_1_773' title='bbox 2209 3726 2368 3781; x_wconf 89' lang='lat' dir='ltr'><strong>Hanc</strong></span> <span class='ocrx_word' id='word_1_774' title='bbox 2407 3725 2722 3782; x_wconf 87' lang='lat' dir='ltr'><strong>doctrinam</strong></span> <span class='ocrx_word' id='word_1_775' title='bbox 2752 3727 2997 3798; x_wconf 90' lang='lat' dir='ltr'><strong>pluribus</strong></span> <span class='ocrx_word' id='word_1_776' title='bbox 3024 3728 3084 3783; x_wconf 89' lang='lat' dir='ltr'><strong>in</strong></span> <span class='ocrx_word' id='word_1_777' title='bbox 3111 3727 3217 3798; x_wconf 91' lang='lat' dir='ltr'><strong>loci</strong></span> <span class='ocrx_word' id='word_1_778' title='bbox 3248 3728 3485 3784; x_wconf 87' lang='lat' dir='ltr'><strong>inculcat</strong></span> <span class='ocrx_word' id='word_1_779' title='bbox 3535 3730 3678 3783; x_wconf 78' lang='lat' dir='ltr'><strong>Cas--</strong></span> 
     </span>
    </p>
   </div>
   <div class='ocr_carea' id='block_1_114' title="bbox 2074 3795 3668 3869">
    <p class='ocr_par' dir='ltr' id='par_1_114' title="bbox 2074 3795 3668 3869">
     <span class='ocr_line' id='line_1_117' title="bbox 2074 3795 3668 3869; baseline 0.002 -19"><span class='ocrx_word' id='word_1_780' title='bbox 2074 3795 2301 3869; x_wconf 88' lang='lat' dir='ltr'><strong>sianus,</strong></span> <span class='ocrx_word' id='word_1_781' title='bbox 2336 3803 2398 3851; x_wconf 89' lang='lat' dir='ltr'><strong>ut</strong></span> <span class='ocrx_word' id='word_1_782' title='bbox 2435 3812 2551 3868; x_wconf 90' lang='lat' dir='ltr'><strong>cap.</strong></span> <span class='ocrx_word' id='word_1_783' title='bbox 2588 3802 2657 3853; x_wconf 81' lang='lat'><strong>20</strong></span> <span class='ocrx_word' id='word_1_784' title='bbox 2694 3795 2854 3869; x_wconf 82' lang='lat' dir='ltr'><strong>hujus</strong></span> <span class='ocrx_word' id='word_1_785' title='bbox 2894 3798 3053 3865; x_wconf 90' lang='lat' dir='ltr'><strong>libri,</strong></span> <span class='ocrx_word' id='word_1_786' title='bbox 3099 3797 3192 3854; x_wconf 91' lang='lat' dir='ltr'><strong>ubi</strong></span> <span class='ocrx_word' id='word_1_787' title='bbox 3233 3800 3314 3853; x_wconf 91' lang='lat' dir='ltr'><strong>sic</strong></span> <span class='ocrx_word' id='word_1_788' title='bbox 3336 3798 3621 3869; x_wconf 90' lang='lat' dir='ltr'><strong>concludit</strong></span> <span class='ocrx_word' id='word_1_789' title='bbox 3653 3819 3668 3853; x_wconf 83' lang='lat'><strong>;</strong></span> 
     </span>
    </p>
   </div>
   <div class='ocr_carea' id='block_1_115' title="bbox 2076 3867 3674 3938">
    <p class='ocr_par' dir='ltr' id='par_1_115' title="bbox 2076 3867 3674 3938">
     <span class='ocr_line' id='line_1_118' title="bbox 2076 3867 3674 3938; baseline 0 -17"><span class='ocrx_word' id='word_1_790' title='bbox 2076 3868 2270 3937; x_wconf 80' lang='lat' dir='ltr'><strong>Itaque</strong></span> <span class='ocrx_word' id='word_1_791' title='bbox 2295 3869 2383 3921; x_wconf 81' lang='lat' dir='ltr'><strong>hic</strong></span> <span class='ocrx_word' id='word_1_792' title='bbox 2405 3872 2484 3923; x_wconf 89' lang='lat' dir='ltr'><strong>est</strong></span> <span class='ocrx_word' id='word_1_793' title='bbox 2512 3867 2846 3937; x_wconf 77' lang='lat' dir='ltr'><strong>integritatis</strong></span> <span class='ocrx_word' id='word_1_794' title='bbox 2869 3872 3016 3938; x_wconf 84' lang='lat' dir='ltr'><strong>ﬁnis,</strong></span> <span class='ocrx_word' id='word_1_795' title='bbox 3047 3885 3110 3923; x_wconf 89' lang='lat' dir='ltr'><strong>ac</strong></span> <span class='ocrx_word' id='word_1_796' title='bbox 3128 3870 3382 3938; x_wconf 6' lang='lat' dir='ltr'><strong>perfecta,</strong></span> <span class='ocrx_word' id='word_1_797' title='bbox 3408 3867 3674 3936; x_wconf 81' lang='lat' dir='ltr'><strong>probatio,</strong></span> 
     </span>
    </p>
   </div>
   <div class='ocr_carea' id='block_1_116' title="bbox 2074 3937 3678 4009">
    <p class='ocr_par' dir='ltr' id='par_1_116' title="bbox 2074 3937 3678 4009">
     <span class='ocr_line' id='line_1_119' title="bbox 2074 3937 3678 4009; baseline 0.001 -19"><span class='ocrx_word' id='word_1_798' title='bbox 2074 3939 2126 3990; x_wconf 84' lang='lat' dir='ltr'><strong>si</strong></span> <span class='ocrx_word' id='word_1_799' title='bbox 2140 3939 2528 4006; x_wconf 84' lang='lat' dir='ltr'><strong>quiescentibus</strong></span> <span class='ocrx_word' id='word_1_800' title='bbox 2542 3941 2696 3994; x_wconf 88' lang='lat' dir='ltr'><strong>nobis</strong></span> <span class='ocrx_word' id='word_1_801' title='bbox 2716 3937 2963 3995; x_wconf 82' lang='lat' dir='ltr'><strong>titillatio</strong></span> <span class='ocrx_word' id='word_1_802' title='bbox 2981 3937 3274 4009; x_wconf 80' lang='lat' dir='ltr'><strong>voluptatis</strong></span> <span class='ocrx_word' id='word_1_803' title='bbox 3294 3937 3678 4009; x_wconf 15' lang='lat' dir='ltr'><strong>nullausubrep-</strong></span> 
     </span>
    </p>
   </div>
   <div class='ocr_carea' id='block_1_117' title="bbox 2076 4008 3678 4080">
    <p class='ocr_par' dir='ltr' id='par_1_117' title="bbox 2076 4008 3678 4080">
     <span class='ocr_line' id='line_1_120' title="bbox 2076 4008 3678 4080; baseline 0.002 -20"><span class='ocrx_word' id='word_1_804' title='bbox 2076 4010 2240 4080; x_wconf 75' lang='lat' dir='ltr'><strong>serit,</strong></span> <span class='ocrx_word' id='word_1_805' title='bbox 2271 4016 2412 4075; x_wconf 84' lang='lat' dir='ltr'><strong>etc.;</strong></span> <span class='ocrx_word' id='word_1_806' title='bbox 2455 4017 2511 4064; x_wconf 88' lang='lat' dir='ltr'><strong>et</strong></span> <span class='ocrx_word' id='word_1_807' title='bbox 2550 4008 2666 4080; x_wconf 76' lang='lat' dir='ltr'><strong>cap.</strong></span> <span class='ocrx_word' id='word_1_808' title='bbox 2707 4016 2774 4064; x_wconf 77' lang='grc'><strong>22</strong></span> <span class='ocrx_word' id='word_1_809' title='bbox 2818 4026 2831 4063; x_wconf 90' lang='lat'><strong>:</strong></span> <span class='ocrx_word' id='word_1_810' title='bbox 2864 4008 3149 4078; x_wconf 84' lang='lat' dir='ltr'><strong>Hucusque</strong></span> <span class='ocrx_word' id='word_1_811' title='bbox 3184 4008 3555 4080; x_wconf 83' lang='lat' dir='ltr'><strong>festinandum</strong></span> <span class='ocrx_word' id='word_1_812' title='bbox 3598 4014 3678 4064; x_wconf 84' lang='lat' dir='ltr'><strong>est</strong></span> 
     </span>
    </p>
   </div>
   <div class='ocr_carea' id='block_1_118' title="bbox 2077 4078 3678 4148">
    <p class='ocr_par' dir='ltr' id='par_1_118' title="bbox 2077 4078 3678 4148">
     <span class='ocr_line' id='line_1_121' title="bbox 2077 4078 3678 4148; baseline 0.001 -17"><span class='ocrx_word' id='word_1_813' title='bbox 2077 4078 2251 4148; x_wconf 78' lang='lat' dir='ltr'><strong>nobis,</strong></span> <span class='ocrx_word' id='word_1_814' title='bbox 2268 4083 2319 4132; x_wconf 88' lang='lat' dir='ltr'><strong>et</strong></span> <span class='ocrx_word' id='word_1_815' title='bbox 2340 4094 2398 4132; x_wconf 89' lang='lat' dir='ltr'><strong>eo</strong></span> <span class='ocrx_word' id='word_1_816' title='bbox 2416 4095 2583 4148; x_wconf 87' lang='lat' dir='ltr'><strong>usque</strong></span> <span class='ocrx_word' id='word_1_817' title='bbox 2603 4078 2860 4134; x_wconf 67' lang='lat' dir='ltr'><strong>adversus</strong></span> <span class='ocrx_word' id='word_1_818' title='bbox 2882 4082 3059 4134; x_wconf 72' lang='lat' dir='ltr'><strong>(mimi</strong></span> <span class='ocrx_word' id='word_1_819' title='bbox 3080 4085 3276 4146; x_wconf 88' lang='lat' dir='ltr'><strong>motus,</strong></span> <span class='ocrx_word' id='word_1_820' title='bbox 3294 4079 3377 4132; x_wconf 73' lang='lat' dir='ltr'><strong>uel</strong></span> <span class='ocrx_word' id='word_1_821' title='bbox 3393 4081 3573 4132; x_wconf 87' lang='lat' dir='ltr'><strong>carnis</strong></span> <span class='ocrx_word' id='word_1_822' title='bbox 3597 4082 3678 4133; x_wconf 86' lang='lat' dir='ltr'><strong>in-</strong></span> 
     </span>
    </p>
   </div>
   <div class='ocr_carea' id='block_1_119' title="bbox 2077 4140 3676 4216">
    <p class='ocr_par' dir='ltr' id='par_1_119' title="bbox 2077 4140 3676 4216">
     <span class='ocr_line' id='line_1_122' title="bbox 2077 4140 3676 4216; baseline 0.003 -15"><span class='ocrx_word' id='word_1_823' title='bbox 2077 4140 2285 4202; x_wconf 78' lang='lat' dir='ltr'><strong>centiva</strong></span> <span class='ocrx_word' id='word_1_824' title='bbox 2309 4140 2689 4216; x_wconf 66' lang='lat' dir='ltr'><strong>pugnandum,</strong></span> <span class='ocrx_word' id='word_1_825' title='bbox 2719 4150 2880 4203; x_wconf 86' lang='lat' dir='ltr'><strong>donec</strong></span> <span class='ocrx_word' id='word_1_826' title='bbox 2909 4152 3017 4203; x_wconf 88' lang='lat' dir='ltr'><strong>ista</strong></span> <span class='ocrx_word' id='word_1_827' title='bbox 3042 4151 3222 4203; x_wconf 84' lang='lat' dir='ltr'><strong>carnis</strong></span> <span class='ocrx_word' id='word_1_828' title='bbox 3251 4140 3485 4203; x_wconf 73' lang='lat' dir='ltr'><strong>conditio</strong></span> <span class='ocrx_word' id='word_1_829' title='bbox 3503 4165 3676 4205; x_wconf 85' lang='lat' dir='ltr'><strong>neces-</strong></span> 
     </span>
    </p>
   </div>
   <div class='ocr_carea' id='block_1_120' title="bbox 2075 4220 3675 4290">
    <p class='ocr_par' dir='ltr' id='par_1_120' title="bbox 2075 4220 3675 4290">
     <span class='ocr_line' id='line_1_123' title="bbox 2075 4220 3675 4290; baseline 0.005 -19"><span class='ocrx_word' id='word_1_830' title='bbox 2075 4220 2512 4290; x_wconf 71' lang='lat' dir='ltr'><strong>sitatemnatura:</strong></span> <span class='ocrx_word' id='word_1_831' title='bbox 2520 4220 2862 4290; x_wconf 60' lang='lat' dir='ltr'><strong>expleatmon</strong></span> <span class='ocrx_word' id='word_1_832' title='bbox 2874 4220 3440 4290; x_wconf 80' lang='lat' dir='ltr'><strong>suscitetvoluptatem.</strong></span> <span class='ocrx_word' id='word_1_833' title='bbox 3463 4222 3675 4279; x_wconf 85' lang='lat' dir='ltr'><strong>Rursus</strong></span> 
     </span>
    </p>
   </div>
   <div class='ocr_carea' id='block_1_121' title="bbox 2075 4287 3667 4362">
    <p class='ocr_par' dir='ltr' id='par_1_121' title="bbox 2075 4287 3667 4362">
     <span class='ocr_line' id='line_1_124' title="bbox 2075 4287 3667 4362; baseline 0.004 -19"><span class='ocrx_word' id='word_1_834' title='bbox 2075 4287 2369 4362; x_wconf 85' lang='lat' dir='ltr'><strong>collatione</strong></span> <span class='ocrx_word' id='word_1_835' title='bbox 2396 4287 2614 4362; x_wconf 78' lang='lat' dir='ltr'><strong>l2,cap.</strong></span> <span class='ocrx_word' id='word_1_836' title='bbox 2640 4296 2691 4358; x_wconf 90' lang='lat'><strong>7,</strong></span> <span class='ocrx_word' id='word_1_837' title='bbox 2718 4289 2809 4346; x_wconf 92' lang='lat' dir='ltr'><strong>ubi</strong></span> <span class='ocrx_word' id='word_1_838' title='bbox 2835 4289 3034 4362; x_wconf 87' lang='lat' dir='ltr'><strong>gradus</strong></span> <span class='ocrx_word' id='word_1_839' title='bbox 3056 4287 3321 4347; x_wconf 78' lang='lat' dir='ltr'><strong>castitatis</strong></span> <span class='ocrx_word' id='word_1_840' title='bbox 3348 4306 3631 4349; x_wconf 82' lang='lat' dir='ltr'><strong>recensens</strong></span> <span class='ocrx_word' id='word_1_841' title='bbox 3655 4315 3667 4350; x_wconf 87' lang='lat'><strong>:</strong></span> 
     </span>
    </p>
   </div>
   <div class='ocr_carea' id='block_1_122' title="bbox 2079 4359 3669 4434">
    <p class='ocr_par' dir='ltr' id='par_1_122' title="bbox 2079 4359 3669 4434">
     <span class='ocr_line' id='line_1_125' title="bbox 2079 4359 3669 4434; baseline 0.003 -19"><span class='ocrx_word' id='word_1_842' title='bbox 2079 4361 2308 4424; x_wconf 87' lang='lat' dir='ltr'><strong>Tertius,</strong></span> <span class='ocrx_word' id='word_1_843' title='bbox 2331 4359 2522 4432; x_wconf 91' lang='lat' dir='ltr'><strong>inquit,</strong></span> <span class='ocrx_word' id='word_1_844' title='bbox 2555 4359 2622 4417; x_wconf 80' lang='lat' dir='ltr'><strong>ne</strong></span> <span class='ocrx_word' id='word_1_845' title='bbox 2640 4359 2871 4430; x_wconf 79' lang='lat' dir='ltr'><strong>femineo</strong></span> <span class='ocrx_word' id='word_1_846' title='bbox 2893 4362 2976 4418; x_wconf 69' lang='lat' dir='ltr'><strong>vel</strong></span> <span class='ocrx_word' id='word_1_847' title='bbox 3003 4364 3186 4419; x_wconf 71' lang='lat' dir='ltr'><strong>leviter</strong></span> <span class='ocrx_word' id='word_1_848' title='bbox 3206 4364 3280 4419; x_wconf 88' lang='lat' dir='ltr'><strong>ad</strong></span> <span class='ocrx_word' id='word_1_849' title='bbox 3302 4366 3669 4434; x_wconf 86' lang='lat' dir='ltr'><strong>concupiscen-</strong></span> 
     </span>
    </p>
   </div>
   <div class='ocr_carea' id='block_1_123' title="bbox 2072 4434 3668 4505">
    <p class='ocr_par' dir='ltr' id='par_1_123' title="bbox 2072 4434 3668 4505">
     <span class='ocr_line' id='line_1_126' title="bbox 2072 4434 3668 4505; baseline 0.003 -19"><span class='ocrx_word' id='word_1_850' title='bbox 2072 4434 2208 4505; x_wconf 86' lang='lat' dir='ltr'><strong>tiam</strong></span> <span class='ocrx_word' id='word_1_851' title='bbox 2235 4437 2511 4487; x_wconf 66' lang='lat' dir='ltr'><strong>moveatur</strong></span> <span class='ocrx_word' id='word_1_852' title='bbox 2535 4438 2780 4504; x_wconf 82' lang='lat' dir='ltr'><strong>aspectu,-</strong></span> <span class='ocrx_word' id='word_1_853' title='bbox 2810 4439 3057 4503; x_wconf 84' lang='lat' dir='ltr'><strong>quartus,</strong></span> <span class='ocrx_word' id='word_1_854' title='bbox 3080 4452 3144 4490; x_wconf 87' lang='lat' dir='ltr'><strong>ne</strong></span> <span class='ocrx_word' id='word_1_855' title='bbox 3165 4434 3398 4505; x_wconf 82' lang='lat' dir='ltr'><strong>vigilans</strong></span> <span class='ocrx_word' id='word_1_856' title='bbox 3427 4436 3509 4490; x_wconf 74' lang='lat' dir='ltr'><strong>rel</strong></span> <span class='ocrx_word' id='word_1_857' title='bbox 3536 4439 3668 4490; x_wconf 84' lang='lat' dir='ltr'><strong>sim-</strong></span> 
     </span>
    </p>
   </div>
   <div class='ocr_carea' id='block_1_124' title="bbox 2068 4504 3672 4576">
    <p class='ocr_par' dir='ltr' id='par_1_124' title="bbox 2068 4504 3672 4576">
     <span class='ocr_line' id='line_1_127' title="bbox 2068 4504 3672 4576; baseline 0.002 -17"><span class='ocrx_word' id='word_1_858' title='bbox 2068 4504 2259 4573; x_wconf 85' lang='lat' dir='ltr'><strong>plicem</strong></span> <span class='ocrx_word' id='word_1_859' title='bbox 2277 4507 2453 4561; x_wconf 69' lang='lat' dir='ltr'><strong>carnis</strong></span> <span class='ocrx_word' id='word_1_860' title='bbox 2466 4508 2711 4575; x_wconf 81' lang='lat' dir='ltr'><strong>perferat</strong></span> <span class='ocrx_word' id='word_1_861' title='bbox 2726 4511 2960 4573; x_wconf 86' lang='lat' dir='ltr'><strong>motum;</strong></span> <span class='ocrx_word' id='word_1_862' title='bbox 2983 4504 3310 4576; x_wconf 77' lang='lat' dir='ltr'><strong>quintus,ne</strong></span> <span class='ocrx_word' id='word_1_863' title='bbox 3325 4523 3445 4562; x_wconf 87' lang='lat' dir='ltr'><strong>cum</strong></span> <span class='ocrx_word' id='word_1_864' title='bbox 3472 4523 3672 4563; x_wconf 90' lang='lat' dir='ltr'><strong>memo-</strong></span> 
     </span>
    </p>
   </div>
   <div class='ocr_carea' id='block_1_125' title="bbox 2072 4578 3672 4644">
    <p class='ocr_par' dir='ltr' id='par_1_125' title="bbox 2072 4578 3672 4644">
     <span class='ocr_line' id='line_1_128' title="bbox 2072 4578 3672 4644; baseline 0.001 -15"><span class='ocrx_word' id='word_1_865' title='bbox 2072 4578 2215 4630; x_wconf 88' lang='lat' dir='ltr'><strong>riam</strong></span> <span class='ocrx_word' id='word_1_866' title='bbox 2251 4579 2608 4644; x_wconf 73' lang='lat' dir='ltr'><strong>generationis</strong></span> <span class='ocrx_word' id='word_1_867' title='bbox 2651 4579 2932 4641; x_wconf 81' lang='lat' dir='ltr'><strong>humame,</strong></span> <span class='ocrx_word' id='word_1_868' title='bbox 2977 4579 3060 4632; x_wconf 77' lang='lat' dir='ltr'><strong>vel</strong></span> <span class='ocrx_word' id='word_1_869' title='bbox 3088 4582 3350 4633; x_wconf 81' lang='lat' dir='ltr'><strong>tractatus</strong></span> <span class='ocrx_word' id='word_1_870' title='bbox 3391 4580 3554 4640; x_wconf 87' lang='lat' dir='ltr'><strong>ratio,</strong></span> <span class='ocrx_word' id='word_1_871' title='bbox 3589 4579 3672 4632; x_wconf 73' lang='lat' dir='ltr'><strong>rel</strong></span> 
     </span>
    </p>
   </div>
   <div class='ocr_carea' id='block_1_126' title="bbox 2070 4648 3671 4717">
    <p class='ocr_par' dir='ltr' id='par_1_126' title="bbox 2070 4648 3671 4717">
     <span class='ocr_line' id='line_1_129' title="bbox 2070 4648 3671 4717; baseline 0 -17"><span class='ocrx_word' id='word_1_872' title='bbox 2070 4649 2352 4702; x_wconf 86' lang='lat' dir='ltr'><strong>necessitas</strong></span> <span class='ocrx_word' id='word_1_873' title='bbox 2390 4648 2628 4703; x_wconf 83' lang='lat' dir='ltr'><strong>lectionis</strong></span> <span class='ocrx_word' id='word_1_874' title='bbox 2670 4650 2952 4717; x_wconf 85' lang='lat' dir='ltr'><strong>ingesserit</strong></span> <span class='ocrx_word' id='word_1_875' title='bbox 2968 4688 2986 4715; x_wconf 91' lang='lat'><strong>,</strong></span> <span class='ocrx_word' id='word_1_876' title='bbox 3016 4650 3400 4703; x_wconf 85' lang='lat' dir='ltr'><strong>subtilissimus</strong></span> <span class='ocrx_word' id='word_1_877' title='bbox 3442 4653 3671 4701; x_wconf 86' lang='lat' dir='ltr'><strong>mentem</strong></span> 
     </span>
    </p>
   </div>
   <div class='ocr_carea' id='block_1_127' title="bbox 2070 4717 3672 4787">
    <p class='ocr_par' dir='ltr' id='par_1_127' title="bbox 2070 4717 3672 4787">
     <span class='ocr_line' id='line_1_130' title="bbox 2070 4717 3672 4787; baseline 0 -16"><span class='ocrx_word' id='word_1_878' title='bbox 2070 4719 2387 4787; x_wconf 66' lang='lat' dir='ltr'><strong>voluptariis</strong></span> <span class='ocrx_word' id='word_1_879' title='bbox 2403 4721 2627 4773; x_wconf 86' lang='lat' dir='ltr'><strong>actionis</strong></span> <span class='ocrx_word' id='word_1_880' title='bbox 2641 4722 2980 4787; x_wconf 80' lang='lat' dir='ltr'><strong>perstringat</strong></span> <span class='ocrx_word' id='word_1_881' title='bbox 2992 4734 3260 4779; x_wconf 82' lang='lat' dir='ltr'><strong>assensus,</strong></span> <span class='ocrx_word' id='word_1_882' title='bbox 3279 4718 3372 4771; x_wconf 84' lang='lat' dir='ltr'><strong>sed</strong></span> <span class='ocrx_word' id='word_1_883' title='bbox 3383 4717 3528 4769; x_wconf 61' lang='lat' dir='ltr'><strong>velut</strong></span> <span class='ocrx_word' id='word_1_884' title='bbox 3541 4732 3672 4783; x_wconf 85' lang='lat' dir='ltr'><strong>opus</strong></span> 
     </span>
    </p>
   </div>
   <div class='ocr_carea' id='block_1_128' title="bbox 2288 4788 3672 4857">
    <p class='ocr_par' dir='ltr' id='par_1_128' title="bbox 2288 4788 3672 4857">
     <span class='ocr_line' id='line_1_131' title="bbox 2288 4788 3672 4857; baseline -0.001 -15"><span class='ocrx_word' id='word_1_885' title='bbox 2288 4804 2343 4842; x_wconf 89' lang='lat' dir='ltr'><strong>m</strong></span> <span class='ocrx_word' id='word_1_886' title='bbox 2377 4789 2627 4857; x_wconf 68' lang='lat' dir='ltr'><strong>simplex,</strong></span> <span class='ocrx_word' id='word_1_887' title='bbox 2652 4804 2716 4841; x_wconf 88' lang='lat' dir='ltr'><strong>ac</strong></span> <span class='ocrx_word' id='word_1_888' title='bbox 2741 4791 3106 4842; x_wconf 82' lang='lat' dir='ltr'><strong>ministerium</strong></span> <span class='ocrx_word' id='word_1_889' title='bbox 3127 4788 3360 4839; x_wconf 84' lang='lat' dir='ltr'><strong>humano</strong></span> <span class='ocrx_word' id='word_1_890' title='bbox 3380 4788 3564 4857; x_wconf 73' lang='lat' dir='ltr'><strong>generi</strong></span> <span class='ocrx_word' id='word_1_891' title='bbox 3580 4801 3672 4841; x_wconf 85' lang='lat' dir='ltr'><strong>ne-</strong></span> 
     </span>
    </p>
   </div>
   <div class='ocr_carea' id='block_1_129' title="bbox 2075 4854 3672 4925">
    <p class='ocr_par' dir='ltr' id='par_1_129' title="bbox 2075 4854 3672 4925">
     <span class='ocr_line' id='line_1_132' title="bbox 2075 4854 3672 4925; baseline -0.001 -13"><span class='ocrx_word' id='word_1_892' title='bbox 2075 4854 2301 4913; x_wconf 71' lang='lat' dir='ltr'><strong>cessarie</strong></span> <span class='ocrx_word' id='word_1_893' title='bbox 2336 4854 2723 4919; x_wconf 62' lang='lat' dir='ltr'><strong>wntﬁbutum,</strong></span> <span class='ocrx_word' id='word_1_894' title='bbox 2756 4857 3051 4925; x_wconf 86' lang='lat' dir='ltr'><strong>tranquillo</strong></span> <span class='ocrx_word' id='word_1_895' title='bbox 3074 4871 3136 4909; x_wconf 89' lang='lat' dir='ltr'><strong>ac</strong></span> <span class='ocrx_word' id='word_1_896' title='bbox 3159 4870 3296 4923; x_wconf 86' lang='lat' dir='ltr'><strong>puro</strong></span> <span class='ocrx_word' id='word_1_897' title='bbox 3326 4854 3505 4908; x_wconf 82' lang='lat' dir='ltr'><strong>cordis</strong></span> <span class='ocrx_word' id='word_1_898' title='bbox 3546 4870 3672 4911; x_wconf 84' lang='lat' dir='ltr'><strong>eon-</strong></span> 
     </span>
    </p>
   </div>
   <div class='ocr_carea' id='block_1_130' title="bbox 2079 4925 3761 4996">
    <p class='ocr_par' dir='ltr' id='par_1_130' title="bbox 2079 4925 3761 4996">
     <span class='ocr_line' id='line_1_133' title="bbox 2079 4925 3761 4996; baseline 0 -14"><span class='ocrx_word' id='word_1_899' title='bbox 2079 4928 2364 4996; x_wconf 81' lang='lat' dir='ltr'><strong>templetur</strong></span> <span class='ocrx_word' id='word_1_900' title='bbox 2392 4928 2612 4987; x_wconf 86' lang='lat' dir='ltr'><strong>intuitu,</strong></span> <span class='ocrx_word' id='word_1_901' title='bbox 2625 4934 2762 4991; x_wconf 81' lang='lat' dir='ltr'><strong>etc.;</strong></span> <span class='ocrx_word' id='word_1_902' title='bbox 2790 4931 2976 4981; x_wconf 69' lang='lat' dir='ltr'><strong>sextus</strong></span> <span class='ocrx_word' id='word_1_903' title='bbox 2994 4927 3319 4980; x_wconf 79' lang='lat' dir='ltr'><strong>castimonia:</strong></span> <span class='ocrx_word' id='word_1_904' title='bbox 3347 4925 3552 4995; x_wconf 87' lang='lat' dir='ltr'><strong>gradus</strong></span> <span class='ocrx_word' id='word_1_905' title='bbox 3572 4933 3668 4991; x_wconf 86' lang='lat' dir='ltr'><strong>est,</strong></span> <span class='ocrx_word' id='word_1_906' title='bbox 3753 4944 3761 4949; x_wconf 86' lang='lat'>&#39;</span> 
     </span>
    </p>
   </div>
   <div class='ocr_carea' id='block_1_131' title="bbox 2076 4996 3673 5065">
    <p class='ocr_par' dir='ltr' id='par_1_131' title="bbox 2076 4996 3673 5065">
     <span class='ocr_line' id='line_1_134' title="bbox 2076 4996 3673 5065; baseline 0.002 -14"><span class='ocrx_word' id='word_1_907' title='bbox 2076 5013 2141 5051; x_wconf 85' lang='lat' dir='ltr'><strong>ne</strong></span> <span class='ocrx_word' id='word_1_908' title='bbox 2170 4996 2488 5050; x_wconf 86' lang='lat' dir='ltr'><strong>illecebrosis</strong></span> <span class='ocrx_word' id='word_1_909' title='bbox 2516 4996 3019 5065; x_wconf 68' lang='lat' dir='ltr'><strong>iphantasmatibus</strong></span> <span class='ocrx_word' id='word_1_910' title='bbox 3062 4997 3393 5063; x_wconf 80' lang='lat' dir='ltr'><strong>femina-rum</strong></span> <span class='ocrx_word' id='word_1_911' title='bbox 3428 4997 3512 5052; x_wconf 75' lang='lat' dir='ltr'><strong>rel</strong></span> <span class='ocrx_word' id='word_1_912' title='bbox 3543 4999 3673 5054; x_wconf 84' lang='lat' dir='ltr'><strong>dor-</strong></span> 
     </span>
    </p>
   </div>
   <div class='ocr_carea' id='block_1_132' title="bbox 2077 5066 3670 5137">
    <p class='ocr_par' dir='ltr' id='par_1_132' title="bbox 2077 5066 3670 5137">
     <span class='ocr_line' id='line_1_135' title="bbox 2077 5066 3670 5137; baseline 0.004 -16"><span class='ocrx_word' id='word_1_913' title='bbox 2267 5066 2554 5120; x_wconf 86' lang='lat' dir='ltr'><strong>illudatur.</strong></span> <span class='ocrx_word' id='word_1_914' title='bbox 2580 5068 2857 5122; x_wconf 83' lang='lat' dir='ltr'><strong>Hactenus</strong></span> <span class='ocrx_word' id='word_1_915' title='bbox 2880 5066 3165 5137; x_wconf 70' lang='lat' dir='ltr'><strong>(lasianus,</strong></span> <span class='ocrx_word' id='word_1_916' title='bbox 3186 5076 3304 5125; x_wconf 91' lang='lat' dir='ltr'><strong>tum</strong></span> <span class='ocrx_word' id='word_1_917' title='bbox 3324 5085 3388 5124; x_wconf 85' lang='lat' dir='ltr'><strong>ex</strong></span> <span class='ocrx_word' id='word_1_918' title='bbox 3412 5085 3528 5137; x_wconf 88' lang='lat' dir='ltr'><strong>sua,</strong></span> <span class='ocrx_word' id='word_1_919' title='bbox 3551 5078 3670 5128; x_wconf 91' lang='lat' dir='ltr'><strong>tum</strong></span> 
     </span>
    </p>
   </div>
   <div class='ocr_carea' id='block_1_133' title="bbox 2078 5136 3671 5213">
    <p class='ocr_par' dir='ltr' id='par_1_133' title="bbox 2078 5136 3671 5213">
     <span class='ocr_line' id='line_1_136' title="bbox 2078 5136 3671 5213; baseline 0.005 -22"><span class='ocrx_word' id='word_1_920' title='bbox 2078 5153 2143 5192; x_wconf 81' lang='lat' dir='ltr'><strong>ex</strong></span> <span class='ocrx_word' id='word_1_921' title='bbox 2174 5136 2410 5192; x_wconf 87' lang='lat' dir='ltr'><strong>aliorum</strong></span> <span class='ocrx_word' id='word_1_922' title='bbox 2431 5138 2719 5213; x_wconf 76' lang='lat' dir='ltr'><strong>sententia.</strong></span> <span class='ocrx_word' id='word_1_923' title='bbox 2755 5140 2961 5213; x_wconf 83' lang='lat' dir='ltr'><strong>Verum</strong></span> <span class='ocrx_word' id='word_1_924' title='bbox 2988 5136 3070 5195; x_wconf 90' lang='lat' dir='ltr'><strong>his</strong></span> <span class='ocrx_word' id='word_1_925' title='bbox 3091 5148 3147 5196; x_wconf 91' lang='lat' dir='ltr'><strong>et</strong></span> <span class='ocrx_word' id='word_1_926' title='bbox 3175 5140 3492 5213; x_wconf 81' lang='lat' dir='ltr'><strong>bujusmodi</strong></span> <span class='ocrx_word' id='word_1_927' title='bbox 3512 5143 3671 5200; x_wconf 88' lang='lat' dir='ltr'><strong>dictis</strong></span> 
     </span>
    </p>
   </div>
   <div class='ocr_carea' id='block_1_134' title="bbox 2076 5208 3667 5282">
    <p class='ocr_par' dir='ltr' id='par_1_134' title="bbox 2076 5208 3667 5282">
     <span class='ocr_line' id='line_1_137' title="bbox 2076 5208 3667 5282; baseline 0.004 -19"><span class='ocrx_word' id='word_1_928' title='bbox 2076 5222 2389 5282; x_wconf 83' lang='lat' dir='ltr'><strong>repugnare</strong></span> <span class='ocrx_word' id='word_1_929' title='bbox 2405 5208 2621 5264; x_wconf 88' lang='lat' dir='ltr'><strong>videtur</strong></span> <span class='ocrx_word' id='word_1_930' title='bbox 2665 5208 2722 5263; x_wconf 92' lang='lat' dir='ltr'><strong>in</strong></span> <span class='ocrx_word' id='word_1_931' title='bbox 2752 5209 2946 5280; x_wconf 91' lang='lat' dir='ltr'><strong>primis</strong></span> <span class='ocrx_word' id='word_1_932' title='bbox 2986 5208 3265 5268; x_wconf 71' lang='lat' dir='ltr'><strong>sententia</strong></span> <span class='ocrx_word' id='word_1_933' title='bbox 3292 5213 3536 5282; x_wconf 83' lang='lat' dir='ltr'><strong>Apostoli</strong></span> <span class='ocrx_word' id='word_1_934' title='bbox 3582 5214 3667 5270; x_wconf 90' lang='lat' dir='ltr'><strong>di-</strong></span> 
     </span>
    </p>
   </div>
   <div class='ocr_carea' id='block_1_135' title="bbox 2074 5279 3671 5347">
    <p class='ocr_par' dir='ltr' id='par_1_135' title="bbox 2074 5279 3671 5347">
     <span class='ocr_line' id='line_1_138' title="bbox 2074 5279 3671 5347; baseline 0.004 -11"><span class='ocrx_word' id='word_1_935' title='bbox 2074 5279 2246 5337; x_wconf 85' lang='lat' dir='ltr'><strong>centis</strong></span> <span class='ocrx_word' id='word_1_936' title='bbox 2273 5283 2341 5347; x_wconf 88' lang='lat' dir='ltr'><strong>(ll</strong></span> <span class='ocrx_word' id='word_1_937' title='bbox 2365 5281 2565 5338; x_wconf 79' lang='lat' dir='ltr'><strong>Corint.</strong></span> <span class='ocrx_word' id='word_1_938' title='bbox 2594 5284 2704 5346; x_wconf 78' lang='lat' dir='ltr'><strong>xu)</strong></span> <span class='ocrx_word' id='word_1_939' title='bbox 2740 5279 2765 5334; x_wconf 61' lang='grc' dir='ltr'><em>ξ</em></span> <span class='ocrx_word' id='word_1_940' title='bbox 2778 5285 2951 5337; x_wconf 85' lang='lat' dir='ltr'><strong>Datus</strong></span> <span class='ocrx_word' id='word_1_941' title='bbox 2971 5287 3049 5337; x_wconf 90' lang='lat' dir='ltr'><strong>est</strong></span> <span class='ocrx_word' id='word_1_942' title='bbox 3065 5285 3204 5339; x_wconf 88' lang='lat' dir='ltr'><strong>mihi</strong></span> <span class='ocrx_word' id='word_1_943' title='bbox 3227 5279 3476 5340; x_wconf 73' lang='lat' dir='ltr'><strong>stimulus</strong></span> <span class='ocrx_word' id='word_1_944' title='bbox 3496 5290 3671 5342; x_wconf 62' lang='lat' dir='ltr'><strong>ceu-nis</strong></span> 
     </span>
    </p>
   </div>
   <div class='ocr_carea' id='block_1_136' title="bbox 2072 5352 3675 5426">
    <p class='ocr_par' dir='ltr' id='par_1_136' title="bbox 2072 5352 3675 5426">
     <span class='ocr_line' id='line_1_139' title="bbox 2072 5352 3675 5426; baseline 0.003 -20"><span class='ocrx_word' id='word_1_945' title='bbox 2072 5368 2221 5416; x_wconf 69' lang='lat' dir='ltr'><strong>mele,</strong></span> <span class='ocrx_word' id='word_1_946' title='bbox 2242 5352 2461 5421; x_wconf 86' lang='lat' dir='ltr'><strong>angelus</strong></span> <span class='ocrx_word' id='word_1_947' title='bbox 2484 5354 2723 5416; x_wconf 73' lang='lat' dir='ltr'><strong>Saturae,</strong></span> <span class='ocrx_word' id='word_1_948' title='bbox 2741 5355 2936 5426; x_wconf 77' lang='lat' dir='ltr'><strong>quime</strong></span> <span class='ocrx_word' id='word_1_949' title='bbox 2954 5356 3264 5425; x_wconf 79' lang='lat' dir='ltr'><strong>colaphizet.</strong></span> <span class='ocrx_word' id='word_1_950' title='bbox 3288 5359 3511 5426; x_wconf 86' lang='lat' dir='ltr'><strong>Propter</strong></span> <span class='ocrx_word' id='word_1_951' title='bbox 3525 5360 3675 5425; x_wconf 71' lang='lat' dir='ltr'><strong>quod</strong></span> 
     </span>
    </p>
   </div>
   <div class='ocr_carea' id='block_1_137' title="bbox 2072 5425 3667 5494">
    <p class='ocr_par' dir='ltr' id='par_1_137' title="bbox 2072 5425 3667 5494">
     <span class='ocr_line' id='line_1_140' title="bbox 2072 5425 3667 5494; baseline 0.003 -16"><span class='ocrx_word' id='word_1_952' title='bbox 2072 5427 2153 5478; x_wconf 88' lang='lat' dir='ltr'><strong>ter</strong></span> <span class='ocrx_word' id='word_1_953' title='bbox 2179 5426 2467 5480; x_wconf 86' lang='lat' dir='ltr'><strong>Dominum</strong></span> <span class='ocrx_word' id='word_1_954' title='bbox 2488 5426 2698 5494; x_wconf 82' lang='lat' dir='ltr'><strong>rogavi,</strong></span> <span class='ocrx_word' id='word_1_955' title='bbox 2724 5429 2787 5479; x_wconf 86' lang='lat' dir='ltr'><strong>ut</strong></span> <span class='ocrx_word' id='word_1_956' title='bbox 2815 5425 3110 5482; x_wconf 84' lang='lat' dir='ltr'><strong>discederet</strong></span> <span class='ocrx_word' id='word_1_957' title='bbox 3135 5442 3169 5480; x_wconf 91' lang='lat' dir='ltr'><strong>a</strong></span> <span class='ocrx_word' id='word_1_958' title='bbox 3191 5442 3293 5491; x_wconf 88' lang='lat' dir='ltr'><strong>me,</strong></span> <span class='ocrx_word' id='word_1_959' title='bbox 3319 5425 3423 5483; x_wconf 81' lang='lat' dir='ltr'><strong>etc.</strong></span> <span class='ocrx_word' id='word_1_960' title='bbox 3448 5430 3515 5481; x_wconf 84' lang='lat' dir='ltr'><strong>Et</strong></span> <span class='ocrx_word' id='word_1_961' title='bbox 3536 5428 3667 5482; x_wconf 90' lang='lat' dir='ltr'><strong>alibi</strong></span> 
     </span>
    </p>
   </div>
   <div class='ocr_carea' id='block_1_138' title="bbox 2069 5494 3669 5568">
    <p class='ocr_par' dir='ltr' id='par_1_138' title="bbox 2069 5494 3669 5568">
     <span class='ocr_line' id='line_1_141' title="bbox 2069 5494 3669 5568; baseline 0.001 -18"><span class='ocrx_word' id='word_1_962' title='bbox 2069 5509 2260 5551; x_wconf 87' lang='lat' dir='ltr'><strong>rursus</strong></span> <span class='ocrx_word' id='word_1_963' title='bbox 2291 5494 2608 5568; x_wconf 83' lang='lat' dir='ltr'><strong>hujusmodi</strong></span> <span class='ocrx_word' id='word_1_964' title='bbox 2638 5503 2829 5568; x_wconf 89' lang='lat' dir='ltr'><strong>motus</strong></span> <span class='ocrx_word' id='word_1_965' title='bbox 2850 5497 3034 5553; x_wconf 87' lang='lat' dir='ltr'><strong>carnis</strong></span> <span class='ocrx_word' id='word_1_966' title='bbox 3060 5497 3259 5554; x_wconf 85' lang='lat' dir='ltr'><strong>rationi</strong></span> <span class='ocrx_word' id='word_1_967' title='bbox 3289 5505 3669 5568; x_wconf 84' lang='lat' dir='ltr'><strong>repugnantes,</strong></span> 
     </span>
    </p>
   </div>
   <div class='ocr_carea' id='block_1_139' title="bbox 2069 5565 3670 5638">
    <p class='ocr_par' dir='ltr' id='par_1_139' title="bbox 2069 5565 3670 5638">
     <span class='ocr_line' id='line_1_142' title="bbox 2069 5565 3670 5638; baseline 0.001 -17"><span class='ocrx_word' id='word_1_968' title='bbox 2069 5574 2167 5638; x_wconf 87' lang='lat' dir='ltr'><strong>aut</strong></span> <span class='ocrx_word' id='word_1_969' title='bbox 2188 5580 2310 5638; x_wconf 85' lang='lat' dir='ltr'><strong>eam</strong></span> <span class='ocrx_word' id='word_1_970' title='bbox 2324 5565 2755 5638; x_wconf 13' lang='lat' dir='ltr'><strong>Apratvenientes,</strong></span> <span class='ocrx_word' id='word_1_971' title='bbox 2788 5567 3217 5624; x_wconf 85' lang='lat' dir='ltr'><strong>lamentabiliter</strong></span> <span class='ocrx_word' id='word_1_972' title='bbox 3246 5569 3301 5622; x_wconf 91' lang='lat' dir='ltr'><strong>in</strong></span> <span class='ocrx_word' id='word_1_973' title='bbox 3331 5565 3390 5621; x_wconf 86' lang='lat' dir='ltr'><strong>se</strong></span> <span class='ocrx_word' id='word_1_974' title='bbox 3421 5565 3670 5638; x_wconf 82' lang='lat' dir='ltr'><strong>deplorat</strong></span> 
     </span>
    </p>
   </div>
   <div class='ocr_carea' id='block_1_140' title="bbox 2071 5636 3668 5707">
    <p class='ocr_par' dir='ltr' id='par_1_140' title="bbox 2071 5636 3668 5707">
     <span class='ocr_line' id='line_1_143' title="bbox 2071 5636 3668 5707; baseline -0.003 -14"><span class='ocrx_word' id='word_1_975' title='bbox 2071 5636 2157 5693; x_wconf 86' lang='lat' dir='ltr'><strong>his</strong></span> <span class='ocrx_word' id='word_1_976' title='bbox 2187 5636 2363 5693; x_wconf 79' lang='lat' dir='ltr'><strong>verbis</strong></span> <span class='ocrx_word' id='word_1_977' title='bbox 2389 5641 2690 5706; x_wconf 84' lang='lat' dir='ltr'><strong>(Rom.vu)</strong></span> <span class='ocrx_word' id='word_1_978' title='bbox 2718 5636 2745 5693; x_wconf 16' lang='lat'><strong>:7</strong></span> <span class='ocrx_word' id='word_1_979' title='bbox 2769 5640 2937 5696; x_wconf 87' lang='lat' dir='ltr'><strong>Video</strong></span> <span class='ocrx_word' id='word_1_980' title='bbox 2961 5641 3129 5694; x_wconf 87' lang='lat' dir='ltr'><strong>aliam</strong></span> <span class='ocrx_word' id='word_1_981' title='bbox 3148 5641 3315 5707; x_wconf 86' lang='lat' dir='ltr'><strong>legem</strong></span> <span class='ocrx_word' id='word_1_982' title='bbox 3341 5640 3396 5689; x_wconf 86' lang='lat' dir='ltr'><strong>in</strong></span> <span class='ocrx_word' id='word_1_983' title='bbox 3417 5637 3668 5690; x_wconf 72' lang='lat' dir='ltr'><strong>&quot;umbris</strong></span> 
     </span>
    </p>
   </div>
   <div class='ocr_carea' id='block_1_141' title="bbox 2068 5708 3669 5781">
    <p class='ocr_par' dir='ltr' id='par_1_141' title="bbox 2068 5708 3669 5781">
     <span class='ocr_line' id='line_1_144' title="bbox 2068 5708 3669 5781; baseline -0.009 -14"><span class='ocrx_word' id='word_1_984' title='bbox 2068 5710 2200 5764; x_wconf 86' lang='lat' dir='ltr'><strong>meis</strong></span> <span class='ocrx_word' id='word_1_985' title='bbox 2227 5715 2612 5780; x_wconf 83' lang='lat' dir='ltr'><strong>repugnantem</strong></span> <span class='ocrx_word' id='word_1_986' title='bbox 2636 5712 2746 5781; x_wconf 87' lang='lat' dir='ltr'><strong>legi</strong></span> <span class='ocrx_word' id='word_1_987' title='bbox 2770 5714 2960 5766; x_wconf 87' lang='lat' dir='ltr'><strong>mentis</strong></span> <span class='ocrx_word' id='word_1_988' title='bbox 2980 5726 3106 5765; x_wconf 71' lang='lat' dir='ltr'><strong>mea</strong></span> <span class='ocrx_word' id='word_1_989' title='bbox 3128 5714 3179 5763; x_wconf 87' lang='lat' dir='ltr'><strong>et</strong></span> <span class='ocrx_word' id='word_1_990' title='bbox 3197 5708 3669 5781; x_wconf 61' lang='lat' dir='ltr'><strong>captiuontimme</strong></span> 
     </span>
    </p>
   </div>
   <div class='ocr_carea' id='block_1_142' title="bbox 2070 5771 3675 5853">
    <p class='ocr_par' dir='ltr' id='par_1_142' title="bbox 2070 5771 3675 5853">
     <span class='ocr_line' id='line_1_145' title="bbox 2070 5771 3675 5853; baseline -0.009 -17"><span class='ocrx_word' id='word_1_991' title='bbox 2070 5783 2128 5835; x_wconf 86' lang='lat' dir='ltr'><strong>in</strong></span> <span class='ocrx_word' id='word_1_992' title='bbox 2154 5781 2263 5853; x_wconf 77' lang='lat' dir='ltr'><strong>lege</strong></span> <span class='ocrx_word' id='word_1_993' title='bbox 2274 5771 2507 5851; x_wconf 60' lang='lat' dir='ltr'><strong>peccati.</strong></span> <span class='ocrx_word' id='word_1_994' title='bbox 2532 5771 2738 5850; x_wconf 67' lang='lat' dir='ltr'><strong>Infelix</strong></span> <span class='ocrx_word' id='word_1_995' title='bbox 2756 5798 2852 5852; x_wconf 90' lang='lat' dir='ltr'><strong>ego</strong></span> <span class='ocrx_word' id='word_1_996' title='bbox 2877 5784 3058 5836; x_wconf 84' lang='lat' dir='ltr'><strong>homo!</strong></span> <span class='ocrx_word' id='word_1_997' title='bbox 3083 5782 3207 5848; x_wconf 86' lang='lat' dir='ltr'><strong>quis</strong></span> <span class='ocrx_word' id='word_1_998' title='bbox 3232 5771 3314 5831; x_wconf 75' lang='lat' dir='ltr'><strong>me</strong></span> <span class='ocrx_word' id='word_1_999' title='bbox 3337 5771 3588 5824; x_wconf 85' lang='lat' dir='ltr'><strong>liberabit</strong></span> <span class='ocrx_word' id='word_1_1000' title='bbox 3606 5772 3675 5822; x_wconf 75' lang='lat' dir='ltr'><strong>de</strong></span> 
     </span>
    </p>
   </div>
  </div>
