3996 6198
352 282 457 336 279

352 497 606 554 centibus
638 496 827 567 nobis,
855 506 909 555 et
953 499 1010 554 in
1038 514 1299 571 soporem
1325 496 1526 555 laxatis
1554 505 1847 566 occurrat,
1876 496 1956 552 vel

356 598 505 646 certe
525 591 880 664 interpellans
899 592 1081 649 nullos
1100 591 1556 664 concupiscentia:
1579 597 1764 647 motus
1785 590 1960 647 valeat

360 684 614 741 excitare.
641 688 666 717 ³
693 686 849 742 Licet
876 687 1026 741 enim
1045 684 1112 741 ad
1131 685 1350 757 plenam
1377 685 1584 757 peccati
1611 699 1818 741 noxam
1838 684 1960 740 talis

363 778 667 833 commotio
689 779 918 834 minime
945 787 1260 851 reputctur;
1282 787 1473 836 tamen
1493 777 1730 836 necdum
1759 776 1963 850 periec-

1694 276 1973 335 JOANNlS
2008 276 2312 335 CASSIANI

355 405 509 477 plena
554 404 805 477 probatio
825 446 841 473 ,
870 405 916 462 si
956 405 1038 463 vel
1080 405 1226 463 nulla
1253 406 1439 479 imago
1473 403 1749 476 decipiens
1774 404 1955 477 quies-
1980 406 2034 468 Α

3553 276 3663 332 280

2656 398 2899 457 CAPUT
2947 400 3031 454 XI
3043 439 3058 455 .

2280 587 2393 654 Quo
2437 585 2572 640 vitio
2618 584 2798 640 illusio
2841 586 3102 639 nocturna
3132 581 3410 654 procedat.

2141 770 2169 810 δ
2198 776 2441 849 Qualitas
2462 778 2612 834 enim
2638 776 3056 849 cogitationum,
3083 790 3208 847 qua:
3240 773 3669 834 distentionihus

366 878 440 926 tae
468 871 671 926 mentis
701 871 970 927 indicium
1007 880 1111 942 est,
1139 886 1245 928 nec
1262 871 1335 930 ad
1363 888 1567 944 purum
1604 870 1814 929 excocti
1842 870 1959 927 vitii
2068 869 2173 927 diei
2215 871 2576 944 negligentiae
2616 870 2944 938 custoditur,
2990 868 3255 942 probatur
3303 867 3485 941 quiete
3533 886 3673 928 noc-

369 962 771 1031 manifestatio,
802 980 930 1021 cum
960 981 1057 1037 per
1096 963 1317 1023 fallaces
1345 966 1614 1037 imagines
1644 962 1962 1037 hujusmodi
2070 972 2259 1034 turna,
2301 972 2358 1021 et
2384 962 2586 1020 idcirco
2613 967 2638 997 ο
2665 978 2792 1019 cum
2820 963 3185 1019 intercesserit
3225 962 3409 1035 aliqua
3452 963 3578 1020 talis
3605 963 3673 1021 il-

368 1064 622 1128 opcratur
649 1056 840 1114 illusio.

2072 1057 2243 1126 lusio,
2289 1073 2405 1114 non
2429 1058 2588 1130 culpa
2625 1057 2809 1115 somni
2837 1055 3106 1114 credenda
3133 1064 3248 1127 est,
3273 1057 3370 1114 sed
3396 1057 3672 1132 negligen-

1452 1181 1714 1237 ALARDI
1754 1142 1984 1237 cum
2021 1180 2588 1238 COMMENTARIUS.

397 1296 1055 1369 crporehmortishujus?
1086 1296 1147 1353 Id
1188 1306 1300 1362 est,
1330 1296 1397 1354 de
1425 1297 1879 1369 corpore,morti
1912 1304 1969 1353 et

371 1365 627 1436 peccandi
662 1365 951 1423 affectibus
976 1368 1240 1424 obnoxio.
1286 1371 1354 1424 Et
1381 1365 1568 1424 tamen
1602 1368 1726 1439 quis
1754 1368 1969 1424 dubitet

373 1444 591 1519 tantum
631 1439 965 1519 itpostolum
1000 1439 1406 1519 perfectionem
1426 1439 1678 1511 puritatis
1703 1446 1759 1494 et
1796 1439 1966 1519 casti-

376 1508 585 1581 moniae
626 1506 790 1564 fuisse
818 1506 1165 1568 assecutum?
1197 1506 1447 1567 Secundo
1472 1524 1772 1581 repugnare
1800 1510 1965 1565 etiam

375 1577 630 1652 videntur
658 1581 992 1652 gravissimae
1019 1582 1114 1638 SS.
1144 1584 1388 1649 Patrum,
1422 1577 1714 1652 Augustini
1743 1595 1969 1652 praeser-

372 1649 510 1714 tim,
541 1649 897 1707 auctoritates
921 1668 984 1724 ac
1007 1653 1324 1724 testimonia
1344 1694 1360 1717 ,
1400 1649 1598 1724 quibus
1636 1649 1835 1723 passim
1865 1666 1966 1724 _as-

377 1729 571 1793 serunt
598 1730 781 1793 motus
812 1723 991 1778 carnis
1018 1723 1077 1779 in
1119 1723 1223 1778 hac
1260 1723 1370 1779 vita
1400 1720 1524 1793 non
1561 1720 1721 1793 posse
1753 1720 1971 1793 penitus

2072 1299 2339 1363 membra;
2367 1299 2483 1352 licet
2510 1297 2652 1352 veris
2672 1297 3019 1352 sectatoribus
3040 1297 3302 1366 puritatis
3328 1295 3404 1350 ad
3430 1296 3686 1365 obtinen-_

2074 1369 2201 1422 dam
2225 1384 2341 1423 eam
2374 1368 2518 1422 nihil
2548 1368 2868 1438 prwjudicet
2884 1370 2995 1422 ista
3020 1369 3325 1429 commotio,
3354 1383 3517 1436 quam
3557 1369 3669 1424 hac

2073 1440 2203 1494 solet
2226 1440 2498 1494 interdum
2524 1441 2687 1493 etiam
2709 1454 2807 1509 per
2833 1453 3071 1508 soporem
3094 1439 3378 1493 necessitas
3403 1440 3665 1508 excitare,

2074 1511 2344 1565 sciendum
2379 1515 2557 1564 tamen
2605 1514 2712 1577 est,
2752 1510 2897 1579 quod
2940 1512 3021 1564 ita
3072 1512 3124 1562 si
3165 1513 3421 1563 commota
3460 1510 3676 1576 fuerint

2075 1582 2313 1635 membra
2331 1624 2346 1644 ,
2377 1581 2451 1635 ad
2471 1582 2700 1651 quietem
2732 1581 3019 1650 propriam
3054 1580 3381 1634 reducantur
3402 1582 3674 1651 castitatis

2079 1654 2325 1722 imperio,
2354 1655 2417 1705 ut
2444 1650 2548 1705 non
2579 1651 2731 1705 modo
2755 1666 2873 1705 cum
2899 1651 3048 1705 nullo
3069 1652 3314 1720 pruritu,
3344 1650 3439 1722 sed
3462 1666 3527 1705 ne
3553 1667 3672 1706 cum

2082 1721 2305 1777 minimo
2344 1723 2564 1792 quidem
2605 1722 2850 1776 libidinis
2881 1723 3248 1776 recordatione
3287 1721 3560 1776 sedeatur.
3603 1724 3675 1777 Et

376 1790 786 1865 exstinguiLSic
805 1792 957 1848 enim
981 1794 1321 1865 Augustinus
1342 1792 1447 1865 lib.
1477 1780 1971 1865 contraAJu'lianum
1998 1780 2048 1843 Β
2084 1808 2274 1849 rursus
2317 1780 2375 1848 id
2412 1793 2521 1848 [ine
2559 1792 2804 1865 ejusdem
2829 1792 3140 1865 collationis
3171 1791 3321 1863 (Cap.
3368 1794 3462 1861 16)
3497 1810 3511 1847 :
3548 1796 3676 1848 Haac

379 1875 497 1937 cap.
541 1868 573 1937 _5
608 1880 621 1913 :
657 1862 1162 1933 Concupiscentidm,
1203 1864 1396 1937 inquit,
1427 1863 1811 1937 quis‘am‘bigat
1822 1878 1976 1934 posse

376 1934 572 2004 minui,
593 1949 698 1988 non
712 1932 865 2003 posse
879 1939 1153 1990 consumi?
1166 1943 1221 1990 et
1241 1932 1309 1990 [5.
1331 1932 1712 2004 Gregorius,in
1734 1932 1975 2003 primum

374 2003 593 2076 Regum
622 2006 769 2069 (Lib.
801 2020 863 2060 ν.
887 2021 1007 2076 cap.
1035 2013 1094 2063 ιι
1130 2012 1180 2061 et
1203 2007 1299 2060 lib.
1326 2019 1390 2061 vr
1418 2003 1605 2061 Moral.
1628 2020 1674 2059 c.
1705 2010 1795 2070 27)
1822 2024 1835 2059 :
1862 2008 1980 2063 Non

380 2074 595 2142 quidem
616 2076 734 2130 tolli
749 2080 922 2144 potest
940 2074 1114 2144 carni,
1136 2077 1277 2146 quod
1306 2077 1395 2132 lea:
1411 2078 1590 2131 carnis
1612 2077 1850 2132 membra
1865 2091 1971 2131 non

377 2149 611 2212 moveat;
641 2147 734 2200 sed
772 2150 946 2201 tamen
985 2149 1104 2202 tolli
1121 2151 1295 2217 potest
1322 2149 1475 2201 carni
1499 2148 1752 2202 violentia
1782 2149 1971 2202 motio-

378 2216 497 2277 nis,
528 2221 591 2269 ut
612 2216 953 2285 relinquatur
981 2220 1033 2271 ei
1060 2216 1250 2281 motus,
1293 2218 1386 2272 sed
1420 2217 1589 2272 eidem
1613 2219 1784 2272 motui
1806 2219 1976 2273 omnis

379 2285 744 2358 delectationis
776 2288 1065 2343 obscenitas
1099 2291 1407 2355 auferatur,
1441 2293 1491 2342 et
1532 2290 1761 2358 simplex
1797 2293 1974 2343 motus

375 2356 472 2409 ille
499 2357 589 2418 sit,
612 2358 671 2409 in
694 2372 797 2425 quo
831 2360 1018 2428 aliqua
1046 2360 1290 2413 libidinis
1335 2356 1747 2428 turpitudoinon
1777 2362 1868 2412 sit.
1910 2362 1978 2414 Et

378 2435 502 2496 post
534 2445 546 2480 ε
573 2428 701 2483 Cum
728 2429 1050 2485 abstinentes
1071 2445 1303 2500 quosque
1333 2430 1524 2484 divina
1546 2431 1727 2498 gratia
1742 2431 1977 2499 perfecte

378 2504 709 2561 remunerat,
732 2516 767 2551 (ι
785 2502 1148 2570 corporalibus
1170 2517 1346 2555 eorum
1363 2500 1589 2555 motibus
1608 2503 1843 2554 omnium
1863 2500 1977 2554 obs-

381 2570 671 2642 cenitatum
686 2571 893 2625 aculeos
922 2573 1093 2638 tollit;
1131 2573 1224 2626 sed
1247 2574 1323 2626 eis
1343 2574 1483 2642 ipsos
1502 2576 1678 2626 motus
1696 2571 1976 2625 naturales

383 2638 581 2694 deserit
600 2683 615 2702 ,
638 2646 718 2713 Aut
748 2644 949 2696 tenta-ri
990 2658 1194 2713 semper
1232 2638 1471 2713 possint,
1512 2644 1655 2697 vinci
1687 2657 1978 2713 numquam

376 2711 745 2784 possint,dum
762 2713 821 2765 id
838 2713 1039 2784 deserit
1056 2711 1200 2784 quod
1213 2711 1287 2768 eis
1306 2714 1463 2768 valde
1477 2714 1755 2784 displicet;
1794 2712 1888 2767 sed
1901 2714 1978 2767 sic

382 2780 794 2863 debildatguod
814 2783 1028 2863 deserit,
1050 2780 1723 2863 utprwvalereuictdribus
1742 2799 1846 2838 non

380 2853 583 2925 mittat.
618 2853 710 2925 Sic
747 2854 1067 2925 Gregorius.
1114 2853 1216 2911 His
1245 2855 1455 2911 accedit
1489 2854 1729 2911 deﬁnitio
1761 2854 1977 2909 concilii

380 2922 685 2997 Tridentini
737 2922 895 2988 (Sess.
942 2932 1040 2993 v),
1079 2942 1185 2997 qua
1231 2926 1432 2981 dicitur
1457 2941 1671 2980 manere
1714 2928 1875 2997 etiam
1920 2927 1981 2979 in

385 2995 678 3064 baptizatis
704 2995 1186 3065 concupiscentiam,
1210 2997 1513 3065 eamquead
1530 3010 1771 3065 agonem,
1797 2995 1850 3049 id
1876 3002 1979 3062 est,

382 3073 684 3128 certamen,
716 3069 772 3118 in
793 3064 945 3121 nobis
962 3069 1219 3129 relictam,
1243 3070 1320 3121 sic
1340 3064 1557 3129 tamen,‘
1575 3064 1639 3120 ut
1654 3081 1757 3120 non
1776 3080 1979 3120 consen-

383 3135 1093 3223 Efre'éreeieeureum
1103 3138 1980 3223 σνξτίξιίιθεαηίνίιέεσντθραθῖξαη·
2012 3160 2058 3223 c

382 3205 531 3277 tibus
544 3220 725 3259 nocere
739 3220 846 3259 non
861 3207 1061 3277 ualent,
1082 3209 1213 3277 quin
1226 3208 1388 3261 immo
1405 3207 1478 3261 ad
1495 3205 1742 3262 coronam
1753 3208 1986 3261 multum

376 3276 576 3397 prosit.
606 3277 688 3329 De
719 3290 826 3345 qua
858 3276 1047 3332 itidem
1073 3278 1253 3333 carnis
1281 3286 1338 3334 et
1365 3278 1593 3349 spiritus
1627 3278 1982 3350 repugnantia

405 3352 493 3397 ale
514 3352 569 3397 et
588 3360 654 3397 ex
680 3345 925 3397 professo
948 3349 1061 3397 agit
1092 3353 1297 3397 Auctor
1319 3348 1609 3397 collatione
1622 3358 1833 3397 num-ta.
1860 3363 1982 3397 olim

405 3352 493 3421 ulc
514 3352 569 3400 et
588 3360 654 3401 ex
679 3345 925 3421 professo
948 3349 1061 3421 agit
1087 3353 1297 3405 Auctor
1319 3345 1609 3405 collatione
1622 3345 1833 3421 quarta,
1860 3363 1983 3420 quae

386 3415 919 3491 de__concupiscentia
957 3415 1134 3475 carnis
1170 3426 1222 3476 et
1264 3423 1488 3491 spiritus
1529 3415 1894 3485 inscribitur;
1927 3427 1982 3475 et

386 3486 675 3561 collatione
700 3494 768 3543 23
789 3530 806 3556 ,
834 3490 901 3544 de
928 3506 985 3545 eo
1013 3492 1162 3561 quod
1184 3486 1315 3546 dicit
1336 3493 1660 3561 Apostolus:
1693 3494 1809 3547 Non
1840 3491 1982 3559 quod

384 3558 500 3633 uolo
524 3558 736 3633 bonum,
760 3560 854 3613 hoc
868 3558 1041 3633 fueio;
1055 3570 1159 3617 etc.
1186 3564 1266 3618 Ut
1289 3558 1455 3633 igitur
1468 3561 1587 3633 haec
1607 3558 1979 3633 concilientur,

280 3700 283 3701 ν
386 3627 494 3698 pie,
526 3630 707 3703 quoad
729 3627 1230 3703 ejustﬁeri’potest,
1262 3627 1615 3703 ex'ponendus
1643 3638 1725 3686 est
1763 3627 1978 3703 Cassia;

386 3714 523 3772 nus,
554 3699 647 3770 qui
687 3699 871 3772 pietati
900 3699 1254 3772 cum—primis
1283 3699 1553 3759 studuisse
1574 3702 1921 3772 cognoscitur
1961 3721 1977 3756 :

386 3770 629 3844 primum
667 3770 923 3844 quidem,
949 3780 1022 3844 rut
1061 3770 1118 3829 id
1149 3773 1280 3844 velit
1302 3772 1517 3844 dicere,
1548 3770 1849 3844 perfectum
1877 3772 1982 3844 ho-

387 3842 631 3915 minem,
680 3843 783 3897 Dei
823 3843 992 3915 gratia
1035 3844 1092 3900 id
1133 3842 1396 3911 faciente,
1444 3843 1514 3899 ad
1550 3842 1683 3898 eum
1721 3843 1982 3899 castitatis

386 3913 616 3987 gradum
643 3928 802 3987 posse
830 3913 1135 3987 pertingere
1156 3956 1172 3982 ,
1204 3915 1260 3970 in
1292 3930 1401 3987 quo
1423 3916 1753 3987 constitutus
1780 3929 1983 3987 concu-

384 3984 668 4057 piscentim
710 3985 965 4057 stimulos
1005 3984 1092 4041 vix
1140 4002 1204 4042 ac
1243 3984 1326 4041 ne’
1353 3984 1441 4040 vix
1481 3985 1704 4057 quidem
1744 3985 1979 4057 sentiat,

387 4055 608 4121 perinde
627 4071 691 4111 ac
714 4056 758 4111 si
780 4056 899 4123 ejus
921 4057 1191 4114 incentiva
1217 4057 1448 4113 omnino
1477 4055 1656 4112 essent
1679 4056 1977 4123 exstincta;

385 4126 535 4197 quod
561 4126 732 4201 abbas
752 4126 1082 4185 Chaeremon
1105 4127 1373 4201 signiﬁcat
1392 4129 1703 4201 (Collat.}z
1717 4143 1836 4201 cap.
1868 4133 1980 4196 12),

388 4214 514 4253 cum
545 4198 619 4254 ait
646 4219 658 4253 :
686 4202 890 4269 Magna
914 4217 976 4256 ac
997 4198 1230 4270 miriﬁca
1245 4204 1406 4263 sunt,
1445 4215 1537 4254 nec
1562 4200 1666 4254 ulli
1686 4200 1978 4262 hominum,

387 4270 612 4342 nisihis
642 4273 857 4326 tantum
878 4275 978 4340 qui
990 4275 1204 4342 experti
1230 4276 1373 4335 sunt,
1399 4276 1550 4338 nota,
1580 4286 1701 4341 quae
1724 4273 1981 4326 Dominus

391 4340 639 4412 ﬁdelibus
653 4342 962 4412 suisiadhuc
977 4345 1036 4395 in
1056 4340 1168 4397 isto
1191 4344 1549 4412 corruptionis
1569 4340 1782 4396 uasculo
1801 4343 1983 4396 consti-

390 4410 523 4480 tutis
542 4450 555 4468 ,
587 4410 858 4476 incﬂ'abili
882 4412 1206 4466 liberalitate
1234 4410 1488 4480 largitur.
1527 4416 1604 4467 De
1622 4413 1815 4480 quibus
1846 4415 1982 4467 Pro-

388 4478 551 4546 pheta
580 4480 752 4552 (l’sul.
786 4482 1099 4552 cxxxvm)
1133 4497 1148 4533 :
1179 4478 1337 4536 Mira
1360 4497 1523 4551 opera
1566 4478 1680 4535 tua.
1714 4484 1784 4535 Et
1820 4481 1980 4552 paulo

2080 1868 2158 1919 est
2188 1865 2566 1918 consummatio
2589 1864 2858 1918 castitatis
2876 1905 2891 1926 ,
2921 1868 2984 1917 ut
3009 1864 3321 1932 vigilantem
3356 1865 3673 1918 monachum

2083 1935 2355 1989 oblectatio
2397 1935 2641 1989 libidinis
2668 1934 2818 1988 nulla
2842 1937 3197 2003 perstringat,
3231 1938 3282 1987 et
3324 1935 3671 2002 quiescentem

2082 2008 2403 2060 somniorum
2427 2020 2535 2059 non
2560 2006 2729 2071 fallat
2750 2006 2929 2059 illusio
2949 2024 2966 2058 :
2993 2005 3088 2059 sed
3103 2020 3222 2059 cum
3242 2004 3528 2058 dormienti
3551 2009 3676 2059 tan-

2078 2082 2191 2131 tum
2210 2092 2311 2146 per
2333 2078 2520 2146 sopita:
2542 2078 2730 2130 mentis
2749 2077 3020 2130 incuriam
3042 2077 3313 2130 commotio
3331 2077 3506 2129 carnis
3525 2076 3674 2131 obre-

2077 2150 2273 2218 pserit,
2304 2146 2747 2217 quemadmodum
2773 2149 2886 2201 sine
2914 2147 3026 2218 ulla
3047 2147 3357 2201 titillatione
3382 2146 3675 2215 voluptatis

2084 2215 2330 2272 excitata
2348 2223 2453 2280 est,
2480 2220 2560 2272 ita
2585 2219 2746 2271 etiam
2781 2219 2896 2272 sine
2926 2215 3036 2271 ullo
3054 2220 3276 2287 pruritu
3298 2220 3533 2285 corporis
3554 2232 3678 2272 con-

2084 2291 2339 2359 quiescat.
2387 2290 2684 2358 Hucusque
2710 2287 2879 2343 abbas
2920 2287 3393 2359 ChaeremonJel
3431 2287 3534 2359 sub
3562 2287 3679 2359 eius

2083 2357 2317 2431 persona
2366 2357 2677 2431 Cassianus.
2730 2359 3008 2431 Agnoscit
3045 2358 3212 2431 igitur
3236 2358 3420 2431 etiam;
3446 2358 3504 2412 in
3534 2357 3677 2414 viris

2084 2427 2336 2500 perfectis
2355 2471 2371 2495 ,
2408 2429 2521 2485 sive
2550 2427 2899 2501 vigilantibus
2917 2468 2933 2496 ,
2964 2427 3085 2501 sive
3104 2427 3522 2491 dormientibus,
3551 2442 3678 2484 mo-

2084 2498 2208 2556 tum
2244 2501 2422 2555 carnis
2449 2508 2506 2554 et
2546 2498 2947 2569 membrorum,
2984 2498 3080 2556 sed
3106 2508 3333 2556 exutum
3359 2507 3413 2555 et
3440 2513 3678 2555 vacuum

2085 2571 2470 2636 oblectatione,
2498 2571 2798 2641 voluptate,
2821 2585 3110 2627 consensu.

2157 2646 2183 2674 "
2213 2642 2598 2723 Paraplirastes
2638 2640 2656 2695 ξ
2691 2642 2942 2723 Quamvis
2972 2643 3099 2697 talis
3127 2641 3400 2723 commotio
3439 2640 3679 2723 (genita-

2087 2712 2225 2768 lium
2256 2711 2547 2794 scilicetin
2577 2712 2822 2794 somnis)_
2853 2717 3275 2794 nqn_reputetui'.
3299 2713 3457 2794 plene
3481 2714 3539 2766 in
3566 2713 3682 2767 cul-

2079 2800 2230 2854 pam,
2253 2792 2358 2856 etc.
2387 2782 2583 2856 Agitur
2599 2783 2753 2856 enim
2767 2782 2859 2838 hic
2874 2783 2941 2838 de
2951 2782 3277 2856 huiusmodi
3299 2783 3560 2856 motibus,
3582 2797 3683 2856 seu

2088 2853 2464 2925 motionibus;
2507 2868 2633 2925 quae
2663 2853 3096 2925 quiescentibus,
3124 2854 3181 2925 id
3211 2861 3314 2917 est,
3348 2853 3678 2925 dormienti:

2087 2924 2211 2992 bus,
2244 2934 2299 2980 et
2335 2925 2394 2979 in
2418 2923 2888 2995 soporem‘laxatis
2910 2940 2977 2979 ex
3003 2924 3241 2995 quodam
3270 2925 3566 2990 insomnio,
3595 2923 3680 2979 vel

2090 2995 2378 3067 illusione,
2412 2995 2682 3066 contingit
2702 3036 2718 3063 ,
2760 3003 2822 3051 ut
2848 3003 2998 3067 patet
3018 2994 3138 3051 tum
3164 3009 3229 3050 ex
3257 2994 3437 3067 verbis
3471 3008 3683 3067 praece-

2088 3065 2344 3138 dentibus
2367 3106 2383 3132 ,
2410 3074 2532 3121 tum
2578 3065 2640 3138 ei
2690 3081 2810 3138 cap.
2849 3065 3123 3137 sequenti.
3164 3067 3256 3122 Sic
3303 3065 3488 3138 etiam'
3506 3065 3681 3121 abbas

2089 3136 2415 3193 Chaeremon
2442 3136 2690 3206 superius
2709 3136 2908 3192 citatus
2934 3136 3110 3207 (Coll.
3137 3143 3223 3202 12,
3246 3152 3364 3207 cap.
3394 3137 3474 3207 ιι)
3499 3157 3512 3192 :
3536 3139 3687 3193 Licet

2088 3210 2226 3263 reris
2252 3208 2594 3263 sectatoribus
2622 3210 2886 3277 puritatis
2914 3208 2988 3262 ad
3015 3208 3355 3263 obtinendam
3378 3223 3498 3261 eam
3535 3208 3676 3261 nihil

2084 3280 2399 3349 prajudicet
2430 3281 2541 3333 ista
2574 3281 2878 3341 commotio,
2918 3295 3080 3347 quam
3107 3279 3217 3333 hac
3248 3279 3379 3333 solet
3409 3278 3685 3349 interdum

2089 3348 2252 3421 etiam
2270 3365 2369 3420 per
2394 3365 2631 3421 soporem
2653 3352 2935 3405 necessitas
2956 3353 3213 3404 excitare.
3239 3350 3311 3403 Et
3331 3349 3582 3421 similiter
3611 3348 3684 3404 de

2089 3420 2341 3476 illusione
2367 3429 2635 3476 nocturna
2667 3422 2819 3491 (Cap.
2845 3427 2877 3475 7
2894 3460 2910 3486 ,
2938 3421 3088 3491 ibid)
3119 3438 3133 3475 :
3158 3422 3300 3476 Licet
3327 3421 3463 3474 hanc
3489 3420 3685 3487 ludi/l-

2087 3494 2344 3546 cationem
2368 3498 2579 3561 peccato
2603 3506 2711 3546 esse
2733 3493 3019 3545 obnoxiam
3041 3507 3149 3546 non
3170 3492 3464 3551 credamus,
3495 3505 3688 3544 concu-

2082 3565 2359 3632 piscentia
2392 3567 2568 3616 tamen
2593 3563 2769 3617 adhuc
2795 3563 3103 3617 medullitus
3132 3563 3396 3632 latitantis
3418 3561 3688 3632 indicium

2088 3631 2186 3687 est.
2220 3634 2391 3687 Porro
2414 3632 2723 3687 commotio
2750 3632 2865 3688 sive
2891 3632 3136 3688 titillatio
3165 3633 3343 3687 carnis
3365 3631 3685 3687 involunta-

2090 3704 2170 3758 ria
2191 3743 2207 3772 ,
2232 3703 2354 3787 sive
2392 3702 2736 3787 in_somnis,
2761 3703 2870 3758 sive
2909 3704 2967 3758 in
3008 3703 3191 3787 vigilia
3209 3702 3515 3787 contingat,
3543 3717 3679 3787 cum

2089 3789 2239 3829 mere
2267 3772 2531 3828 naturalis
2553 3774 2652 3836 sit,
2675 3778 2739 3844 et
2761 3789 2827 3828 ex
2868 3772 3112 3844 corporis
3135 3772 3455 3829 habitudine
3482 3788 3546 3828 ac
3567 3772 3689 3828 dis-

2089 3844 2357 3916 positione
2378 3883 2397 3914 ,
2424 3858 2521 3899 seu
2544 3859 2606 3898 ex
2635 3843 2742 3916 cibi
2769 3843 2995 3915 potusve
3023 3845 3285 3916 qualitate
3303 3885 3318 3912 ,
3344 3852 3440 3916 aut
3463 3851 3688 3916 natura:

2087 3915 2409 3971 necessitate
2454 3915 2774 3984 proveniat,
2822 3931 2934 3971 non
2975 3915 3145 3972 mndo
3177 3915 3381 3986 peccati
3419 3915 3692 3986 rationem

2087 4002 2200 4042 non
2240 3986 2437 4049 habet,
2461 3986 2557 4042 sed
2591 3994 2647 4040 et
2672 3985 3231 4057 meritioccasionein
3263 3986 3487 4057 praebet,
3514 3985 3559 4041 si
3583 4001 3692 4057 vo-

2089 4058 2268 4113 luntas
2302 4058 2352 4112 ei
2380 4064 2678 4128 repugnet,
2707 4056 2937 4128 etiuullo
2972 4056 3141 4113 modo
3170 4056 3491 4128 consentiat.
3538 4056 3694 4128 Hinc

2089 4132 2160 4184 D.
2195 4127 2532 4199 Augustinus
2576 4127 2671 4182 lib.
2697 4143 2720 4183 1
2757 4127 2825 4183 de
2855 4127 3013 4183 Civit.
3039 4144 3168 4199 cap.
3212 4133 3280 4183 25
3316 4146 3327 4181 :
3354 4129 3434 4189 Si,
3467 4127 3648 4197 inquit
3670 4169 3690 4198 ,

2090 4202 2187 4254 illa
2206 4199 2699 4268 concupiscentialis
2718 4199 3097 4262 inobedientia,
3114 4215 3235 4269 qua:
3251 4199 3425 4254 adhuc
3444 4200 3501 4250 in
3527 4213 3695 4253 mem-

2091 4272 2203 4327 bris
2226 4269 2562 4324 moribundis
2589 4269 2819 4332 habitat,
2842 4276 3043 4339 prater
3065 4276 3262 4325 nostra:
3297 4270 3586 4324 voluntatis
3612 4269 3701 4323 le-

2087 4358 2230 4411 gem,
2264 4342 2423 4409 quasi
2459 4341 2573 4408 lege
2600 4354 2701 4394 sua
2740 4345 2998 4403 movetur,
3042 4346 3242 4410 quanto
3275 4342 3452 4408 magis
3480 4340 3694 4410 absque

2088 4414 2244 4480 culpa
2264 4415 2342 4465 est
2353 4412 2410 4464 in
2427 4425 2641 4479 corpore
2658 4427 2761 4465 non
2790 4414 3192 4475 consentientis,
3223 4415 3273 4465 si
3295 4413 3495 4481 absque
3515 4412 3685 4480 culpa

2094 4488 2169 4539 est
2193 4485 2257 4555 in
2278 4496 2494 4555 corpore
2520 4482 2840 4555 dormientis
2856 4486 2876 4538 ,ν
2903 4486 2976 4537 Ita
2999 4483 3357 4555 Augustinus.
3390 4485 3576 4555 Potest
3589 4495 3699 4537 au-

390 4554 513 4625 post
549 4566 561 4600 :
592 4550 730 4625 Quis
746 4551 893 4625 enim
913 4565 1018 4603 non
1038 4552 1368 4625 obstupeseat
1392 4550 1554 4620 Opera
1574 4554 1671 4605 Dei
1697 4550 1986 4625 cum—illum
2018 4552 2070 4615 D
2095 4563 2207 4625 tem
2246 4551 2559 4625 huiusmodi
2588 4553 2766 4625 carnis
2789 4550 3124 4618 commotio}
3157 4568 3253 4610 seu
3292 4553 3537 4625 prurigo,
3566 4566 3701 4608 esse

391 4621 571 4687 ignem
595 4619 871 4681 libidinis:
887 4635 1039 4689 quem
1074 4622 1381 4675 naturalem
1408 4619 1567 4675 antea
1596 4625 1646 4676 et
1671 4622 1813 4676 velut
1832 4624 1986 4677 inea:-

390 4691 759 4763 stinguibilem
787 4706 896 4746 esse
923 4691 1189 4755 credebat,
1210 4693 1292 4746 ita
1312 4693 1627 4761 refriguthse
1644 4696 1984 4763 persenserit,

389 4765 453 4817 ut
472 4777 537 4817 ne
554 4762 788 4833 simplici
803 4764 1018 4832 quidem
1036 4765 1267 4833 corporis
1285 4768 1432 4818 motu
1447 4778 1502 4818 se
1519 4767 1719 4818 sentiat
1730 4766 1987 4820 incitari?

389 4833 481 4890 Sic
506 4832 616 4890 ille.
640 4832 711 4890 Et
736 4832 1255 4907 quidemaliquibus
1280 4834 1385 4907 hoc
1411 4833 1620 4907 donum
1652 4833 1818 4891 fuisse
1846 4850 1986 4891 con-

389 4920 605 4962 cessum
646 4904 817 4962 nemo
845 4904 1089 4975 dubitat,
1127 4905 1219 4978 qui
1259 4905 1344 4962 vel
1376 4906 1629 4978 tenuiter
1665 4914 1986 4963 sanctorum

389 4992 479 5050 res
526 4984 706 5050 gestas
753 4978 998 5050 attigerit
1041 4999 1052 5034 :
1103 4976 1414 5050 cujusmodi
1462 4977 1672 5035 donum
1714 4978 1882 5034 etiam
1928 4978 1985 5033 in

388 5047 594 5102 Sereno
623 5047 820 5103 abbate
858 5047 1119 5118 praedicat
1151 5047 1444 5106 Cassianus
1470 5049 1696 5119 (Collat.
1729 5057 1761 5106 7
1792 5065 1837 5104 c.
1875 5054 1907 5103 2
1937 5053 1988 5104 et

387 5119 507 5172 coll.
541 5123 604 5192 lg
631 5133 674 5192 e_.
705 5119 888 5192 7_),_et
908 5136 1013 5192 nos
1041 5120 1245 5192 ibidem
1274 5121 1377 5192 alia
1406 5121 1660 5192 exempla
1675 5119 1988 5177 subnotavi-

388 5202 533 5243 mus.
570 5187 793 5270 Deinde.
815 5188 944 5245 licet
968 5191 1259 5270 Cassianus
1288 5191 1538 5270 videatur
1562 5187 1989 5270 :velleabrogarc

390 5273 632 5331 omnem;
658 5261 963 5331 motionem
996 5262 1206 5331 carnis,
1251 5263 1416 5317 etiam
1456 5262 1511 5317 in
1548 5261 1984 5331 dormientibus;

386 5328 744 5413 uihiiomiuus
772 5330 1002 5412 ipsemet
1042 5330 1189 5387 haud
1219 5332 1450 5389 obscure
1474 5331 1746 5413 signiﬁcat
1778 5332 1833 5413 ip
1860 5328 1983 5413 per;

388 5400 548 5473 fectis
585 5400 752 5473 etiam
792 5401 923 5457 viris
948 5417 1233 5458 remanere
1261 5418 1495 5473 sensum,
1524 5400 1764 5473 aliquem
1792 5400 1986 5473 hujus-

388 5471 541 5546 modi
570 5472 885 5546 motiouum
902 5512 918 5537 ,
944 5488 1255 5546 quamnon
1286 5483 1443 5546 putat
1468 5472 1537 5546 de
1563 5471 1831 5546 castitatis
1865 5471 1987 5544 per-

387 5542 626 5616 fectione
642 5542 939 5616 quidquam
959 5542 1260 5616 detrahere.
1286 5542 1377 5603 Sic
1396 5545 1545 5600 enim
1559 5544 1647 5616 ‘ait
1674 5544 1732 5599 in
1757 5542 1987 5616 ipsemet

388 5613 678 5671 collatione
714 5614 768 5668 in
790 5613 918 5686 'qua
965 5614 1104 5671 adeo
1145 5630 1367 5673 severus
1397 5625 1481 5671 est
1506 5613 1985 5673 adversus—carnis

388 5686 646 5743 stimulos
679 5687 895 5757 (Collat.
927 5692 990 5741 12
1037 5703 1155 5757 cap.
1192 5688 1296 5757 11)
1335 5706 1347 5741 :
1378 5688 1527 5755 Quod
1550 5691 1728 5742 autem
1751 5703 1853 5758 per
1881 5689 1976 5744 hoc

385 5758 749 5815 inevitabilem
767 5759 1160 5813 commotionem
1176 5760 1351 5813 carnis
1370 5760 1629 5823 asseritis,
1650 5761 1790 5827 quod
1804 5761 1981 5827 urina,

384 5846 510 5887 cum
536 5833 763 5889 vesicam
782 5830 912 5901 jugi
935 5830 1224 5885 stillatione
1241 5830 1544 5900 repleverit,
1567 5830 1749 5903 quieta
1770 5833 1986 5888 suscitet

2097 4623 2433 4685 voluntaria,
2477 4624 2558 4677 vel
2584 4623 2640 4678 in
2668 4639 2759 4691 se,
2804 4625 2883 4680 vel
2914 4624 2970 4678 in
2995 4640 3092 4680 sua
3123 4623 3316 4691 causa,
3361 4631 3417 4679 et
3459 4630 3701 4680 eatenus

2135 4694 2300 4751 eccati
2326 4694 2600 4765 rationem
2639 4693 2829 4760 habet,
2874 4703 3140 4765 quatenus
3166 4703 3353 4750 contra
3383 4695 3467 4748 vel
3497 4702 3712 4765 praeter

2119 4782 2275 4839 egem
2323 4764 2626 4839 honestatis
2673 4764 3001 4839 directevel
3051 4766 3319 4839 iuditecte
3351 4764 3713 4839 voluntaria;

2097 4835 2331 4909 cu‘mque
2356 4836 2677 4909 plerumque
2699 4836 2771 4892 sit
2795 4835 3048 4909 quaedam
3079 4836 3373 4909 inchoatio
3383 4851 3482 4891 seu
3510 4836 3719 4909 dispe-

2096 4910 2221 4967 sitio
2244 4906 2333 4964 'ad
2360 4906 2749 4977 pollutionem,
2793 4906 2922 4963 inde
2965 4907 3299 4963 sumendum
3341 4906 3410 4963 de
3445 4921 3509 4962 ea
3551 4906 3726 4962 indi-

2095 4983 2247 5039 cium
2289 4976 2921 5050 :_proin_de_consulenda
2970 4993 3095 5050 quae
3133 4979 3200 5035 de
3246 4978 3555 5050 pollutione
3610 4976 3723 5033 di-

2086 5059 2287 5110 .centur
2309 5047 2363 5104 in
2387 5048 2800 5105 Collationibus.
2963 5047 3005 5097 .“
3246 5047 3264 5050 “
3676 5112 3681 5115 η

2166 5119 2193 5156 ³³
2240 5120 2575 5192 Dionysiana
2616 5118 3290 5192 paraphrasiszNocturna
3325 5121 3502 5190 quiete
3531 5134 3715 5192 mon-

2094 5198 2305 5251 stratur
2341 5191 2589 5261 qualibus
2626 5191 3066 5247 distractionibus
3100 5194 3478 5260 cogitationum
3500 5191 3720 5261 negli-

2095 5267 2305 5336 gentius
2345 5260 2630 5336 euagemur
2673 5264 2733 5316 in
2772 5263 2878 5336 die.
2928 5265 3103 5319 Porro
3129 5263 3199 5319 de
3246 5260 3599 5336 illusionibus
3639 5272 3724 5318 et

2094 5331 2490 5408 pollutionibus
2538 5332 2850 5408 nocturnis,
2895 5348 3195 5404 earumque
3244 5332 3460 5399 causis,
3508 5331 3731 5403 agitur

2095 5405 2320 5480 plenius
2350 5405 2540 5480 collat_._
2559 5406 2628 5459 22
2671 5420 2793 5474 cap.
2826 5410 2859 5460 5
2879 5412 3207 5480 et__seq_uent.

2164 5487 2188 5516 ο
2214 5474 2543 5547 Hujusmodi
2584 5472 2885 5531 nocturnas
2923 5472 3202 5547 illusiones
3244 5481 3301 5531 et
3342 5472 3733 5547 somniorum

2095 5544 2333 5605 ludibria
2347 5563 2427 5618 ex
2471 5546 2895 5618 anteactarvitaa
2935 5545 3147 5618 actibus
3172 5553 3228 5602 et
3269 5544 3739 5618 cogitationibus

2090 5620 2192 5676 sibi
2223 5616 2460 5683 residua,
2486 5625 2540 5673 et
2566 5616 2795 5673 subinde
2819 5617 3181 5688 occurrentia,
3204 5613 3568 5688 cum'gemitu
3596 5613 3738 5688 dp-

2132 5691 2290 5759 lorat,
2317 5697 2372 5745 et
2405 5688 2477 5745 ab
2506 5688 2572 5745 iis
2603 5688 2817 5744 liberari
2845 5689 3051 5759 expetit
3080 5684 3522 5759 D.'Augus'tinus
3548 5684 3604 5740 in
3635 5685 3745 5759 ii-

2090 5708 2290 5819 Ειᾳῐδῑ,
2317 5708 2372 5745 OE
2405 5708 2477 5772 au
2506 5708 2572 5745 IIS
2603 5708 2817 5772 "081'de
2845 5708 3051 5759 expetit
3080 5708 3150 5744 υ.
3183 5708 3522 5768 Augusuuus
3548 5708 3604 5740 ιιι
3636 5708 3739 5774 ξιτ

2131 5779 2205 5819 ris
2225 5759 2642 5820 Confessuonum
2669 5760 2817 5830 (Lib.
2844 5776 2908 5826 x,
2925 5775 3041 5830 cap.
3072 5760 3169 5830 30)
3206 5778 3218 5814 :
3244 5758 3459 5825 Adhuc,
3490 5766 3739 5830 inqu-tl

2090 5837 2280 5890 vivunt
2288 5836 2345 5889 in
2358 5834 2613 5889 memoria
2625 5847 2743 5887 mea
2760 5832 2953 5887 talium
2966 5829 3143 5887 rerum
3159 5831 3445 5900 imagines,
3460 5841 3595 5900 quas
3612 5829 3741 5887 ibi
