3996 6198
279 223 369 277 281

761 219 850 274 DE
885 216 1365 275 C(ENOBIORUM
1402 214 1552 271 INST
1559 215 1647 270 IT.
1686 214 1812 270 LIB.
1854 215 1948 271 Vl.
1982 245 2058 258 —
2093 217 2183 273 DE
2218 218 2487 278 SPIRITU
2527 220 3076 280 FORNICATIONIS.

3461 226 3566 282 282

280 346 347 402 tia
392 344 644 415 temporis
697 343 1090 415 praecedentis,
1138 350 1192 399 et
1241 339 1614 398 manifestatio
1669 341 1851 398 morbi
1879 346 1935 410 Α
1959 358 2325 417 cognoscam,
2374 347 2486 404 illic
2530 364 2718 405 curam
2767 347 3021 407 adhibuit
3064 349 3568 419 medicinaefunde

281 436 487 493 latentis
507 435 858 501 intrinsecus,
906 451 1071 508 quem
1098 451 1211 491 non
1237 434 1490 506 primitus
1510 434 1692 491 noctis
1720 434 1857 492 hora

278 530 550 604 parturiit,
586 528 683 587 sed
724 529 935 586 intimis
975 530 1176 586 animae
1216 528 1555 586 reconditum
1592 528 1747 586 ﬁbris
1788 528 1860 586 ad

278 624 412 680 cutis
430 622 766 694 superﬁciem
791 623 974 680 somni
1000 620 1294 680 refectione
1317 614 1600 695 prdduxit,
1623 637 1862 695 arguens

276 716 504 774 occultas
525 725 767 774 aestuum
788 716 990 785 febres,
1009 731 1145 790 quas
1167 732 1262 789 per
1284 724 1469 772 totum
1496 715 1602 772 diei
1622 716 1861 789 spatium

274 813 446 869 noxiis
474 812 898 885 cogitationibus
946 812 1087 883 pasti
1117 811 1495 868 contraximus
1540 830 1553 865 :
1584 818 1646 867 ut
1687 810 1864 867 solent

273 905 430 963 malae
460 921 678 978 quoque
719 904 1060 962 valetudines
1101 919 1398 977 corporum
1439 918 1557 960 non
1583 919 1646 961 ea
1683 903 1862 976 colligi

273 1002 589 1066 tempestate
614 994 669 1050 in
708 1009 814 1067 qua
844 993 1101 1050 videntur
1128 1007 1435 1065 emergere,
1467 991 1564 1048 sed
1592 991 1864 1066 negligen-

271 1090 343 1146 tia
389 1098 519 1146 sunt
563 1089 836 1162 praeteriti
880 1089 1143 1161 temporis
1179 1087 1480 1158 acquisita,
1518 1102 1629 1160 quo
1675 1095 1865 1160 pastus

267 1181 386 1253 quis
432 1181 817 1254 imprudenter
853 1180 990 1239 escis
1022 1180 1185 1236 saluti
1214 1180 1502 1237 contrariis
1545 1179 1741 1238 noxios
1765 1179 1864 1238 hu-

266 1291 453 1333 mores
481 1275 730 1343 sibimet,
772 1274 1101 1345 letbalesque
1123 1273 1427 1330 contraxit.

834 1411 1074 1468 CAPUT
1107 1412 1234 1466 ΧΠ.

265 1540 413 1609 Quod
454 1543 640 1597 carnis
666 1544 882 1612 paritas
919 1543 1054 1667 sig?
1081 1541 1362 1625 munditia
1412 1542 1587 1598 cordis
1630 1547 1865 1614 nequeat

939 1627 969 1667 ο
1030 1628 1187 1667 meri.

939 1627 1187 1669 ootmeri.

1965 453 2160 496 causas
2186 440 2367 497 morbi
2398 441 2764 515 principaliter
2785 452 3013 501 noverat
3039 459 3296 501 emanare
3326 464 3339 500 :
3370 448 3394 477 ³
3426 445 3565 517 Qui-

1965 547 2220 605 cumque,
2249 533 2522 605 inquiens,
2548 535 2747 591 viderit
2770 536 3059 592 mulierem
3081 536 3151 593 ad
3177 536 3566 607 concupiscen-

1966 624 2100 683 dum
2151 640 2310 694 eam,
2344 626 2465 699 jam
2507 627 2815 686 mmcbatus
2854 637 2938 685 est
2978 644 3102 686 eam
3142 629 3200 685 in
3245 627 3411 686 corde
3460 645 3565 687 suo

1973 717 2191 789 (Matth.
2221 719 2316 788 ν).
2348 712 2376 751 δ
2402 720 2713 775 Petulantes
2740 720 2929 777 oculos
2956 730 3179 790 notans,
3205 737 3317 778 non
3338 730 3451 778 tam
3472 736 3567 778 eos

1968 811 2173 884 arguit,
2213 828 2379 885 quam
2428 813 2585 870 illum
2628 813 2947 871 interiorem
2974 829 3195 871 sensum
3216 854 3233 882 ,
3259 814 3354 885 qui
3383 812 3565 871 ofﬁcio

1969 918 2163 961 eorum
2207 905 2353 963 male
2379 907 2554 962 utitur
2599 906 2669 963 ad
2716 906 3032 964 videndum.
3074 907 3181 963 Cor
3206 922 3448 978 namque
3481 914 3568 964 est

1970 1013 2179 1071 aegrum
2206 1008 2260 1055 et
2282 1000 2527 1056 saucium
2545 1000 2781 1057 libidinis
2806 1002 2918 1057 telo
2940 1001 3088 1073 quod
3103 1001 3172 1057 ad
3194 1002 3569 1073 concupiscen-

1970 1092 2106 1149 dum
2163 1091 2359 1150 videt:
2400 1093 2729 1151 beneﬁcium
2791 1095 3028 1151 intuitus
3079 1104 3228 1152 recte
3272 1095 3496 1153 sibimet
3537 1110 3567 1151 a

1969 1193 2213 1243 creatore
2236 1202 2582 1257 concessum,
2621 1203 2724 1245 suo
2755 1189 2890 1244 vitio
2916 1188 2985 1244 ad
3010 1204 3241 1261 operum
3272 1204 3567 1261 pravorum

1969 1281 2268 1338 ministeria
2293 1290 2690 1355 contorquens,
2722 1290 2778 1340 et
2800 1283 2854 1339 in
2889 1283 3186 1354 semetipso
3218 1282 3567 1339 reconditum

1973 1375 2426 1447 concupiscentiae
2470 1375 2734 1432 morbum
2769 1374 3244 1448 contemplationis
3278 1375 3571 1432 occasione

1972 1467 2296 1538 producens.
2345 1469 2559 1527 Idcirco
2602 1484 2732 1543 ergo
2784 1470 2912 1526 huic
2972 1469 3287 1543 praecipitur
3330 1469 3569 1526 salutare

1969 1561 2319 1633 mandatum,
2349 1563 2509 1636 cujus
2533 1564 2666 1620 vitio
2697 1564 2968 1635 pessimus
2990 1563 3219 1637 languor
3237 1562 3385 1620 visus
3411 1576 3569 1619 occa-

1967 1654 2125 1711 sione
2158 1642 2424 1727 procedit.
2472 1660 2597 1715 Non
2640 1657 2787 1713 enim
2824 1657 3044 1726 dicitur,
3097 1657 3266 1715 Omni
3320 1655 3568 1713 custodia

328 1742 574 1816 Ideoque
592 1741 818 1800 humani
845 1743 1055 1816 generis
1082 1750 1295 1802 creator
1322 1751 1376 1800 et
1403 1742 1660 1801 conditor
1682 1746 1852 1813 Deus,
1884 1760 1934 1823 Β
1970 1764 2125 1805 serva
2145 1752 2335 1806 oculos
2358 1758 2488 1807 tuos
2506 1792 2521 1820 ,
2546 1767 2687 1822 quos
2716 1751 2904 1822 utique
2930 1752 3176 1823 Oportuit
3200 1751 3569 1823 principaliter

262 1840 463 1913 opiﬁcii
499 1842 587 1897 sui
618 1848 871 1896 naturam
898 1856 1010 1913 prae
1038 1840 1292 1898 omnibus
1322 1840 1867 1913 emendationemque

1974 1842 2259 1913 custodiri,
2297 1844 2341 1904 si
2365 1859 2427 1899 ex
2444 1844 2582 1916 ipsis
2597 1844 3048 1916 concupiscentia:
3068 1843 3284 1917 prodire
3311 1841 3566 1908 effectus;

1359 1967 1614 2022 ALARDI
1653 1965 1879 2022 GAZ/EI
1916 1966 2476 2024 COMMENTARIUS.

259 2089 587 2145 consuetudo
611 2104 729 2144 mea
751 2090 900 2160 fixit,
921 2093 973 2142 et
1000 2091 1278 2144 occursant
1296 2089 1451 2151 mihi,
1474 2088 1737 2157 rigilant-i
1752 2090 1877 2158 qui—
1983 2094 2101 2156 est;
2125 2090 2176 2145 si
2192 2106 2315 2145 vero
2336 2090 2678 2151 consenserit,
2702 2088 2836 2144 etde
2859 2089 3178 2157 cogitatione
3204 2088 3472 2160 affectum
3493 2085 3574 2160 fe-

257 2162 369 2216 dem
386 2164 645 2216 carentes
660 2158 891 2223 viribus,
910 2161 970 2231 in
992 2162 1186 2213 somnis
1202 2164 1381 2213 autem
1400 2176 1502 2231 non
1520 2161 1689 2213 solum
1707 2174 1876 2229 usque
1983 2163 2135 2223 cerit,
2168 2162 2234 2216 de
2248 2163 2596 2231 propassione
2625 2162 2884 2215 transivit
2920 2160 2995 2213 ad
3016 2160 3347 2231 passionem,
3370 2163 3421 2211 et
3448 2158 3573 2210 huic

258 2232 326 2285 ad
354 2232 805 2292 delectationem,
851 2230 945 2284 sed
969 2234 1132 2284 etiam
1178 2244 1349 2299 usque
1382 2230 1457 2284 ad
1485 2232 1873 2284 consensionem

258 2304 577 2372 factumque
586 2302 1023 2357 simillimum.Et
1038 2304 1247 2355 tantum
1265 2301 1406 2372 valet
1419 2302 1677 2369 imaginis
1695 2302 1871 2355 illusio

251 2376 303 2429 in
316 2371 515 2429 anima
536 2389 676 2435 mea,
696 2376 747 2426 et
770 2374 827 2426 in
845 2387 1002 2426 carne
1029 2387 1169 2433 mea,
1198 2375 1260 2425 ut
1279 2371 1567 2426 dormienti
1586 2372 1733 2439 falsa
1752 2374 1869 2425 visa

246 2445 620 2514 persuadeant
636 2442 781 2513 quod
798 2443 1184 2511 rigilantivera
1200 2457 1306 2496 non
1316 2446 1564 2511 possunt.
1585 2443 1868 2512 Numquid

252 2522 370 2571 tunc
393 2533 496 2585 ego
518 2530 623 2569 non
643 2530 784 2581 sum,
807 2516 1028 2568 Domine
1055 2517 1196 2569 Deus
1220 2528 1368 2567 meus
1386 2517 1414 2567 ?
1440 2516 1512 2570 Et
1536 2517 1714 2567 tamen
1735 2519 1859 2568 tan-

253 2590 358 2640 tum
384 2590 620 2641 interest
646 2588 789 2639 inter
816 2588 1075 2654 meipsum
1097 2589 1148 2639 et
1178 2586 1466 2654 meipsum,
1488 2589 1552 2638 ut
1577 2587 1725 2639 intra
1755 2600 1865 2640 mo-

252 2663 492 2712 mentum
538 2671 643 2725 quo
678 2657 801 2709 hinc
827 2655 900 2710 ad
934 2671 1173 2725 soporem
1204 2660 1445 2717 transeo,
1483 2656 1567 2709 vel
1604 2656 1704 2709 huc
1740 2656 1864 2710 inde

250 2734 550 2782 retranseo.
592 2727 691 2783 Ubi
707 2731 785 2780 est
822 2731 947 2781 tunc
968 2727 1065 2780 illa
1090 2728 1253 2787 ratio,
1279 2742 1401 2795 qua:
1418 2727 1621 2780 talibus
1640 2741 1865 2796 sugges-

255 2800 491 2853 tionibus
511 2799 717 2853 resistit
735 2798 993 2865 vigilans;
1024 2799 1142 2851 etsi
1160 2812 1243 2851 res
1262 2798 1395 2866 ipsa:
1420 2799 1764 2865 ingerantur,
1781 2798 1865 2850 in-

253 2884 536 2924 concussus
579 2871 807 2924 maneo?
851 2867 1129 2937 Numquid
1176 2868 1452 2922 clauditur
1493 2884 1612 2922 cum
1655 2869 1863 2922 oculis?

250 2941 538 3011 Numquid
556 2942 766 3008 sopitur
788 2954 905 2993 cum
925 2939 1165 2993 sensibus
1185 2941 1457 3008 corporis?
1480 2942 1552 2995 Et
1570 2937 1862 3008 undescepe

254 3013 416 3065 etiam
442 3014 505 3064 in
531 3012 726 3064 somnis
743 3012 1061 3072 resistimus,
1092 3011 1367 3079 nostrique
1380 3011 1647 3081 propositi
1668 3025 1862 3065 memo-

253 3097 358 3144 res,
377 3082 623 3150 atquein
643 3095 699 3134 eo
718 3083 1009 3135 castissime
1022 3085 1412 3150 permanentes,
1430 3082 1641 3135 nullum
1661 3081 1860 3135 talibus

255 3153 524 3206 illecebris
554 3151 867 3205 adhibemus
892 3166 1165 3205 assensum
1187 3153 1214 3203 ?
1243 3154 1313 3205 Et
1339 3156 1516 3205 tamen
1558 3153 1860 3205 ta-ntumin-

255 3226 444 3282 terest,
466 3225 528 3274 ut
544 3236 661 3274 cum
676 3220 834 3274 aliter
852 3221 1082 3283 accidit,
1104 3221 1416 3287 eeigilantes
1438 3222 1512 3275 ad
1534 3224 1860 3276 conscientia:

255 3293 501 3359 requiem
523 3290 820 3351 redeamus,
852 3293 1072 3360 ipsaque
1109 3290 1373 3344 distantia
1406 3294 1732 3360 reperiamus
1763 3308 1859 3347 nos

252 3378 365 3415 non
391 3362 603 3428 fecisse,
633 3361 774 3429 quod
798 3365 977 3414 tamen
1005 3363 1062 3414 in
1080 3361 1230 3414 nobis
1259 3376 1463 3430 quoque
1482 3361 1636 3415 modo
1654 3364 1860 3429 factum

255 3447 368 3487 esse
414 3431 705 3486 doleamus.
748 3433 1024 3501 Numquid
1052 3446 1159 3485 non
1181 3436 1370 3501 potens
1414 3437 1493 3487 est
1518 3448 1709 3487 manus
1747 3439 1862 3496 tua,

253 3507 397 3559 Deus
427 3505 780 3572 omnipotens,
807 3518 1003 3557 sanare
1026 3517 1203 3557 omnes
1231 3503 1515 3572 languores
1544 3506 1757 3568 animos,
1784 3510 1865 3559 at-

254 3589 359 3643 que
388 3574 788 3628 abundantiore
809 3576 991 3643 gratia
1014 3578 1109 3628 tua
1135 3574 1355 3628 lascivos
1377 3580 1551 3630 motus
1577 3578 1741 3630 etiam
1760 3580 1867 3631 mei

253 3660 414 3714 sopor
420 3647 465 3699 is
476 3647 818 3714 erstinguere
826 3649 855 3700 ?
868 3646 1058 3714 Augeb
1064 3647 1128 3708 is,
1140 3648 1380 3708 Domine,
1398 3648 1570 3714 magis
1586 3650 1865 3717 magisque

253 3718 307 3770 in
336 3731 424 3769 me
453 3732 672 3770 munera
696 3720 812 3778 tua,
854 3721 915 3770 ut
938 3719 1125 3771 anima
1157 3732 1276 3770 mea
1306 3722 1567 3786 sequatur
1594 3734 1678 3772 me
1703 3719 1777 3772 ad
1815 3723 1865 3773 te

254 3788 689 3857 concupiscentia
716 3789 857 3842 visco
877 3787 1128 3857 expedita
1144 3829 1159 3849 ,
1185 3792 1247 3841 ut
1273 3803 1379 3842 non
1403 3791 1475 3842 sit
1496 3788 1704 3843 rebellis
1733 3790 1860 3853 sibi,

253 3862 421 3927 atque
449 3863 542 3920 ut,
588 3861 644 3911 in
671 3861 870 3913 somnis
898 3862 1061 3913 etiam
1080 3900 1095 3920 ,
1122 3874 1228 3911 non
1258 3860 1429 3912 solum
1460 3874 1565 3913 non
1588 3864 1865 3928 perpetret

250 3930 391 3983 istas
402 3930 833 3998 corruptelarum
847 3928 1218 3999 turpitudines
1227 3942 1323 3994 per
1334 3930 1594 3999 imagines
1604 3931 1865 3984 animales

252 4014 429 4068 usque
445 4000 517 4052 ad
530 4001 706 4053 carnis
718 4002 953 4065 ﬂuxum,
972 3997 1065 4068 sed
1079 3997 1145 4047 ne
1164 3998 1462 4068 consentiat
1478 3999 1713 4065 quidem.
1731 4002 1867 4055 Nam

250 4075 313 4123 ut
324 4066 472 4123 nihil
488 4070 593 4122 tale
608 4069 689 4122 vel
705 4068 981 4121 tantillum
1000 4066 1185 4125 libeat,
1205 4066 1527 4132 quantulum
1543 4070 1714 4135 possit
1731 4075 1868 4123 nutu

250 4140 521 4209 cohiberi,
544 4139 778 4209 etiamin
792 4141 936 4190 casto
952 4136 1263 4209 dormientis
1280 4136 1512 4202 affectu,
1536 4152 1640 4190 non
1654 4140 1865 4193 tantum

252 4212 313 4261 in
349 4210 457 4261 hac
478 4206 618 4268 'vita,
642 4206 735 4261 sed
758 4209 921 4261 etiam
952 4209 1009 4260 in
1038 4208 1137 4260 hac
1160 4209 1318 4261 (etate
1334 4247 1349 4273 ,
1382 4222 1488 4261 non
1510 4223 1766 4276 magnum
1789 4215 1867 4264 est

251 4280 649 4359 omnipotenti,
672 4279 771 4359 qui
790 4278 932 4359 vales
957 4280 1331 4359 faceresupra
1358 4293 1524 4347 quam
1550 4280 1788 4359 petimus
1816 4284 1868 4359 et

250 4351 637 4421 intelligimus.
672 4349 807 4404 Haec
848 4350 916 4421 DA
952 4348 1324 4421 Atigustinus,
1354 4364 1464 4421 non
1497 4348 1678 4405 minus
1706 4349 1869 4405 docte

252 4436 422 4492 quam
448 4420 552 4491 pie,
574 4419 641 4475 de
664 4419 948 4475 nocturnis
977 4418 1320 4492 inlisionibus
1348 4426 1406 4492 et
1424 4418 1718 4477 insomniis
1743 4436 1868 4492 quae

254 4489 371 4573 pias
402 4489 617 4573 mentes
644 4506 773 4573 non
811 4506 936 4572 raro
988 4489 1408 4573 alfligunt._Ubi
1432 4499 1561 4573 nota
1600 4489 1865 4573 magn—um

253 4560 555 4634 discrimen
582 4562 729 4634 inter,
742 4560 1035 4634 hominem
1065 4560 1382 4634 vigilantem
1396 4570 1471 4634 et
1493 4560 1864 4619 dormientem

253 4633 309 4688 in
357 4632 677 4701 hujusmodi
717 4632 1063 4687 illusionibus
1099 4631 1195 4687 aut
1241 4631 1504 4701 illecebris
1543 4634 1752 4701 carnis,
1795 4634 1864 4691 de

253 4720 361 4774 quo
382 4700 544 4784 alias.
570 4702 732 4784 Quod
756 4712 941 4784 autem
952 4702 1237 4784 _ait_initio,
1259 4700 1576 4784 bujusmodi
1600 4704 1865 4777 imagines

1979 2247 2087 2286 non
2115 2230 2363 2287 voluntas
2386 2232 2645 2301 peccandi
2674 2231 2843 2293 deest,
2868 2231 2965 2285 sed
2995 2232 3215 2301 occasio.
3244 2230 3574 2301 Quicumque

1976 2305 2152 2371 igitur
2170 2303 2369 2357 viderit
2386 2299 2668 2356 mulierem
2687 2301 2761 2356 ad
2788 2300 3280 2371 concupiscendum,
3311 2299 3373 2352 id
3393 2303 3492 2360 est,
3521 2300 3575 2351 si

1975 2376 2272 2443 aspererit,
2293 2380 2356 2428 ut
2368 2375 2723 2442 concupiscat,
2744 2378 2804 2427 ut
2820 2374 2999 2439 facere
3019 2372 3293 2440 disponat,
3314 2371 3415 2424 iste
3434 2372 3572 2443 recte

1973 2438 2179 2499 dicitur
2207 2460 2325 2499 eam
2343 2438 2596 2499 machdri
2621 2446 2679 2499 in
2702 2444 2857 2498 corde
2878 2459 2993 2498 suo.
3026 2438 3286 2512 Dfporro
3315 2438 3583 2512 Augusti-.

1974 2529 2077 2570 nus
2120 2516 2176 2570 in
2206 2515 2413 2585 Regula
2446 2514 2519 2570 ita
2538 2530 2673 2585 suos
2697 2514 2919 2569 clericos
2939 2511 3241 2585 Regulares
3266 2511 3527 2566 admonet
3554 2528 3566 2563 :

1975 2586 2129 2641 Oculi
2176 2584 2344 2640 vestri
2386 2587 2487 2640 etsi
2515 2584 2798 2652 jaciantur
2833 2588 2891 2638 in
2936 2586 3181 2653 aliquam
3213 2584 3563 2650 feminarum,

1971 2660 2217 2724 ﬁgantur
2239 2657 2300 2709 in
2320 2657 2546 2710 nullam.
2566 2658 2747 2724 Neque
2769 2657 2912 2709 enim
2932 2654 3151 2724 quando
3165 2653 3477 2724 proceditis,
3498 2653 3573 2724 fe-

1972 2723 2151 2780 minas
2178 2726 2357 2780 videre
2380 2723 2766 2795 prohibernini,
2797 2725 2889 2779 sed
2913 2723 3184 2793 appetere,
3217 2728 3315 2776 aut
3340 2723 3408 2795 ab
3436 2723 3570 2791 ipsis

1974 2799 2162 2859 appeti
2188 2798 2342 2859 velle,
2365 2794 2707 2851 criminosum
2730 2800 2826 2850 est.
2851 2798 2955 2851 Nec
2975 2796 3084 2848 solo
3100 2800 3249 2848 tactu
3270 2798 3319 2848 et
3339 2794 3571 2859 affectu,

1971 2864 2068 2922 sed
2087 2872 2304 2937 aspectu
2319 2883 2529 2937 quoque
2548 2869 2843 2937 appetitur,
2862 2870 2913 2937 et
2931 2866 3141 2937 appetit
3159 2864 3575 2937 concupiscentia

1970 2933 2346 3005 feminarum:
2357 2933 2462 2996 Nec
2490 2933 2686 2992 dicatis
2706 2933 3014 2992 eoshabere
3031 2936 3239 2989 animos
3257 2933 3504 3005 pudicos,
3527 2933 3577 2986 si

1970 3004 2214 3065 habeatis
2242 3010 2416 3064 oculos
2442 3008 2759 3078 impudicos,
2791 3010 2923 3078 quia
2946 3006 3248 3077 impudicus
3272 3004 3451 3059 oculus
3469 3005 3573 3057 im-

1970 3080 2161 3135 pudici
2186 3081 2358 3135 cordis
2401 3084 2480 3134 est
2505 3081 2752 3135 nuntius.
2792 3087 2894 3133 etc.

2006 3081 2161 3135 udici
2186 3081 2358 3136 cordis
2401 3084 2480 3134 est
2505 3081 2752 3141 nuntius,
2792 3087 2894 3133 etc.

1963 3096 2158 3150 puum
2186 3096 2358 3136 corais
2401 3096 2480 3134 est
2505 3096 2752 3141 nuntius,
2792 3096 2894 3133 etc.

2039 3144 2067 3182 ¹³
2100 3154 2181 3206 De
2219 3151 2508 3207 oculorum
2536 3149 2831 3221 petulantia
2852 3191 2867 3215 ,
2893 3144 3225 3221 seulascivia
3254 3142 3574 3221 coercenda,

1969 3223 2464 3294 D.‘Hieronymus_
2487 3219 2568 3277 vel
2598 3220 2720 3294 quis
2748 3229 2961 3286 auctor,
2995 3220 3048 3294 in
3078 3233 3197 3288 cap.
3230 3232 3297 3294 _1v
3330 3219 3572 3294 Lamen-

1968 3292 2243 3349 tationum
2262 3288 2516 3348 Ieremizc
2542 3312 2553 3345 :
2583 3288 2713 3347 Cum
2735 3308 2837 3362 per
2854 3292 3126 3345 incuriam
3144 3330 3159 3351 ,
3192 3288 3302 3352 ait,
3329 3291 3572 3362 aspectus

1898 3391 1944 3454 Ο
1970 3367 2282 3454 patefactus
2292 3365 2468 3446 fuerit
2484 3359 2768 3454 tentationi
2780 3363 2970 3454 aditus
2969 3404 2991 3454 ,1
3002 3363 3100 3444 piae
3115 3359 3575 3454 tranquillitatem

1976 3429 2210 3489 iii-veniet
2239 3429 2454 3489 animus
2486 3434 2765 3495 turbatus,
2793 3434 2902 3486 nisi
2928 3434 3015 3486 illi
3042 3431 3347 3486 subvenerit
3375 3429 3575 3482 divina:

1967 3508 2195 3575 pietatis
2238 3507 2493 3560 intuitus.
2524 3507 2663 3560 Hinc
2711 3508 2788 3559 est
2817 3504 2960 3573 quod
2989 3506 3048 3558 B.
3094 3503 3188 3556 Job
3218 3502 3301 3555 ait
3340 3518 3362 3575 :A
3382 3501 3579 3575 _Pepigi

1970 3570 2151 3644 foedus
2183 3593 2302 3632 cum
2344 3577 2509 3631 oculis
2534 3576 2666 3629 meis
2685 3616 2701 3636 ,
2742 3578 2804 3629 ut
2825 3570 2906 3629 'ne
2934 3576 3219 3642 cogitarem
3264 3571 3480 3644 quidem
3510 3570 3576 3624 de

1969 3642 2184 3717 uirgine
2205 3648 2345 3714 (Job.
2380 3652 2567 3713 χχχι).
2608 3649 2675 3703 Ut
2701 3648 2840 3700 enim
2872 3647 3216 3714 cogitationes
3240 3642 3415 3717 cordis
3437 3645 3577 3717 caste

1968 3714 2184 3779 seruare
2201 3723 2400 3788 posset,
2428 3719 2605 3785 fledus
2635 3734 2753 3771 cum
2783 3718 2945 3771 oculis
2960 3717 3192 3786 pepigit,
3222 3715 3457 3788 ueprius
3484 3714 3575 3788 in-

1969 3795 2123 3844 caute
2140 3782 2583 3859 aspiceret,vquod
2590 3788 2931 3859 postmodum
2948 3782 3145 3859 inritus
3159 3788 3384 3859 amaret.
3406 3782 3578 3859 Valde

1968 3854 2314 3933 namque-est,
2337 3854 2482 3929 quod
2496 3854 2619 3933 caro
2641 3859 2888 3933 deorsum
2908 3858 3106 3933 trahit;
3129 3860 3178 3907 et
3198 3854 3570 3933 semelspecies

1968 3923 2159 3998 form-aa
2179 3931 2331 4005 cordi
2346 3923 2655 4005 percculos
2680 3928 2912 4005 alligata
2932 3930 3031 4005 cile
3053 3925 3244 4005 magni
3264 3923 3573 4005 lucta-minis

1974 3996 2142 4056 manu
2162 3996 2406 4056 solvitur.
2428 4003 2503 4056 Ne
2527 4016 2651 4070 ergo
2676 3996 2925 4069 quaedam
2950 3998 3163 4070 lubrica
3179 3996 3235 4070 in
3259 3996 3577 4070 cogitatione

1974 4086 2263 4133 versemus,
2282 4061 2846 4141 prouidendum-nobis
2866 4072 2973 4132 est;
2991 4068 3125 4141 quia
3144 4065 3345 4118 intueri
3356 4078 3465 4141 non
3489 4061 3581 4116 de-

1979 4141 2083 4203 bet,
2116 4142 2258 4209 quod
2282 4133 2391 4195 non
2420 4142 2540 4193 licet
2578 4141 2894 4207 cmicupisci.
2926 4133 3165 4209 Utjenim
3193 4133 3405 4209 munda
3424 4147 3579 4209 mens

1971 4213 2033 4264 in
2055 4203 2375 4279 cogitatione
2389 4214 2627 4263 servetur
2646 4227 2680 4262 a
2698 4203 2917 4279 lascivia
2931 4206 3225 4275 voluptatis
3246 4219 3378 4279 sua,
3402 4203 3578 4279 depri-

1975 4275 2162 4335 mendi
2183 4285 2311 4334 sunt
2337 4280 2479 4334 oculi
2493 4319 2511 4345 ,
2543 4281 2705 4348 quasi
2732 4278 2950 4348 quidem
2977 4280 3221 4347 raptores
3248 4275 3320 4348 ad
3342 4276 3571 4345 culpam.

1972 4354 2155 4421 Neque
2165 4353 2306 4405 enim
2321 4354 2435 4406 Eva
2453 4347 2656 4419 lignum
2669 4347 2894 4405 vetitum
2907 4350 3209 4417 contigisset
3219 4354 3233 4411 ξ
3243 4347 3369 4404 Gen.
3392 4361 3465 4403 tu
3475 4352 3575 4414 ,6),

1972 4425 2085 4476 nisi
2111 4423 2205 4476 hoc
2222 4424 2379 4492 prius
2401 4424 2618 4477 incaute
2634 4423 2929 4493 respiceret.
2952 4422 3221 4493 Scriptum
3239 4421 3449 4493 quippe
3459 4423 3536 4472 est
3557 4432 3574 4467 :

1978 4494 2135 4549 Vidit
2161 4491 2355 4548 mulier
2373 4493 2518 4563 quod
2542 4491 2733 4548 bonum
2755 4497 2887 4548 esset
2911 4494 3118 4561 lignum
3142 4492 3216 4546 ad
3234 4491 3569 4563 vescendum.

1970 4571 2022 4621 et
2045 4566 2334 4635 pulchrum
2362 4561 2529 4620 oculis
2547 4608 2563 4629 ,
2591 4570 2915 4635 aspectuque
2942 4563 3253 4619 delectabile
3279 4566 3327 4617 et
3348 4561 3576 4635 tulitgde

1969 4633 2161 4704 fructu
2189 4637 2369 4711 illius,
2410 4640 2461 4691 et
2500 4633 2744 4711 comedit.
2776 4633 2915 4691 Hinc
2960 4633 3466 4711 ergo‘pensandum
3498 4635 3577 4711 est

1969 4713 2173 4777 quanto
2188 4707 2433 4763 debemus
2443 4708 2806 4763 moderamine
2821 4722 2945 4774 erga
2960 4706 3153 4758 illicita
3168 4707 3341 4777 visum
3359 4705 3581 4777 restrin-

256 4770 445 4830 rerum
486 4770 730 4848 turpium
768 4771 1001 4830 subinde
1033 4770 1349 4848 insomnis
1366 4770 1859 4832 occurrentes'mo-
1887 4782 1939 4844 Ι)
1970 4770 2112 4846 gere,
2136 4795 2230 4833 nos
2247 4781 2343 4848 qui
2358 4780 2667 4832 mortaliter
2684 4770 3001 4848 eivimufs,si
3020 4778 3071 4827 et
3089 4770 3578 4848 materricentium

255 4860 379 4901 vere
409 4860 520 4900 non
549 4837 721 4900 solum
760 4860 928 4914 usque
973 4844 1048 4918 ad
1084 4844 1482 4918 delectationem
1506 4888 1521 4907 ,
1558 4848 1651 4901 sed
1694 4849 1861 4901 etiam
1888 4837 1931 4844 ”
1966 4837 2065 4918 per
2091 4837 2274 4904 oculos
2308 4849 2383 4901 ad
2422 4853 2644 4901 mortem
2670 4850 2839 4918 venit.
2876 4846 3014 4899 Hinc
3049 4843 3215 4918 etiam
3243 4839 3342 4918 sub
3379 4837 3581 4918 Judzea:

255 4932 426 4986 usque
445 4918 521 4971 ad
544 4918 932 4977 consensionem
953 4917 1264 4986 factumque
1278 4916 1653 4986 simillimum;
1675 4918 1756 4973 sic
1770 4918 1859 4974 de-

254 4984 348 5043 bet
377 4986 636 5059 intelligi,
660 4988 782 5057 quia
798 4986 1019 5059 videtur
1041 4984 1209 5059 homo
1227 4984 1508 5059 interdum
1532 4987 1859 5059 consentire,

257 5072 369 5114 non
396 5056 585 5114 solum
613 5056 914 5128 secundum
957 5056 1439 5128 imaginationem,
1465 5057 1557 5128 sed
1584 5058 1750 5114 etiam
1778 5056 1863 5115 seé

260 5129 507 5185 cundum
551 5128 862 5198 discursum
903 5126 1206 5198 intellectus
1233 5135 1287 5198 et
1325 5126 1706 5198 ratiocinium,
1737 5130 1864 5187 licet

261 5212 449 5256 revera
478 5215 590 5255 non
615 5197 946 5263 consentiat,
976 5197 1100 5263 quia
1125 5213 1239 5254 non
1265 5196 1431 5253 habet
1457 5196 1701 5255 omnino
1724 5200 1863 5257 libe-

262 5284 383 5326 rum
412 5271 647 5326 rationis
668 5285 829 5326 usum
848 5310 864 5336 ,
891 5276 947 5325 et
967 5268 1280 5325 facultatem
1299 5310 1317 5338 ,
1342 5276 1404 5323 ut
1431 5268 1593 5326 docet
1616 5273 1688 5328 Ι).
1715 5271 1863 5328 Tho-

265 5355 379 5397 mas
395 5341 570 5413 prima
598 5350 751 5413 parte
772 5356 827 5413 q.
857 5343 1150 5413 84,art._8.

333 5415 357 5445 ³
388 5410 536 5469 Scite
559 5410 630 5468 Π.
662 5410 1035 5470 Hieronvmus
1073 5410 1127 5466 in
1155 5410 1300 5467 hunc
1328 5411 1511 5470 locum
1540 5412 1791 5470 Mattheei
1846 5433 1859 5469 :

270 5484 412 5538 Inter
435 5485 588 5546 πάθος
617 5488 666 5539 et
689 5483 1016 5554 προπάθειαν,
1046 5483 1110 5538 id
1145 5488 1251 5557 est,
1284 5486 1425 5541 inter
1456 5488 1763 5557 passionem
1812 5490 1864 5542 et

265 5558 665 5628 propassionem
694 5556 787 5610 hoc
812 5556 1059 5628 interest,
1104 5555 1262 5628 quod
1274 5555 1472 5626 passio
1485 5562 1774 5628 reputatur
1802 5559 1862 5612 in

270 5626 491 5692 vitium;
516 5628 818 5697 propassio,
850 5627 971 5681 licet
998 5628 1151 5681 initii
1177 5626 1394 5698 culpam
1419 5626 1651 5695 habeat,
1680 5633 1866 5683 tamen

270 5708 371 5769 non
401 5701 612 5752 tenetur
640 5700 698 5751 in
724 5699 962 5751 crimine.
983 5701 1127 5767 Ergo
1145 5700 1243 5769 qui
1265 5700 1466 5754 viderit
1486 5700 1784 5760 mulierem,
1810 5704 1862 5753 et

272 5768 453 5820 anima
479 5769 590 5838 ejus
623 5769 1070 5837 fuerit-titillata,
1101 5768 1187 5825 hic
1209 5772 1555 5841 propassione
1580 5784 1862 5839 percussus

1970 4908 2109 4981 uoce,
2136 4934 2256 4987 qua:
2281 4920 2554 4971 exteriora
2586 4912 3233 4987 vivendaconcupiscens,
3265 4910 3418 4987 bonaA
3440 4908 3577 4987 inte-

1971 4978 2121 5044 riora
2142 4978 2471 5057 perdiderit,
2500 4987 2768 5055 propheta
2798 4984 2930 5037 dicit
2962 4978 3186 5057 (Ἰνινεηἒ
3214 4984 3293 5045 1v)
3330 4997 3341 5034 :
3368 4978 3576 5057 Oculus

1971 5073 2119 5113 meus
2142 5051 2623 5126 "depraedatus—est—
2646 5057 2886 5108 animam
2912 5051 3106 5107 meam.
3148 5051 3575 5126 Concupiscendo

1972 5131 2114 5183 enim
2132 5123 2396 5188 visibilia,
2416 5126 2715 5181 invisibiles
2730 5127 2959 5179 virtutes
2976 5125 3179 5179 amisit.
3203 5126 3330 5192 Quae
3350 5137 3475 5190 ergo
3497 5123 3577 5176 in-

1974 5202 2225 5255 teriorem
2266 5213 2479 5252 sensum
2508 5212 2609 5267 per
2646 5198 2958 5252 exteriorem
2982 5197 3156 5250 visum
3179 5195 3448 5267 perdidit,
3474 5209 3581 5267 per

1973 5272 2181 5327 oculum
2206 5270 2441 5340 corporis
2464 5265 2698 5340 pertulit
2720 5267 2968 5340 prmium
3000 5265 3194 5322 cordis.
3236 5266 3385 5322 Unde
3423 5265 3578 5319 nobis

1972 5344 2049 5398 ad
2077 5339 2483 5399 custodiendam
2515 5339 2689 5393 cordis
2708 5339 3054 5399 munditiam,
3085 5341 3427 5392 externorum
3450 5351 3580 5399 quo-

1971 5431 2075 5484 que
2092 5429 2344 5470 sensuum
2364 5411 2658 5482 disciplina
2682 5410 2947 5484 semanda
2966 5414 3064 5465 est.
3083 5411 3222 5467 Nam
3239 5407 3582 5484 quantalibet

1972 5475 2246 5556 gravitate
2268 5499 2416 5540 mens
2434 5475 2878 5560 vigeat,earnal_es_
2897 5484 3073 5560 tamen
3088 5475 3277 5560 sensus
3289 5475 3578 5560 pueriliter

1971 5551 2211 5612 exterius
2246 5551 2624 5628 perstrepunt;
2651 5558 2702 5609 et
2720 5556 2830 5628 nisi
2852 5552 3120 5628 interioris
3141 5551 3427 5628 gravitatis
3446 5560 3579 5628 pen:

1972 5628 2095 5682 dere
2115 5633 2165 5682 et
2189 5613 2354 5699 quasi
2378 5613 2860 5699 jubenti'quodam
2889 5622 3085 5678 ardore
3106 5613 3586 5699 refrenent‘urzad

1971 5700 2125 5771 [lusca
2154 5685 2452 5771 quaque'et
2481 5697 2621 5753 levia
2632 5685 2872 5752 ‘mentem
2899 5706 3135 5750 enervem
3162 5685 3413 5742 trahunt.
3438 5685 3581 5737 Baio

1972 5769 2109 5842 ipse.
