3996 6198
405 224 509 280 283

1753 218 2033 277 JOANNIS
2069 218 2371 277 CASSIANI

3610 223 3716 280 284

402 347 535 404 nihil
558 346 709 404 enim
737 347 979 420 amplius
1003 345 1146 406 oculi
1173 361 1341 420 quam
1370 345 1604 418 simplex
1631 345 1833 403 anima:
1862 359 2003 418 prm-
2030 350 2085 412 Α
2110 345 2383 402 malorum
2423 342 2493 402 ad
2519 359 2616 402 eas
2645 357 2907 418 personas
2935 342 3126 400 exinde
3167 342 3437 400 subtiliter
3464 341 3719 403 devolvat

407 442 540 500 bent
567 442 785 499 visionis
819 442 1092 512 ofﬁcium;
1137 440 1234 498 sed
1261 439 1431 510 dicit,
1479 442 1505 472 ⁸
1541 439 1710 496 Omni
1748 439 2002 496 custodia
2110 454 2174 495 ac
2202 438 2506 512 praecipitet
2531 444 2777 495 mentem
2797 479 2813 505 ,
2857 452 2952 511 per
2982 451 3118 510 quas
3140 436 3333 494 noxias
3360 437 3719 511 cogitationes

406 550 559 594 serva
597 552 695 594 cor
730 546 891 594 tuum
918 536 1195 604 (Proverb.
1233 536 1360 607 tv):
1393 533 1471 590 illi
1516 533 1863 607 potissimum
1896 534 2004 590 im-

407 631 583 703 posita
607 629 898 699 medicina,
921 628 1069 703 quod
1093 628 1297 700 ubique
1319 627 1466 684 abuti
1491 635 1668 701 potest
1686 628 2008 685 occulorum

406 724 729 781 ministerio.

996 816 1238 873 CAPUT
1277 817 1437 872 XIII.

476 920 814 988 Exurgentes
850 919 1094 989 primum
1120 920 1470 987 cogitationes
1515 918 1754 974 carnales
1797 918 1939 975 illico

942 989 1274 1061 repellendas
1288 990 1437 1061 lesse.

476 1093 611 1149 Hmc
633 1093 739 1149 erit
763 1093 927 1166 igitur
954 1092 1291 1166 purgationis
1318 1091 1480 1165 hujus
1509 1092 1689 1164 prima
1733 1092 2005 1163 custodia,

405 1195 469 1243 ut
495 1203 626 1243 cum
665 1188 838 1243 menti
878 1195 1084 1244 nostra:
1128 1186 1394 1245 memoria
1440 1201 1606 1244 sexus
1648 1184 1870 1243 feminei
1911 1202 2009 1260 per

402 1279 655 1336 subtilem
682 1280 1089 1354 suggestionem
1117 1280 1399 1337 diabolicae
1418 1278 1730 1336 calliditatis
1750 1278 2010 1353 obrepse-

404 1372 509 1440 rit,
537 1365 563 1404 ³³
588 1373 829 1444 primum
860 1374 1240 1431 recordatione
1277 1374 1562 1446 praemissa
1594 1373 1807 1439 matris,
1847 1389 2006 1431 soro-

405 1476 559 1529 rum,
593 1472 891 1535 parentum
918 1504 934 1531 ,
976 1478 1081 1521 seu
1124 1472 1272 1521 certe
1300 1462 1627 1520 feminarum
1666 1471 2006 1533 sanctarum,

404 1557 732 1627 quantocius
770 1572 893 1613 eam
924 1557 993 1614 de
1033 1557 1260 1626 nostris,
1307 1556 1616 1614 recessibus
1683 1557 2009 1627 [sensibus]

406 1650 691 1707 extrudere
720 1649 1094 1720 festinemus;
1144 1667 1214 1709 ne
1255 1651 1301 1708 si
1340 1650 1602 1708 fuerimus
1630 1651 1684 1707 in
1719 1666 1782 1708 ea
1806 1651 2009 1711 diutius

2115 534 2284 607 possit
2312 533 2571 591 inserere.
2620 531 2998 603 Quamobrem
3040 531 3179 588 illius
3220 530 3475 604 praecepti
3509 531 3718 606 jugiter

2117 627 2431 686 meminisse
2451 627 2714 685 debemus
2735 645 2749 683 :
2775 626 2944 685 Omni
2970 625 3214 683 custodia
3238 640 3391 682 serva
3409 640 3505 682 cor
3523 633 3712 698 tuum;

2115 729 2172 778 et
2196 723 2221 755 ε
2275 720 2579 779 secundum
2634 720 2736 778 Dei
2788 719 3085 794 principale
3125 718 3444 775 mandatum
3491 719 3717 779 sollicite

2115 814 2382 889 serpentis
2424 814 2715 882 observare
2762 813 2988 871 noxium
3031 820 3195 886 caput
3242 814 3447 879 (Genes.
3491 812 3617 885 lli),
3661 813 3716 872 id

2115 911 2233 983 est,:
2260 910 2651 983 cogitationum
2679 908 2948 965 malarum
2975 906 3250 981 principia,
3275 905 3473 979 quibus
3502 921 3719 980 serpere

2117 1003 2171 1059 in
2217 1002 2457 1059 animam
2496 1010 2742 1059 nostram
2784 998 3032 1058 diabolus
3083 1006 3303 1066 tentat;'
3341 1012 3413 1054 ne
3455 997 3499 1054 si
3549 1007 3715 1071 caput

2117 1096 2234 1169 ejus
2260 1111 2357 1170 per
2379 1095 2763 1171 negligentiam
2790 1092 3146 1168 penetraverit
3166 1108 3263 1149 cor
3284 1100 3535 1149 nostrum
3557 1133 3574 1160 ,
3615 1108 3709 1151 re-

2116 1185 2321 1259 liquum
2352 1184 2467 1257 ejus
2508 1200 2737 1258 corpus,
2784 1183 2840 1241 id
2874 1191 2961 1240 est
2980 1223 2996 1252 ,
3044 1181 3420 1239 oblectationis
3462 1197 3717 1240 assensus

2115 1279 2381 1337 illabatur.
2443 1279 2549 1353 Qui
2596 1276 2956 1352 proculdubio
3006 1277 3053 1333 si
3112 1275 3276 1333 fuerit
3338 1276 3713 1342 intromissus,

2115 1388 2306 1431 morsu
2321 1370 2586 1430 virulentd
2605 1380 2845 1428 mentem
2866 1369 3133 1427 interimet
3155 1369 3503 1441 captivatam.
3524 1370 3718 1426 Emer-

2115 1473 2301 1538 gentes
2327 1466 2496 1522 etiam
2532 1473 2842 1538 peccatores
2865 1472 3026 1521 terra:
3045 1471 3248 1521 nostra:
3262 1503 3279 1532 ,
3305 1462 3361 1520 id
3381 1472 3493 1533 est,
3522 1477 3716 1521 sensus

2116 1560 2355 1618 carnales
2389 1560 2445 1616 in
2474 1558 2752 1616 matutinis
2792 1558 2875 1616 sui
2906 1566 3061 1615 ortus
3102 1571 3203 1613 nos
3246 1565 3466 1629 oportet
3506 1557 3714 1614 exstin-

2117 1669 2313 1727 guere,
2351 1662 2409 1710 et
2446 1652 2580 1710 dum
2622 1652 2806 1709 adhuc
2855 1650 3059 1724 parvuli
3085 1659 3242 1719 sunt,
3269 1643 3288 1683 ί
3314 1650 3535 1707 allidere
3576 1649 3717 1707 filios

405 1740 679 1800 immorati
697 1786 711 1814 ,
732 1788 756 1819 ο
799 1746 1081 1803 occasione
1125 1759 1288 1803 sexus
1342 1746 1513 1803 semel
1554 1744 1759 1819 indepti
1790 1734 1821 1779 ά
1877 1747 2000 1805 illex
2040 1737 2088 1800 B
2116 1747 2408 1822 Babylonis
2425 1746 2491 1804 ad
2511 1754 2720 1820 petram
2746 1747 2976 1818 (Psalm.
3002 1745 3286 1815 cxxxvr).
3313 1743 3417 1814 Qui
3441 1743 3563 1813 nisi,
3581 1743 3714 1801 dum

1494 1895 1748 1950 ALARDI
1787 1895 2010 1954 GAZJ‘II
2049 1895 2616 1955 COMMENTARIUS.

475 2024 499 2053 ³
547 2023 623 2095 D.
642 2022 870 2078 Basilius
907 2022 961 2078 in
991 2023 1216 2095 Regulis
1257 2022 1365 2095 fus.
1396 2021 1601 2095 disput.
1636 2022 1855 2091 (Quaest.
1899 2030 1958 2091 ν)
1989 2046 2006 2082 :

404 2091 580 2154 Omni,
611 2093 806 2163 inquit,
828 2091 1503 2150 custodia'eustodiendum
1529 2095 1606 2148 est
1634 2110 1722 2148 cor
1740 2100 2004 2161 nostrum,

401 2178 573 2231 neque
596 2165 920 2232 patiendum
948 2169 1009 2219 ut
1032 2166 1257 2220 assidua
1298 2166 1364 2220 de
1390 2170 1495 2221 Deo
1518 2166 1769 2233 cogitatio
1798 2183 1865 2222 ex
1884 2171 2005 2223 ani-

401 2235 511 2309 mis
526 2235 723 2309 nostris
744 2235 1005 2309 elebatur,
1028 2251 1153 2290 nere
1168 2252 1352 2309 eorum
1372 2251 1492 2306 qua:
1510 2237 1841 2309 mirabiliter
1859 2240 1928 2293 ab
1950 2256 2008 2294 eo

400 2304 549 2369 facta
568 2308 694 2357 sunt
716 2308 971 2360 memoria
995 2304 1498 2377 contaminemr'per
1518 2307 1711 2375 futiles
1728 2310 2006 2377 cogitatio-

400 2388 519 2437 nes;
542 2378 829 2449 contraque
852 2377 993 2449 illud
1015 2379 1287 2445 agendum
1308 2378 1543 2439 assidue,
1570 2381 1633 2432 ut
1659 2392 1727 2432 ea:
1746 2385 2007 2449 perpetua

398 2459 461 2520 ac
476 2446 772 2520 purissima
791 2448 1155 2503 recordatione
1172 2452 1489 2520 impressam
1512 2450 1570 2520 in
1586 2446 1784 2520 animis
1808 2446 2006 2505 nostris

393 2517 547 2591 piam
589 2515 655 2569 de
691 2521 803 2591 iDeo
842 2520 1216 2591 cogitationem
1231 2515 1263 2583 ,⁷
1287 2522 1432 2575 velut
1474 2518 1756 2575 indelebile
1783 2521 2007 2591 aliquod

399 2587 611 2654 signum
651 2590 1113 2656 circum/eramus.
1138 2592 1422 2661 Siquidem
1459 2592 1571 2646 haec
1618 2594 1697 2645 est
1739 2587 1890 2646 ratio
1907 2609 2007 2662 per

400 2673 564 2726 quam
580 2674 709 2732 erga
726 2663 895 2715 Deum
915 2664 1127 2731 acquiri
1137 2663 1376 2717 charitas
1395 2676 1616 2717 consum:
1625 2662 1685 2725 it,
1716 2678 1837 2732 qua
1849 2665 2008 2718 simul

401 2743 520 2782 cum
549 2730 624 2783 ad
651 2730 1104 2789 observanda’Dei
1125 2735 1391 2788 mandata
1417 2749 1513 2789 nos
1543 2730 1752 2797 excitet,
1782 2738 1898 2788 tum
1923 2737 2005 2789 vi-

399 2800 579 2853 cissim
601 2804 897 2876 quoqueiab
919 2805 1109 2876 iisdem
1128 2807 1249 2875 ipsa
1274 2806 1348 2859 ad
1364 2805 1781 2876 perpetuitatem
1795 2806 2007 2860 stabilis

400 2877 762 2946 conservetur.
797 2875 949 2946 Quod
975 2877 1054 2929 ita
1093 2892 1203 2931 esse
1242 2877 1392 2930 docet
1429 2875 1689 2934 Dominus
1732 2877 1874 2945 ipse,
1906 2879 2005 2946 qui

401 2943 619 3015 quidem
642 2945 796 2999 modo
818 2945 952 2999 dicit
979 2949 1153 3013 (Joan.
1177 2948 1305 3015 xw)
1330 2965 1347 2999 :
1372 2946 1434 3001 Si
1458 2946 1694 3013 diligitis
1720 2943 1820 3012 me,
1848 2943 2003 3001 man-

401 3012 536 3086 data
551 3030 676 3086 mea
694 3020 935 3081 servate;
956 3018 1111 3071 modo
1130 3033 1253 3071 vero
1283 3012 1298 3071 ἐ
1323 3018 1384 3072 Si
1401 3012 1670 3086 praecepta
1693 3031 1807 3086 mea
1827 3032 2006 3071 serva-

398 3085 602 3155 veritis,
627 3086 913 3138 manebitis
932 3088 992 3139 in
1014 3087 1293 3142 dilectione
1314 3085 1449 3143 mea.
1476 3090 1545 3143 Et
1564 3085 1709 3155 quod
1731 3088 2004 3155 efﬁcacius

402 3154 564 3229 etiam
601 3159 781 3229 posset
822 3170 1139 3211 commovere
1173 3176 1189 3211 :
1226 3158 1374 3213 Sicut
1408 3174 1501 3229 ego
1528 3154 1795 3212 mandata
1822 3160 2004 3229 Patris

402 3224 509 3275 mei
523 3227 757 3288 servari,
780 3229 832 3279 et
848 3241 1037 3281 maneo
1059 3231 1115 3282 in
1137 3229 1253 3299 ejus
1273 3224 1573 3285 dilectione.
1603 3229 1737 3285 Haec
1754 3228 2003 3299 Basilius,

402 3299 460 3347 et
512 3308 637 3364 qua:
683 3303 1009 3367 sequuntur.
1073 3299 1211 3355 Vide
1261 3299 1319 3355 in
1368 3299 1623 3357 eamdem
1673 3300 2003 3355 sententiam

400 3377 716 3488 ἒὲξιὲἰιῗῐῗθω
762 3369 834 3422 D.
880 3369 1147 3427 Bernardi
1189 3369 1244 3427 in
1292 3372 1473 3444 parvis
1523 3368 2004 3444 quadragesimum

432 3448 644 3491 extum.

473 3497 499 3536 δ
526 3507 821 3583 Praemissa
848 3550 861 3573 ,
892 3507 947 3564 id
986 3518 1088 3583 est,
1119 3512 1267 3583 prius
1306 3512 1554 3570 immissa
1607 3512 1789 3583 (Vide
1820 3513 1999 3568 collat.

400 3589 537 3661 xix,
565 3594 609 3661 ς.
642 3580 753 3661 16).
782 3581 986 3661 Sensus
1006 3580 1151 3661 enim
1171 3591 1251 3639 est
1271 3599 1435 3661 quem
1464 3580 1755 3661 Dionysius
1778 3580 1880 3637 hac
1905 3599 2002 3661 sua

402 3647 716 3722 paraphrasi
748 3650 907 3720 paulo
931 3650 1223 3708 clariorem
1246 3647 1459 3711 reddit:
1492 3647 1716 3722 Quando
1748 3656 2001 3708 memoria

398 3733 559 3794 serus
576 3721 807 3794 feminei
831 3725 1121 3778 occurrerit
1158 3728 1325 3780 menti
1361 3721 1590 3787 nostra,
1620 3740 1718 3794 per
1751 3725 2001 3779 subtilem

401 3789 685 3864 diabolica
702 3794 1054 3861 suggestionis
1073 3796 1445 3861 calliditatem,
1468 3789 1708 3852 immissa
1718 3797 1899 3864 primo
1922 3812 2001 3851 re-

399 3862 706 3936 cordatione
734 3866 955 3927 matris,
998 3869 1096 3919 aut
1132 3882 1400 3931 sororum,
1428 3870 1536 3923 site
1570 3862 1875 3936 parentum,
1905 3871 2001 3920 aut

398 3937 537 3987 certe
555 3935 881 4006 feminarum
908 3940 1241 4000 sanctarum,
1268 3935 1587 4006 festinemus
1605 3952 1724 3991 eam
1760 3938 2001 3992 celeriter

399 4005 687 4060 extrudere
715 4008 781 4061 de
800 4006 1049 4065 cordibus
1072 4005 1300 4077 nostris;
1329 4027 1396 4065 ne
1427 4012 1476 4065 si
1499 4010 1705 4064 diutius
1734 4009 1788 4061 in
1812 4023 1874 4062 ea
1896 4010 1999 4062 im-

399 4089 686 4153 morentur,
714 4080 879 4133 etiam
903 4078 1041 4132 nihil
1054 4079 1284 4135 (resumis
1300 4081 1541 4153 perpessi
1554 4081 1819 4134 occasione
1837 4094 1999 4134 scarus

394 4149 856 4224 propinquarum,
902 4149 1353 4224 aut__sanctarum
1393 4149 1780 4224 personarum,
1822 4154 1999 4224 tamen

395 4219 593 4273 exinde
606 4220 851 4275 devolvat
869 4220 1140 4277 subtiliter
1163 4228 1327 4293 atque
1346 4219 1654 4295 pfwcipitet
1675 4225 1899 4295 mentem
1923 4222 1999 4276 ad

398 4302 485 4338 θεῖε
504 4304 756 4369 personas
772 4308 870 4369 per
888 4307 1025 4369 quas
1041 4296 1212 4369 possit
1227 4294 1460 4369 inserere
1484 4294 1634 4349 cordi
1653 4294 1999 4362 cogitationes

398 4359 635 4438 nocieas.
668 4359 891 4438 Sicine.
920 4359 1067 4438 solet
1090 4364 1236 4418 enim
1257 4365 1510 4438 diabolus
1549 4373 1609 4419 ut
1634 4359 1877 4438 mentem
1894 4378 2000 4438 _no_~

396 4432 567 4481 stram
588 4428 1121 4501 noxiisimaginibus
1146 4440 1201 4486 et
1222 4433 1518 4501 phantasiis
1566 4447 1731 4488 sexus
1776 4431 1998 4488 feminei

397 4506 627 4577 occupet
654 4506 709 4553 et
748 4498 1020 4562 detineat,
1069 4498 1296 4577 subinde
1325 4503 1622 4577 immittere
1657 4518 1719 4557 ac
1758 4502 1999 4574 ingerere

398 4570 787 4636 cogitationem
810 4611 824 4636 ,
852 4584 947 4624 seu
978 4570 1418 4628 recordationem
1461 4571 1645 4627 matris
1665 4611 1681 4639 ,
1708 4580 1801 4627 aut
1820 4570 1996 4629 'soro-

398 4651 553 4714 rum,
582 4646 679 4714 aut
716 4647 1039 4714 sanctarum,
1052 4640 1412 4714 feminarum;
1443 4642 1638 4714 quibus
1666 4642 1720 4698 in
1748 4643 1997 4699 animum

2118 2042 2254 2083 num
2281 2024 2561 2097 malarum
2596 2023 2853 2097 principia
2882 2022 3107 2091 elidere,
3144 2021 3251 2078 hoc
3277 2030 3361 2079 est
3381 2061 3397 2091 ,
3425 2021 3503 2078 eis
3529 2020 3715 2078 statim

2116 2105 2172 2153 et
2193 2097 2311 2153 sine
2330 2095 2674 2153 cunctatione
2710 2095 2987 2163 resistere,
3016 2102 3071 2149 et
3106 2108 3391 2150 assensum
3423 2108 3534 2149 non
3571 2107 3713 2164 pra:-

2113 2168 2259 2247 bere_
2284 2188 2314 2247 _:
2358 2182 2487 2247 quo_
2509 2166 2743 2247 quidem.
2768 2181 2972 2247 sensu_
3120 2172 3317 2247 potest
3345 2172 3712 2247 praeceptum

2153 2234 2416 2307 uoddani,
2445 2234 2555 2294 sive
2581 2236 2896 2293 mandatum
2929 2235 3047 2300 Dei,
3084 2234 3251 2291 etiam
3279 2234 3589 2307 principale,
3610 2236 3712 2291 sub

2115 2307 2217 2378 illis
2242 2309 2417 2365 verbis
2444 2308 2600 2365 tacite
2625 2307 2889 2364 contineri
2911 2307 3084 2378 (Vide
3107 2322 3274 2377 supra
3299 2308 3399 2361 lib.
3432 2321 3490 2361 ιν
3513 2322 3559 2361 c.
3590 2307 3709 2378 377).

2189 2374 2208 2412 ¹
2237 2380 2444 2436 Alludit
2465 2379 2568 2435 illis
2596 2378 2771 2435 verbis
2809 2374 2949 2435 Psal‘.
3001 2374 3236 2434 cxxxiii
3284 2396 3297 2431 :
3342 2379 3486 2433 Filia
3521 2374 3715 2445 Baby-

2114 2452 2269 2513 lonis,
2291 2453 2489 2505 misera
2514 2468 2530 2504 :
2559 2451 2774 2514 beatus,
2802 2451 2903 2520 qui
2941 2450 3143 2505 tenebit
3166 2454 3218 2504 et
3240 2448 3428 2520 allidet
3456 2449 3713 2520 parvulos

2114 2526 2229 2577 tuos
2248 2522 2330 2593 ad
2354 2524 2603 2593 petram!
2632 2522 2694 2575 In
2717 2518 2841 2593 qua:
2871 2529 3253 2593 commentans
3276 2519 3430 2593 divus
3448 2518 3711 2593 Augusti-

2111 2608 2214 2648 nus
2242 2592 2315 2647 ita
2344 2591 2531 2648 Scribit
2555 2611 2567 2645 :
2611 2593 2717 2659 Qui
2734 2591 2868 2647 sunt
2885 2592 3112 2662 parvuli
3133 2591 3466 2662 Babylonis?
3485 2591 3716 2645 Nascen-

2114 2667 2191 2719 tes
2219 2665 2377 2719 mala:
2403 2663 2748 2734 cupiditates.
2771 2661 2994 2730 Quando
3012 2664 3255 2717 nascitur
3277 2661 3567 2734 cupiditas,
3593 2676 3713 2734 cum

2108 2736 2344 2805 parvula
2373 2732 2481 2797 est,
2500 2739 2788 2804 antequam
2810 2735 2973 2788 robur
2990 2736 3240 2804 accipiat,
3257 2732 3396 2805 elide
3410 2732 3582 2785 illam.
3607 2732 3714 2788 Sed

2114 2804 2289 2873 times,
2306 2822 2371 2861 ne
2399 2807 2529 2860 elisa
2557 2821 2661 2860 non
2687 2806 2991 2859 moriatur?
3012 2805 3177 2859 allide
3200 2804 3276 2857 ad
3298 2807 3528 2873 petram,
3551 2806 3711 2873 petra

2111 2872 2291 2931 autem
2327 2880 2405 2931 est
2450 2878 2691 2932 Christus
2739 2879 2786 2942 (ι
2816 2877 2933 2933 Cor.
2969 2875 3070 2942 χ).
3118 2872 3324 2930 Eodem
3350 2873 3521 2929 modo
3556 2872 3711 2929 divus

2112 2947 2485 3019 Hieronymus
2536 2945 2897 3019 Eustochium
2947 2942 3211 3019 vii‘ginem
3262 2944 3577 3019 admonens
3624 2942 3712 3000 his

2114 3017 2291 3090 verbis
2315 3017 2505 3090 (Epist.
2541 3018 2627 3090 22)
2665 3018 2834 3074 :Nolo
2862 3019 3011 3072 sinas
3041 3018 3418 3087 cogitationem
3450 3031 3707 3090 crescere;

2112 3088 2243 3144 dum
2269 3088 2469 3159 parvus
2492 3093 2570 3143 est
2594 3089 2776 3152 hostis,
2793 3090 3042 3158 interﬁce
3064 3106 3080 3142 :
3106 3090 3371 3157 nequitia,
3402 3102 3467 3142 ne
3493 3088 3707 3159 zizania

2111 3158 2375 3241 crescant,
2421 3159 2661 3241 elidatur
2688 3162 2745 3241 in
2787 3161 3001 3241 semine.
3049 3161 3135 3241 Et_
3151 3166 3277 3241 post
3303 3172 3473 3241 pauca
3518 3158 3707 3239 gQuia

2112 3233 2255 3285 enim
2300 3230 2628 3301 impossibile
2667 3234 2747 3285 est
2776 3232 2836 3285 in
2877 3245 3086 3284 sensum
3115 3230 3343 3301 hominis
3369 3244 3473 3282 non
3494 3230 3705 3301 iri-uere

2112 3303 2364 3357 innatum
2375 3299 2745 3356 fmedullarum
2769 3301 3017 3364 calorem,
3043 3301 3137 3355 ille
3162 3300 3443 3364 laudatur,
3462 3299 3554 3353 ille
3570 3314 3710 3368 pra:-

2111 3373 2331 3428 dicatur
2351 3374 2556 3434 beatus,
2579 3376 2678 3442 qui
2692 3377 2754 3427 ut
2767 3374 2983 3442 carpent
2998 3373 3232 3441 cogitare
3246 3370 3496 3442 sordida,
3521 3371 3710 3442 statim

2112 3445 2362 3525 interﬁcit
2382 3448 2452 3525 _et
2478 3439 2666 3525 allidit
2702 3444 2783 3525 ad
2801 3439 3156 3525 petram.
3182 3441 3348 3523 etiam
3386 3439 3712 3525 Benedictus

2114 3509 2274 3583 (Cap.
2305 3520 2337 3570 4
2376 3513 2608 3584 Regulae)
2642 3513 2780 3584 inter
2801 3509 3166 3568 instrumenta
3191 3511 3300 3567 sive
3324 3509 3581 3584 exercitia
3603 3509 3711 3566 bo-

2111 3580 2309 3639 norum
2339 3580 2566 3654 operum
2594 3580 2776 3655 posuit
2807 3601 2822 3638 :
2853 3585 3199 3655 cogitationes
3226 3582 3396 3637 malas
3432 3580 3583 3655 cordi
3609 3596 3710 3655 suo

2110 3655 2449 3710 advenientes
2472 3654 2692 3709 mox’ad
2717 3656 2985 3711 Christum
3011 3654 3235 3713 allidere
3252 3659 3303 3709 et
3321 3654 3518 3707 seniori
3535 3654 3707 3722 spiri-

2110 3727 2264 3806 tuali
2282 3727 2606 3806 patefacere.
2637 3725 2848 3806 Quibus
2879 3725 3053 3781 verbis
3078 3725 3187 3806 duo
3216 3723 3503 3806 singularia
3525 3737 3708 3806 reme-

2109 3794 2196 3851 dia
2219 3792 2555 3853 et'antidota
2588 3792 2847 3852 adversus
2888 3811 3079 3867 pravas
3116 3804 3170 3852 et
3200 3792 3391 3850 noxias
3416 3792 3704 3866 cogitatio-

2111 3882 2222 3940 nes,
2256 3867 2572 3940 complexus
2623 3875 2705 3922 est
2744 3887 2756 3923 :
2791 3882 3027 3939 quorum
3068 3867 3310 3940 primum
3354 3874 3474 3940 est,
3518 3879 3706 3940 earum

2110 3935 2403 4020 initiaseu'
2460 3939 2671 4020 primos
2707 3935 2893 4020 motus
2941 3935 3315 4020 supprimere,
3367 3936 3553 4020 eisque
3600 3935 3706 3991 ob-

2108 4008 2413 4080 orientihus
2438 4008 2659 4065 viriliter
2684 4008 2981 4080 obsistere,
3010 4008 3157 4080 quod
3183 4016 3267 4064 est
3292 4015 3461 4080 caput
3490 4022 3711 4080 serpenf

2107 4078 2176 4135 tis
2208 4090 2516 4146 conterere,
2575 4087 2629 4135 et
2672 4078 2815 4150 ﬁlios
2858 4076 3245 4150 seu'parvulos
3295 4076 3595 4150 Babylonis
3632 4076 3708 4150 ad

2106 4158 2318 4222 petram
2363 4150 2617 4222 allidere;
2661 4149 2926 4221 alterum,
2966 4147 3231 4222 superiori
3269 4147 3566 4222 velséniori
3588 4147 3709 4217 spi-

2108 4218 2285 4277 rituali
2310 4236 2400 4277 eas
2429 4219 2751 4293 patefacere.
2796 4224 2879 4276 De
2909 4218 3019 4292 quo
3036 4218 3208 4276 etiam
3239 4219 3363 4275 alibi
3393 4218 3641 4293 aithap.
3665 4224 3696 4273 7

2106 4292 2337 4361 Regulae)
2379 4310 2392 4347 :
2434 4292 2679 4358 Quintus
2713 4292 3037 4347 humilitatis
3071 4293 3274 4361 gradus
3302 4296 3408 4353 est,
3438 4292 3488 4345 si
3524 4305 3707 4345 omnes

2108 4365 2452 4431 cogitationes
2474 4363 2648 4417 malas
2666 4364 2818 4417 cordi
2831 4378 2925 4417 suo
2945 4362 3305 4423 advenientes.
3331 4363 3413 4417 rel
3432 4361 3578 4415 mala
3598 4378 3633 4414 a
3652 4377 3711 4416 se

2108 4433 2357 4488 absconse
2378 4435 2685 4495 commissa,
2714 4450 2811 4503 per
2836 4435 3089 4489 humilem
3113 4435 3491 4501 confessionem
3518 4432 3713 4503 abbati

2105 4519 2209 4557 twn
2244 4504 2495 4559 celaverit
2532 4519 2644 4559 suo.
2673 4502 2837 4572 Quod
2879 4504 3271 4561 documentum
3301 4504 3465 4560 etiam
3506 4502 3577 4558 ab
3605 4502 3712 4559 illis

2107 4573 2359 4647 Patribus
2385 4584 2440 4631 et
2469 4574 2879 4647 antiquioribus
2925 4574 3209 4647 monachis
3242 4583 3527 4647 acceptum
3561 4572 3709 4647 vide-

2106 4651 2217 4718 tur,
2244 4645 2443 4718 quibus
2469 4643 2855 4702 hunc'morem
2891 4654 2947 4702 et
2974 4645 3318 4718 disciplinam
3350 4643 3515 4701 fuisse
3542 4643 3713 4700 refert

396 4702 650 4788 admissis
670 4753 685 4779 ,
716 4727 844 4788 cum
871 4712 941 4768 ab
990 4710 1094 4768 illis
1134 4714 1315 4771 minus
1338 4702 1661 4788 caveamus,
1692 4714 1895 4788 sensim
1926 4715 1996 4770 ad
2025 4702 2074 4764 D
2108 4702 2396 4772 Cassianus
2421 4718 2557 4781 (Lib.
2589 4731 2655 4772 ιγ
2686 4732 2730 4771 c.
2762 4721 2853 4784 9),
2877 4725 2935 4773 ut
2947 4702 3187 4787 juniores
3213 4720 3455 4788 primum
3478 4718 3716 4788 instrue-

396 4779 626 4858 aliarum
666 4783 956 4858 mulierum
990 4790 1086 4839 aut
1124 4785 1595 4858 rerumgturpium
1627 4779 1998 4858 cogitationes

2105 4792 2291 4842 rentur
2312 4789 2493 4843 nullas
2514 4790 2730 4858 penitus
2755 4790 3099 4857 cogitationes
3124 4787 3427 4859 prurientes
3466 4790 3524 4841 in
3548 4787 3709 4841 corde

397 4853 723 4929 perniciosas
792 4854 1164 4929 devolvamur,
1192 4856 1338 4929 “nisi
1388 4853 1738 4929 quantocius'
1764 4856 1997 4929 primam
2100 4861 2399 4928 perniciosa
2423 4853 2730 4927 confusione
2747 4853 2949 4925 celare;
2975 4860 3068 4916 sed
3089 4853 3386 4928 confestim,
3417 4863 3481 4913 ut
3505 4862 3711 4913 coortis

394 4921 545 5000 illam
562 4927 990 5000 _suggestionem
1019 4921 1302 5000 diabolica:
1327 4921 1632 4985 calliditatis
1656 4921 1996 5000 repellamus.

466 4999 492 5071 ξ
522 4994 583 5071 Id
605 4994 720 5062 es't',
758 4999 940 5071 animo
964 4999 1213 5071 concepti
1238 5016 1333 5057 seu
1367 5000 1420 5055 in
1445 5000 1688 5055 animum
1717 4994 1956 5055 admissi.

382 5128 389 5133 7
464 5053 492 5097 ἀ
537 5053 744 5138 Nempe
793 5053 1995 5132 diabolus:ire;incesseincesse.

394 5134 695 5216 quentibus
731 5139 1001 5216 colligitur
1021 5158 1049 5216 ;_
1071 5139 1400 5216 illexuenim
1451 5142 1729 5198 malorum
1778 5142 1994 5216 dicitur,

394 5210 529 5279 quia
560 5221 774 5279 semper
825 5210 893 5264 ad
943 5210 1149 5265 malum
1200 5210 1351 5268 illicit
1397 5221 1452 5268 et
1493 5215 1788 5279 tprovocat.
1837 5213 1998 5269 Unde

397 5278 765 5415 fthl‘liteanlﬁt)
800 5285 1039 5335 tentator
1087 5282 1391 5354 appellatur
1441 5278 1657 5351 (Mttth.
1695 5296 1767 5337 ιιι
1807 5288 1859 5337 et
1901 5297 1994 5353 xv,

574 5364 619 5404 ‘S.
672 5364 784 5406 III).

466 5422 497 5496 ﬁ
518 5418 813 5496 Principale
855 5421 955 5496 Dei
999 5422 1319 5496 mandatum
1368 5424 1503 5496 satis
1552 5423 1847 5496 improprie
1897 5438 1999 5495 ap-

396 5489 594 5573 pellare
625 5489 1021 5573 videtur‘illud
1058 5495 1204 5566 quod
1236 5495 1310 5573 de
1347 5495 1574 5552 muliere
1594 5489 1669 5573 ad
1692 5489 1999 5573 serpentem

395 5561 506 5617 sive
534 5561 813 5619 diabolum
848 5561 1055 5637 dictum
1073 5561 1197 5633 'est,
1226 5568 1421 5623 Genes.
1450 5581 1550 5623 ut.
1586 5569 1655 5622 Et
1684 5561 1802 5637 ipsd
1824 5571 1997 5622 conte-

396 5637 477 5708 ret
524 5639 687 5708 caput
730 5640 901 5708 tuum.
938 5635 1233 5708 Conterere
1274 5646 1463 5694 autem
1510 5644 1672 5707 caput
1699 5635 1998 5708 serpentis,

398 5704 502 5769 vel,
534 5713 594 5761 ut
626 5706 738 5777 ipse
782 5706 916 5780 citat
944 5722 1012 5763 ex
1044 5707 1289 5780 versione
1316 5704 1684 5780 Septuaginta,
1715 5704 2000 5780 observare

391 5784 558 5850 caput
594 5778 893 5851 serpentis,
936 5778 1221 5835 moraliter
1263 5778 1674 5852 interpretatur,
1718 5779 1999 5853 cogitatio-

2105 4931 2336 4997 fuerint,
2362 4945 2451 4985 eas
2474 4946 2568 4985 suo
2590 4931 2899 5000 patefacere
2939 4933 3141 4985 seniori
3175 4949 3191 4985 :
3222 4946 3312 4985 nec
3334 4945 3497 5000 super
3522 4944 3710 5000 earum

2097 5000 2310 5070 judicio
2326 4999 2629 5072 quidquam
2642 5015 2751 5055 siue
2769 5000 3085 5056 discretioni
3100 4999 3443 5063 committere,
3458 5000 3551 5054 sed
3562 4999 3709 5053 illud

2104 5072 2313 5127 credere
2349 5074 2550 5126 malum
2578 5087 2717 5139 esse,
2748 5073 2830 5127 vel
2871 5073 3087 5135 bonum,
3119 5072 3265 5141 quod
3306 5073 3618 5128 discusserit
3642 5086 3710 5126 ac

2102 5144 2537 5212 pronuntiaverit
2560 5144 2780 5197 senioris
2804 5158 3047 5198 examen.
3080 5145 3198 5211 Qua
3221 5146 3428 5198 ratione
3452 5145 3533 5212 ﬁt,
3558 5146 3619 5195 ut
3646 5143 3707 5195 in

2104 5214 2251 5268 nullo
2288 5215 2667 5269 circumvenire
2696 5213 2948 5283 juvenem
2987 5214 3221 5269 callidus
3248 5216 3498 5269 inimicus
3517 5254 3532 5275 ,
3559 5213 3711 5266 velut

2106 5286 2443 5355 inexpertum
2483 5287 2841 5355 ignarumque
2863 5286 3190 5355 prmaleat;
3230 5302 3322 5340 nec
3350 5286 3466 5340 ulla
3502 5284 3711 5351 fraude

2105 5356 2361 5426 decipere,
2389 5373 2544 5426 quem
2564 5357 2828 5425 praevidet
2854 5373 2958 5411 non
2978 5373 3100 5420 sua,
3128 5357 3222 5411 sed
3250 5358 3479 5411 senio-ris
3512 5355 3709 5426 discre-

2106 5425 2247 5481 tione
2264 5425 2491 5490 muniri,
2518 5431 2569 5481 et
2591 5429 2952 5496 suggestiones
2980 5442 3134 5491 suas,
3162 5430 3244 5483 vel
3280 5430 3457 5497 ignita
3478 5425 3668 5497 jacula
3686 5467 3704 5487 ,

2106 5512 2451 5569 quaecumque
2470 5500 2527 5552 in
2541 5513 2630 5552 cor
2653 5499 2766 5569 ejus
2788 5500 3052 5569 injecerit,
3070 5503 3131 5554 ut
3154 5496 3409 5554 seniorem
3431 5496 3575 5569 celet,
3596 5511 3708 5569 non

2106 5516 2451 5569 quascumque
2470 5516 2527 5552 tn
2541 5516 2630 5552 cor
2653 5516 2766 5568 ejus
2788 5516 2847 5553 tn
2872 5516 3052 5567 ecertt,
3070 5516 3131 5554 ut
3154 5516 3409 5554 seniorem
3431 5516 3575 5559 celet,
3597 5516 3708 5551 non

2101 5584 2261 5642 mssa
2297 5569 2539 5642 suaderi.
2574 5568 2711 5642 Vide
2750 5516 2932 5627 coll’at.
2964 5577 2995 5626 2
3015 5586 3143 5642 cap.
3178 5576 3235 5625 tt
3267 5578 3322 5626 et
3344 5584 3488 5642 seq,
3513 5566 3608 5642 ubi
3637 5566 3709 5623 de

2105 5638 2342 5714 utilitate
2389 5638 2727 5714 revelationis
2769 5649 2825 5714 et
2879 5638 3254 5714 patefactionis
3305 5638 3705 5714 cogitationum

2104 5710 2411 5784 senioribus
2440 5710 2718 5784 faciendae
2769 5709 2979 5783 plenius
3017 5713 3215 5784 agitur,
3260 5720 3313 5768 et
3356 5709 3549 5782 insigni
3599 5709 3703 5763 mi-

2105 5782 2289 5839 raculo
2360 5781 2552 5839 eadem
2624 5781 3017 5857 comprobatur
3054 5781 3241 5852 '(Vide
3310 5781 3699 5839 Timecremat.
