3996 6198
377 228 482 283 285

876 225 966 281 DE
1000 224 1478 283 εοεΝοΒιοιιυιι
1521 226 1766 283 lNSTlT.
1807 227 1935 284 LIB.
1976 229 1978 234 ’

2108 255 2181 268 -
2218 227 2307 283 DE
2343 226 2610 283 SPIRITU
2654 223 3203 283 l-‘ORNICATIONIS.

3592 226 3698 281 286

374 350 654 408 tenerrimi
678 360 823 415 sunt,
856 348 1061 408 fuerint
1085 351 1315 420 caecati,
1339 350 1508 408 adulti
1545 368 1642 426 per
1675 353 1979 411 conniven-
2006 358 2060 422 Α
2086 352 2249 422 tiam;
2282 352 2339 409 in
2379 351 2632 409 omnibus
2668 350 2818 409 enim
2846 350 2962 409 istis
3003 348 3292 407 virtutibus
3316 348 3561 406 creditur
3602 365 3695 405 ac-

373 444 513 501 tiam
544 444 602 500 in
635 443 933 516 perniciem
962 452 1209 501 nostram
1239 444 1520 503 validiores
1543 445 1849 520 insurgent,
1878 454 1981 504 aut

373 545 522 595 certe
565 554 684 595 non
720 538 837 595 sine
865 555 1073 614 magno
1099 539 1305 613 gemitu
1338 555 1402 596 ac
1442 539 1628 598 labore
1664 541 1975 599 vincentur.

376 635 523 689 Dum
547 634 698 690 enim
712 632 871 691 fortis
885 634 1093 692 scilicet
1109 634 1331 708 spiritus
1351 644 1542 693 noster
1563 636 1796 693 domum
1819 652 1978 694 suam

375 726 619 784 custodit
667 738 950 799 armatus,
994 744 1239 788 recessus
1278 729 1462 787 cordi
1510 730 1595 787 sui
1642 730 1747 787 Dei
1781 730 1982 789 timore

374 820 783 892 communien‘s,
829 822 884 878 in
928 838 1058 895 pace
1101 822 1209 880 erit
1265 823 1451 879 omnis
1510 823 1812 881 substantia
1864 824 1981 898 ejus

375 917 525 983 (Luc.
558 915 642 989 xi)
681 935 695 971 :
729 916 786 974 id
813 924 917 985 est,
942 916 1319 974 emolumenta
1360 916 1611 974 laborum
1650 934 1714 974 ac
1752 918 1983 975 virtutes

374 1008 538 1082 longe
571 1018 822 1083 tempore
851 1010 1195 1083 conquisitae.
1235 1011 1291 1067 Si
1326 1019 1511 1068 autem
1551 1011 1750 1069 fortior
1784 1028 1978 1085 super-

379 1102 607 1160 veniens
651 1104 849 1162 vicerit
883 1120 1044 1173 eum,
1084 1104 1140 1161 id
1165 1112 1267 1173 est,
1312 1103 1558 1162 diabolus
1587 1105 1981 1179 cogitationum

376 1209 651 1254 consensu
673 1239 690 1267 ,
720 1213 878 1253 arma
922 1198 1041 1269 ejus
1075 1197 1286 1270 diripiet
1322 1198 1376 1254 in
1416 1198 1611 1270 quibus
1634 1200 1943 1256 confidebat
1965 1242 1980 1269 ,

373 1287 438 1345 id
481 1299 592 1357 est,
624 1291 949 1346 memoriam
979 1289 1416 1362 Scripturarum,
1447 1290 1529 1348 vel
1556 1291 1816 1349 timorem
1842 1292 1976 1361 Dei,

376 1390 439 1439 et
463 1383 633 1455 spolia
659 1384 778 1456 ejus
812 1382 1046 1453 dividet,
1087 1383 1353 1441 virtutum
1398 1384 1607 1443 scilicet
1645 1386 1841 1443 merita
1881 1401 1980 1458 per

372 1475 648 1531 contraria
675 1476 798 1533 vitia
826 1490 1058 1548 quaeque
1081 1474 1416 1550 dispergens.

965 1586 1209 1644 CAPUT
1234 1588 1389 1644 XIV.

374 1677 530 1746 Quod
556 1693 663 1733 non
708 1678 925 1736 laudem
965 1679 1276 1736 studeamus
1328 1684 1506 1735 texere
1542 1683 1843 1745 castitatis,
1886 1682 1982 1737 sed

366 1747 383 1767 ⁸
823 1751 1082 1817 effectum
1104 1751 1221 1822 ejus
1247 1767 1525 1822 exponere.

445 1854 515 1908 Et
545 1860 608 1909 ut
634 1861 830 1910 cuncta
868 1862 1210 1926 praeteream,
1253 1869 1377 1927 qua:
1413 1853 1470 1910 in
1504 1854 1705 1911 sanctis
1729 1855 1978 1927 Scriptu-

372 1947 450 2004 ris
476 1947 548 2004 ob
578 1946 794 2004 laudem
823 1947 1038 2005 virtutis
1065 1946 1234 2021 hujus
1265 1947 1467 2005 inserta
1503 1956 1631 2005 sunt
1657 1950 1798 2017 (non
1829 1948 1981 2006 enim

374 2038 512 2096 mihi
556 2040 897 2112 propositum
931 2050 1015 2098 est
1057 2040 1279 2098 laudem
1321 2049 1506 2098 texere
1553 2042 1850 2112 castitatis,
1886 2041 1984 2099 sed

373 2131 446 2190 de
471 2132 729 2206 qualitate
769 2132 988 2206 ispsius,
1031 2134 1113 2190 vel
1153 2132 1600 2207 quemadmodun
1645 2134 1852 2206 acquiri
1900 2134 1984 2191 vel

373 2226 638 2283 custodiri
667 2225 885 2296 debeat,
915 2226 1076 2299 quive
1112 2227 1183 2284 sit
1211 2227 1333 2289 ﬁnis
1357 2228 1494 2301 ejus,
1541 2231 1765 2285 Patrum
1808 2229 1984 2286 tradi-

374 2318 613 2377 tionibus
636 2319 973 2393 explicare),
1006 2336 1170 2377 unam
1196 2320 1582 2379 tantummodo
1610 2337 1811 2394 ponam
1839 2322 1980 2379 beati

346 2400 525 2472 'Pauli
552 2416 785 2488 apostoli
810 2415 1161 2486 sententiam,
1194 2432 1318 2488 qua:
1343 2424 1522 2489 pateat
1552 2415 1780 2487 qualiter
1808 2416 1975 2486 illam,

377 2510 1261 2580 Thessalonicensibus‘scribens,
1304 2520 1329 2546 ι
1361 2510 1648 2568 virtutibus
1677 2511 1979 2582 praetulerit

370 2605 659 2675 universis,
684 2605 782 2663 tali
809 2621 933 2662 eam
958 2605 1106 2662 verbi
1133 2605 1418 2662 nobilitate
1441 2605 1853 2664 commendans.

976 2715 1216 2771 CAPUT
1239 2715 1367 2771 XV.

368 2805 524 2873 Quod
536 2806 842 2875 specialiter
854 2808 1122 2862 castitatis
1136 2810 1308 2862 virtus
1322 2805 1391 2859 ab
1411 2806 1666 2875 Apostolo
1688 2808 1977 2863 sanctimo-

937 2880 1034 2932 nia
1059 2882 1413 2948 nuncupatur.

444 2979 579 3035 Haec
604 2987 717 3049 est,
748 2980 954 3053 inquit,
983 2980 1238 3037 voluntas
1265 2980 1369 3037 Dei
1390 2980 1751 3038 sanctificatio
1777 2988 1973 3037 vestra.

369 3070 442 3126 Et
466 3086 535 3127 ne
570 3068 712 3127 forte
746 3070 974 3129 dubium
998 3072 1156 3128 nobis
1181 3072 1507 3145 relinqueret
1532 3074 1616 3130 vel
1640 3073 1935 3130 obscurum
1956 3115 1971 3143 ,

2084 449 2223 523 quiri
2257 448 2638 517 sanctiﬁcatio;
2670 446 2835 505 infert
2861 456 2915 503 et
2952 444 3240 504 manifeste
3280 444 3524 517 designat
3565 443 3694 516 quid

2088 542 2304 616 proprie
2344 540 2833 598 sanctiﬁcationem
2875 538 3103 596 voluerit
3145 538 3431 611 appellare.
3481 532 3509 570 ⁸³
3561 538 3697 594 Haec

2087 643 2171 692 est
2207 634 2458 691 voluntas
2492 633 2629 703 Dei,
2664 631 3015 689 sanctiﬁcatio
3054 640 3261 700 vestra;
3292 639 3352 687 ut
3377 629 3699 687 abstineatis

2089 744 2217 797 vos,
2243 728 2444 802 inquit,
2483 743 2514 784 a
2542 725 2934 795 fornicatione,
2980 728 3005 759 °
3041 734 3101 781 ut
3144 725 3283 782 sciat
3321 724 3694 798 unusquisque

2089 830 2330 879 vestrum
2357 838 2448 879 vas
2473 836 2635 878 suum
2664 818 2938 893 possidere
2964 819 3018 875 in
3049 817 3476 876 sanctiﬁcatione
3500 826 3556 874 et
3584 818 3695 874 ho-

2088 931 2247 987 nore,
2284 932 2397 972 non
2427 915 2479 971 in
2506 914 2760 987 passione
2790 912 3076 982 desiderii,
3103 912 3246 969 sicut
3273 920 3328 968 et
3355 898 3541 985 gentes
3571 927 3694 985 quae

2089 1010 2343 1083 ignorant
2356 1012 2538 1065 Deum
2557 1011 2599 1077 (1
2624 1010 2774 1065 Thes.
2796 1014 2899 1075 ιν).
2920 1005 3060 1063 Vide
3080 1005 3281 1078 quibus
3302 1020 3423 1061 eam
3444 1004 3696 1063 laudibus

2090 1111 2467 1176 prosequatur,
2499 1101 2766 1159 honorem
2793 1101 2962 1169 vasis,
2991 1100 3048 1158 id
3080 1107 3194 1169 est,
3218 1099 3464 1172 corporis
3490 1099 3691 1170 nostri,

2088 1206 2143 1253 et
2158 1196 2641 1253 sanctiﬁcationem
2661 1210 2783 1252 eam
2802 1194 3101 1267 appellans.
3130 1192 3320 1266 Igitur,
3344 1210 3374 1249 e
3397 1192 3694 1261 contrario,

2085 1289 2178 1363 qui
2211 1291 2267 1346 in
2297 1288 2549 1363 passione
2572 1287 2824 1346 desiderii
2849 1295 2964 1357 est,
2997 1286 3054 1343 in
3084 1284 3378 1358 ignominia
3410 1292 3467 1341 et
3504 1286 3560 1340 in
3590 1285 3696 1340 im-

2086 1382 2350 1439 munditia
2374 1380 2642 1451 consistit,
2672 1390 2729 1438 et
2756 1379 2960 1437 alienus
2988 1396 3020 1436 a
3044 1377 3472 1436 sanctificatione
3500 1393 3694 1435 versa-

2087 1484 2195 1533 tur.
2232 1476 2415 1533 Tertio
2439 1491 2657 1548 quoque
2698 1482 2821 1547 post
2845 1490 3014 1547 pauca
3041 1472 3226 1542 infert,
3257 1487 3449 1529 rursus
3483 1473 3691 1528 sancti-

2088 1572 2331 1628 moniam
2376 1585 2498 1627 eam
2549 1568 2922 1643 pronuntians.
2976 1570 3100 1624 Non
3152 1567 3300 1624 enim
3343 1566 3557 1624 vocavit
3589 1580 3693 1623 nos

2088 1666 2239 1720 Deus
2269 1663 2325 1719 in
2365 1662 2795 1732 immunditiam,
2828 1661 2930 1719 sed
2956 1661 3012 1718 in
3034 1660 3540 1718 sanctiﬁcationem.
3575 1663 3696 1718 Ita-

2007 1754 2055 1816 B
2088 1775 2194 1831 que
2244 1760 2337 1831 qui
2385 1760 2503 1816 haec
2552 1759 2789 1832 spernit,
2836 1775 2953 1816 non
2993 1758 3275 1816 hominem
3306 1758 3549 1830 spernit,
3601 1756 3697 1814 sed

2092 1856 2303 1922 Deum,
2336 1855 2427 1926 qui
2469 1853 2636 1910 etiam
2681 1852 2836 1911 dedit
2870 1852 3133 1926 Spiritum
3160 1868 3327 1910 suum
3353 1860 3605 1910 sanctum
3643 1850 3697 1907 in

2088 1945 2249 2002 nobis
2287 1947 2558 2015 (Ibidem).
2582 1945 2989 2003 Auctoritatem
3024 1954 3296 2018 praecepto
3324 1960 3423 2002 suo
3458 1942 3697 2029 invigla-

2091 2038 2252 2095 bilem
2272 2038 2480 2113 junxit,
2510 2038 2697 2096 dicens
2719 2039 2747 2108 ξε
2790 2040 2897 2113 Qui
2940 2038 3059 2095 haec
3084 2038 3323 2111 spernit,
3361 2036 3414 2094 id
3446 2046 3547 2105 est,
3573 2051 3697 2108 qua:

2092 2133 2161 2190 de
2182 2133 2540 2191 sanctimonia
2570 2132 2827 2206 praefatus
2852 2149 2997 2202 sum,
3020 2148 3132 2190 non
3161 2131 3444 2189 hominem
3468 2130 3696 2203 spernit,

2090 2226 2197 2283 hoc
2223 2235 2325 2295 est,
2354 2243 2442 2285 me
2465 2228 2560 2301 qui
2593 2228 2716 2285 haec
2744 2227 3023 2300 praecipio,
3052 2225 3147 2283 sed
3171 2228 3372 2292 Deum,
3402 2223 3494 2296 qui
3522 2223 3578 2278 in
3606 2237 3696 2279 me

2088 2320 2346 2393 loquitur,
2382 2321 2477 2394 qui
2506 2321 2672 2377 etiam
2711 2321 2935 2393 Spiritui
2965 2336 3068 2378 suo
3097 2327 3287 2377 sancto
3313 2334 3411 2375 cor
3438 2326 3691 2373 nostrum

2088 2414 2458 2472 habitaculum
2483 2415 2780 2487 deputavit.
2812 2414 3000 2473 Cernis
3041 2411 3381 2486 simplicibus
3420 2410 3602 2467 verbis
3630 2425 3696 2466 ac

2085 2508 2234 2581 puris
2260 2508 2458 2581 quibus
2480 2523 2603 2565 eam
2626 2506 2918 2581 praeconiis
2939 2506 3263 2580 quantisque
3287 2503 3542 2562 extulerit
3574 2504 3687 2559 lau-

2084 2603 2267 2674 dibus,
2304 2604 2540 2675 primum
2569 2604 2753 2660 virtuti
2794 2602 2923 2660 huic
2957 2602 3442 2659 sanctiﬁcationem
3471 2597 3688 2672 proprie

2086 2696 2406 2765 tribuendo;
2434 2696 2634 2753 deinde
2668 2712 2763 2768 per
2789 2695 2935 2752 hanc
2961 2709 3205 2751 asserens
3238 2709 3330 2749 vas
3358 2694 3531 2750 nostri
3560 2708 3684 2749 cor-

2090 2789 2239 2862 poris
2253 2788 2325 2845 ab
2346 2787 2695 2845 immunditia
2715 2788 3052 2845 liberandum
3069 2807 3085 2855 ;
3105 2785 3267 2842 tertio
3284 2784 3452 2857 quod,
3477 2785 3685 2858 abjecta

2089 2883 2383 2955 ignominia
2409 2890 2465 2939 et
2496 2880 2845 2949 contumelia,
2873 2880 2927 2937 in
2964 2880 3172 2937 honore
3196 2879 3271 2936 sit
3297 2886 3352 2935 et
3386 2878 3688 2935 sanctifica-

2086 2977 2232 3034 tione
2262 2991 2615 3045 mansurum;
2639 2984 2938 3048 postremo,
2959 2989 3081 3047 quae
3109 2989 3326 3030 summa
3347 2980 3431 3030 est
3456 2971 3683 3044 perfecti

2084 3073 2291 3146 praemii
2318 3088 2381 3129 ac
2417 3071 2770 3129 beatitudinis
2807 3070 3209 3137 remuneratio,
3236 3084 3332 3141 per
3368 3067 3509 3124 hanc
3532 3066 3687 3124 habi-

369 3163 641 3234 quidnam
667 3164 1156 3221 sanctiﬁcationem
1183 3164 1413 3222 voluerit
1449 3165 1748 3237 appellare,
1785 3175 1972 3222 utrum
2001 3186 2046 3248 ρ
2082 3174 2315 3223 tatorem
2339 3165 2573 3239 pectoris
2595 3165 2797 3223 nostris
2824 3173 3078 3223 sanctum
3103 3162 3222 3220 fore
3244 3162 3512 3236 Spiritum
3544 3161 3685 3220 desi-

367 3255 665 3326 justitiam,
689 3272 758 3313 an
780 3257 1121 3327 charitatem,
1147 3272 1219 3314 an
1244 3257 1629 3327 humilitatem,
1662 3274 1730 3314 an
1760 3259 1974 3331 patien-

2084 3261 2289 3333 gnavit.

1471 3396 1725 3451 ALARDI
1762 3398 1987 3454 GAZA'II
2024 3396 2584 3454 COMMENTARIUS.

373 3520 537 3590 tract.
570 3522 641 3574 29
667 3521 726 3590 in
756 3519 946 3590 Regul.
978 3524 1043 3576 D.
1076 3519 1272 3577 Bened.
1304 3536 1350 3574 c.
1382 3522 1490 3590 2t).
1522 3522 1694 3576 Porro
1719 3520 1801 3577 his
1833 3519 1980 3577 duo-

373 3585 478 3643 bus
500 3588 759 3670 remediis
781 3585 1100 3670 addipotest
1118 3600 1173 3647 et
1194 3590 1441 3670 tertium,
1455 3585 1890 3670 immoprimum
1914 3608 1980 3670 ac

372 3659 736 3730 praecipuum,
771 3659 938 3731 quod‘
967 3670 1022 3717 et
1057 3662 1345 3718 Cassianus
1383 3662 1467 3718 his
1506 3659 1681 3719 verbis
1709 3663 1979 3731 espressit

370 3730 570 3795 (Infra,
601 3747 721 3802 cap.
755 3730 823 3788 23
853 3733 1015 3802 hujus
1042 3734 1187 3800 libr.)
1220 3753 1237 3789 :
1275 3736 1339 3790 Si
1365 3737 1533 3791 Deum
1567 3750 1674 3789 non
1700 3730 1872 3789 solum
1900 3750 1980 3789 se-

368 3804 631 3873 cretorum
648 3808 865 3858 actuum
878 3809 1195 3868 nostrorum,
1216 3821 1403 3859 verum
1415 3808 1580 3860 etiam
1595 3808 1977 3873 cogitationum

370 3872 701 3927 internarum
709 3874 970 3929 diurnum
977 3878 1189 3944 pariter
1198 3880 1621 3943 nocturnumque
1635 3872 1979 3944 inspectorem

366 3956 480 3996 esse
515 3948 566 3998 et
590 3947 865 3999 conscium-
895 3948 1179 4012 cogitemus
1200 3987 1214 4005 ,
1262 3960 1326 3997 ac
1348 3960 1450 4013 pro
1494 3945 1738 4000 omnibus
1771 3962 1891 4014 qua:
1916 3948 1977 4000 in

368 4016 546 4068 nostro
588 4015 741 4070 corde
780 4018 1089 4075 versantur,
1132 4016 1269 4067 sicut
1309 4029 1407 4082 pro
1454 4015 1616 4078 factis
1647 4018 1697 4066 et
1735 4016 1978 4082 operibus

367 4087 599 4147 nostris,
648 4086 914 4138 rationem
949 4097 1043 4137 nos
1070 4085 1143 4137 rei
1185 4084 1496 4137 reddituros
1535 4096 1645 4137 esse
1678 4084 1975 4139 credamus.

372 4153 544 4207 Plura
572 4154 672 4209 hac
687 4153 758 4209 de
784 4169 849 4223 re
865 4151 1113 4221 inferius,
1134 4151 1204 4209 ad
1226 4168 1343 4223 cap.
1372 4157 1461 4207 2t.

449 4230 476 4257 ι
516 4224 638 4279 Νοιι
671 4222 990 4294 simpliciter
1026 4231 1078 4279 et
1112 4222 1384 4290 absolute,
1427 4222 1522 4280 sed
1562 4223 1866 4280 secundum
1891 4239 1984 4281 ra-

374 4291 652 4377 tioneset
675 4291 1058 4377 praerogativae
1100 4310 1234 4377 quas
1270 4295 1517 4377 sequenti
1541 4296 1716 4366 capite
1740 4295 1977 4377 esponit.

369 4362 594 4439 [labent
622 4362 773 4421 enim
819 4362 1045 4439 singula:
1074 4362 1298 4439 virtutes
1335 4362 1581 4438 proprias
1609 4362 1979 4439 'excelléntias

366 4434 714 4510 diversorum
741 4434 1001 4510 generum
1019 4477 1035 4506 ,
1065 4438 1264 4508 quibus
1302 4434 1361 4493 se
1388 4434 1879 4510 m'utuoexcedunt
1923 4446 1978 4494 et

366 4504 893 4581 excedunturfquo
948 4504 1118 4581 lit'u't
1174 4524 1298 4581 quae
1341 4507 1717 4581 ‘unaratione
1764 4508 1976 4566 videtur

367 4577 736 4663 graistantiqr,
780 4578 945 4663 altera
975 4577 1301 4663 ratione—sit
1337 4578 1580 4663 inferior.
1626 4581 1816 4637 Posset
1842 4582 1968 4663 qui-

2086 3520 2189 3593 hoc
2214 3521 2332 3577 loco
2355 3519 2424 3581 ab
2448 3520 2713 3593 Apostolo
2738 3535 2838 3592 pro
2867 3519 3070 3593 privata
3095 3527 3151 3575 et
3175 3517 3427 3593 peculiari
3465 3516 3680 3593 virtute,

2086 3592 2318 3664 luxuria:
2352 3589 2658 3664 contraria;
2687 3589 2883 3664 nempe
2910 3593 3158 3664 castitate
3176 3589 3351 3662 accipi
3390 3589 3524 3645 satis
3552 3604 3683 3664 pro;-

2085 3663 2341 3742 babiliter
2364 3663 2605 3742 ostendit
2633 3658 2920 3742 Cassianus
2943 3661 3141 3742 duplici
3166 3658 3501 3742 argumento
3538 3658 3684 3742 {pri-

2087 3750 2179 3790 mo
2201 3734 2327 3805 quia
2358 3735 2546 3790 subdit
2566 3735 2864 3805 Apostolus
2892 3732 3038 3789 velut
3061 3732 3435 3804 explicationis
3462 3732 3635 3804 gratia
3664 3748 3678 3785 :

2093 3809 2160 3861 Ut
2186 3804 2500 3861 abstineatis
2522 3821 2611 3860 vos
2626 3804 2667 3860 θα
2690 3807 3065 3873 fornicatione,
3086 3808 3146 3859 ut
3168 3806 3302 3857 sciat
3321 3804 3687 3871 unusquisque

2084 3882 2321 3932 vestrum
2345 3892 2623 3952 vas__suum
2641 3872 2911 3952 possidere
2940 3878 2997 3930 in
3015 3874 3433 3952 sanctiﬁcatione
3452 3877 3503 3926 et
3527 3872 3688 3952 hono-

2084 3963 2161 4010 re,
2193 3955 2331 4021 etc;
2368 3947 2565 4021 quibus
2594 3944 2771 4021 verbis
2793 3955 2981 4021 aperte
3020 3944 3223 4021 indicat
3260 3944 3324 4021 in.
3354 3955 3480 4021 quo.
3510 3944 3685 4021 consi-

2084 4024 2195 4092 stat
2217 4016 2305 4072 illa
2322 4010 2715 4092 sanctificatio,
2746 4010 2945 4087 nempe
2969 4016 3022 4092 in
3041 4010 3379 4070 abstinendo
3398 4027 3429 4067 a
3455 4010 3685 4092 fornica-

2085 4086 2239 4141 tione
2256 4127 2291 4163 ,_
2319 4095 2423 4143 etc.
2438 4129 2463 4163 _,
2506 4088 2654 4163 quod
2698 4096 2784 4143 est
2824 4086 3106 4163 proprium
3146 4097 3351 4163 munus
3391 4086 3683 4163 castitatis;

2090 4152 2331 4211 secundo
2358 4152 2483 4227 quia
2506 4152 2664 4227 paulo
2686 4164 2812 4227 post
2825 4152 2992 4210 'etia'm
3016 4170 3114 4226 pro
3138 4152 3348 4227 ratione
3365 4152 3681 4227 subjungit:

2089 4228 2209 4283 Non
2237 4223 2606 4281 enim'rocavit
2636 4223 2729 4280 nos
2768 4229 2908 4281 Deus
2937 4228 2996 4279 in
3019 4223 3463 4286 immunditiam,
3498 4223 3591 4278 sed
3627 4226 3684 4279 in

2089 4298 2579 4367 sanctiﬁcatimiem.
2631 4299 2747 4367 Qua
2788 4295 3045 4367 antithesi
3096 4293 3297 4367 indicat
3341 4294 3682 4353 sanctitatem

2085 4364 2290 4449 opponi
2319 4364 2705 4449 immunditiaé,
2739 4366 2979 4449 nihilque
3003 4364 3149 4424 aliud
3181 4381 3298 4422 esse
3334 4380 3497 4438 quam
3526 4382 3686 4423 mun-

2084 4436 2273 4511 ditiam
2302 4436 2502 4511 cordis,
2530 4438 2597 4496 de
2622 4454 2726 4511 qua
2755 4436 2914 4511 infra]

2153 4513 2177 4543 ο
2214 4509 2450 4579 Quidam
2479 4510 2615 4567 vasis
2636 4508 2863 4566 nomine
2896 4509 3205 4582 intelligunt
3230 4524 3459 4565 uxorem
3496 4508 3681 4582 cujus-

2078 4596 2206 4653 que,
2236 4596 2328 4637 seu
2358 4596 2556 4654 corpus
2584 4581 2773 4639 uxoris
2798 4583 3054 4654 (August.
3075 4581 3169 4654 de
3194 4584 3369 4654 Napi.
3396 4584 3451 4654 _et
3479 4581 3685 4654 Concu-

366 4648 497 4704 dem
543 4664 606 4725 ex
643 4652 733 4725 _D.
756 4649 999 4725 _:l‘homa
1033 4651 1196 4725 aliter
1240 4649 1455 4725 exponi.
1498 4652 1643 4725 Nam
1677 4648 1969 4722 proposita:
2071 4648 2209 4723 ju'sc.
2242 4669 2287 4725 c.
2315 4656 2370 4717 8)
2400 4673 2413 4708 :
2442 4648 2542 4724 pro
2570 4654 2769 4725 quibus
2797 4648 2931 4709 facit
2954 4654 3106 4708 locus
3135 4652 3261 4725 huic
3280 4648 3681 4725 valdesimilis,

361 4718 657 4793 quaestioni
693 4738 708 4774 :
756 4723 948 4776 Utrum
984 4724 1268 4790 virginitas
1295 4718 1368 4774 sit
1664 4718 1970 4778 uirtutum?
2071 4718 2100 4779 ἶ
2133 4724 2274 4780 Petri
2305 4739 2374 4779 ιιι
2412 4718 2625 4793 εὈιιαὲἱ
2659 4727 2946 4793 inﬁrmiori
2970 4724 3182 4778 vasculo
3208 4720 3462 4793 muliebri
3483 4722 3684 4787 imper-

510 4786 664 4877 3ndet
678 4794 827 4877 (2-2,
853 4808 908 4861 q.
939 4786 1196 4877 t§2,:art.
1224 4794 1279 4856 5)
1290 4805 1417 4877 .ess‘e
1437 4790 1964 4877 excellentissimam,
1997 4815 2047 4877 Ι)

362 4862 469 4917 sed
498 4862 563 4935 in
607 4876 803 4935 genere
853 4862 1117 4935 castitatis
1140 4903 1163 4935 ,_
1203 4863 1334 4935 quia
1369 4862 1732 4935 transemdit,
1764 4862 1966 4935 inquit,

362 4932 672 5002 castitatem
688 4933 961 4987 vidualem
973 4937 1024 4987 et
1046 4932 1406 5002 conjugalem;
1428 4947 1533 5002 qua
1548 4932 1752 4988 ratione
1777 4932 1968 5002 DICyé

362 4950 672 5001 αιδιιιαιετη
688 4950 961 4987 υιαιιαιεηι
973 4950 1024 4987 et
1046 4950 1377 5002 conjugatem
1391 4950 1406 4998 ;
1428 4950 1533 5002 qua
1548 4950 1752 4988 rauone
1777 4950 1903 4990 v.0
1943 4965 1967 4977 -

361 5001 593 5075 prianus
619 5003 755 5067 (Lib.
787 5002 855 5058 de
889 5003 1210 5073 Virginita.)
1246 5010 1401 5058 vocat
1433 5017 1554 5056 eam
1583 5004 1766 5070 ﬂorem
1809 4950 1967 5062 ccc/z-

360 5074 578 5129 siastici
590 5075 867 5142 germinis,
881 5074 1036 5129 decus
1053 5078 1105 5129 et
1113 5076 1486 5144 ornamentum
1500 5075 1701 5141 gratiae

362 5145 456 5207 Iis,
492 5144 843 5199 illustriorem
861 5148 1163 5213 portionem
1185 5146 1362 5213 gregis
1384 5143 1602 5206 Christi,
1633 5152 1689 5199 at
1714 5143 1825 5200 non
1854 5162 1974 5204 esse

362 5161 456 5207 us,
492 5161 843 5199 iuusmorem
937 5161 1163 5200 manem
1185 5161 1362 5213 gregis
1384 5161 1602 5206 uni-wn,
1633 5161 1689 5199 at
1714 5161 1825 5200 non
1854 5162 1969 5204 esse

359 5213 688 5285 simpliciter
715 5161 1252 5283 cxcelfgntissimam,
1282 5230 1409 5271 cum
1437 5222 1651 5270 constet
1672 5230 1774 5271 nec
1802 5216 1969 5273 virtu-

360 5283 515 5359 tibus
550 5283 911 5359 theologicis,
947 5302 1048 5342 nec
1078 5285 1357 5359 religioni,
1389 5300 1490 5341 nec
1525 5286 1786 5359 martyrio
1818 5303 1975 5359 posse

356 5355 708 5429 gquiparari,
743 5355 948 5429 nedum
988 5355 1253 5429 praeferri.
1283 5360 1487 5414 Verum
1523 5355 1682 5429 prior
1707 5355 1975 5428 expositio

362 5425 494 5510 huic
515 5425 636 5510 loco
664 5435 722 5485 et
745 5428 915 5485 menti
939 5425 1198 5486 Auctoris
1236 5428 1413 5503 magis
1437 5425 1708 5501 congruit,
1739 5425 1803 5485 ut
1832 5437 1979 5502 patet

365 5506 605 5554 intuenti
614 5541 627 5553 .

437 5561 466 5601 ⁵
506 5569 901 5644 Sanctiﬁcatio,
943 5572 1139 5644 Graece
1182 5570 1462 5644 ᾇγιᾳσμός,
1520 5587 1619 5644 pro
1664 5572 1976 5642 sanctitate,

361 5638 480 5717 sive
508 5638 898 5717 sanctimonia,
922 5642 1067 5699 sicut
1094 5650 1151 5698 et
1171 5638 1492 5717 justiticatio
1522 5638 1623 5717 pro
1648 5644 1859 5717 justitia
1885 5638 1977 5700 su-'

368 5709 556 5794 mitur:
589 5713 1010 5794 Quamvisvero
1051 5709 1309 5794 sanctitas
1346 5729 1446 5786 pro
1476 5709 1627 5794 omni
1648 5709 1855 5771 'virtute
1880 5731 1976 5771 seu

363 5782 744 5853 complexione
769 5784 1041 5842 virtutum
1083 5782 1403 5858 plerumque
1435 5785 1753 5858 accipiatur,
1790 5793 1977 5843 tamen

2079 4798 2264 4850 ticntes
2293 4787 2564 4869 hanc-ram.
2596 4787 2726 4869 Alii,
2752 4794 2893 4849 inter
2920 4807 3060 4863 quos
3085 4790 3398 4869 cassiauus.
3426 4787 3689 4869 interpre-

2078 4874 2263 4920 tantur
2294 4865 2572 4935 proprium
2603 4860 2865 4935 cujusque
2889 4860 3107 4931 corpus.
3136 4860 3225 4914 Sic
3256 4860 3402 4912 enim
3423 4860 3685 4935 accipitur

2079 4937 2103 4989 Ι
2130 4930 2343 5005 Regum
2360 4930 2477 5005 xixr
2500 4955 2513 4990 :
2540 4936 2609 4989 Et
2632 4930 2857 5005 fuerunt
2878 4930 3008 5005 casu
3025 4944 3314 5005 puerorum
3337 4930 3527 5005 sancta
3537 4946 3553 4993 ;
3575 4944 3684 4999 quo

2079 4999 2246 5059 etiam
2272 5003 2440 5059 modo
2471 4999 2748 5074 exponunt
2775 5002 2905 5057 illud
2936 5002 2986 5074 II
3012 4999 3258 5074 Corinth.
3287 5014 3351 5056 tv
3377 5017 3396 5074 ξ
3419 4999 3683 5074 Habentes

2081 5076 2392 5129 thesaurum
2417 5068 2581 5129 istum
2596 5076 2665 5145 in
2689 5074 2834 5128 vasis
2860 5072 3133 5145 ﬁctilibus,
3164 5071 3217 5128 id
3236 5080 3343 5145 est,
3367 5068 3546 5145 fragili
3575 5071 3680 5129 hoc

2080 5160 2337 5216 corpore;
2369 5160 2494 5217 qua:
2518 5143 2739 5217 quidem
2771 5143 3037 5217 expositio
3071 5143 3407 5217 plausibilior
3437 5143 3680 5216 apparet,

2081 5215 2203 5272 tum
2242 5215 2390 5288 quod
2426 5215 2695 5288 sententia
2747 5215 2995 5288 Apostoli
3024 5215 3287 5288 generalis
3310 5215 3413 5283 sit,
3435 5215 3683 5288 spectans

2080 5285 2275 5369 omnes
2315 5286 2529 5369 ﬁdeles»,
2559 5303 2669 5369 non
2708 5285 2892 5369 solum
2929 5285 3212 5369 uxo'ratos,
3241 5295 3361 5369 tum
3378 5285 3536 5369 quod
3566 5285 3686 5369 haec

2083 5358 2483 5431 paraphrastice
2523 5358 2704 5416 addita
2730 5359 3017 5431 videantur
3046 5357 3124 5431 ad
3164 5357 3580 5431 esplicationem
3628 5365 3685 5413 et

2081 5428 2500 5502 declarationem
2538 5429 2985 5502 praecedentium.
3039 5428 3320 5502 Possidere
3367 5428 3517 5502 enim
3555 5442 3681 5496 vas,

2085 5501 2306 5577 hocgest
2323 5545 2338 5568 ,
2364 5498 2565 5577 corpus
2595 5517 2760 5577 suum
2771 5542 2787 5566 ,
2814 5501 2870 5577 in
2909 5500 3338 5577 sanctiﬁcatione
3358 5509 3415 5555 et
3441 5498 3682 5577 honore,

2083 5573 2211 5649 nihil
2237 5573 2384 5649 aliud
2410 5570 2678 5645 estquam
2714 5573 2985 5629 abstinere
3011 5588 3042 5627 a
3064 5570 3423 5649 fornicatione
3443 5570 3679 5649 et‘omni

2083 5644 2266 5718 illicita
2304 5638 2614 5718 voluptate,
2661 5659 3024 5718 omnemque
3053 5643 3229 5698 carnis
3271 5638 3679 5718 immunditiam

2081 5714 2354 5790 devitarc,
2384 5704 2530 5789 quod
2554 5704 2811 5775 castitatis
2844 5704 3127 5790 pr'oprium
3160 5725 3277 5768 esse
3306 5722 3471 5764 nemo
3499 5704 3675 5761 ambi-

2083 5786 2181 5860 git.
