3996 6198
347 215 450 272 287

934 338 1176 397 CAPUT
1205 341 1360 396 XVI.

354 464 427 517 De
452 460 559 513 alio
580 456 830 526 Apostoli
855 456 1154 511 testimonio
1182 470 1343 525 super
1368 452 1552 509 eadem
1575 454 1947 508 sanctimonia.

426 579 495 633 Et
513 575 637 631 licet
656 574 723 630 ad
756 573 921 629 linem
944 572 1111 628 libelli
1144 571 1331 628 tendat
1363 570 1570 639 oratio,
1600 568 1743 626 aliud
1776 568 1955 626 adhuc

350 667 524 723 simile
547 666 677 723 huic
705 664 1133 737 praetermissum
1164 662 1407 736 ejusdem
1433 662 1667 735 apostoli
1701 661 1952 717 testimo-

354 760 505 816 nium
530 744 757 831 pqnam.
799 756 887 811 Ad
916 755 1179 811 Hebraeos
1216 771 1453 826 namque
1482 753 1725 811 scribens
1753 772 1766 808 :
1797 763 1822 789 ⁸
1851 756 1951 809 Pa-

354 870 496 922 cem,
538 851 728 922 inquit,
769 849 1049 905 sectamini
1076 865 1206 905 cum
1238 849 1528 915 omnibus,
1567 857 1624 904 et
1658 848 1956 905 sanctimo-

353 947 501 1002 niam
518 985 533 1012 ,
561 945 677 1000 sine
704 959 809 1015 qua
834 959 999 999 nemo
1024 942 1224 999 videbit
1252 946 1431 999 Deum
1476 943 1658 1009 (Hebr.
1686 946 1825 1009 xu).
1855 941 1959 998 Hic

353 1054 571 1112 quoque
601 1037 878 1094 evidenter
905 1036 1019 1092 sine
1051 1035 1433 1104 sanctimonia,
1457 1050 1625 1107 quam
1651 1034 1789 1091 solet
1816 1035 1957 1093 inte-

354 1135 607 1206 gritatem
650 1131 885 1198 mentis,
914 1130 998 1186 vel
1041 1130 1333 1202 puritatem
1375 1128 1620 1202 corporis
1659 1128 1955 1201 appellare,

354 1225 725 1300 pronuntiavit
761 1228 943 1280 Deum
976 1223 1191 1295 penitus
1232 1222 1396 1278 videri
1429 1238 1541 1278 non
1568 1238 1766 1294 posse;
1796 1222 1960 1294 siqui-

354 1321 480 1377 dem
523 1328 577 1374 et
616 1318 704 1374 hic
732 1318 981 1374 similiter
1024 1315 1206 1384 infert,
1234 1315 1489 1372 eumdem
1523 1331 1745 1372 sensum
1791 1316 1963 1389 expla-

356 1430 491 1470 nans
521 1433 534 1470 :
568 1416 649 1470 Ne
672 1412 792 1486 quis
817 1410 1119 1467 fornicator
1147 1420 1241 1467 aut
1263 1409 1541 1483 profanus,
1570 1419 1630 1466 ut
1654 1412 1816 1467 Esau.

922 1536 1163 1592 CAPUT
1192 1536 1378 1592 XVII.

358 1653 508 1721 Quod
532 1666 649 1722 spes
673 1652 1003 1706 sublimioris
1019 1653 1239 1721 praemii
1258 1651 1448 1705 debeat
1473 1649 1770 1705 custodiam
1794 1651 1961 1704 casti-

986 1725 1131 1783 tatis.
1144 1737 1355 1791 augere.

427 1842 620 1910 Itaque
647 1846 911 1911 quantum
951 1837 1189 1894 sublime
1221 1836 1546 1909 coelesteque
1570 1843 1653 1893 est
1675 1835 1961 1908 premium

361 1932 657 2001 castitatis,
698 1940 854 1988 tanto
900 1931 1238 2004 gravioribus
1283 1928 1720 1987 adversariorum
1761 1928 1966 1985 insidiis

360 2025 657 2082 lacessitur.
712 2028 780 2079 Et
814 2024 1014 2079 idcirco
1059 2023 1379 2095 propensius
1414 2022 1574 2078 nobis
1600 2030 1703 2089 est,
1734 2037 1845 2077 non
1874 2037 1965 2078 so-

361 2120 475 2175 lum
506 2117 837 2174 continentia
862 2116 1124 2187 corporis,
1153 2130 1348 2171 verum
1378 2115 1547 2170 etiam
1573 2114 1827 2171 contritio
1856 2130 1967 2170 cor-

358 2211 443 2267 dis
487 2208 717 2266 assiduis
764 2208 1102 2265 orationum-
1124 2207 1419 2280 gemitibus
1461 2207 1789 2278 adhibenda,
1837 2202 1865 2242 δ
1907 2216 1969 2265 ut

1693 210 1974 269 JOANNIS
2010 210 2315 269 CASSIANI

1978 341 2034 404 Α
2059 336 2302 393 clibanus
2335 335 2514 393 carnis
2549 343 2771 403 nostrae,
2802 350 2965 407 quem
2994 349 3086 391 rex
3114 333 3444 411 Babylonius
3483 333 3668 389 incen-

3552 209 3662 264 288

2057 430 2178 488 tivis
2210 430 2620 504 suggestionum
2666 430 2971 487 carnalium
3013 428 3338 486 succendere
3378 442 3493 484 non
3520 426 3665 484 desi-

2058 524 2170 590 stit,
2206 523 2569 581 descendente
2590 522 2650 579 in
2693 521 2862 581 corda
2898 530 3084 580 nostra
3126 536 3255 579 rore
3282 520 3457 578 sancti
3496 519 3665 593 Spiri-

2060 625 2173 688 tus,
2203 617 2595 690 exstinguatur.

2618 711 2858 767 CAPUT
2890 710 3108 766 XVIII.

2126 804 2441 861 Castitatem
2466 806 2576 858 niti
2598 804 2925 871 humilitate,
2958 808 3011 859 et
3037 805 3321 859 scientiam
3342 802 3614 857 castitate.

2134 898 2219 953 Ut
2238 896 2387 952 enim
2408 895 2548 952 hanc
2565 895 2805 951 seniores
2824 895 2978 951 aiunt
2995 892 3327 967 apprehendi
3349 907 3461 948 non
3482 907 3667 964 posse,

2064 990 2089 1021 ε
2121 988 2222 1045 nisi
2247 989 2397 1060 prius
2426 987 2747 1045 humilitatis
2786 987 2842 1042 in
2877 987 3042 1044 corde
3082 985 3440 1042 fundamenta
3466 984 3674 1043 fuerint

2065 1082 2328 1139 collocata
2357 1101 2373 1150 ;
2410 1082 2482 1138 ita
2503 1097 2605 1138 nec
2640 1081 2708 1138 ad
2744 1081 2954 1139 fontem
2998 1079 3217 1152 quidem
3253 1094 3398 1137 verae
3434 1080 3676 1138 scientiae

2066 1178 2328 1248 perveniri
2359 1191 2518 1248 posse
2543 1174 2841 1244 deﬁniunt,
2870 1173 3047 1232 donec
3070 1173 3436 1245 penetralibus
3464 1174 3667 1232 animae

2066 1279 2272 1327 nostra!
2304 1270 2458 1328 radix
2496 1270 2610 1326 vitii
2642 1269 2806 1343 hujus
2844 1268 3101 1326 insederit
3132 1284 3147 1323 :
3185 1274 3242 1323 et
3268 1266 3523 1339 possibile
3552 1268 3678 1339 qui-

2068 1363 2196 1420 dem
2236 1379 2355 1421 esse
2399 1364 2764 1437 integritatem
2795 1364 2910 1420 sine
2944 1363 3184 1420 scientia;
3223 1362 3393 1436 gratia
3417 1362 3674 1434 reperiri,

2069 1446 2097 1491 δ
2125 1459 2455 1532 impossibile
2486 1474 2617 1516 vero
2657 1458 2942 1515 scientiam
2972 1458 3271 1529 spiritalem
3312 1456 3430 1513 sine
3458 1456 3679 1530 integri-

2069 1554 2197 1610 tatis
2211 1553 2534 1610 castimonia
2557 1552 2845 1625 possideri.
2870 1552 3012 1623 Quia
3030 1560 3087 1608 et
3106 1551 3318 1608 diversa
3342 1559 3474 1607 sunt
3493 1550 3639 1608 dona
3658 1596 3675 1622 ,

2070 1655 2125 1703 et
2152 1663 2265 1703 non
2291 1647 2549 1704 omnibus
2578 1663 2686 1703 una
2713 1647 2883 1718 gratia
2923 1644 3156 1717 Spiritus
3194 1645 3365 1701 sancti
3394 1643 3676 1715 tribuitur,

1987 1758 2037 1821 B
2070 1741 2166 1798 sed
2191 1746 2214 1775 °
2239 1740 2309 1797 ad
2347 1756 2512 1814 quam
2538 1756 2598 1797 se
2637 1739 3008 1811 unusquisque
3058 1739 3240 1795 studio
3281 1738 3361 1794 vel
3406 1718 3678 1795 industria

2069 1852 2167 1893 sua
2210 1835 2439 1908 dignum
2482 1843 2783 1909 aptumque
2829 1833 3139 1907 praebuerit.
3184 1833 3432 1906 Denique
3460 1848 3587 1889 cum
3613 1832 3676 1889 in

2072 1929 2332 1986 omnibus
2353 1928 2616 2001 apostolis
2645 1928 2856 1984 sanctis
2881 1926 3054 1982 virtus
3087 1925 3407 1999 integritatis
3435 1923 3675 1997 perlecta

2072 2022 2238 2080 fuisse
2273 2023 2548 2091 credatur,
2584 2020 2952 2079 abundantius
2976 2029 3161 2078 tamen
3195 2020 3436 2077 scientia:
3464 2019 3679 2076 donum

2073 2116 2388 2172 exuberavit
2425 2115 2479 2171 in
2510 2114 2682 2171 Paulo
2700 2155 2714 2183 ,
2747 2114 2875 2186 quia
2904 2128 2965 2168 se
2990 2112 3059 2169 ad
3086 2113 3228 2170 hanc
3256 2120 3447 2185 aptum
3489 2111 3679 2169 solerti

2073 2208 2257 2265 studio
2279 2217 2441 2281 atque
2470 2207 2734 2265 industria
2764 2206 3102 2279 praeparavit.

1468 2366 1723 2422 ALARDI
1760 2367 1986 2422 GAZASI
2023 2366 2582 2424 COMMENTARIUS.

444 2512 468 2542 ³
504 2507 707 2565 Probat
732 2509 1017 2566 Cassianus
1047 2508 1155 2564 alio
1182 2507 1430 2579 Apostoli
1454 2507 1775 2579 testimonio
1803 2508 1958 2564 casti~

372 2580 495 2652 tatis
530 2583 940 2652 praerogativam
960 2622 976 2648 ,
1022 2579 1091 2635 de
1122 2578 1247 2652 (qua
1270 2578 1545 2652 superiori
1573 2579 1780 2652 capite;
1819 2580 1969 2651 quod

367 2650 575 2705 scilicet
595 2650 850 2722 sanctitas
888 2659 943 2706 et
964 2650 1315 2706 sanctiﬁcatio
1352 2650 1399 2705 ei
1428 2650 1649 2722 proprie
1666 2650 1965 2718 tribuatur;

368 2731 422 2776 et
467 2723 579 2793 ipsa
631 2721 735 2777 hoc
771 2722 928 2777 titulo
971 2722 1346 2777 sanctimoniae
1385 2721 1717 2792 peculiariter
1761 2729 1816 2776 et
1857 2737 1969 2793 prae

367 2791 577 2849 caeteris
609 2794 899 2849 virtutibus
932 2802 1174 2848 ornetur.
1204 2791 1633 2848 Sancti’moniam
1663 2791 1974 2848 autem—hic

367 2873 525 2920 vocat
568 2866 867 2935 Apostolus
921 2880 1087 2935 quam
1135 2880 1297 2935 supra
1322 2933 1331 2935 _
1360 2863 1873 2935 sanctiﬁcationem,
1919 2872 1975 2918 et

368 2933 655 3005 utrobique
678 2936 871 2991 eodem
894 2933 1089 2991 Graeco
1109 2933 1392 3005 vocabulo,
1419 2933 1696 3003 ἁγιασμόν;
1723 2934 1972 3005 eamdem

366 3021 494 3060 vero
533 3003 648 3060 eSse
696 3006 1019 3060 munditiam
1060 3005 1271 3069 cordis,
1322 3004 1389 3057 de
1430 3019 1533 3072 qua
1588 3003 1850 3057 Dominus
1896 3004 1971 3058 ait

368 3075 607 3129 Matthazi
638 3091 667 3126 ν
702 3095 715 3129 :
761 3078 919 3130 Beati
944 3075 1142 3128 mundo
1171 3075 1342 3135 corde,
1383 3075 1636 3142 quoniam
1660 3076 1769 3143 ipsi
1803 3078 1969 3129 Deum

368 3146 643 3205 videbunt,
673 3145 807 3198 satis
842 3144 1043 3199 indicat
1065 3145 1301 3199 clausula
1330 3144 1417 3198 illa
1459 3163 1473 3197 :
1517 3145 1644 3198 Sine
1674 3161 1783 3214 qua
1819 3161 1970 3200 nemo

367 3219 540 3286 Deum
563 3216 796 3286 videbit,
822 3231 986 3284 quam
1008 3214 1330 3286 sententiam
1365 3215 1578 3269 Domini
1604 3216 1863 3286 spectavit
1889 3223 1968 3270 A-

370 3285 635 3355 postolus.
672 3285 836 3341 Unde
876 3294 932 3341 et
977 3286 1092 3340 aliis
1134 3285 1422 3356 Scriptura:
1463 3285 1965 3356 locis,’pra3sertim

367 3333 709 3425 apostolicis‘,
756 3357 1031 3418 sanctitas,
1083 3356 1204 3426 sive.
1230 3333 1580 3412 sanctimonia
1600 3333 1626 3424 ,’
1662 3333 1761 3427 pro
1803 3358 1965 3415 casti-
2001 3333 2046 3396 θ

368 3434 477 3481 tate
518 3441 611 3481 seu
638 3427 869 3497 puritate
902 3427 1102 3482 mentis
1134 3436 1189 3483 et
1219 3429 1466 3497 corporis
1498 3428 1791 3499 accipitur,
1832 3436 1892 3499 ut
1942 3431 1964 3484 Ι

370 3499 499 3553 Cor.
530 3512 619 3552 vu
654 3516 665 3551 :
706 3500 771 3552 Ut
800 3501 871 3552 sit
894 3503 1079 3552 sancta
1116 3514 1330 3568 corpore
1355 3505 1406 3553 et
1431 3498 1651 3568 spiritu.
1678 3503 1749 3553 At
1771 3498 1959 3562 Ephes.

374 3583 439 3622 ιν
470 3587 481 3621 :
521 3569 587 3621 Ut
606 3571 679 3621 sit
695 3574 883 3622 sancta
908 3575 961 3623 et
984 3570 1351 3624 immaculata.
1379 3575 1450 3624 At
1479 3572 1639 3623 Rom.
1670 3584 1735 3623 Vt
1764 3587 1776 3622 :
1804 3572 1967 3625 Ea'hi-

374 3640 484 3693 betc
502 3639 739 3693 membra
756 3644 933 3693 vestra
952 3642 1149 3694 servire
1154 3640 1387 3707 justitiw
1397 3642 1453 3693 in
1472 3641 1962 3707 sanctiﬁcationem.

371 3710 625 3764 Continet
675 3724 836 3779 porro
883 3710 1074 3765 eadem
1122 3710 1358 3764 clausula
1399 3710 1560 3764 aliam
1603 3710 1868 3765 castitatis
1913 3720 1968 3765 et

372 3780 654 3835 munditiae
700 3784 1151 3852 praerogativam,
1176 3780 1329 3852 eique
1366 3780 1968 3852 peculiaremetgvalde

372 3849 798 3921 congruentem,
843 3849 1044 3922 nempe
1103 3849 1564 3922 facultatemhseu
1612 3850 1968 3922 aptitudinem

372 3920 555 3977 Deu’m
598 3922 808 3977 videndi
847 3920 1008 3991 atque
1063 3920 1483 3991 contemplandi.
1518 3920 1661 3977 Nam
1713 3930 1774 3977 ut
1831 3921 1966 3977 nihil

372 3938 555 3977 ueum
598 3938 808 3977 vinenni
847 3938 903 3977 at
942 3938 1008 3977 ue
1063 3938 1483 3991 contemplandi.
1518 3938 1657 3977 nam
1713 3938 1774 3977 ur
1831 3938 1966 3977 mnu

369 4009 524 4065 aeque
550 3992 830 4049 obnubilat
857 3938 1182 4063 haietatque
1216 3994 1414 4065 mentis
1439 3992 1629 4065 oculos
1666 4001 1829 4063 atque
1855 4000 1968 4065 tur-

372 4063 560 4135 pitudo
601 4073 656 4120 et
690 4065 974 4121 immunda
1016 4064 1191 4120 carnis
1222 4063 1545 4127 delectatio,
1580 4063 1657 4119 sic
1683 4079 1777 4118 eos
1820 4079 1851 4119 e
1888 4064 1969 4120 di-

373 4151 528 4219 venrso
552 4138 796 4206 castitas,
824 4136 1090 4219 praecipue
1116 4135 1573 4219 virgineatquam
1601 4135 1837 4217 masime
1863 4151 1969 4206 pu-

371 4206 543 4278 riglicat
570 4205 834 4278 aptusque
858 4205 1034 4263 reddit
1051 4205 1494 4277 contemplationi
1521 4226 1534 4262 :
1560 4222 1670 4277 quo
1692 4205 1746 4260 in
1772 4205 1969 4278 genere

375 4276 504 4330 visio
534 4276 636 4330 Dei
666 4276 960 4347 principem
999 4280 1209 4333 obtinet
1239 4276 1450 4342 lacum,
1480 4293 1541 4332 ea
1570 4276 1828 4333 nimirum
1861 4293 1967 4347 qua

377 4349 521 4418 Deus
554 4361 646 4415 per
676 4348 965 4401 essentiam
998 4349 1230 4410 videtur,
1252 4349 1398 4416 quod
1427 4348 1701 4418 Scriptura
1735 4347 1971 4418 appellat

373 4417 555 4483 videre
573 4417 733 4468 sicuti
745 4422 842 4477 est,
861 4421 910 4469 et
932 4419 1111 4470 videre
1130 4420 1271 4482 facie
1288 4418 1363 4469 ad
1371 4417 1564 4483 faciem
1580 4420 1625 4481 (I
1654 4417 1780 4473 Cor.
1805 4423 1965 4473 xm).

444 4478 471 4556 ξ’
498 4484 723 4539 Pulchra
750 4486 1004 4556 allegoria
1031 4478 1522 4556 historieeDanielis
1555 4478 1715 4551 (Dan.
1751 4493 1873 4552 ιιι),
1900 4488 1968 4543 de

373 4554 547 4627 tribus
576 4557 752 4625 pueris
787 4556 839 4610 in
862 4553 1157 4627 'l'ornacem
1195 4554 1477 4627 ardentem
1506 4557 1766 4627 conjectis
1802 4576 1815 4610 :
1847 4558 1973 4627 qui-

376 4626 475 4681 bus
499 4626 711 4681 intactis
736 4633 788 4681 et
825 4626 1033 4689 illaesis,
1059 4642 1122 4681 ac
1142 4627 1305 4681 veluti
1337 4625 1577 4695 quodam
1608 4625 1733 4682 rore
1762 4625 1973 4684 cmlesti

374 4696 603 4784 perfusis
618 4739 659 4784 ,ἡ
686 4697 1357 4784 Deumque‘laudanti‘bus
1394 4705 1451 4753 et
1483 4697 1974 4784 .be‘pedic'entibus,‘
1996 4717 2048 4779 Ι)

372 4771 601 4826 Involvit
621 4772 840 4838 flamma
865 4769 1057 4824 multos
1085 4770 1352 4823 ministros
1376 4771 1516 4837 regis
1549 4770 1848 4839 Babylonii,
1875 4774 1971 4840 qui

372 4858 487 4896 eam
511 4842 871 4897 incendebant.
901 4844 1079 4913 Quam
1105 4840 1412 4913 allegoriam
1440 4840 1602 4895 etiam
1623 4841 1798 4913 attigit
1818 4840 1977 4899 divus

373 4914 741 4983 Hieronymus
764 4911 1002 4983 epistIB,
1031 4912 1102 4967 ita
1127 4911 1369 4967 scribens
1403 4928 1415 4964 :
1440 4911 1744 4968 Adversum
1751 4913 1976 4983 juvenes

373 4989 424 5037 ct
446 4984 656 5052 puellas
681 4987 860 5038 (etatis
887 4986 1081 5039 ardore
1105 4984 1269 5039 hostis
1301 4988 1477 5039 noster
1505 4985 1777 5052 abutitur,
1814 4990 1865 5039 et
1887 4987 1972 5040 in-

373 5055 618 5120 flammat
638 5057 815 5126 rotam
829 5056 1133 5108 nativitatis
1152 5059 1346 5109 nostra:
1367 5074 1384 5109 :
1405 5060 1455 5109 et
1476 5057 1658 5126 implet
1672 5057 1811 5110 illud
1830 5058 1972 5112 03s.:

375 5126 563 5179 Omnes
588 5124 976 5186 adulterantes,
998 5128 1157 5193 quasi
1176 5127 1419 5180 clibanus
1440 5124 1602 5181 corda
1620 5143 1802 5182 eorum
1830 5128 1969 5190 (03c.

373 5195 509 5263 vn),
526 5210 646 5263 quis
664 5196 762 5248 Dei
774 5195 1140 5248 misericordia
1152 5201 1202 5249 et
1212 5197 1546 5265 jejuniorum
1561 5200 1767 5266 frigore
1785 5201 1977 5253 restin-

375 5270 631 5332 guuntur.
656 5267 782 5319 Hac
798 5269 925 5319 sunt
944 5267 1118 5333 ignita
1137 5266 1340 5321 diaboli
1350 5268 1560 5336 jacula,
1581 5282 1702 5336 qua:
1719 5269 1900 5330 simul,
1922 5274 1974 5322 et

372 5336 685 5397 vulnerant,
713 5340 765 5389 et
791 5338 1163 5404 inﬂammant,
1189 5341 1239 5391 et
1268 5354 1301 5390 a
1330 5353 1455 5405 rege
1481 5339 1774 5406 Babylonio
1798 5339 1973 5393 tribus

372 5408 554 5476 pueris
575 5411 979 5475 praeparantur.
1010 5409 1108 5475 qui
1130 5408 1397 5462 succendit
1420 5410 1693 5474 fornacem
1720 5409 1973 5477 quadra-

373 5480 526 5545 ginta
537 5493 722 5532 novem
734 5478 1055 5541 cubitorum,
1074 5478 1270 5533 habens
1285 5483 1335 5533 et
1351 5480 1464 5549 ipse
1474 5483 1671 5547 septem
1690 5478 1971 5534 hebdoma-

375 5549 475 5602 das
500 5550 573 5603 ad
586 5548 958 5619 perditionem,
984 5564 1117 5618 quas
1142 5548 1397 5605 Dominus
1420 5550 1697 5603 observari
1708 5549 1875 5617 jussit
1897 5551 1971 5604 ad

373 5621 619 5674 salutem.
637 5621 744 5676 Sed
757 5619 1015 5690 quomodo
1031 5620 1108 5674 ibi
1118 5625 1345 5690 quartus
1365 5622 1586 5690 speciem
1600 5620 1797 5674 habens
1815 5624 1973 5689 quasi

372 5691 477 5760 ﬁlii
504 5692 753 5754 hominis,
776 5694 1056 5746 immensos
1083 5694 1360 5760 mitigavit
1384 5691 1627 5753 ardores,
1653 5695 1703 5746 et
1717 5693 1859 5745 inter
1875 5708 1969 5747 ca-

373 5764 513 5817 mini
558 5766 838 5819 wstuantis
878 5763 1185 5818 incendium
1226 5762 1405 5817 docuit
1452 5765 1696 5833 ﬂammas
1738 5764 1966 5819 calorem

2076 2512 2341 2572 amittere,
2369 2513 2420 2563 et
2442 2509 2600 2563 aliud
2619 2510 2782 2563 oculis
2803 2509 3139 2574 comminari,
3164 2508 3317 2561 aliud
3330 2506 3570 2576 prabere
3596 2511 3680 2562 ta-

2076 2583 2190 2635 ctui
2209 2599 2224 2633 :
2246 2582 2323 2635 sic
2348 2583 2405 2633 in
2429 2582 2609 2634 animo
2628 2581 2908 2648 virginali,
2934 2595 3051 2634 rore
3074 2580 3272 2633 cretesti
3286 2584 3335 2632 et
3344 2578 3683 2647 jejuniorum

2074 2654 2281 2719 frigore
2305 2652 2450 2705 calor
2474 2652 2735 2720 puellaris
2763 2652 3125 2719 exstinguitur
3154 2654 3204 2703 et
3225 2652 3278 2703 in
3304 2650 3537 2703 humano
3563 2664 3683 2703 cor-

2070 2738 2198 2792 pore
2227 2723 2537 2791 angelorum
2560 2724 2884 2791 impetratur
2916 2723 3258 2792 conversatio.
3291 2722 3426 2792 Haec
3453 2720 3683 2789 elegan-

2079 2790 2164 2848 ter
2192 2800 2246 2846 et
2274 2792 2556 2862 aptissime
2589 2790 2659 2847 ad
2702 2792 2848 2847 hunc
2879 2792 3073 2862 locum,
3089 2791 3243 2846 divus
3284 2790 3682 2862 Hieronymus.

2150 2866 2173 2895 ε
2206 2860 2497 2926 Virtutum,
2529 2863 2707 2934 inquit
2743 2866 2809 2918 D.
2838 2861 3150 2918 Bernardus
3183 2862 3297 2929 (lib.
3333 2860 3471 2934 vgde
3499 2861 3683 2934 Consi-

2079 2933 2301 3004 derat.),
2333 2935 2522 2988 bonum
2539 2932 2709 2988 ac'sta
2718 2935 2820 2988 bile
2846 2934 3256 3000 fundamentum
3277 2937 3355 2986 est
3373 2932 3679 3004 humilitas.

2076 3005 2149 3058 Et
2174 3006 2243 3057 D.
2262 3002 2267 3004 ⁷
2284 3004 2618 3074 Augustinus
2647 3005 2755 3073 (lib.
2784 3019 2806 3059 ι
2830 3005 2896 3059 de
2921 3005 3076 3061 Verb.
3101 3005 3332 3065 Domini,
3356 3018 3515 3074 serm.
3549 3002 3630 3073 10)
3663 3021 3679 3053 :

2078 3076 2291 3142 Cogitas
2313 3073 2563 3144 magnam
2593 3076 2865 3142 fabricam
2883 3077 3194 3129 constituere
3219 3073 3590 3144 celsitudinis?
3615 3074 3687 3128 de

2075 3143 2431 3213 fundamento
2455 3148 2613 3216 prius
2632 3148 2805 3215 cogita
2842 3147 3187 3216 humilitatis.
3206 3143 3576 3216 ,Peeulriariter
3596 3151 3679 3199 ta-

2077 3231 2203 3288 men
2241 3225 2297 3271 et
2334 3214 2553 3288 speciali
2594 3214 2837 3286 ratiOne,
2882 3232 3051 3288 eaque
3088 3214 3326 3288 duplici,
3357 3215 3463 3288 dici
3499 3221 3685 3288 potest

2075 3284 2493 3357 fundamentum
2522 3288 2779 3343 castitatis
2808 3284 2831 3344 :V
2854 3284 3029 3357 primo
3065 3284 3195 3357 quia
3237 3301 3362 3357 vera
3405 3284 3683 3341 humilitas

2078 3356 2207 3413 facit
2235 3366 2295 3414 ut
2323 3359 2392 3415 ad
2423 3363 2603 3414 Deum
2628 3356 2975 3413 recurremus
3002 3356 3100 3428 pro
3127 3356 3478 3428 continentia:
3507 3366 3684 3428 ειεξιτ

2076 3428 2273 3483 stitatis
2304 3429 2452 3485 dono
2491 3429 2790 3484 obtinendo
2832 3437 2885 3483 et
2911 3425 3317 3492 conservando,
3356 3427 3507 3495 juxta
3543 3425 3680 3482 illud

2076 3499 2200 3569 Sap.
2230 3514 2345 3555 vm
2364 3518 2379 3554 :
2403 3502 2636 3567 Cognovi
2647 3500 2788 3569 quod
2803 3513 3124 3569 nonpossem
3140 3513 3248 3553 esse
3261 3499 3543 3557 continens,
3564 3499 3686 3569 nisi

2076 3564 2216 3625 Deus
2245 3571 2368 3636 det;
2392 3564 2513 3625 adii
2531 3564 2837 3633 Dominum,
2866 3564 3258 3639 et'deprecatus
3275 3583 3390 3623 sum
3414 3564 3677 3639 Secundo

2074 3641 2202 3711 quia
2230 3640 2508 3711 humilitas
2543 3641 2706 3697 docet
2731 3656 2842 3695 non
2873 3655 2990 3695 esse
3007 3637 3083 3695 de
3105 3640 3353 3695 castitate
3379 3646 3474 3711 aut
3499 3637 3676 3711 virgi-

2074 3708 2244 3765 nitate
2267 3710 2630 3778 gloriandum,
2655 3712 2755 3766 nisi
2789 3712 2842 3766 in
2875 3711 3142 3774 Domino;
3174 3724 3242 3764 ne
3268 3709 3473 3765 similes
3500 3708 3683 3764 simus

2077 3779 2241 3837 fatuis
2267 3778 2373 3837 illis
2396 3782 2694 3852 virginibus
2721 3782 2935 3851 (Matth.
2965 3782 3123 3849 xxv)
3154 3796 3293 3850 quae,
3324 3788 3387 3834 ut
3421 3778 3496 3833 ait
3522 3778 3682 3835 divus

2076 3853 2370 3923 Gregorius
2396 3851 2612 3918 (Homil.
2640 3858 2704 3907 12
2727 3856 2782 3907 in
2804 3854 3055 3920 Evangel.
3066 3862 3103 3917 ),
3127 3853 3255 3906 dum
3275 3852 3342 3905 de
3358 3851 3684 3923 virginitate

2076 3938 2175 3976 sua
2197 3921 2426 3991 gloriam
2446 3926 2586 3991 foris
2609 3929 2886 3994 expetunt,
2913 3925 3085 3978 oleum
3102 3924 3321 3994 imuasis
3345 3923 3460 3994 suis
3481 3921 3681 3994 habere

2076 3996 2460 4062 neglexerunt,
2492 3992 2726 4063 ideoque
2768 4010 2798 4051 a
2830 3994 3033 4061 nuptiis
3070 3993 3254 4063 sponsi
3302 3992 3539 4047 celestis
3576 4006 3679 4063 ex-

2076 4060 2220 4121 cludi
2245 4073 2577 4122 meruerunt.
2610 4060 2774 4121 Unde
2800 4060 2991 4120 merito
3024 4060 3154 4120 dicit
3192 4063 3339 4119 idem
3373 4060 3681 4131 Gregorius

2079 4137 2192 4201 (lib.
2217 4152 2278 4192 γι
2302 4139 2517 4199 Moral.,
2541 4152 2660 4207 cap.
2683 4138 2793 4208 23),
2814 4137 3019 4190 nullam
3036 4150 3146 4189 esse
3163 4136 3460 4208 castitatem
3489 4134 3679 4208 camiq

2077 4223 2238 4276 quam
2266 4223 2373 4261 non
2405 4201 3056 4262 commendat'humilitas
3082 4208 3294 4260 mentis.
3333 4204 3586 4276 Nullam”,
3618 4201 3679 4258 id

2077 4275 2179 4344 est,
2199 4279 2404 4359 nullius
2429 4278 2616 4359 meriti
2630 4286 2693 4359 _et
2713 4277 3029 4359 pretii‘apud
3051 4279 3247 4359 Deum.
3274 4275 3532 4359 Et‘divus
3547 4275 3685 4328 Ber-

2076 4347 2315 4402 nardus:
2349 4348 2683 4411 Laudabilis,
2711 4346 2904 4418 inquit,
2925 4346 3246 4415 virginitas;
3270 4346 3365 4401 sed
3382 4348 3556 4414 magis
3584 4359 3682 4399 ne-

2078 4420 2311 4471 cessaria
2347 4419 2645 4473 humilitas.
2682 4420 2783 4475 Illa
2822 4421 3138 4481 consulitur,
3168 4420 3277 4472 ista
3303 4418 3623 4487 principium
3660 4434 3677 4469 :

2075 4490 2530 4558 sinelhumilitate,
2551 4490 2719 4543 audeo
2739 4490 2931 4552 dicere,
2943 4506 3037 4544 nec
3053 4486 3338 4557 virginitas
3354 4490 3543 4543 Mariis
3557 4486 3656 4556 pla

2081 4562 2291 4643 cuisset.
2328 4561 2396 4641 Iit
2417 4559 2555 4643 infra
2803 4567 2822 4615 ι
2851 4577 3014 4643 super
3033 4560 3232 4643 lilisnsus
3248 4564 3391 4643 est):
3421 4557 3682 4643 Etsipla-

2080 4633 2190 4684 cuit
2216 4647 2283 4684 ea:
2306 4633 2638 4699 virginitate,
2680 4637 2857 4686 tamen
2885 4648 2953 4686 em
2984 4632 3289 4686 humilitate
3317 4632 3569 4698 corwepit.

2153 4688 2179 4732 ά
2207 4701 2495 4774 Scientiam
2524 4703 2815 4774 spiritalem
2864 4711 3053 4766 vocat,
3084 4717 3268 4774 rerum
3313 4698 3680 4774 spiritualium

2085 4779 2138 4827 et
2165 4772 2481 4846 salutarium
2511 4770 2876 4846 cognitionem
2909 4788 3038 4828 cum
3066 4773 3261 4843 pietate
3288 4770 3640 4846 conjunctam
3657 4807 3677 4835 ,

2084 4851 2147 4897 ut.
2169 4842 2295 4898 alibi
2332 4842 2538 4899 dictum
2567 4839 2651 4899 est
2675 4845 2790 4910 (lib.
2824 4859 2895 4911 ν,
2925 4860 3045 4914 cap.
3067 4839 3191 4909 '33),
3213 4857 3337 4913 quae
3365 4839 3508 4896 inter
3536 4839 3680 4914 dona

2088 4914 2318 4985 Spiritus
2345 4916 2515 4970 sancti
2552 4915 2621 4971 ab
2648 4915 2784 4970 Isaia
2811 4923 2868 4970 et
2905 4913 3171 4984 Apostolo
3199 4921 3520 4968 numeratur
3545 4913 3677 4976 (Isa.

2084 4999 2161 5058 ιι,
2192 4991 2244 5040 et
2267 4987 2382 5043 Cor.
2413 4990 2497 5051 12)
2526 5005 2539 5041 :
2566 5001 2730 5057 quam
2756 4994 2917 5058 negat
2938 4986 3182 5055 Sapiens,
3214 4986 3271 5038 in
3295 4987 3541 5058 animum
3563 4996 3685 5058 ma-

2085 5057 2309 5111 levolam
2335 5059 2562 5119 intrare,
2582 5054 2637 5112 et
2650 5054 2902 5112 meum
2920 5059 2977 5111 in
2993 5054 3209 5127 cet-pore
3222 5056 3438 5109 subdito
3445 5054 3682 5127 peccatis

2082 5128 2345 5197 (Sapient.
2377 5131 2443 5195 ι).
2474 5128 2765 5183 Scientiam
2793 5128 2938 5183 enim
2964 5123 3281 5192 humanam,
3309 5134 3365 5197 et
3390 5141 3421 5179 a
3450 5123 3678 5197 rectitu-

2082 5192 2211 5269 dine
2239 5206 2294 5253 et
2322 5192 2554 5269 puritate
2585 5198 2781 5254 mentis
2809 5207 3115 5269 separatam
3144 5198 3197 5253 in
3236 5196 3397 5269 malis
3419 5202 3475 5250 et
3500 5192 3682 5269 pessi-

2082 5268 2187 5323 mis
2215 5265 2339 5324 esse
2360 5284 2518 5340 posse
2543 5278 2755 5325 certum
2779 5277 2860 5324 est
2873 5265 2902 5321 ἐ
2935 5268 3004 5325 de
3034 5284 3140 5339 qua
3173 5267 3471 5340 Apostolus
3498 5267 3521 5320 I
3548 5265 3679 5320 Cor.

2080 5353 2201 5395 VIII
2235 5360 2248 5395 :
2282 5339 2515 5397 Scientia
2544 5343 2731 5410 inflat,
2765 5341 3007 5410 charitas
3034 5344 3214 5394 autem
3240 5339 3494 5410 aediﬁcat.

2153 5419 2175 5446 °
2206 5412 2380 5486 [.ocus
2404 5406 2699 5486 utcumque
2726 5409 2999 5486 difﬁcilis,
3030 5418 3085 5486 e_t
3121 5411 3190 5466 ad
3219 5406 3681 5486 Pelagianismum

2079 5481 2362 5553 proclivis,
2389 5481 2489 5537 nisi
2515 5476 2644 5538 sane
2672 5476 3017 5553 intelligatur.
3047 5483 3110 5536 In
3145 5495 3309 5553 quem
3340 5476 3567 5553 proinde
3595 5476 3681 5530 vi-

2077 5548 2251 5620 debis,
2293 5552 2481 5617 lector,
2509 5548 2896 5609 annotationés
2918 5560 3029 5608 tam
3058 5548 3268 5608 Cuichii
3298 5548 3463 5622 quam
3489 5548 3683 5622 Ciacc-

2078 5623 2158 5678 nii
2196 5616 2263 5680 ad
2302 5616 2475 5680 ﬁnem
2516 5625 2699 5696 operis
2730 5624 2965 5697 positas,
2993 5623 3195 5695 quibus
3233 5616 3436 5693 aliquid
3475 5616 3682 5675 addere

2074 5707 2536 5766 supervacaneum
2561 5704 2715 5768 puto.
