3996 6198
353 242 462 298 289

946 369 1189 426 CAPUT
1227 371 1390 426 XIX.

347 463 626 520 Sententia
661 466 840 520 sancti
865 465 1315 592 Basilt-ﬁtepiscopi
1347 465 1415 522 de
1441 467 1709 538 qualitate
1730 468 1956 538 virgini-

1089 551 1134 592 ιε
1180 552 1311 592 sum

1089 551 1311 593 188W.

431 635 628 692 Fertur
653 636 830 694 sancti
856 635 1041 694 Basilii
1069 637 1420 695 Caesariensis
1442 636 1682 710 episcopi
1708 637 1956 695 districta

349 730 620 787 sententia
648 747 662 786 :
701 731 723 758 ⁸
754 734 827 788 Et
860 731 1174 800 mulierem,
1219 731 1429 803 inquit,
1460 731 1692 804 ignoro,’
1723 739 1778 788 et
1803 731 1956 804 virgo

349 836 462 878 non
481 838 628 881 sum.
651 826 716 880 In
745 833 959 881 tantum
983 823 1254 882 intellexit
1281 825 1750 898 incorruptionem
1779 827 1960 884 carnis

351 927 465 970 non
489 922 607 972 tam
635 915 689 973 in
729 915 976 974 mulieris
998 931 1122 974 esse
1165 915 1518 986 abstinentia,
1539 933 1709 990 quam
1735 918 1790 974 in
1818 919 1956 975 inte-

354 1007 557 1080 gritate
585 1009 791 1080 cordis,
825 1025 952 1084 quae
977 1025 1104 1067 vere
1130 1009 1492 1082 incorruptam
1518 1019 1780 1084 perpetuo
1805 1027 1958 1070 sanc-

352 1100 642 1160 timoniam
663 1105 934 1178 corporis,
957 1104 1040 1162 vel
1055 1104 1252 1161 timore
1279 1103 1404 1174 Dei,
1425 1105 1507 1160 vel
1533 1119 1726 1162 amore
1749 1105 1958 1162 castita-

351 1195 424 1254 tis
451 1199 711 1257 custodit.
1205 1217 1216 1224 λ

943 1293 1185 1350 CAPUT
1221 1295 1358 1350 XX.

471 1385 618 1440 Unde
652 1388 899 1456 perfecta
941 1388 1224 1457 integritas
1251 1385 1446 1442 animi
1475 1386 1844 1456 dignoscatur.

427 1489 618 1560 Itaque
640 1488 728 1545 hic
747 1497 830 1546 est
852 1490 1170 1564 integritatis
1189 1490 1314 1546 ﬁnis
1334 1505 1399 1546 ac
1420 1489 1660 1562 perfecta
1679 1489 1955 1562 probatio,

354 1575 385 1612 ¹³
423 1581 473 1636 si
511 1581 918 1652 quiescentibus
967 1583 1128 1640 nobis
1176 1584 1415 1640 titillatio
1465 1583 1762 1656 voluptatis
1809 1582 1960 1638 nulla

851 243 941 298 DE
979 241 1459 300 C(ENOBIORUM
1493 243 1740 300 INSTIT.
1779 243 1909 299 LIB.
1951 243 2042 299 Vl.
2081 273 2154 284 —
2191 243 2280 300 DE
2315 244 2584 304 SPIRJTU
2623 248 3172 308 FORNICATIONIS.

3559 257 3665 312 290

1981 372 2036 435 Α
2063 369 2511 443 rarissimamque
2535 382 2746 432 naturae
2771 353 3155 432 nebassitatem
3184 390 3423 434 summa
3449 377 3664 437 virtutis

2062 471 2170 528 est,
2225 479 2351 536 quae
2401 466 2616 537 pulsare
2669 469 3004 526 monachum
3046 469 3266 526 duobus
3322 470 3657 546 interpositis

2063 557 2345 622 mensibus
2387 559 2548 618 solet.
2586 561 2748 630 Quod
2795 571 2982 618 tamen
3005 561 3216 619 dictum
3253 562 3327 620 sit
3355 565 3662 626 secundum

2061 657 2312 708 nostram
2363 653 2752 724 experientiam
2770 696 2786 724 ,
2833 669 2947 710 non
2995 655 3294 712 secundum
3339 660 3662 720 sententiam

2063 743 2375 814 seniorum,
2423 761 2455 800 a
2496 746 2698 817 quibus
2739 747 2903 803 etiam
2951 747 3037 804 hx
3074 749 3364 806 memorati
3400 755 3664 825 temporis

2065 837 2296 896 induciae
2331 839 2634 898 admodum
2665 840 3050 914 judicabantur
3086 851 3354 915 angustae,
3380 860 3451 901 ne
3479 848 3522 902 si
3558 847 3665 906 hoc

2067 930 2236 988 modo
2256 947 2366 1004 quo
2391 931 2461 988 ab
2488 931 2617 1004 ipsis
2636 933 2977 1005 percepimus
3007 933 3339 992 voluerimus
3363 953 3660 1010 exponere,

2065 1023 2154 1080 his
2190 1024 2334 1082 forte
2357 1069 2372 1094 ,
2421 1027 2512 1098 qui
2537 1043 2638 1098 pro
2683 1027 3009 1100 negligentia
3045 1044 3184 1098 sua,
3228 1031 3309 1086 vel
3356 1033 3665 1092 remissiore

2066 1117 2247 1173 studio
2283 1118 2573 1190 puritatem
2605 1118 2747 1175 hanc
2780 1119 2961 1176 minus
3003 1122 3210 1194 eXperti
3246 1131 3404 1190 sunt,
3433 1125 3664 1184 incredi-

2064 1209 2192 1266 bilia
2219 1211 2297 1267 vel
2324 1211 2677 1284 impossibilia
2707 1211 3056 1284 descripsisse
3082 1213 3391 1272 credamur.

2632 1322 2876 1379 CAPUT
2926 1323 3087 1378 XXI.

2067 1415 2522 1482 Quemadmodum
2559 1419 2818 1488 perfectae
2853 1490 2864 1500 .
2870 1418 3132 1486 puritatis
3177 1419 3381 1472 statum
3437 1421 3664 1475 retinere

2714 1503 3003 1558 posszmus.

2138 1587 2318 1657 Quem
2351 1595 2556 1644 statum
2592 1587 2666 1644 ita
2703 1596 2888 1645 tenere
2926 1597 3186 1662 perpetuo
3225 1590 3554 1662 poterimus,
3598 1607 3662 1648 ac

351 1677 704 1752 subrepserit,
741 1695 807 1736 ac
834 1697 932 1752 pro
969 1681 1296 1738 necessitate
1324 1690 1540 1738 natura
1573 1679 1738 1736 nobis
1764 1681 1961 1736 incon—
1993 1747 2034 1754 _
2067 1695 2374 1751 numquam
2394 1681 2701 1737 naturalem
2721 1682 2972 1750 modum,
2998 1696 3023 1726 ο
3047 1698 3148 1738 nec
3171 1691 3386 1754 tempus
3403 1683 3663 1743 excedere

351 1771 482 1827 sciis
518 1747 900 1830 nonet-stiones
948 1783 1240 1848 egerantur
1295 1773 1568 1830 obscenae.
1627 1775 1777 1846 Quas
1819 1771 1960 1828 sicut
1993 1747 2040 1808 Β
2069 1772 2317 1843 superius
2361 1772 2816 1844 comprehensum
2836 1814 2853 1842 ,
2877 1773 2923 1828 si
2946 1762 2973 1805 ά
3009 1777 3192 1829 Deum
3231 1790 3345 1829 non
3370 1775 3550 1831 solum
3578 1793 3663 1834 se-

354 1863 672 1924 abscindere
712 1883 808 1940 per
859 1868 1046 1924 omnia
1103 1875 1159 1925 et
1197 1867 1252 1924 in
1305 1875 1632 1940 perpetuum
1677 1871 1965 1936 amputare

357 1973 524 2032 super
559 1969 814 2018 naturam
858 1971 942 2020 est
993 1983 1008 2020 :
1053 1962 1127 2020 ita
1173 1979 1432 2020 revocare
1481 1961 1549 2020 ad
1595 1960 1963 2018 inevitabilem

2071 1873 2348 1922 cretorum
2392 1873 2615 1921 actuum
2643 1875 2990 1935 nostrorum,
3024 1881 3224 1922 verum
3254 1867 3418 1944 etiam
3459 1869 3667 1941 cogita-

2071 1957 2288 2013 tionum
2337 1965 2660 2013 cunctarum
2699 1957 2956 2014 diurnum
2995 1957 3196 2030 pariter
3232 1966 3668 2032 nocturnumque

1443 2114 1704 2170 ALARDI
1741 2114 1977 2170 eam
2015 2097 2572 2172 COMMENTARIUS.

431 2257 456 2288 ³
494 2257 1011 2328 Hancsententiam
1047 2259 1117 2312 D.
1149 2255 1330 2312 Basilii
1365 2255 1514 2328 unde
1547 2257 1816 2328 acceperit
1849 2260 1959 2314 Au.

363 2333 504 2400 ctor,
531 2327 778 2400 nondum
809 2330 961 2398 potui
979 2328 1251 2400 invenire.
1277 2327 1526 2400 Habetur
1551 2327 1734 2400 tamen
1754 2327 1961 2400 aliquid

361 2395 536 2472 simile
573 2399 639 2472 in
665 2395 1080 2472 Commentario
1107 2398 1348 2472 ejusdem
1372 2397 1440 2454 de
1469 2401 1609 2454 Vera
1636 2395 1960 2472 Virgini'tate

361 2467 432 2540 ad
462 2469 739 2525 Letoium
757 2467 1155 2526 Melitinensem
1171 2469 1506 2540 episcopum.
1527 2472 1644 2540 Qua
1664 2467 1792 2540 ver'o
1813 2484 1962 2526 occa-

361 2538 512 2612 sione
537 2554 716 2610 quove
741 2555 913 2612 sensu
931 2555 1052 2596 eam
1081 2538 1324 2612 proferre
1347 2538 1589 2612 potuerit
1618 2539 1813 2612 virille
1831 2555 1962 2596 san-

359 2610 633 2694 ctissimus
679 2610 1148 2694 summisummi},
1199 2610 1378 2694 colligi
1417 2627 1586 2694 posse
1637 2611 1851 2692 videtur
1889 2627 1961 2694 ex

362 2681 605 2752 ejusdem
635 2681 860 2752 epistola
889 2686 956 2738 ad
981 2681 1270 2738 Chilonem
1295 2679 1648 2752 discipulum,
1675 2681 1731 2735 in
1753 2697 1858 2750 qua
1886 2679 1966 2737 fa-

361 2751 508 2826 tetur
532 2751 755 2823 quidem
787 2767 847 2826 se
877 2752 1118 2826 corporis
1155 2751 1523 2826 integritatem
1561 2751 1629 2808 ah
1663 2752 1813 2826 omni
1845 2752 1960 2826 libi-

361 2821 486 2879 dine
510 2821 751 2880 sérvasse
785 2821 1217 2888 immaculatam,
1245 2821 1302 2879 at
1327 2838 1442 2894 non
1485 2823 1560 2878 ita
1591 2822 1790 2894 mentis
1816 2823 1963 2894 puri-

363 2900 532 2966 tatem
554 2894 609 2948 in
639 2894 922 2966 juventute
945 2895 1208 2966 illibatam
1245 2893 1486 2966 tenuisse
1515 2912 1528 2947 :
1559 2892 1768 2966 quafde
1797 2892 1856 2949 re
1883 2893 1962 2950 sic

362 2963 622 3020 adversus
640 2963 896 3035 'seipsum
927 2965 1187 3036 conqueri
1225 2965 1455 3032 videtur,
1483 2963 1611 3020 curn
1649 2963 1723 3020 ait
1761 2966 1962 3036 :Quin

362 3039 414 3090 et
448 3037 698 3092 mulieres
730 3052 785 3092 se
810 3039 940 3092 meis
969 3035 1110 3090 hisce
1140 3037 1301 3092 oculis
1330 3037 1579 3092 visendas
1616 3035 1957 3102 offerebant,

2139 2261 2164 2291 °
2198 2259 2452 2314 Duorum
2481 2256 2684 2329 scilicet
2723 2257 3002 2314 mensium
3037 2256 3299 2328 uperiori
3345 2256 3519 2329 capite
3545 2273 3663 2314 me-

2067 2337 2365 2402 moratum,
2404 2343 2473 2384 ne
2499 2328 2722 2402 pollutio
2744 2329 2963 2402 saepius,
2991 2343 3165 2402 quam
3183 2329 3348 2402 semel
3382 2328 3669 2386 dumtaxat

2066 2399 2121 2456 in
2147 2398 2364 2472 duobus
2409 2398 2716 2472 mensibus,
2770 2398 2841 2455 et'
2866 2398 3071 2472 absqne
3110 2399 3392 2472 illusione,
3423 2407 3478 2456 et
3521 2402 3666 2472 turpi

2067 2471 2282 2526 somnio
2307 2511 2323 2538 ,
2359 2485 2424 2526 ac
2466 2470 2774 2526 titillatione
2809 2469 2998 2527 carnis'
3013 2469 3412 2527 dormientibus
3453 2469 3666 2526 contin-

2069 2549 2224 2614 gat:
2265 2556 2430 2614 quem
2468 2541 2604 2614 dixit
2630 2555 2748 2614 esse
2783 2539 3049 2614 perfecta
3080 2541 3326 2614 puritatis
3369 2549 3579 2598 statum
3614 2551 3670 2600 et

2069 2611 2470 2684 probationem,
2498 2611 2610 2684 sive
2635 2611 2914 2666 indicium.

2139 2669 2168 2713 ἀ
2193 2681 2282 2754 Sic
2303 2683 2375 2754 D_.
2409 2669 2733 2754 Benedictus
2757 2697 2873 2752 cap.
2903 2687 2935 2754 7
2961 2681 3190 2754 Regulae
3211 2681 3470 2754 inprimo
3496 2683 3667 2754 gradu

2071 2749 2400 2806 humilitatis
2423 2751 2500 2806 ait
2530 2769 2544 2806 :
2575 2749 2898 2807 Estimet'se
2921 2749 3076 2805 homo
3097 2752 3163 2806 de
3189 2749 3331 2806 catis
3359 2768 3394 2805 a
3419 2749 3525 2808 Deo
3545 2771 3672 2810 sem-

2063 2837 2168 2892 per
2191 2824 2404 2892 respici,
2430 2826 2482 2877 et
2517 2823 2668 2890 facta
2688 2838 2789 2877 sua
2812 2823 2872 2876 in
2890 2823 3038 2877 omni
3053 2823 3160 2876 loco
3193 2822 3262 2875 ab
3289 2827 3506 2892 aspectu
3529 2826 3670 2878 divi-

2069 2895 2259 2948 nitatis
2282 2894 2476 2956 videri,
2499 2897 2550 2948 et
2574 2893 2645 2947 ab
2664 2894 2873 2963 angelis
2895 2897 3000 2948 Deo
3023 2895 3170 2946 omni
3191 2893 3324 2946 hora
3341 2897 3669 2950 renuntiari.

2066 2965 2411 3019 Demonstrat
2449 2965 2606 3018 nobis
2629 2965 2726 3019 hoc
2753 2965 3054 3034 propheta,
3091 2979 3214 3018 cum
3251 2965 3310 3017 in
3338 2966 3672 3031 cogitationi-

2071 3035 2168 3090 bus
2181 3037 2379 3090 nostris
2389 3037 2471 3089 ita
2482 3039 2650 3091 Deum
2665 3050 2874 3104 semper
2883 3049 3092 3104 prwsen
3097 3038 3198 3088 tem
3209 3034 3460 3096 ostendit,
3465 3035 3646 3091 dicens
3654 3056 3671 3091 :

364 3121 598 3180 quarum
612 3109 935 3180 prxcellenti
951 3107 1219 3180 elegantia
1241 3111 1292 3160 et
1309 3107 1494 3180 decore
1511 3121 1640 3161 mea:
1655 3111 1964 3180 tentaretur
1998 3117 2043 3180 C
2071 3107 2333 3162 Scrutans
2355 3106 2516 3180 corda
2535 3110 2588 3161 et
2610 3121 2762 3180 renes
2780 3109 2922 3180 Deus
2941 3107 3159 3180 (Psalm.
3192 3108 3321 3170 vn).
3340 3108 3414 3180 Et
3435 3107 3628 3160 iterum
3653 3127 3670 3162 :

367 3177 653 3243 integritas
669 3178 968 3246 pudicitiae.
990 3180 1062 3232 Et
1082 3177 1302 3246 quidem
1316 3178 1584 3244 ﬂagitium
1605 3179 1778 3234 vitavi
1793 3179 1964 3244 forni-

369 3247 597 3300 cationis
610 3286 626 3313 ,
655 3251 716 3300 at
739 3247 1021 3300 munditiae
1045 3247 1328 3314 virginalis
1355 3249 1541 3314 ﬂorem
1567 3262 1768 3300 arcana
1795 3249 1964 3304 cordis

369 3317 690 3388 cogitatione
709 3318 937 3384 fxdavi.
968 3317 1102 3372 Haec
1116 3317 1243 3388 ipse
1265 3316 1332 3372 de
1354 3331 1414 3372 se
1436 3334 1451 3388 ξ
1472 3316 1668 3388 quibus
1689 3318 1864 3374 verbis
1885 3334 1966 3376 ve-

367 3399 489 3440 ram
516 3385 885 3459 Virginitatem
914 3403 978 3443 ex
1009 3385 1570 3459 perfe’ctamentis'et
1593 3387 1840 3459 corporis
1879 3389 1964 3444 in-

367 3457 621 3530 tegritate
664 3467 741 3530 et,
765 3457 1176 3530 incorruptione
1200 3458 1469 3530 districto
1491 3457 1745 3530 quidem,
1789 3467 1850 3514 ut
1876 3459 1968 3516 hic

366 3525 619 3598 habetur,
651 3529 746 3585 sed
780 3538 970 3586 tamen
990 3525 1139 3602 'vere,
1161 3525 1617 3602 circumscripsn,
1661 3525 1826 3602 atque
1862 3530 1966 3588 hoc

366 3603 1045 3674 argumentorpraaclarum
1089 3601 1242 3656 illum
1278 3600 1347 3674 de
1384 3600 1969 3674 Virginitatem—scripsit

300 3695 308 3701 -
365 3673 838 3745 commentarium.
865 3674 1232 3745 CaeterumD.
1261 3672 1560 3745 Gregorius
1589 3672 1969 3745 Nazianzenus

366 3739 421 3796 in
447 3743 686 3814 oratione
709 3743 916 3799 funebri
947 3745 1002 3799 in
1025 3743 1241 3799 Iaudem
1278 3739 1525 3814 ejusdem
1540 3744 1758 3814 Basilii,
1789 3743 1968 3814 ipsum

367 3811 833 3936 perfectissimum.
859 3815 1184 3897 virginitatis
1214 3811 1497 3898 cultorem
1527 3813 1694 3897 fuisse
1733 3811 1972 3899 declarat

409 3898 454 3936 Is
481 3884 658 3936 verbis
681 3905 692 3936 :
727 3887 860 3936 Oms
883 3890 1058 3936 tuttur
1079 3888 1454 3936 virginitatem
1493 3900 1669 3936 mauis
1695 3885 1972 3936 honoravit

409 3882 454 3937 is
481 3884 658 3939 verbis
681 3905 692 3940 :
727 3887 860 3952 Quis
883 3882 1058 3952 igitur
1079 3886 1454 3952 virginitatem
1493 3887 1669 3952 magis
1695 3885 1974 3941 honoravit

369 3969 534 4022 quam
546 3956 800 4016 Basilius,
817 3958 916 4007 aut
925 3955 1105 4007 carnis
1115 3955 1413 4022 puritatem
1427 3955 1588 4019 quasi
1601 3954 1709 4020 lege
1718 3957 1925 4008 sanciri
1926 3961 1966 4019 t,

370 4021 478 4094 non
499 4025 672 4079 solum
685 4025 910 4094 proprio
938 4023 1199 4092 exemplo,
1229 4021 1322 4076 sed
1343 4035 1526 4074 eorum
1554 4023 1750 4091 quibus
1785 4025 1972 4079 stude-
2002 4039 2008 4045 λ

382 4093 512 4148 bat?
551 4102 657 4148 etc.

447 4155 484 4236 ᾖ
514 4164 727 4236 Magna:
769 4161 1086 4236 perfectioni
1127 4161 1370 4236 tribuere
1405 4159 1616 4236 videtur
1666 4169 1878 4232 auctor,
1929 4165 1973 4221 si

373 4232 896 4306 pollutio'sine'ulla
926 4235 1105 4306 carnis
1128 4233 1464 4306 titillatione,
1492 4233 1825 4306 sedinatura:
1853 4243 1972 4290 tan-

371 4303 494 4360 tum
520 4305 845 4378 necessitate
877 4304 959 4378 vel
1001 4303 1314 4378 inﬁrmitate
1337 4303 1392 4360 in
1420 4305 1631 4360 somnis
1667 4307 1966 4378 contingat.

368 4378 490 4448 Qua
531 4376 602 4433 de
628 4391 688 4432 re
719 4375 840 4433 vide
881 4376 1040 4448 plura
1064 4375 1368 4448 Collatione
1398 4380 1496 4442 12,
1529 4391 1653 4448 quae
1679 4384 1776 4448 est
1789 4375 1971 4448 de'ca-

2071 3180 2328 3233 Dominus
2350 3179 2497 3232 novit
2515 3179 2856 3245 cogitationes
2885 3176 3190 3243 hominum,
3229 3177 3490 3244 quoniam
3517 3193 3671 3232 came

2069 3253 2198 3302 sunt
2219 3249 2438 3308 (Psalm.
2470 3251 2802 3315 cxxxvm).
2834 3249 3069 3316 Itemque
3091 3249 3172 3300 ait
3209 3265 3226 3300 :
3255 3247 3674 3304 Intellexistico-

2073 3320 2358 3388 gitationes
2376 3333 2522 3372 meas
2539 3319 2608 3373 de
2626 3319 2800 3388 longe,
2828 3323 2878 3374 et
2894 3320 3026 3388 quia
3044 3319 3301 3388 cogitatio,
3311 3317 3540 3388 hominis
3559 3336 3674 3375 con-

2071 3387 2311 3458 ﬁtebitur
2335 3389 2436 3444 tibi
2458 3389 2692 3454 (Psalm.
2726 3387 2942 3459 Lxxv).
2989 3387 3088 3459 His
3134 3387 3446 3443 suscribunt
3485 3398 3542 3444 et
3582 3391 3672 3446 alii

2073 3461 2282 3516 Patres.
2313 3460 2370 3516 S.
2404 3459 2645 3532 lgnatius
2671 3459 2740 3516 ad
2763 3458 3038 3532 GerOnem
3059 3458 3352 3532 diaeonum
3377 3478 3389 3514 :
3414 3461 3674 3532 Memento

2213 3535 2266 3586 et
2311 3547 2418 3587 non
2437 3529 2688 3602 peccabis
2736 3534 2934 3602 (Epist.
2975 3531 3060 3600 9).
3105 3529 3357 3585 Clemens
3401 3531 3670 3588 Alexand.

2075 3601 2168 3658 lib.
2211 3617 2292 3660 ιιι
2338 3601 2649 3674 Ρωᾶδεοεὶί
2683 3621 2696 3656 :
2743 3601 2857 3659 Hac
2885 3603 3055 3658 solum
3085 3603 3295 3656 ratione
3333 3604 3427 3672 ﬁt,
3467 3607 3530 3658 ut
3551 3606 3672 3674 quis

2074 3690 2368 3744 numquam
2404 3673 2642 3737 labatur,
2687 3675 2739 3728 si
2767 3679 2935 3732 Deum
2968 3675 3073 3730 sibi
3108 3675 3216 3744 ipsi
3249 3687 3470 3744 semper
3489 3675 3674 3730 adesse

2081 3743 2362 3800 existimat
2403 3746 2564 3816 (Cap.
2597 3748 2671 3808 5).
2705 3745 2764 3816 Si.
2794 3743 3161 3815 Hieronymus
3197 3743 3254 3797 in
3277 3743 3619 3816 Ezechielem
3653 3764 3670 3799 :

2078 3817 2348 3882 Memoria
2398 3815 2508 3872 Dei
2565 3815 2804 3870 excludit
2850 3817 3031 3870 omnia
3095 3815 3311 3882 ﬂagitia
3363 3815 3496 3872 (Lib.
3563 3829 3672 3883 vn,

2078 3901 2123 3940 c.
2168 3889 2282 3968 22).
2313 3887 2369 3941 S.
2416 3885 2678 3968 Ephrem.
2717 3885 2839 3968 lib._
2863 3885 2934 3968 de
2973 3885 3188 3968 Xirtute
3216 3901 3244 3968 ei:
3290 3883 3440 3968 Nihil
3483 3883 3672 3968 peius,

2077 3958 2402 4026 graviusque
2437 3961 2547 4023 est,
2590 3971 2757 4025 quam
2797 3957 2897 4011 Dei
2935 3955 3246 4010 oblivionem
3288 3967 3493 4020 capere.
3537 3955 3676 4009 Con—

2078 4026 2234 4079 tinua
2259 4029 2400 4080 enim
2432 4028 2532 4082 Dei
2557 4027 2922 4081 recordatione
2950 4029 3132 4094 turpes
3169 4023 3366 4076 animle
3400 4025 3676 4092 passiones

2078 4095 2360 4156 recedunt,
2427 4099 2608 4150 instar
2651 4097 3025 4163 maleﬁcorum.
3089 4097 3322 4148 Prxtore
3371 4094 3673 4162 accedente;

2080 4165 2224 4218 unde
2247 4170 2298 4218 et
2311 4165 2577 4220 mundum
2594 4167 2832 4234 Spiritus
2851 4167 3028 4218 sancti
3042 4163 3402 4234 habitaculum
3421 4165 3675 4232 efﬁcitur.

2089 4235 2192 4290 Ubi
2214 4250 2335 4290 vero
2375 4233 2637 4288 memoria
2660 4237 2761 4290 Dei
2785 4235 2958 4296 abest,
2981 4234 3074 4288 ibi
3104 4233 3328 4288 tenebrae
3367 4249 3484 4288 cum
3506 4236 3678 4302 fetore

2080 4303 2448 4379 demetantur,
2469 4307 2746 4379 omnisque
2761 4320 2847 4379 res
2856 4305 3101 4379 improba
3115 4309 3392 4379 exercetur
3410 4309 3578 4372 (Tom.
3603 4309 3652 4362 Il
3659 4349 3672 4375 ,

2078 4375 2147 4450 de
2175 4378 2316 4450 Virt.
2334 4375 2460 4450 cap.
2498 4378 2608 4450 ιο).
2633 4377 2691 4432 S.
2726 4375 2950 4450 Basilius
2970 4375 3024 4450 in
3047 4375 3267 4450 Regalis
3296 4376 3404 4432 fus.
3433 4379 3672 4450 disput.:

371 4445 584 4520 stitate;
625 4455 687 4520 et
709 4445 1000 4520 collatione
1029 4451 1100 4502 22
1117 4462 1296 4520 ,uqua;
1327 4445 1398 4502 de
1437 4445 1718 4504 nocturnis
1761 4447 1970 4505 illusio-
2001 4491 2046 4520 η
2083 4449 2153 4520 Ut
2167 4447 2328 4520 faber
2346 4445 2638 4516 ferrarius,
2663 4449 2817 4502 verbi
2835 4449 3038 4518 gratia,
3063 4445 3504 4520 qunndocumque
3521 4445 3672 4506 dola-

371 4519 550 4574 nibus.

373 4589 637 4661 Climachi
683 4589 754 4646 de
791 4589 1026 4661 perfecta
1067 4589 1318 4645 castitate
1353 4598 1412 4644 et
1442 4589 1686 4660 puritate
1729 4590 1966 4660 elogium

375 4659 500 4716 huic
522 4660 647 4716 loco
671 4659 1102 4716 consentaneum
1135 4677 1150 4714 :
1182 4661 1414 4716 Castitas
1440 4665 1518 4714 est
1536 4659 1856 4718 incorporea:
1875 4679 1968 4718 na-

376 4676 500 4716 nmc
522 4676 647 4716 loco
671 4676 1102 4716 consentaneum
1135 4677 1150 4714 :
1182 4676 1414 4716 vastitas
1440 4676 1518 4714 est
1536 4676 1654 4715 meo
1783 4676 1856 4716 ea:
1875 4679 1968 4718 na-

376 4736 514 4787 tura
535 4733 911 4800 familiaritas.
939 4732 1172 4787 Castitas
1188 4676 1789 4800 estChristijucunm
1802 4731 1970 4787 diver-

375 4799 594 4865 sorium,
618 4805 993 4871 terrestrisque
1009 4803 1225 4870 clypeus
1243 4799 1433 4855 cordis.
1455 4801 1688 4856 Castitas
1705 4805 1972 4860 excessiva

375 4879 582 4929 natura:
601 4875 886 4942 abnegatic
901 4915 918 4936 ,
947 4873 1286 4942 corporisque
1305 4871 1554 4942 mortalis
1586 4877 1748 4940 atque
1785 4887 1967 4929 corm-

371 4946 584 5014 ptibilis
619 4945 695 5000 ad
726 4941 1097 5014 incorporeum
1136 4941 1576 5012 spiritualemque
1609 4943 1970 5000 substantiam

381 5019 658 5072 contentio.
691 5017 881 5073 Castus
907 5015 997 5069 ille
1014 5017 1112 5076 est,
1143 5015 1242 5082 qui
1267 5027 1449 5066 amore
1463 5026 1697 5067 amorem
1719 5014 1966 5078 exclusit,

335 5132 342 5138 .
377 5087 652 5157 ignemque
677 5089 798 5156 igni
810 5087 1040 5157 spiritus
1058 5085 1347 5139 exstinxit.
1636 5088 1714 5139 est
1735 5085 1845 5147 ille,
1873 5087 1974 5157 qui

378 5153 444 5212 ne
453 5159 516 5213 in
528 5153 727 5214 somnis
745 5153 962 5228 quidem
975 5156 1147 5228 ullum
1161 5153 1674 5228 motum,‘ullamque
1692 5158 1866 5228 statim
1881 5153 1971 5228 sui

378 5231 724 5285 mutationem
753 5225 947 5285 sentit.
977 5226 1214 5283 Pudicus
1241 5229 1321 5280 est
1337 5225 1454 5286 ille,
1486 5225 1582 5294 qui
1605 5230 1658 5279 et
1679 5227 1738 5279 in
1771 5227 1970 5281 somnis

377 5301 594 5375 quidem
607 5301 906 5375 retectam
923 5311 1128 5368 semper
1149 5298 1218 5375 ir.
1230 5311 1522 5375 sorrmm
1541 5297 1710 5375 εροοξε
1733 5300 1786 5375 et
1805 5298 1972 5375 υαηςτ

363 5367 488 5442 tate
507 5367 974 5426 insénsibilitatem
1000 5367 1262 5440 possedit.
1287 5371 1410 5425 Hac
1437 5367 1628 5442 regula
1659 5367 1974 5442 hujusmodi

375 5444 494 5510 ﬁnis
515 5443 858 5512 estperfectas
875 5443 1358 5510 mnsummatxque
1366 5439 1654 5501 castitatis,
1672 5441 1737 5493 ut
1755 5439 1970 5512 itaani-

375 5518 522 5569 mata
544 5511 684 5569 sicut
717 5514 1023 5567 inanimato
1049 5513 1395 5578 intueamur;
1433 5513 1599 5580 atque
1631 5512 1714 5580 ita
1738 5511 1970 5564 rationa-

382 5583 515 5640 libus
540 5588 602 5640 ut
621 5585 794 5640 brutis
817 5583 1121 5654 corporibus
1149 5583 1482 5652 efﬁciamur.
1502 5577 1588 5637 Ἑῐ
1616 5577 1756 5654 infra
1785 5581 1971 5654 gIstud

377 5669 510 5710 vet-ce
529 5657 794 5711 castitatis
806 5653 1009 5710 certum
1031 5659 1413 5724 argumentum
1438 5657 1536 5717 est,
1563 5653 1886 5708 immobilem
1906 5654 1969 5708 in

377 5727 450 5780 eis
467 5725 959 5796 phantasmatibus,
977 5741 1100 5796 qux
1120 5741 1221 5796 per
1246 5740 1490 5782 somnum
1510 5724 1774 5787 videmus,
1795 5727 1969 5794 persi-

378 5795 529 5853 stere.
561 5797 696 5854 Haec
741 5797 830 5853 ille
859 5795 1072 5865 (Gradu
1109 5795 1218 5869 15).

609 4491 1098 4588 dﬁiBB'§"$E'&'én-E'
1110 4491 1398 4574 ῑίιιὲῗῖιόἑ
1436 4491 1960 4590 δῖεὶὶῖἐῖἁῖιῖἆῖεό.
1996 4491 2046 4554 D
2077 4491 2818 4590 maguum?
2833 4491 3678 4582 ἕιᾶἕὶῗῦὶἒῗιῗηὶῗῶῐν

2069 4591 2160 4645 sit.
2189 4590 2334 4646 unde
2350 4593 2768 4648 inStrumentum
2788 4591 2926 4645 illud
2951 4591 3262 4658 faciendum
3279 4607 3348 4646 ex
3362 4598 3523 4662 pacto
3543 4609 3679 4647 acce-

2076 4804 2244 4866 dixit,
2261 4819 2394 4873 opus
2413 4805 2623 4871 dirigit,
2645 4803 2792 4872 quod
2805 4799 2974 4866 facit:
2993 4803 3069 4873 sic
3088 4799 3430 4873 Christianus
3448 4813 3674 4873 quoque,

2077 4875 2128 4927 si
2151 4869 2382 4928 actiones
2403 4869 2542 4926 suas
2551 4869 2749 4934 omnes,
2776 4873 2888 4923 sive
2917 4869 3168 4936 majores,
3192 4869 3304 4920 sive
3328 4869 3580 4931 minores,
3602 4872 3678 4926 ad

2079 4943 2182 4998 Dei
2194 4943 2524 4996 voluntatem
2536 4941 2822 5000 direxerit,
2845 4939 3026 5009 issine
3043 4939 3398 4992 controversia
3412 4942 3464 4992 et
3472 4943 3678 5009 egregie

2078 5026 2212 5080 opus
2235 5012 2374 5065 illud
2394 5013 2606 5081 perﬁcit
2624 5050 2641 5072 ,
2669 5013 2722 5064 et
2747 5008 2912 5062 simul
2938 5009 3214 5081 assiduam
3237 5009 3384 5064 illius
3405 5012 3468 5064 in
3495 5008 3677 5069 animo

2077 5079 2187 5136 sibi
2207 5079 2518 5136 meritoriam
2543 5084 2844 5142 conservat,
2875 5097 2911 5134 a
2933 5095 3037 5150 quo
3062 5079 3122 5134 id
3148 5080 3337 5150 jussus
3363 5087 3441 5138 est
3463 5083 3673 5151 facere,

2077 5167 2300 5221 vereque
2320 5152 2458 5207 illud
2479 5153 2654 5208 dicere
2664 5153 2866 5222 poterit
2895 5170 2912 5206 :
2936 5151 3284 5208 Providebam
3307 5156 3591 5211 Dominum
3617 5159 3678 5212 in

2078 5227 2354 5294 conspectu
2380 5239 2492 5279 meo
2515 5238 2721 5292 semper
2747 5242 2764 5278 :
2792 5225 3045 5294 quoniam
3071 5239 3107 5277 a
3133 5223 3340 5280 dextris
3365 5231 3442 5281 est
3463 5229 3678 5284 mihine

2077 5309 2420 5350 commovear.
2463 5297 2596 5350 Item
2623 5295 2788 5350 Pauli
2811 5299 3075 5364 praecepto
3099 5295 3188 5349 illi
3209 5298 3484 5364 satisfecit
3511 5317 3528 5354 :
3558 5301 3680 5356 Sive

2077 5366 2551 5434 manducatis,sive
2566 5366 2879 5430 bibitis,sive
2892 5367 3026 5436 quid
3039 5367 3194 5421 aliud
3202 5369 3588 5432 facitis,omnia
3604 5369 3679 5424 ad

2077 5438 2309 5510 gloriam
2319 5440 2417 5494 Dei
2431 5439 2627 5510 facite.
2639 5439 2692 5510 (Ι
2702 5438 2826 5494 Cor.
2844 5438 2966 5510 _x.).
2982 5439 3176 5495 Omnia
3189 5454 3310 5508 qum
3323 5441 3559 5506 facimus
3575 5439 3680 5510 (ait

2077 5511 2147 5564 D.
2185 5508 2417 5564 Basilius
2445 5509 2512 5565 de
2541 5509 2682 5564 vitiis
2707 5508 2884 5565 carnis
2912 5515 3175 5576 tractans)
3201 5511 3371 5565 veluti
3395 5512 3452 5564 in
3489 5508 3678 5564 tabula

2070 5581 2224 5650 picta
2240 5596 2342 5650 per
2364 5585 2546 5650 partes
2586 5595 2840 5651 expressa
2874 5586 3170 5636 cementur.
3209 5583 3395 5651 Neque
3423 5595 3488 5634 ea
3510 5580 3677 5651 solum

2076 5649 2198 5722 ἐιιαε
2216 5649 2293 5728 in.
2313 5649 2454 5728 οιᾱιιε,
2469 5649 2863 5728 meum:
2889 5652 2985 5728 sed
3005 5653 3170 5728 etiam
3197 5664 3316 5728 qua
3347 5650 3458 5728 sive
3479 5649 3676 5728 ςηφτξι

2075 5719 2250 5793 operis
2269 5719 2532 5778 iri—animi
2552 5719 2740 5779 tabula
2759 5724 3036 5792 inscriptis
3059 5721 3290 5787 fuerunt
3307 5719 3670 5782 cogitationes.

2076 5793 2205 5851 Lib.
2233 5793 2303 5851 de
2332 5807 2458 5852 vera
2501 5793 2746 5866 Virginit.
