3996 6198
238 268 339 322 293

743 266 832 321 DE
865 264 1343 322 C(ENOBIORUM
1384 264 1628 322 INSTIT.
1668 264 1794 321 LIB.
1842 265 1954 319 Vll.
1995 292 2068 305 —
2108 265 2195 321 DE
2232 264 2500 322 SPIRITU
2542 266 3052 323 PHILARGYRLE.

3451 270 3558 326 294

248 387 563 444 inviscerata
593 388 738 444 carni
756 429 772 456 ,
819 388 1029 461 ipsique
1060 387 1461 461 propemodum
1482 403 1666 445 coaeva
1694 387 1837 445 nati-
1869 393 1924 455 Α
1951 390 2361 461 reparationem
2390 389 2599 447 sobolis
2622 398 2677 447 et
2695 391 3033 463 posteritatis
3060 391 3419 464 propaginem
3452 408 3547 450 sus

239 480 386 538 vitati
439 481 821 537 discretionem
868 480 999 538 boni
1043 480 1281 555 malique
1304 481 1668 554 “praeveniunt
1718 500 1732 535 :
1785 488 1842 538 et

240 574 357 632 licet
385 576 560 647 prima
605 574 868 648 arripiant
895 575 1209 645 hominem,
1234 576 1400 650 longo
1440 584 1625 635 tamen
1653 575 1841 634 labore

241 668 542 725 vincuntur.

855 761 1094 818 CAPUT
1145 763 1213 817 ΙΙ.

379 861 531 930 Quod
572 863 908 932 perniciosus
947 865 1020 917 sit
1056 863 1275 919 morbus
1317 863 1697 934 philargyrite.

308 976 413 1032 Hic
439 990 576 1032 vero
609 977 838 1033 morbus
876 977 1147 1049 posterius
1187 977 1569 1049 superveniens
1587 1018 1603 1045 ,
1647 985 1702 1035 et
1748 992 1843 1034 ex-

240 1070 503 1128 trinsecus
531 1070 797 1129 accedens
818 1071 1021 1129 anima:
1036 1113 1052 1140 ,
1079 1080 1281 1145 quanto
1309 1071 1517 1129 facinus
1542 1072 1718 1129 caveri
1738 1088 1841 1145 po-

238 1171 363 1229 test,
389 1179 453 1220 ac
488 1164 702 1236 respui,
735 1172 889 1221 tanto
922 1166 1193 1239 neglectus
1219 1173 1273 1221 et
1299 1164 1645 1223 intromissus
1667 1165 1836 1222 semel

238 1255 420 1325 cordi,
456 1256 520 1313 ﬁt
546 1258 903 1329 perniciosior
932 1256 1137 1314 cunctis
1154 1300 1172 1326 ,
1211 1256 1592 1331 difﬁciliusque
1616 1258 1839 1331 propel-

240 1351 388 1407 litur.
418 1350 693 1408 Malorum
718 1366 949 1424 namque
976 1351 1224 1408 omnium
1253 1350 1492 1410 efﬁcitur
1518 1351 1842 1421 radix,mul-

236 1445 445 1519 tiplices
475 1445 801 1503 fructiﬁcans
825 1445 1048 1503 fomites
1074 1447 1356 1504 vitiorum.

865 1564 1106 1621 CAPUT
1134 1564 1238 1620 III.

382 1676 511 1743 Qua:
536 1676 688 1731 nobis
715 1679 772 1731 in
796 1678 944 1731 vitiis
982 1676 1327 1731 naturalibus
1354 1678 1426 1731 sit
1465 1677 1699 1732 utilitas.

309 1792 333 1822 ³
366 1792 447 1848 Ut
468 1799 601 1864 puta
625 1790 802 1848 carnis
829 1790 1103 1864 simplices
1140 1798 1356 1857 motus,
1382 1805 1570 1847 nonne
1599 1788 1846 1846 videmus
1877 1810 1925 1873 Β
1951 1800 2199 1854 stabilem
2246 1802 2507 1867 operatur

240 1898 352 1939 non
395 1884 576 1941 solum
613 1884 668 1941 in
709 1886 892 1957 pueris
916 1927 933 1954 ,
972 1884 1027 1940 in
1065 1884 1266 1958 quibus
1310 1883 1491 1941 adhuc
1532 1882 1846 1939 innocentia

243 1976 393 2045 boni,
431 1978 668 2051 malique
693 1979 954 2051 prmvenit
993 1977 1415 2047 discretionem,
1458 1993 1649 2035 verum
1684 1977 1850 2034 etiam

242 2070 294 2125 iu
325 2072 599 2143 parvulis,
625 2080 791 2146 atque
823 2071 1185 2130 lactentibus?
1214 2072 1315 2142 Qui
1349 2087 1479 2128 cum
1516 2086 1589 2128 ne
1630 2070 1849 2127 initium

240 2163 463 2235 quidem
487 2165 651 2232 ullius
682 2164 920 2223 libidinis
943 2166 1001 2223 in
1023 2166 1338 2238 semetipsis
1361 2163 1601 2222 habeant
1616 2205 1632 2229 ,
1664 2170 1853 2220 motus

244 2259 424 2318 carnis
470 2260 708 2317 naturali
769 2259 1130 2317 incitamento
1178 2259 1281 2316 sibi
1329 2258 1503 2315 inesse
1543 2256 1850 2330 designant.

247 2354 273 2390 δ
300 2360 404 2415 Irae
432 2370 650 2428 quoque
678 2355 902 2412 aculeos
934 2362 1117 2412 truces
1139 2369 1324 2411 nonne
1358 2352 1613 2410 similiter
1636 2353 1692 2408 in
1730 2367 1851 2425 par-

244 2457 381 2513 vulis
401 2454 522 2528 jam
561 2454 740 2526 vigere
780 2452 1179 2526 conspicimus,
1224 2460 1278 2509 et
1301 2460 1596 2525 antequam
1630 2450 1849 2523 patien-

242 2552 333 2609 tia:
365 2550 622 2607 virtutem
664 2557 988 2623 agnoscant,
1016 2548 1225 2621 injuriis
1258 2563 1354 2605 eos
1381 2545 1658 2606 cernimus
1684 2562 1847 2603 com-

246 2643 483 2708 moveri;
509 2650 565 2699 et
594 2642 892 2698 verborum
923 2641 1129 2699 sentire
1155 2640 1319 2698 etiam
1348 2656 1444 2714 per
1458 2639 1672 2713 jocum.
1712 2655 1845 2697 con-

246 2736 497 2793 tumelias
546 2735 850 2807 irrogatas?
895 2750 960 2791 ac
1020 2749 1438 2807 nonnumquam
1499 2748 1627 2790 cum
1673 2732 1851 2790 desint

243 2830 412 2899 vires,
441 2828 692 2886 voluntas
732 2837 917 2885 tamen
961 2826 1216 2895 ultionis,
1263 2827 1343 2884 ira
1392 2826 1713 2900 instigante,
1736 2841 1851 2883 non

241 2923 417 2981 deest.
447 2926 566 2980 Nec
591 2922 699 2980 hoc
720 2922 875 2990 dico,
914 2937 1025 2995 quo
1060 2938 1254 2979 vocem
1292 2930 1546 2979 naturam
1572 2921 1851 2979 conditio-

244 3017 330 3074 nis
359 3017 414 3072 in
438 3016 680 3089 culpam,
710 3017 805 3073 sed
845 3032 957 3090 quo
982 3031 1220 3073 asseram
1250 3025 1436 3074 motus
1457 3015 1583 3086 hos,
1611 3016 1701 3088 qui
1725 3030 1851 3089 pro-

243 3112 454 3171 cedunt
495 3128 560 3170 ex
590 3111 783 3181 nobis,
824 3111 1094 3184 quosdam
1129 3112 1350 3185 quidem
1395 3111 1645 3170 utilitatis
1686 3127 1852 3169 causa

1950 482 2226 539 citandam
2251 525 2267 551 ,
2304 482 2514 541 utiliter
2557 492 2687 540 sunt
2721 485 2934 557 corpori
2984 493 3174 541 nostro
3219 483 3554 557 providentia

1949 576 2210 632 creatoris
2257 576 2447 632 inserti
2499 596 2512 632 :
2562 592 2673 632 non
2707 576 2778 633 ad
2822 576 3179 650 perpetranda
3235 585 3551 651 stuprorum

1950 670 2172 744 ﬂagitia,
2229 678 2284 727 et
2332 669 2628 738 adulteria,
2687 686 2811 743 quae
2860 670 2993 745 legis
3021 673 3188 728 etiam
3214 672 3543 732 auctoritate

1948 763 2305 821 damnantur.
2335 772 2360 804 ο
2394 766 2499 821 Irin
2528 764 2694 821 etiam
2724 764 2944 821 aculeos
2965 780 3149 822 nonne
3189 765 3552 824 saluberrime

1946 856 2105 930 nobis
2156 857 2512 930 intelligimus
2557 858 2881 927 attributos,
2946 866 3008 915 ut
3053 859 3263 915 nostris
3309 860 3456 916 vitiis
3501 868 3556 916 et

1946 952 2223 1009 erroribus
2267 952 2591 1019 irascentes,
2644 951 2938 1009 virtutibus
2987 952 3169 1024 potius
3224 968 3288 1008 ac
3333 952 3558 1025 spirita-

1947 1045 2088 1102 libus
2122 1043 2320 1102 studiis
2364 1059 2717 1117 occupamur,
2756 1061 2981 1102 omnem
3019 1045 3348 1103 charitatem
3390 1049 3552 1115 Deo,

1947 1148 2002 1196 et
2031 1140 2348 1211 patientiam
2392 1138 2594 1195 nostris
2621 1137 2884 1195 fratribus
2909 1137 3274 1195 exhibentes?
3305 1139 3561 1197 Tristitia:

1946 1248 2161 1304 quoque
2191 1232 2397 1289 utilitas
2442 1241 2646 1303 quanta
2691 1232 2760 1288 sit
2786 1233 3081 1300 novimus;
3115 1247 3239 1304 quae
3273 1232 3415 1289 inter
3452 1248 3558 1291 ea)-

1948 1335 2062 1383 tera
2091 1326 2215 1383 vitia
2258 1342 2387 1384 cum
2428 1327 2485 1382 in
2511 1328 2849 1384 contrariam
2888 1325 3155 1383 affectum
3185 1335 3267 1383 est
3308 1336 3518 1384 mutata
3540 1369 3556 1396 ,

1951 1429 2395 1478 connumeratur.
2427 1424 2526 1477 Est
2556 1421 2700 1477 enim
2745 1429 2800 1477 et
2823 1419 3126 1477 secundum
3156 1421 3257 1477 Dei
3295 1421 3557 1478 timorem

1954 1514 2373 1586 pernecessaria,
2401 1521 2456 1570 et
2480 1512 2782 1570 secundum
2806 1514 3071 1571 saeculum
3101 1512 3401 1571 admodum
3428 1529 3557 1587 per-

1950 1610 2186 1678 niciosa,
2225 1617 2289 1667 ut
2328 1608 2491 1666 docet
2534 1610 2836 1681 Apostolus
2863 1607 3052 1666 dicens
3085 1627 3099 1665 :
3146 1612 3273 1679 Qua
3309 1613 3449 1665 enim
3473 1625 3560 1666 se-

1952 1704 2185 1759 cundum
2208 1708 2379 1760 Deum
2411 1708 2489 1759 est
2518 1705 2777 1765 tristitia,
2802 1706 3177 1772 penitentiam
3212 1705 3288 1759 ad
3331 1706 3557 1759 salutem

2554 1815 2570 1850 :
2625 1797 2810 1851 seaculi
2852 1801 3033 1851 autem
3071 1799 3294 1851 tristitia
3336 1802 3560 1853 mortem

1958 1896 2217 1964 operatur
2240 1894 2316 1959 (II
2353 1892 2472 1948 Cor.
2501 1894 2640 1955 vn).

2557 2000 2798 2056 CAPUT
2857 2002 2956 2056 IV.

2105 2094 2258 2164 Quod
2298 2097 2468 2149 inesse
2493 2095 2646 2148 nobis
2682 2094 2936 2164 quaedam
2976 2096 3257 2150 naturalia
3285 2098 3419 2151 cum

2279 2168 2391 2220 sine
2419 2168 2675 2221 creatoris
2726 2166 2971 2221 dicamus
3009 2166 3237 2236 injuria.

2029 2258 2057 2302 ἀ
2105 2272 2231 2327 Non
2282 2284 2410 2343 ergo
2435 2267 2479 2325 si
2510 2267 2812 2325 dixerimus
2855 2268 2957 2325 hos
2999 2277 3187 2325 motus
3232 2285 3261 2325 a
3303 2269 3561 2327 Creatore

1961 2363 2191 2419 insertos
2242 2361 2440 2430 nobis,
2489 2376 2555 2418 ex
2601 2376 2666 2418 eo
2703 2360 2990 2434 culpabilis
3034 2361 3127 2418 ille
3170 2360 3465 2432 videbitur,
3514 2364 3560 2419 si

1956 2456 2205 2528 nequiter
2247 2455 2328 2512 his
2362 2454 2519 2512 abusi
2563 2455 2919 2513 maluerimus
2961 2471 3058 2512 eos
3085 2455 3157 2512 ad
3194 2456 3354 2513 noxia
3381 2458 3563 2529 potius

1953 2550 2255 2607 ministeria
2299 2549 2656 2622 detorquere,
2694 2558 2750 2606 et
2784 2550 3018 2606 velimus
3059 2566 3159 2622 pro
3202 2549 3559 2609 infructuosis

1955 2653 2011 2702 et
2038 2644 2390 2701 saecularibus
2419 2643 2617 2711 lucris,
2661 2658 2774 2699 non
2816 2659 2917 2715 pro
2947 2642 3173 2700 salutari
3209 2644 3557 2717 poenitentia,

1957 2744 2013 2795 et
2054 2737 2311 2795 vitiorum
2354 2735 2694 2793 correctione
2741 2735 2946 2791 tristari
2993 2757 3006 2792 :
3059 2736 3141 2792 vel
3170 2744 3317 2793 certe
3359 2738 3406 2793 si
3447 2754 3563 2795 non

1957 2828 2370 2901 nobismetipsis
2409 2827 2637 2895 utiliter,
2676 2826 2773 2884 sed
2806 2836 3002 2884 contra
3045 2828 3403 2885 interdictum
3442 2834 3563 2887 Do-

1957 2924 2093 2982 mini
2134 2923 2339 2981 nostris
2387 2922 2648 2995 fratribus
2690 2922 3011 2979 irascamur.
3065 2924 3209 2979 Nam
3261 2924 3307 2980 si
3353 2922 3565 2981 ferrum

1958 3018 2082 3091 quis
2108 3016 2176 3074 ad
2213 3014 2583 3074 necessarium
2624 3023 2679 3072 et
2702 3016 2832 3074 utile
2873 3015 3241 3074 ministerium
3266 3017 3561 3075 contribu-

1958 3119 2081 3169 tum
2098 3153 2112 3180 ,
2141 3109 2210 3168 ad
2238 3125 2428 3169 necem
2457 3108 2687 3166 voluerit
2722 3108 3023 3166 insontium
3052 3118 3370 3183 retorquere
3388 3151 3404 3179 ,
3451 3126 3565 3169 non

241 3206 416 3262 nobis
459 3205 722 3273 insertos,
757 3205 1027 3276 quosdam
1072 3221 1204 3262 vero
1227 3205 1565 3279 negligentiae
1604 3205 1764 3276 vitio,
1792 3222 1857 3263 ac
1890 3218 1935 3282 ο
1962 3220 2027 3262 ex
2060 3203 2167 3261 hoc
2204 3201 2495 3259 infamabit
2529 3201 2773 3259 materia:
2810 3201 3192 3274 conditorem,
3220 3202 3267 3260 si
3306 3202 3453 3275 quod
3476 3203 3565 3262 ille

246 3298 420 3355 malm
469 3298 763 3355 voluntatis
805 3298 1029 3353 arbitrio
1071 3297 1405 3355 extrinsecus
1448 3297 1738 3353 introduci.
1780 3297 1852 3354 Hi

244 3407 531 3465 namque,
578 3406 717 3463 quos
747 3405 914 3464 supra
951 3389 1221 3460 diximus,
1265 3399 1450 3447 motus
1494 3390 1738 3448 carnales
1783 3391 1856 3448 ob

1961 3297 2031 3355 ad
2053 3312 2215 3354 usum
2244 3296 2382 3354 bene
2410 3294 2621 3352 vivendi
2646 3303 2854 3368 aptum,
2884 3311 2948 3352 ac
2965 3297 3331 3353 necessarium
3356 3297 3569 3371 prasti-

1961 3392 2054 3460 tit,
2084 3391 2185 3447 iste
2210 3389 2317 3447 boc
2344 3404 2476 3446 usus
2498 3397 2583 3446 est
2607 3388 2676 3446 ad
2703 3388 3037 3447 nocendum.

1346 3512 1607 3569 ALARDI
1645 3512 1870 3569 GAZ/El
1906 3509 2467 3571 COMMENTARIUS.

326 3625 351 3655 ³
384 3624 462 3696 Ita
492 3619 734 3696 plerique
762 3630 901 3696 tam
918 3636 1048 3680 mss.
1079 3637 1244 3696 quam
1267 3622 1452 3696 excusi
1472 3621 1544 3696 ab
1578 3622 1663 3679 his
1684 3621 1866 3696 verbis

252 3702 421 3767 caput
445 3691 551 3750 hoc
572 3691 793 3750 tertium
818 3691 922 3767 ub
941 3691 1222 3767 pmmisso
1243 3694 1414 3767 titulo
1438 3695 1716 3767 inchoent.
1745 3695 1862 3767 Cia-

251 3764 445 3835 conius
465 3772 686 3832 tamen,
714 3766 901 3822 nescio
929 3764 998 3822 an
1033 3781 1098 3822 ex
1133 3766 1408 3822 Vaticanis
1444 3765 1759 3835 codicibus,
1792 3765 1863 3821 ab

254 3835 365 3891 illis
391 3834 620 3892 demum
645 3835 827 3893 verbis
847 3838 1162 3909 auspicatur
1186 3854 1201 3892 :
1229 3839 1333 3909 Nec
1357 3837 1614 3909 hocdico.
1638 3834 1747 3908 quo
1766 3853 1864 3909 υρτ

252 3921 364 3961 cem
384 3912 659 3978 natu-ram
678 3950 694 3971 ,
721 3916 825 3963 etc.
860 3906 1073 3978 Utputa
1091 3946 1124 3978 ,_
1154 3906 1392 3978 positum
1419 3906 1671 3978 bicpro',
1697 3906 1864 3978 Verbi

251 3977 449 4048 gratia.
482 3978 752 4049 Explicat
786 3974 961 4049 enim'
982 3975 1138 4049 quod
1159 3974 1429 4049 superius
1474 3974 1713 4049 diierat,
1753 3977 1866 4031 alia

250 4044 391 4103 {vitia
408 4048 554 4103 velut
582 4044 827 4115 ingenita
852 4048 911 4099 in
932 4046 1085 4099 nobis
1119 4044 1314 4098 habere
1333 4045 1629 4112 principia,
1661 4049 1712 4098 et
1729 4060 1868 4113 quo-

250 4118 550 4173 dummodo
573 4119 898 4172 imriscerata
925 4116 1097 4178 carni,
1133 4121 1240 4169 etc.

329 4182 359 4219 ι’
391 4189 475 4259 Ita
496 4190 568 4242 D.
598 4186 941 4259 Augustinus
964 4184 1058 4241 lib.
1092 4181 1440 4259 iConfessio.
1464 4198 1586 4256 cap.
1613 4188 1645 4239 7
1676 4202 1689 4239 :
1717 4184 1869 4259 Vidi,

250 4257 468 4330 inquit.
499 4262 552 4312 ct
588 4255 840 4328 ϐίῳέν-ιω
873 4272 992 4330 sum
1024 4258 1286 4330 solantem
1316 4255 1547 4327 puerum
1574 4273 1592 4310 :
1622 4255 1866 4330 nondum

256 4328 608 4401 loquebatur,
640 4333 694 4384 et
714 4329 1027 4384 intuebatur
1044 4328 1290 4399 pallidus
1308 4342 1494 4401 amaro
1514 4331 1733 4401 aspectu
1756 4328 1869 4382 col-

258 4397 567 4456 luctaneum
594 4414 775 4455 suum.
803 4397 1076 4455 Caeterum
1101 4407 1288 4456 motus
1315 4398 1400 4454 isti
1425 4397 1720 4466 naturales,
1747 4405 1864 4453 tam

262 4472 358 4553 irae
376 4487 545 4544 quam
572 4470 835 4553 libidinis,
857 4485 967 4553 non
997 4479 1124 4526 sunt
1141 4469 1355 4553 proprie
1378 4468 1527 4553 vitia,
1557 4485 1695 4553 cum
1713 4470 1864 4526 omni

260 4540 417 4615 culpa
447 4541 765 4615 careanttsi
788 4542 900 4597 sint
919 4541 1121 4615 absque
1140 4540 1347 4615 judicio
1384 4541 1614 4615 rationis
1648 4549 1864 4615 et_con-

262 4609 425 4671 sensu
456 4612 788 4683 voluntatis,
836 4620 899 4668 ut
934 4609 1293 4683 inﬂparvulis,
1329 4619 1388 4683 et
1418 4609 1818 4683 dormientibus
1849 4631 1862 4668 :

264 4686 440 4757 multo
470 4684 643 4757 magis
669 4684 726 4739 in
749 4681 1123 4757 renitentibus
1146 4681 1732 4757 et__resistentibus_,_ut
1758 4681 1869 4757 do-

258 4756 520 4881 ide5m
544 4752 885 4881 Ku‘gustinus
910 4752 1007 4809 lib.
1040 4768 1063 4809 1
1091 4752 1159 4810 de
1179 4752 1296 4809 Civ.
1329 4766 1449 4824 cap.
1475 4756 1566 4808 25.
1594 4752 1727 4809 Vide
1745 4753 1866 4809 Col-

342 4843 417 4881 ιο.
484 4868 501 4881 .
532 4842 583 4881 c.
658 4867 673 4881 .

319 4828 417 4883 tio.
444 4833 501 4887 5.
532 4842 583 4882 c.
617 4834 673 4881 4.

335 4898 525 4990 ενξοίξθ
553 4894 984 4990 Nemesius‘lib.‘
1000 4893 1089 4979 .de
1117 4896 1343 4990 'Na‘tura.
1368 4891 1610 4990 hgmigis
1635 4901 1860 4990 sapa?!
1892 4927 1943 4990 Ι)

261 4966 403 5026 dixit
432 4973 618 5027 :Iram
646 4984 755 5026 esse
781 4968 1100 5023 satellitium
1117 4967 1382 5021 'rationis.
1417 4967 1488 5021 Et
1514 4967 1590 5021 D.
1635 4965 1868 5022 Basilius

263 5040 318 5095 in
359 5042 586 5097 homilia
614 5040 684 5097 de
715 5042 834 5110 Ira,
884 5041 1027 5093 Iram
1074 5035 1349 5110 hominiﬂa
1379 5038 1498 5091 Deo
1539 5034 1761 5110 datam,
1805 5044 1867 5110 ut

264 5112 561 5185 imperanti
602 5105 862 5185 ra_tioni_,_
884 5117 1163 5180 tamquam
1215 5105 1666 5185 mil_es_armatus
1700 5105 1863 5185 duci,

263 5176 483 5241 nbédiat
520 5192 574 5240 et
616 5183 691 5239 sit
732 5180 957 5254 quidam
998 5176 1201 5254 nervus
1242 5176 1406 5234 animi
1428 5218 1467 5254 ιλ
1495 5177 1868 5254 fortitudian

263 5218 483 5241 ..νωιαι
520 5218 574 5240 τι
616 5218 691 5239 ο..
732 5218 957 5254 quam...
1000 5218 1201 5235 ........,
1242 5218 1405 5234 μνη...
1495 5218 1868 5234 ...............

263 5255 739 5328 constantiamque
780 5252 857 5328 ad
917 5266 1030 5328 res_
1050 5251 1187 5328 bene
1243 5257 1298 5306 et
1337 5218 1540 5328 prdine
1590 5248 1871 5328 gerendas

266 5326 517 5394 prabens
549 5320 664 5383 :Et
691 5327 970 5386 animam,
1016 5321 1223 5394 inquit,
1266 5321 1540 5392 voluptate
1569 5320 1868 5381 delinitam,

268 5413 330 5449 ης
356 5399 739 5460 lasciuientem,
776 5396 943 5457 veluti
970 5395 1116 5461 ferro
1144 5393 1377 5464 quodam
1409 5393 1673 5455 cohibens,
1698 5394 1868 5445 auste-

270 5470 487 5531 riorem,
518 5470 907 5537 fortioremque
925 5481 993 5519 ea:
1010 5465 1176 5530 molli,
1200 5481 1263 5520 ac
1287 5467 1507 5537 remissa
1532 5464 1729 5520 reddit.
1762 5465 1869 5519 Mc

270 5543 409 5594 nam
427 5543 480 5595 si
492 5536 681 5595 centra
703 5536 1046 5609 iniquitatem
1067 5537 1205 5592 desit
1221 5536 1625 5609 indignatioket
1649 5537 1754 5598 ira,
1779 5549 1871 5609 sa-

270 5612 338 5661 tis
366 5627 483 5666 eam
506 5611 648 5673 odio,
683 5606 971 5680 quo—decet
990 5649 1007 5671 ,
1037 5610 1288 5680 persequi
1302 5610 1519 5677 poterit.
1552 5606 1868 5663 Lactantius

275 5681 457 5737 itidem
486 5682 540 5737 in
575 5679 714 5736 libro
751 5681 819 5736 de
851 5683 935 5735 Ira
970 5679 1069 5735 Dei
1110 5698 1124 5734 :
1153 5680 1305 5736 Sicut
1339 5694 1526 5737 corpus
1571 5680 1867 5733 humanum

276 5754 408 5807 Deus
427 5754 611 5809 multis
635 5758 685 5808 et
702 5753 869 5807 uariis
888 5751 1123 5807 sensibus
1146 5750 1221 5805 ad
1237 5765 1394 5805 usum
1411 5753 1538 5805 ritca
1554 5751 1869 5804 necessariis

273 5826 531 5879 instrue-it
555 5842 570 5878 :
586 5826 663 5878 sic
676 5829 727 5878 et
743 5824 922 5877 animo
936 5824 1111 5876 rarios
1129 5821 1384 5877 attribuit
1399 5823 1657 5889 affectus,
1674 5821 1870 5891 quibus

1969 3626 2096 3679 vita
2118 3625 2261 3678 ratio
2280 3624 2573 3687 constaret;
2601 3623 2663 3676 ut
2694 3620 2968 3676 libidinem
2998 3622 3356 3693 producenda:
3377 3623 3566 3680 sobolis

1974 3696 2163 3764 gratia
2202 3693 2354 3749 dedit
2393 3711 2410 3746 :
2439 3694 2517 3747 sic
2554 3694 2696 3746 iram
2723 3693 3133 3747 cohibendorum
3160 3710 3325 3750 causa
3354 3695 3571 3752 delicto-

1974 3782 2116 3820 rum.
2160 3767 2359 3821 Verum
2386 3765 2464 3826 ii,
2504 3765 2603 3833 qui
2625 3765 2871 3817 nesciunt
2902 3766 3033 3833 ﬁnes
3080 3766 3327 3821 bonorum
3355 3782 3419 3821 ac
3444 3783 3567 3821 ma-

1975 3838 2168 3902 lorum,
2201 3838 2340 3889 sicut
2361 3834 2586 3889 libidine
2607 3838 2841 3888 utuntur
2859 3835 2936 3888 ad
2962 3837 3288 3902 corruptelas
3313 3840 3364 3891 et
3382 3837 3457 3889 ad
3481 3853 3568 3890 vo-

1978 3908 2244 3978 luptates;
2269 3909 2351 3978 sic
2364 3907 2509 3978 iram
2529 3908 2581 3978 et
2607 3905 2871 3971 affectum
2895 3904 2970 3960 ad
2990 3904 3282 3978 nocendum
3302 3947 3318 3968 ,
3343 3906 3473 3959 dum
3496 3909 3568 3962 iis

1976 3975 2106 4045 quos
2134 3976 2268 4058 odio.
2284 3976 2517 4058 habent,
2536 3977 2995 4058 irascunturhaut
3009 3975 3258 4058 paribus,
3287 3979 3385 4029 aut
3408 3977 3569 4031 etiam

1977 4047 2341 4116 superioribus
2373 4047 2540 4117 (Lact.
2575 4045 2642 4099 de
2672 4048 2762 4099 Ira
2789 4047 2889 4100 Dei
2912 4060 3029 4115 cap.
3064 4047 3176 4112 18).

1979 4186 2002 4195 _
2048 4105 2077 4147 δ
2110 4115 2359 4195 _Basi|ius
2404 4116 2696 4195 loco_ante
2723 4114 3061 4195 citato,_ubi
3113 4123 3263 4195 post.
3291 4115 3461 4195 multa
3503 4116 3571 4173 ds

1979 4186 2082 4241 Irae
2110 4184 2269 4257 bono
2286 4199 2391 4240 usu
2422 4192 2474 4239 et
2501 4183 2727 4257 utilitate
2746 4225 2762 4249 ,
2788 4183 3070 4257 concludit
3105 4183 3130 4237 ε’
3146 4186 3233 4257 Sic
3278 4186 3461 4257 itaque
3503 4205 3571 4244 ea.-

1979 4259 2064 4310 ira
2088 4256 2222 4309 uiris
2252 4254 2398 4328 bonis
2429 4254 2642 4308 utilitas
2675 4255 2891 4328 capitur
2911 4254 3006 4308 sed
3029 4258 3093 4328 et
3118 4256 3355 4311 aliarum
3366 4254 3569 4328 poten-

1980 4329 2184 4399 tiarum
2213 4325 2743 4399 quislibeteemodo
2774 4340 2835 4379 ea
2861 4327 3062 4381 utentis
3093 4331 3145 4382 et
3165 4342 3281 4382 eam
3302 4325 3572 4399 possiden-

1978 4400 2068 4461 tis,
2096 4397 2231 4471 bona
2253 4398 2339 4471 rel
2361 4397 2508 4451 mala
2539 4396 2747 4471 dicetur
2774 4416 2809 4471 :_
2825 4399 2893 4454 Ut
2926 4400 3121 4453 anima:
3148 4396 3570 4471 concupiscibilis

1970 4473 2133 4544 parte
2152 4470 2203 4523 si
2234 4470 2357 4544 quis
2374 4471 2433 4523 in
2463 4469 3067 4544 corporiscoluptatem,
3098 4475 3148 4526 et
3174 4469 3569 4544 impurissimas

1976 4543 2209 4615 actiones
2227 4541 2507 4615 abutetur,
2535 4541 2910 4615 abantinabilis
2930 4545 3193 4613 profecto,
3235 4541 3287 4600 et
3321 4548 3570 4615 nefarius

1974 4613 2166 4679 fuerit.
2216 4612 2279 4669 Si
2314 4615 2435 4681 quis
2470 4628 2593 4668 rero
2620 4613 2775 4666 illam
2809 4614 2868 4666 in
2908 4612 3010 4669 Dei
3046 4630 3109 4669 ac
3153 4618 3372 4671 Domini
3387 4612 3572 4673 nostri

1974 4686 2099 4738 Iesu
2141 4684 2347 4739 Christi
2384 4685 2705 4739 charitatem
2747 4687 2798 4738 et
2836 4687 3275 4754 sempiternorum
3315 4688 3565 4741 bonorum

1974 4754 2297 4809 desiderium
2335 4758 2621 4816 comertet,
2663 4755 2803 4820 felim
2844 4770 2907 4808 ac
2944 4756 3148 4808 beatus.
3187 4756 3536 4820 Quamobrem
3552 4798 3566 4817 ,

1973 4827 2178 4893 fratres
2213 4824 2781 4885 dilectissimi,.nolite,
2811 4824 3040 4893 obsecro,
3070 4838 3133 4875 ea
3162 4838 3284 4890 quae
3312 4839 3343 4876 a
3367 4838 3570 4879 summo

1974 4900 2080 4951 Deo
2104 4900 2156 4949 et
2184 4897 2419 4948 omnium
2442 4897 2660 4947 auctore
2684 4893 2758 4945 ad
2785 4892 3013 4945 salutem
3041 4906 3279 4945 concessa
3311 4898 3456 4959 sunt,
3480 4911 3570 4950 oc-

1973 4967 2235 5021 casionem
2252 4966 2588 5032 peccatorum
2613 4961 2759 5014 vobis
2776 4962 2920 5034 ipsis
2943 4962 3137 5034 facere.
3162 4962 3251 5019 Sic
3278 4965 3461 5034 itaque
3486 4968 3569 5021 ira

1975 5034 2435 5107 quandooportet,
2455 5037 2507 5107 et
2526 5035 2593 5107 ut
2618 5033 2854 5107 oportet,
2881 5046 2951 5086 ex
2977 5033 3188 5088 ratione
3225 5033 3557 5107 dispensata,

1974 5103 2373 5180 fortitudinem,
2411 5103 2868 5180 patientiamque,
2908 5118 2971 5180 ac
3004 5103 3358 5180 constantiam
3380 5113 3567 5180 parit;

1972 5173 2169 5248 praeter
2194 5178 2533 5248 verorectam
2551 5173 2809 5248 rationem
2830 5179 3082 5248 tractata,
3105 5178 3262 5243 furor
3284 5185 3334 5236 et
3354 5173 3566 5238 insania

1980 5244 2235 5317 efﬁcitur.
2276 5244 2475 5301 Idcirco
2518 5259 2612 5317 nos
2646 5246 2886 5314 psalmus
2923 5247 3172 5304 admonet
3212 5269 3229 5304 :
3266 5253 3573 5311 Irascimini

1981 5316 2043 5373 et
2068 5319 2231 5373 nolite
2261 5331 2497 5388 peccare.
2526 5316 2791 5371 Similiter
2832 5317 3077 5375 Isidorus
3117 5321 3412 5381 Pelusiotes
3444 5347 3457 5383 :
3492 5329 3569 5385 0b

1926 5408 1941 5411 -
1981 5406 2117 5453 eam,
2148 5389 2351 5461 inquit,
2378 5403 2596 5444 causam
2622 5388 2771 5442 nobis
2809 5391 2897 5444 ira
2923 5391 3087 5445 insita
3115 5397 3224 5457 est,
3254 5411 3359 5451 non
3386 5401 3447 5452 ut
3473 5414 3569 5453 nos

1973 5477 2179 5533 quoque
2212 5475 2483 5534 peccantis
2500 5502 2515 5523 ,
2544 5474 2726 5519 verum
2752 5464 2815 5515 ut
2838 5466 3114 5532 peccantes
3148 5467 3524 5534 prohibeamus
3551 5487 3566 5522 :

1973 5549 2067 5588 nec
2089 5538 2231 5588 utea
2259 5532 2509 5587 turbidus
2530 5534 2723 5593 motus,
2751 5546 2814 5586 ac
2834 5535 3048 5588 morbus
3069 5532 3183 5589 sit}
3205 5553 3389 5591 verum
3408 5542 3470 5591 ut
3491 5540 3569 5591 ri-

1976 5607 2234 5661 tiosarum
2263 5606 2621 5672 affectionum
2656 5602 2939 5659 medicina.
2973 5607 3077 5662 Nos
3118 5611 3295 5660 autem
3332 5607 3568 5660 medica-

1976 5681 2207 5732 mentum
2232 5678 2287 5729 in
2311 5691 2564 5731 venenum
2586 5678 2990 5737 commutemus,
3018 5676 3145 5730 dum
3173 5691 3231 5729 eo
3253 5676 3327 5729 ad
3342 5691 3425 5744 ea,
3450 5690 3568 5744 qua’

1975 5763 2081 5804 non
2107 5748 2324 5809 decent.
2360 5748 2635 5802 abutimur
2659 5746 2871 5817 (Isidor.
2913 5750 3069 5816 epist.
3109 5749 3256 5810 239).
3289 5743 3427 5797 Vide
3462 5743 3570 5795 La-

1976 5818 2236 5875 etantium
2267 5818 2360 5873 lib.
2392 5832 2455 5873 v1
2486 5818 2652 5875 divin.
2682 5816 2839 5872 Instit
2885 5831 3002 5885 cap.
3042 5818 3125 5867 t9.
