3996 6198
334 259 429 312 297

822 256 911 311 DE
947 255 1428 312 C(ENOBIORUM
1464 254 1710 312 lNSTIT.
1751 253 1880 309 LIB.
1919 253 2033 307 VII.
2074 280 2144 291 —
2182 252 2269 308 DE
2307 252 2573 309 SPIRITU
2615 254 3123 312 PHILARGYRL‘E.

3520 263 3624 317 298

334 380 614 439 timentum
634 394 745 437 non
768 350 1021 438 siﬁﬁcere
1046 379 1192 454 quod
1217 379 1515 452 praebetur,
1535 377 1637 436 nisi
1662 393 1941 451 procuraa
1953 380 2008 444 Α
2032 392 2144 433 non
2170 375 2464 443 iracundias
2487 378 2651 438 noxio
2674 379 2860 438 furore
2892 381 3151 454 suppleri.
3191 380 3251 439 Si
3282 397 3561 454 quoquam
3588 402 3621 439 a

333 472 459 529 verit
492 472 636 529 unde
661 471 767 529 sibi
797 472 945 531 aliud
971 474 1146 531 valeat
1180 473 1439 530 exhiberi.
1485 475 1775 535 Postremo
1819 486 1925 529 nec

333 563 417 621 diu
435 580 595 637 posse
619 564 675 621 in
701 564 897 624 eodem
926 565 1052 623 loco
1076 566 1159 624 vel
1183 567 1521 625 monasterio
1538 563 1918 637 commorari:

333 662 382 712 et
402 635 503 712 nisi
542 656 821 728 paraverit
858 657 960 714 sibi
1000 657 1182 715 viatici
1227 665 1489 730 sumptus
1527 635 1925 728 evectionisque

333 742 707 808 transmarina
759 751 1069 809 mercedem
1085 794 1103 821 ,
1144 768 1260 809 non
1303 768 1466 827 posse
1500 767 1633 810 cum
1670 752 1922 819 voluerit,

333 843 736 917 transmigrare,
761 853 815 901 et
830 846 1150 902 necessitate
1172 845 1369 919 inopia:
1395 854 1757 914 coarctatum,
1780 844 1923 902 laboo

332 936 528 994 riosam
554 952 619 993 ac
659 937 1027 995 miserabilem
1071 938 1281 1011 absque
1314 940 1428 996 ullo
1469 938 1716 1012 profectu
1757 937 1922 994 vitam

328 1029 523 1103 jugiter
566 1030 933 1088 toleraturum
970 1049 984 1086 :
1025 1032 1243 1104 inopem
1272 1048 1331 1089 se
1367 1049 1583 1106 quoque
1610 1047 1827 1105 semper
1860 1046 1926 1087 ac

331 1120 535 1177 nudum
560 1137 674 1178 non
697 1122 818 1180 sine
837 1122 1168 1201 improperio
1191 1123 1368 1181 aliena
1391 1124 1691 1181 substantia
1715 1131 1926 1179 susten-

330 1215 575 1273 tandum.
608 1219 800 1290 Itaque
827 1233 953 1274 eum
983 1217 1357 1290 hujuscemodi
1386 1216 1814 1291 cogitationibus
1842 1217 1920 1272 la-

328 1309 606 1380 queaverit
634 1318 898 1380 mentem,
943 1311 1176 1382 qualiter
1205 1327 1377 1368 unum
1421 1312 1614 1370 saltem
1642 1309 1923 1368 denarium

327 1402 603 1473 acquirere
630 1404 802 1476 possit
826 1403 1115 1476 excogitat.
1146 1407 1299 1462 Tune
1322 1406 1594 1478 peculiare
1614 1420 1750 1478 opus
1772 1403 1924 1477 quod

329 1504 605 1567 exerceat,
654 1495 849 1553 abbate
884 1496 1053 1555 inscio
1075 1538 1092 1566 ,
1134 1498 1365 1556 sollicita
1416 1506 1602 1557 mente
1638 1484 1919 1571 perquirit.

212 1640 217 1648 .
330 1588 483 1660 Quod
507 1588 751 1646 vendens
768 1589 910 1648 clam
930 1597 985 1648 et
1001 1598 1188 1666 optato
1202 1592 1424 1650 tandem
1443 1594 1650 1666 potitus
1666 1607 1919 1658 nummo,

327 1680 557 1755 qualiter
596 1697 724 1739 eum
766 1682 1005 1759 duplicet
1034 1684 1211 1741 acrius
1228 1726 1245 1754 ,
1279 1684 1762 1759 vehementiusque
1801 1691 1924 1740 tor—

2031 485 2129 542 spe
2154 479 2397 542 quastus
2418 470 2703 540 deciderit;
2734 488 2847 530 non
2880 474 3213 545 honestatis,
3258 490 3371 531 non
3399 475 3624 533 humili-

2031 563 2159 622 tatis
2194 563 2423 622 modum
2451 565 2834 623 transcendere
2858 568 3205 638 pertimescit,
3240 568 3408 641 ﬁtque
3435 569 3486 626 ei
3525 584 3621 640 per

2030 658 2211 715 omnia
2230 699 2245 725 ,
2273 667 2339 716 ut
2365 658 2483 716 aliis
2521 667 2727 728 venter,
2754 659 2828 717 ita
2856 658 2981 727 huic
3009 675 3207 717 aurum
3243 669 3300 718 et
3327 676 3451 733 spes
3488 661 3622 717 lucri

2030 766 2130 823 pro
2159 753 2291 808 Deo.
2317 751 2483 808 Unde
2514 753 2707 808 beatus
2733 752 3026 824 Apostolus
3054 751 3216 825 hujus
3256 753 3436 810 morbi
3462 753 3623 811 noxia

2032 859 2235 901 venena
2264 845 2633 917 prospiciens,
2672 861 2790 901 non
2832 845 3013 900 solum
3056 860 3180 902 eam
3219 845 3459 905 radicem
3506 862 3624 903 esse

2030 936 2280 992 omnium
2302 936 2598 1004 malorum,
2620 952 2810 993 verum
2838 936 3001 992 etiam
3021 935 3290 1005 idolorum
3313 937 3628 995 servitutem

2033 1028 2419 1101 pronuntiavit,
2452 1028 2639 1086 dicens
2670 1050 2683 1085 ε
2714 1033 2788 1086 Et
2816 1038 2838 1065 ο
2869 1033 3111 1087 avaritia
3141 1030 3317 1102 (quod
3342 1031 3397 1087 in
3433 1032 3628 1089 (ἂι-πω

2032 1121 2233 1179 dicitur
2245 1121 2585 1193 φιλαργυρία),
2602 1138 2723 1193 qua
2745 1127 2822 1178 est
2836 1125 3251 1180 simulacrorum
3267 1129 3496 1184 servitus
3518 1128 3631 1191 (Co-

2033 1214 2152 1270 loss.
2181 1219 2300 1281 III).
2330 1215 2518 1272 Cernis
2542 1214 2707 1286 igitur
2727 1214 2795 1271 ad
2819 1223 3080 1286 quantam
3102 1215 3282 1273 labem
3307 1217 3486 1273 rabies
3511 1216 3631 1275 hac

2031 1322 2125 1379 per
2155 1307 2353 1381 gradus
2387 1307 2629 1380 singulos
2670 1314 2906 1376 crescat,
2936 1307 3183 1365 utetiam
3228 1308 3502 1366 idolorum
3545 1311 3626 1367 vel

2028 1400 2440 1459 simulacrorum
2481 1401 2718 1459 servitus
2757 1400 3010 1473 Apostoli
3048 1416 3180 1458 voce
3214 1402 3625 1474 pronuntietur,

2030 1511 2097 1552 eo
2140 1495 2292 1568 quod
2317 1495 2487 1569 ﬁgura
2512 1494 2614 1552 Dei
2656 1503 2711 1551 et
2736 1495 2978 1571 imagine
3012 1496 3381 1568 praetermissa
3424 1500 3624 1570 (quam

2029 1590 2222 1648 devote
2249 1591 2490 1647 serviens
2518 1593 2636 1647 Deo
2674 1590 3079 1646 immaculatam
3119 1590 3175 1649 in
3203 1591 3494 1663 semetipso
3534 1591 3627 1649 de-

2029 1684 2151 1741 buit
2168 1683 2462 1750 custodire)
2487 1682 2776 1739 hominum
2802 1683 3006 1756 ﬁguras
3034 1683 3328 1755 impressas
3352 1699 3487 1741 auro
3509 1683 3627 1741 dili-

323 1785 551 1847 quetur;
578 1777 672 1834 ubi
699 1785 961 1850 reponat,
991 1778 1144 1835 cuive
1170 1778 1326 1835 illum
1355 1778 1577 1848 credat,
1607 1777 1919 1852 ambiguus.
1950 1777 1998 1839 Β
2031 1794 2159 1852 gere
2195 1793 2297 1850 pro
2322 1780 2440 1833 Deo
2477 1776 2706 1844 maluit,
2737 1784 2794 1832 et
2822 1776 2985 1833 tueri.

323 1868 533 1926 Deinde
571 1870 703 1943 quid
725 1886 792 1927 ex
819 1887 885 1929 eo
914 1887 1181 1939 coemere,
1206 1872 1457 1947 qualique
1484 1889 1611 1931 eum
1636 1888 1923 1930 commer-

321 1962 408 2019 cio
431 1963 610 2020 valeat
631 1962 929 2036 duplicare,
956 1981 1085 2048 cura
1124 1966 1373 2039 graviore
1398 1965 1726 2025 distenditur
1761 1967 1922 2038 (Vide

319 2058 479 2112 Joan.
524 2058 741 2114 Climac.
764 2097 780 2125 ,
822 2076 942 2128 gra.
975 2064 1056 2127 7).
1097 2061 1348 2131 Cumque
1374 2059 1450 2116 illi
1474 2069 1530 2115 et
1565 2059 1673 2117 hoc
1696 2077 1760 2117 ex
1790 2067 1921 2123 voto

321 2151 568 2221 cesserit,
593 2151 798 2209 avidior
824 2151 1002 2211 fames
1037 2153 1306 2211 accrescit
1337 2154 1493 2223 auri,
1531 2161 1792 2225 tantoque
1828 2168 1924 2211 ve-

321 2244 635 2302 hementius
674 2246 996 2317 suscitatur,
1077 2255 1290 2320 quanto
1335 2231 1499 2304 etiam
1540 2263 1758 2304 summa
1793 2246 1928 2303 lucri

321 2344 503 2416 major
537 2343 848 2415 apponitur.
873 2347 900 2377 ⁸
923 2344 1060 2400 Cum
1083 2343 1331 2417 pecuniae
1358 2342 1563 2400 etenim
1589 2341 1923 2398 incremento

322 2442 510 2500 rabies
536 2441 846 2515 cupiditatis
867 2448 1117 2515 augetur.
1148 2443 1291 2497 Tum
1318 2440 1517 2498 deinde
1541 2440 1648 2496 vita
1678 2438 1921 2512 longaeva

319 2535 688 2607 promittitur,
731 2543 980 2593 senectus
1016 2535 1270 2603 incurva,
1316 2535 1658 2592 inﬁrmitates
1692 2532 1922 2590 diversae

315 2640 488 2703 atque
525 2630 776 2703 prolixa},
801 2646 924 2703 quae
954 2630 1054 2687 nisi
1091 2630 1273 2703 major
1316 2645 1531 2687 summa
1559 2628 1613 2684 in
1631 2629 1923 2703 juventute

312 2723 485 2781 fuerit
526 2731 857 2798 praeparata,
905 2723 1125 2781 tolerari
1164 2723 1222 2779 in
1262 2731 1483 2780 senecta
1523 2737 1638 2778 non
1685 2720 1918 2793 possint.

312 2818 520 2891 Agitur
543 2818 723 2890 itaque
743 2816 931 2875 infelix
957 2817 1138 2874 anima
1168 2817 1499 2889 serpentinis
1524 2815 1755 2883 nexibus
1780 2814 1923 2870 obli-

312 2918 475 2985 gata,
509 2910 642 2967 dum
673 2909 957 2967 materiam
999 2909 1145 2969 male
1169 2917 1482 2967 concretam
1506 2908 1768 2980 nequiore
1791 2922 1921 2963 cura

312 3003 667 3076 concupiscit
691 3018 911 3076 augere,
932 3012 1140 3076 pestem
1163 3002 1267 3060 sibi
1294 3000 1401 3076 'qua
1423 3001 1593 3073 dirius
1611 3000 1921 3059 inﬂamme-

311 3105 439 3164 tur,
477 3097 593 3168 ipsa
633 3097 967 3168 parturiens,
997 3105 1223 3169 totaque
1248 3096 1391 3153 lucri
1424 3094 1750 3168 cogitatione
1788 3107 1922 3167 pos-

308 3203 478 3246 sessa
497 3229 516 3257 ,
550 3188 684 3244 nihil
712 3186 860 3246 aliud
887 3189 1104 3261 respicit
1126 3188 1307 3247 cordis
1329 3187 1531 3245 intuitu

307 3367 478 3426 sterii
506 3366 785 3440 disciplina
808 3368 1126 3440 quantocius
1152 3367 1397 3433 evolare,
1419 3367 1631 3424 nullam
1662 3364 1923 3426 exhibens

309 3458 523 3527 ﬁdem,
575 3457 667 3514 ubi
720 3456 961 3531 potuerit
1008 3457 1220 3515 nummi
1259 3473 1382 3531 spes
1418 3457 1593 3530 aliqua
1631 3456 1917 3530 refulgere.

310 3541 342 3580 ³⁵
384 3549 494 3603 Pro
520 3546 621 3625 hac
646 3563 760 3605 non
793 3545 1082 3615 mendacii,
1113 3563 1225 3604 non
1254 3545 1500 3620 perjurii,
1527 3562 1638 3604 non
1666 3545 1800 3604 furti
1831 3545 1923 3605 fa-

311 3633 477 3692 cinus
513 3634 797 3693 admittere
836 3633 1231 3709 perhorrescit,
1275 3652 1387 3693 non
1417 3635 1585 3693 ﬁdem
1637 3633 1921 3715 frangere,

2616 1889 2854 1944 CAPUT
2892 1889 3040 1944 Vlll.

2170 1992 2325 2062 Quod
2346 1992 2693 2063 philargyria
2724 2006 2899 2047 omnes
2937 1992 3169 2046 virtutes
3198 1989 3478 2064 impediat.

2098 2092 2125 2137 δ
2156 2102 2375 2161 Talibus
2416 2103 2585 2176 igitur
2608 2098 2986 2159 decessionum
3026 2100 3357 2174 profectibus
3385 2104 3443 2159 in
3475 2103 3625 2160 dete-

2029 2196 2142 2253 rius
2180 2210 2458 2264 crescens,
2488 2194 2695 2250 nullam
2736 2194 2989 2267 deinceps
3022 2193 3339 2251 humilitatis
3360 2235 3376 2261 ,
3418 2196 3623 2252 nullam

2028 2290 2336 2359 charitatis,
2368 2289 2573 2346 nullam
2600 2287 2941 2354 obedientiae,
2971 2302 3082 2344 non
3112 2287 3291 2347 dicam
3326 2287 3585 2344 virtutem
3606 2331 3622 2355 ,

2028 2382 2125 2440 sed
2152 2399 2221 2441 ne
2245 2382 2499 2439 umbram
2528 2381 2748 2454 quidem
2789 2380 3007 2437 virtutis
3036 2381 3269 2438 retinere
3291 2390 3580 2439 contentus
3603 2426 3620 2452 ,

2030 2478 2342 2552 indignatur
2363 2476 2432 2533 ad
2453 2476 2636 2533 omnia
2652 2517 2667 2544 ,
2695 2482 2750 2532 et
2785 2474 2856 2531 ad
2883 2475 3094 2548 singula
3124 2491 3289 2548 opera
3314 2486 3625 2555 murmurat

2029 2579 2192 2643 atque
2227 2569 2480 2642 suspirat.
2520 2568 2787 2640 Nullaque
2824 2568 2942 2639 jam
2979 2570 3283 2626 reverentia
3318 2580 3588 2627 reservata
3607 2613 3623 2638 ,

2030 2665 2179 2720 velut
2217 2677 2391 2735 equus
2416 2656 2740 2717 durissimus
2766 2658 2838 2721 ad
2870 2659 3231 2731 praecipitium
3254 2659 3430 2716 fertur
3449 2659 3620 2717 intre-

2031 2755 2118 2811 nis
2161 2774 2175 2810 :
2223 2768 2328 2810 nec
2373 2752 2517 2809 victu
2558 2750 2907 2824 quotidiano,
2956 2766 3057 2806 nec
3095 2751 3265 2827 solito
3307 2751 3625 2808 indumento

2031 2857 2318 2907 contentus
2336 2890 2352 2917 ,
2377 2864 2489 2905 non
2527 2863 2587 2905 se
2627 2847 2833 2903 diutius
2859 2845 2977 2903 hmo
3000 2846 3359 2903 toleraturum
3396 2862 3515 2905 esse
3542 2856 3627 2903 te-

2030 2951 2227 2999 statur.
2258 2944 2438 2998 Deum
2468 2954 2687 3014 quoque
2708 2955 2822 2996 non
2859 2938 2934 2995 ibi
2963 2938 3311 2995 solummodo
3347 2954 3466 2996 esse
3494 2954 3629 3013 pro-

2025 3038 2248 3102 clamat,
2291 3050 2394 3092 nec
2428 3035 2659 3092 salutem
2699 3048 2856 3090 suam
2884 3032 2942 3090 in
2982 3031 3076 3089 illo
3114 3039 3325 3089 tantum
3354 3033 3476 3089 loco
3509 3049 3628 3091 esse

2028 3131 2363 3188 conclusam.
2397 3128 2558 3186 Unde
2581 3127 2628 3183 si
2651 3141 2929 3200 quoquam
2958 3142 3017 3183 se
3042 3142 3152 3183 non
3181 3127 3412 3184 celerius
3430 3140 3628 3201 aspor-

506 3229 519 3291 ,
550 3188 684 3244 nihil
712 3186 860 3246 aliud
887 3189 1104 3296 respicit
1126 3188 1307 3247 cordis
1329 3187 1531 3245 intuitu
1545 3203 1754 3296 ,‘quam
1777 3186 1921 3243 unde
1952 3213 1999 3277 ο
2029 3186 2253 3294 ἐμπίῃ
2285 3239 2344 3280 se
2385 3186 2688 3296 mritqu
2729 3186 2979 3293 Ρξοηηυε
3025 3220 3258 3293 graviter
3294 3186 3620 3296 ξομιηίξοίτ,

182 3340 196 3347 ,
308 3280 611 3354 pecuniam
634 3295 828 3352 parare
856 3280 1063 3350 valeat,
1104 3297 1198 3353 per
1223 3296 1388 3353 quam
1415 3280 1588 3353 possit
1620 3280 1690 3337 de
1727 3296 1920 3337 mona-

2631 3324 2871 3390 CAPUT
2906 3331 3008 3387 IX.

2029 3450 2180 3520 Quod
2207 3436 2499 3505 monachus
2525 3444 2729 3501 habens
2748 3445 3030 3520 pecunias,
3056 3443 3116 3500 in
3145 3443 3373 3501 canobio
3412 3462 3629 3516 perma-

2599 3532 2721 3571 nere
2747 3530 2852 3569 non
2867 3517 3055 3586 possit.

2101 3638 2292 3709 Itaque
2329 3642 2367 3670 θ’
2389 3627 2756 3690 iustabilitatis
2788 3644 2903 3687 suae
2926 3608 3185 3687 viaticum
3215 3628 3423 3688 habens
3458 3646 3628 3690 num-

1416 3734 1669 3793 ALARDI
1707 3735 1931 3791 GAZI‘EI
1970 3731 2530 3793 COMMENTARIUS.

313 3835 421 3960 sa;
447 3830 659 3960 I‘vdﬁrg,
688 3848 855 3907 quam
879 3832 998 3890 aliis
1022 3831 1200 3891 verbis
1223 3832 1419 3891 extulit
1444 3839 1603 3905 poeta
1635 3833 1926 3917 (Juvenalis

424 3921 504 3960 ur.
666 3922 679 3958 :

382 3908 754 4026 galliarum
778 3973 975 4023 nummi
1007 3974 1253 4035 quantum
1288 3970 1400 4033 ipsa
1423 3970 1634 4032 pecunia
1665 3972 1863 4020 crescit.

306 4046 425 4102 Cui
453 4053 720 4100 consonat
742 4043 877 4098 illud
907 4043 1111 4098 Eccles.
1133 4045 1352 4097 Avarus
1376 4054 1482 4095 non
1502 4041 1814 4113 implebitur
1832 4059 1927 4112 pe-

305 4117 487 4171 cunia
510 4115 725 4179 (Eccles.
766 4117 850 4178 γ).

397 4178 425 4216 δ
473 4178 673 4253 Habes
698 4182 792 4237 hic
840 4182 1123 4253 plerasque
1156 4180 1415 4253 avaritiae,
1453 4195 1550 4236 seu
1589 4178 1930 4253 philargyrizc

305 4255 486 4321 ﬁlias,
518 4263 573 4310 et
597 4252 902 4324 soboles,’a
930 4256 1001 4309 D.
1029 4252 1301 4324 Gregorio
1334 4253 1584 4324 superius
1611 4252 1926 4324 recensitas.

391 4327 419 4357 ο
446 4323 713 4389 Avaritia,
753 4321 927 4395 inquit
952 4326 1024 4380 D.
1064 4321 1345 4395 Thomas,
1365 4321 1720 4395 comparatur
1742 4323 1927 4380 idolo-

313 4395 530 4477 latria,
554 4410 653 4477 per
673 4393 973 4477 quamdam
1001 4393 1444 4477 similitudinem,
1479 4393 1604 4467 quia
1632 4394 1781 4452 sicut
1805 4395 1928 4477 ido-

315 4464 782 4538 lolatria—subjicit
811 4475 1210 4538 _se_creatum;
1240 4466 1322 4522 sic
1357 4475 1412 4523 et
1440 4464 1635 4523 avarus
1664 4486 1676 4521 :
1705 4482 1818 4522 non
1843 4473 1923 4522 ta-

311 4552 450 4595 men
474 4535 681 4608 eodem
698 4535 867 4593 modo
894 4542 1033 4605 (2-2,
1057 4555 1114 4608 q.
1147 4542 1278 4606 118,
1302 4554 1358 4593 a.
1388 4543 1421 4592 6
1445 4538 1605 4608 add,
1657 4542 1709 4592 et
1734 4540 1792 4592 in
1818 4553 1864 4593 c.
1889 4554 1923 4591 v

311 4609 397 4665 ad
413 4610 552 4679 Eph.
580 4606 705 4680 lect.
740 4612 812 4673 3).
842 4610 987 4680 Nam
1014 4606 1333 4680 idololatria
1356 4607 1577 4680 subjicit
1600 4621 1662 4662 se
1694 4616 1910 4664 creatu-

2038 3835 2290 3897 lolatria;
2322 3833 2422 3886 iste
2447 3844 2595 3900 spem
2618 3844 2773 3884 suam
2802 3829 3078 3885 constituit
3101 3828 3159 3882 in
3170 3828 3419 3898 pecunia.
3449 3826 3548 3900 ille
3567 3832 3626 3882 ti-

2034 3911 2139 3961 met
2151 3903 2404 3959 mutilare
2417 3898 2764 3957 simulacrum
2786 3918 2801 3953 :
2821 3904 2872 3954 et
2883 3900 2981 3954 iste
3002 3902 3152 3953 timet
3164 3900 3401 3951 minuere
3420 3898 3630 3953 thesau-

2036 3976 2343 4030 rum:Ha3c
2365 3971 2732 4027 Innocentius.
2765 3969 2943 4023 Aliam
2977 3969 3242 4023 rationem
3267 3966 3451 4039 accipe
3481 3983 3512 4022 a
3542 3971 3617 4025 D.

2036 4043 2331 4099 Ambrosio
2356 4057 2372 4095 :
2399 4044 2547 4099 Sicut
2586 4041 2897 4095 idololatria
2918 4041 3015 4093 uni
3043 4042 3148 4094 Deo
3173 4040 3372 4092 nititur
3406 4040 3629 4105 auferre

2037 4114 2297 4182 gloriam;
2314 4126 2377 4165 ne
2404 4111 2548 4181 quod
2566 4112 2616 4163 ei
2627 4111 2911 4182 proprium
2934 4113 3030 4182 est,
3053 4109 3195 4182 solus
3215 4108 3413 4182 habeat
3434 4123 3630 4182 nomen

2036 4178 2342 4238 divinitatis
2373 4178 2492 4235 :sic
2515 4181 2751 4234 avaritia
2765 4180 2824 4231 in
2846 4178 2947 4233 Dei
2969 4191 3025 4232 se
3046 4192 3131 4231 res
3153 4179 3234 4231 ita
3252 4179 3515 4244 eatendit,
3543 4187 3626 4247 ut,

2036 4257 2086 4310 si
2107 4255 2230 4323 ﬁeri
2244 4255 2447 4323 posset,
2481 4263 2619 4323 unus
2648 4253 2701 4304 et
2724 4248 2867 4303 solus
2909 4252 3214 4323 creaturam
3238 4249 3348 4303 sibi
3372 4260 3624 4323 usurpet,

2035 4318 2204 4396 quam
2221 4318 2361 4379 Deus
2380 4321 2631 4396 omnibus
2648 4333 2985 4396 cornmunem
2995 4319 3130 4396 fecit
3149 4318 3227 4396 (In
3554 4325 3629 4379 ad

2036 4390 2230 4455 Coloss.
2264 4398 2384 4460 ιιι).
2409 4395 2478 4449 Et
2503 4391 2633 4448 alibi
2673 4390 2871 4446 iterum
2901 4408 2915 4444 :
2947 4392 3207 4446 Avaritia
3229 4391 3428 4448 idcirco
3452 4395 3626 4450 idolo-

2033 4470 2211 4524 latria
2231 4468 2541 4538 comparata
2559 4467 2655 4527 est,
2676 4465 2811 4533 quia
2824 4479 2908 4538 ea,
2932 4478 3052 4532 qua:
3070 4466 3170 4538 Dei
3184 4467 3331 4527 sunt,
3351 4464 3461 4538 sibi
3475 4481 3629 4522 usur.

2026 4544 2127 4611 pat
2148 4543 2201 4595 et
2223 4535 2494 4603 recondit;
2515 4539 2588 4611 ut,
2607 4551 2734 4611 quate
2750 4535 2934 4611 usibus
2957 4536 3195 4611 omnium
3212 4537 3468 4611 concessit
3480 4541 3626 4593 Deus

2030 4605 2398 4672 communiter,
2427 4605 2669 4663 avaritia
2696 4607 2944 4675 denegat,
2971 4606 3190 4675 quando
3212 4605 3410 4661 idcirco
3434 4611 3627 4662 retinet

309 4670 535 4753 νεεδ-ἰιι
568 4670 823 4736 exhibeat
855 4679 904 4734 ei
941 4678 1155 4753 cultum
1183 4678 1432 4741 divinum
1454 4670 1479 4733 ἒ
1503 4687 1911 4753 avarus_autet_n
1938 4670 1991 4732 D
2021 4698 2125 4738 sua
2154 4681 2305 4753 apud
2331 4670 2498 4753 sum
2522 4679 2626 4753 alii
2638 4670 3257 4753 _utantur.’Aliam_item
3289 4689 3323 4728 ει
3344 4678 3422 4753 Ρ.
3444 4681 3629 4746 Aug“-

308 4749 537 4823 subjicit
558 4764 616 4807 se
654 4756 917 4823 creaturae
948 4747 1310 4823 immoderate
1337 4762 1461 4823 eam
1492 4747 1924 4823 concupiscendo

312 4821 395 4879 ad
418 4819 591 4891 ῐιειιιιι
604 4821 832 4891 (Philip.
863 4834 961 4886 ιιι,
987 4821 1061 4891 δ.Δ
1078 4820 1477 4891 Hieron.epist.
1503 4821 1740 4891 ιιι-ω
1763 4819 1927 4891 igitur

306 4906 520 4951 avarus
546 4886 828 4948 idololati'a
842 4926 862 4959 ,
885 4906 997 4946 non
1035 4889 1141 4946 ﬁde
1163 4898 1218 4946 et
1238 4886 1414 4960 cultu,
1436 4887 1532 4951 sed
1554 4886 1929 4960 affectufquia

313 4962 507 5034 magis
524 4960 771 5034 addictus
794 4957 952 5034 auro,
978 4976 1152 5034 quam
1186 4963 1308 5017 Deo
1322 5001 1341 5034 ,Α
1368 4957 1512 5016 sicut
1539 4957 1765 5034 gulosus
1792 4957 1919 5015 ven-

323 5030 447 5090 tri:
455 5032 622 5089 Unde
649 5040 704 5087 et
722 5031 788 5089 de
821 5030 1022 5101 gulosis
1049 5030 1243 5086 dicitur
1267 5049 1278 5085 :
1313 5032 1550 5101 Quonim
1580 5032 1721 5101 Deus
1748 5036 1931 5086 venter

311 5109 418 5160 est.
449 5102 597 5158 Hinc
623 5101 767 5160 apud
791 5099 1036 5158 ethnicos
1059 5101 1218 5156 Pluto
1248 5110 1304 5157 et
1340 5099 1587 5157 Bacchus
1609 5100 1665 5153 in
1697 5114 1931 5157 numero

314 5176 560 5232 deorum
590 5168 763 5228 habiti
790 5183 944 5241 sunt,
968 5171 1231 5244 quoniam
1258 5171 1346 5227 ille
1368 5184 1683 5231 avarorum,
1713 5168 1802 5244 hic
1831 5186 1932 5226 vo—

312 5246 709 5317 luptuosorum
734 5247 883 5301 Deus
911 5241 1022 5301 est.
1050 5243 1317 5317 Eamdem
1340 5257 1508 5317 porro
1536 5241 1784 5317 Apostoli
1814 5256 1935 5317 seu-

310 5311 551 5373 tefitiam
580 5314 814 5371 illustrat
835 5355 852 5382 ,
881 5323 937 5371 et
978 5315 1249 5385 explanat
1282 5311 1448 5370 etiam
1487 5311 1840 5385 Innocentius
1878 5312 1935 5367 in

313 5386 503 5445 libello
529 5385 600 5442 de
618 5385 840 5441 miseria
880 5382 1498 5449 conditionishumanaz
1522 5383 1577 5440 in
1611 5382 1758 5439 hunc
1804 5398 1936 5438 mo-

314 5457 456 5514 dum
488 5477 501 5512 :
542 5459 832 5519 Avaritia,
876 5457 1164 5512 secundum
1192 5458 1526 5527 Apostolum,
1557 5459 1635 5511 est
1672 5453 1937 5523 idolorum

312 5532 579 5593 senatus,
622 5531 753 5599 quia
791 5528 929 5583 sicut
967 5529 1261 5584 idololatra
1302 5530 1467 5583 servit
1492 5527 1810 5599 simulacro,
1838 5529 1937 5599 sic

313 5615 523 5656 avarus
540 5597 706 5655 servit
718 5600 987 5654 thesauro.
1008 5601 1149 5656 Nam
1165 5600 1255 5655 ille
1265 5601 1467 5655 cultum
1479 5598 1804 5654 idololatria:
1814 5597 1937 5652 dili-

315 5671 870 5742 genterampliatnste
880 5686 1126 5727 acervum
1130 5672 1666 5741 pecunirediligenter
1675 5671 1932 5724 cumulat.

318 5744 418 5797 Ille
459 5759 579 5797 cum
608 5741 758 5797 amni
788 5741 1076 5811 diligentia
1109 5743 1234 5796 colit
1273 5743 1655 5805 simulacrum;
1688 5741 1938 5797 istevcum

314 5817 470 5869 onmi
496 5829 629 5870 cura
656 5812 886 5868 custodit
905 5814 1237 5868 thesaurum.
1268 5815 1361 5869 Ille
1380 5828 1527 5885 spem
1543 5813 1697 5883 ponit
1715 5812 1777 5865 in
1804 5812 1931 5866 ido-

540 5901 798 5957 Parson.
838 5898 1051 5957 XLIX.

2031 4753 2173 4809 stino
2187 4746 2217 4802 ἐ
2242 4752 2423 4809 Avari
2436 4751 2557 4817 frui
2568 4749 2753 4802 volunt
2773 4762 2989 4802 nummo
2994 4780 3023 4809 Α
3033 4746 3121 4798 uti
3132 4748 3314 4817 autem
3335 4746 3443 4817 Deo
3456 4761 3490 4817 A:
3510 4760 3629 4817 quo:

2032 4826 2185 4878 niam
2229 4837 2337 4876 non
2374 4811 2652 4874 nummum
2682 4822 2906 4886 propter
2943 4820 3138 4886 Deum_
3146 4811 3464 4886 impendunt
3480 4854 3496 4874 ,
3518 4811 3630 4868 sed

2033 4897 2201 4974 Dem
2225 4895 2447 5013 propter
2478 4880 2758 4940 nummum
2774 4880 2954 4940 colunt
2973 4886 3070 4946 (De
3099 4881 3254 4935 Civit.
3281 4880 3319 4934 ι.
3348 4894 3416 4936 x1
3446 4897 3491 4937 c.
3519 4888 3627 4952 25).

2035 4962 2174 5013 Vide
2198 4976 2233 5013 n
2255 4975 2351 5013 ure
2378 4955 2448 5011 ad
2475 4955 2671 5012 Collat.
2706 4960 2772 5009 12
2795 4967 2917 5013 cap.
2948 4958 3005 5007 2.

2035 4962 2174 5062 Viale
2198 4955 2351 5030 plura
2378 4955 2448 5011 ad
2475 4955 2671 5035 Collat.
2706 4960 2772 5009 12
2795 4967 2917 5021 cap.
2948 4958 3005 5035 ξ.

2052 5103 2084 5107 Α
2158 5025 2456 5107 Dionysius
2483 5022 2773 5107 dilucidius
2804 5041 2818 5077 :
2855 5023 3072 5107 Talibus
3098 5026 3452 5107 aversionum
3474 5031 3525 5083 et
3545 5031 3627 5085 υί.

2038 5103 2238 5155 tiorum
2263 5094 2754 5166 incrementis._Ubi
2780 5102 3089 5166 repportune
3110 5095 3377 5151 succurrit
3401 5096 3485 5152 illa
3511 5115 3630 5156 seu.

2037 5170 2202 5227 tentia
2216 5172 2298 5225 .D.
2316 5166 2607 5240 Augustini
2627 5164 2753 5240 huic
2777 5164 2896 5240 loco
2911 5181 3172 5238 perquam
3193 5170 3626 5240 accommodata,

2038 5257 2144 5314 qua
2163 5241 2238 5297 ait
2264 5259 2277 5295 :
2299 5238 2620 5309 Simpliciter
2640 5238 2818 5314 fateor
2839 5239 3100 5314 charitati
3113 5242 3301 5314 vestra:
3324 5254 3506 5296 coram
3528 5238 3631 5300 M

2038 5310 2183 5369 mino
2210 5316 2314 5369 Deo
2340 5314 2541 5371 nostro,
2565 5310 2665 5378 qui
2685 5311 2830 5363 testis
2858 5313 2936 5364 est
2964 5325 3126 5380 super
3153 5312 3397 5365 animam
3416 5326 3588 5369 meam
3611 5334 3629 5371 ε

2040 5387 2128 5441 Ea:
2156 5400 2261 5454 quo
2287 5386 2394 5440 Deo
2420 5382 2622 5437 servire
2647 5382 2798 5451 ccepi,
2832 5396 2936 5450 quo
2964 5380 3120 5436 modo
3137 5380 3363 5451 difficile
3387 5396 3506 5439 sum
3527 5402 3630 5440 ea:-

2036 5453 2222 5526 pertus
2248 5455 2489 5510 meliores
2517 5466 2682 5521 quam
2707 5453 2803 5526 qui
2823 5456 2884 5507 in
2909 5454 3245 5526 monasteriis
3260 5454 3628 5522 profecerunt,

2040 5522 2121 5583 ita
2146 5543 2253 5582 non
2274 5540 2394 5582 sum
2411 5530 2665 5595 eapertus
2682 5522 2890 5593 pejores
2909 5538 3073 5592 quam
3091 5524 3189 5593 qui
3208 5525 3267 5576 in
3291 5527 3631 5595 monasteriis

2041 5600 2344 5654 ceciderunt
2375 5615 2391 5650 :
2418 5593 2498 5650 ita
2531 5600 2593 5649 ut
2629 5594 2749 5649 hinc
2781 5595 3018 5650 arbitrer
3057 5596 3114 5649 in
3141 5593 3475 5663 Apocalypsi
3496 5597 3632 5649 scri—

2037 5674 2195 5741 ptum
2215 5672 2444 5741 {Justus
2458 5666 2663 5737 justior
2689 5668 2821 5741 fiat;
2850 5671 2901 5721 et
2923 5668 3019 5736 qui
3043 5668 3104 5719 in
3138 5662 3414 5741 sordibus,
3441 5663 3630 5741 sorde-

2042 5733 2157 5797 scat
2176 5740 2352 5812 adhuc
2378 5733 2562 5809 (Apoc.
2579 5733 2756 5812 xxii).
2779 5733 3469 5812 Haecltugustinungpist.
3485 5733 3626 5812 I31).

2114 5817 2137 5845 ⁸
2184 5805 2463 5867 Viaticu'm'
2483 5805 2724 5864 sumitur
2759 5822 2857 5877 pro
2891 5805 3050 5864 cibo,
3102 5805 3424 5872 pecuniave,
3462 5809 3627 5863 quam
