3996 6198
354 284 361 285 7
426 326 531 384 299

1766 302 2046 360 JOANNIS
2080 302 2383 360 CASSIANI

3620 298 3726 352 300

430 466 575 517 mos,
600 448 658 505 in
684 460 921 520 quorum
943 440 1200 517 praesidio
1226 438 1437 496 alarum
1465 433 1567 492 sibi
1591 433 1761 489 instar
1782 429 2019 504 aptavit,
2048 433 2102 494 Α
2130 429 2297 499 mnia,
2330 444 2446 487 non
2466 429 2804 502 jejuniorum
2827 424 3074 490 modum,
3097 394 3210 480 non
3236 421 3539 495 vigiliarum
3566 435 3725 494 regu-

419 545 649 616 jamque
689 540 759 598 ad
804 533 1299 609 transmigrandum
1350 537 1571 603 paratus
1620 525 1914 583 insolenter
1953 524 2024 579 ad

432 637 619 695 omnia
644 640 912 709 praecepta
934 626 1261 701 respondet;
1290 632 1346 682 et
1374 632 1655 694 tamquam
1680 618 2026 692 peregrinum

431 739 860 798 extraneumque
906 739 965 780 se
1022 735 1251 794 gerens,
1306 730 1669 789 quaecumque
1733 709 2024 783 indigentia

432 821 771 881 correctione
820 815 1189 890 perspexerit,
1236 810 1463 885 negligit
1502 818 1664 881 atque
1708 804 2021 863 contemnit.

432 917 680 984 Cumque
707 909 896 966 furtim
925 905 1203 979 possideat
1224 903 1562 961 reconditam
1586 898 1871 973 pecuniam
1886 938 1901 967 ,
1928 911 2029 952 nec

429 1006 793 1063 calceamenta
832 1000 1055 1073 quidem
1097 1014 1161 1055 ac
1205 996 1525 1054 vestimenta
1560 1008 1619 1050 se
1659 992 1857 1049 habere
1890 1005 2027 1046 con-

429 1098 696 1171 queritur,
736 1096 962 1167 darique
990 1093 1095 1149 sibi
1121 1090 1330 1147 tardius
1357 1088 1687 1160 indignatur.
1720 1090 1804 1143 Ac
1826 1084 1873 1141 si
1894 1083 2031 1139 forte

430 1190 828 1264 dispensatione
851 1186 1079 1243 senioris
1106 1184 1153 1240 ei
1181 1182 1359 1254 prius,
1395 1180 1485 1253 qui
1526 1177 1656 1235 nihil
1678 1176 1889 1249 penitus
1926 1175 2031 1232 ha-

433 1288 560 1359 bere
594 1280 959 1356 cognoscitur,
1006 1277 1210 1350 aliquid
1241 1275 1444 1333 borum
1472 1272 1633 1330 fuerit
1659 1270 2027 1343 impartitum,

432 1378 732 1452 majoribus
761 1378 855 1434 ira:
881 1372 1112 1431 stimulis
1132 1370 1438 1452 inardescit,
1466 1383 1631 1442 seque
1658 1365 1857 1439 despici
1886 1364 2034 1422 velut

430 1446 746 1531 extraneum
775 1476 951 1544 putat,
976 1483 1077 1524 nec
1107 1464 1176 1523 ad
1198 1446 1373 1522 ullum
1403 1477 1540 1535 opus
1569 1476 1763 1517 manu
1785 1473 1909 1515 suas
1937 1473 2029 1514 ac-

432 1567 790 1626 commodare
816 1570 1130 1629 contentus,
1158 1554 1504 1633 reprehendit
1531 1554 1740 1623 omnia,
1770 1567 1891 1626 qum
1929 1566 2032 1608 ne-

433 1661 666 1719 cessario
690 1658 806 1715 ﬁeri
836 1653 1151 1713 monasterii
1173 1650 1447 1724 compellit
1474 1648 1678 1706 utilitas
1699 1648 1862 1715 (Vide
1892 1649 2031 1701 Tur-

433 1772 564 1811 recr.
600 1757 757 1810 tract.
788 1757 857 1808 93
886 1753 944 1805 in
968 1753 1101 1818 Reg.
1120 1749 1184 1803 D.
1209 1746 1453 1810 Bened.).
1482 1741 1693 1799 Deinde
1722 1738 2033 1797 occasiones

2132 525 2239 579 lam
2267 523 2543 580 custodire
2570 521 2861 596 permittit,
2892 534 3005 576 non
3032 522 3057 552 ⁸
3083 516 3442 575 honestarum
3463 515 3730 573 interces—

2132 617 2357 673 sionum
2393 616 2610 689 explere
2649 614 2828 673 ofﬁcia
2857 614 2985 671 sinit
3005 654 3024 683 ,
3049 609 3353 669 dummodo
3379 609 3461 666 vel
3486 609 3730 667 avaritiae

2133 712 2344 768 rabiem
2383 710 2578 768 satiare
2598 753 2614 779 ,
2646 710 2729 768 vel
2770 707 3100 783 quotidianis
3123 705 3313 762 usibus
3337 704 3507 777 possit
3532 719 3733 761 occur-

2133 822 2252 864 rere
2282 827 2295 863 :
2324 806 2632 879 cupiditatis
2655 805 2835 879 ignem
2865 804 3000 862 dum
3030 799 3360 874 acquirendo
3384 799 3732 873 exstinguen-

2134 900 2270 958 dum
2295 899 2465 958 credit
2477 941 2496 968 ,
2533 899 2854 956 accendens.
3294 918 3299 923 τ

2742 1001 2982 1058 CAPUT
3018 999 3121 1057 ΧῙ.

2139 1105 2288 1174 Quod
2307 1106 2573 1162 occasione
2602 1103 2955 1161 custodiendae
2970 1102 3230 1173 pecuniae,
3256 1099 3591 1168 femina-rum
3615 1116 3733 1156 con-

2598 1176 2843 1231 tubernia
2894 1176 3260 1244 requirantur.

2210 1281 2355 1337 Hinc
2379 1280 2498 1354 jam
2526 1278 2777 1337 nonnulli
2812 1294 2912 1351 per
2950 1276 3238 1349 abruptum
3269 1274 3629 1355 praecipitium
3660 1277 3737 1334 la-
3822 1344 3825 1346 ,

2141 1373 2221 1445 psi
2258 1372 2591 1430 irrevocabili
2641 1372 2796 1429 ruina
2839 1370 3092 1427 feruntur
3127 1368 3197 1426 ad
3226 1378 3492 1437 mortem,
3533 1378 3589 1425 et
3624 1386 3737 1426 non

2140 1466 2378 1523 contenti
2422 1466 2523 1523 soli
2560 1463 2831 1538 possidere
2852 1507 2866 1535 ,
2906 1479 3041 1537 quas
3070 1463 3150 1519 vel
3189 1478 3489 1535 numquam
3524 1456 3736 1519 habue-

2140 1570 2281 1625 rant,
2313 1560 2396 1618 vel
2424 1559 2578 1617 initio
2610 1560 2753 1616 malo
2788 1562 3197 1615 reservaverant
3232 1556 3515 1628 pecunias,
3559 1554 3735 1628 inqui-

2137 1663 2265 1712 runt
2285 1654 2636 1712 contubernia
2665 1651 2990 1710 feminarum
3011 1692 3026 1718 ,
3054 1665 3175 1723 qum
3205 1648 3441 1706 debeant
3471 1664 3532 1704 ea
3554 1689 3572 1721 ,
3608 1663 3732 1721 qua:
3802 1670 3809 1679 ο

2140 1748 2279 1804 male
2302 1756 2557 1821 congesta
2578 1745 2661 1803 vel
2691 1754 2901 1802 retenta
2930 1752 3078 1810 sunt,
3110 1741 3408 1799 custodire.
3437 1734 3736 1813 Tantisque

432 1848 630 1921 quibus
657 1843 866 1927 offendi
895 1843 973 1899 vel
1012 1840 1171 1899 irasci
1212 1838 1435 1907 debeat,
1464 1836 1709 1893 studiose
1734 1832 2032 1927 perquirit,

2154 1856 2199 1900 se
2228 1841 2676 1915 occupationibus
2703 1838 2879 1897 noxiis
2902 1853 2966 1895 ac
2992 1833 3312 1910 perniciosis
3345 1833 3643 1903 involvunt,
3677 1842 3743 1890 ut

432 1959 502 1999 ne
529 1925 716 1999 leviter
736 1947 918 1996 motus
945 1936 1014 1994 de
1037 1933 1275 1992 eoenobii
1300 1931 1578 2004 disciplina
1601 1929 1851 1986 videatur
1869 1925 2031 1984 exire.

443 2038 553 2091 Nec
584 2033 736 2091 solus
776 2040 961 2088 tamen
1002 2025 1390 2098 transmigrare
1433 2030 1747 2090 contentus,
1780 2036 1855 2078 ne
1890 2030 2036 2077 tam—

436 2143 604 2200 quam
635 2141 736 2182 suo
775 2123 904 2178 vitio
928 2119 1231 2176 deseruisse
1267 2116 1544 2185 credatur,
1574 2124 1807 2190 quantos
1840 2124 2041 2189 potue—

436 2220 509 2276 rit
543 2212 1006 2275 susurrationibus
1042 2211 1390 2269 clandestinis
1420 2210 1715 2283 depravare
1746 2225 1859 2266 non
1887 2207 2033 2266 desi-

436 2314 534 2369 nit.
568 2309 731 2380 Quod
761 2309 809 2365 si
841 2308 1009 2363 etiam
1046 2305 1312 2378 temporis
1356 2305 1639 2377 asperitas,
1663 2303 1903 2371 itineris,
1937 2318 2035 2360 seu

436 2403 794 2477 navigationis
810 2401 928 2474 ejus
953 2398 1320 2457 intercluserit
1336 2405 1728 2466 commeatum,
1755 2412 1851 2469 per
1872 2411 2038 2452 omne

435 2499 573 2557 illud
601 2507 820 2569 tempus
846 2510 1136 2567 suspenso,
1165 2493 1441 2566 anxioque
1466 2490 1708 2563 residens
1729 2488 1915 2558 corde,
1941 2489 2038 2545 tri-

436 2592 612 2650 stitias
645 2605 824 2649 serere
859 2590 944 2646 vel
987 2589 1220 2646 excitare
1253 2603 1364 2644 non
1400 2593 1611 2656 cessat;
1641 2585 1915 2643 discessus
1941 2600 2038 2641 so—

440 2687 625 2743 latium
655 2693 712 2741 et
737 2683 1145 2741 excusationem
1183 2680 1411 2738 levitatis
1436 2696 1548 2737 non
1573 2695 1633 2739 se
1669 2679 1847 2749 aliter,
1873 2693 2040 2751 quam

436 2788 567 2836 nota
600 2777 680 2834 vel
710 2776 925 2840 macula
966 2773 1279 2833 monasterii
1316 2781 1682 2846 reperturum.

1056 2885 1301 2942 CAPUT
1350 2884 1426 2940 X.

444 2984 609 3050 Quem
628 2976 988 3050 philargyria
1007 2978 1241 3033 laborem
1252 2977 1439 3050 subeat
1458 2974 1696 3031 desertor
1711 2976 2040 3050 moriasterii,

551 3045 649 3122 qui
672 3054 798 3105 ante
821 3045 940 3120 pro
965 3049 1244 3104 levissimis
1268 3045 1509 3116 operibus
1534 3046 1934 3101 murmurabat.

516 3149 712 3221 Agitur
740 3148 923 3219 itaque
938 3145 1156 3217 facibus
1177 3145 1533 3217 pecuniarum
1551 3161 1775 3203 suarum
1796 3146 1967 3220 magis
1982 3162 2047 3203 ac

2142 1954 2314 2013 usque.
2328 1937 2397 1995 ad
2416 1936 2751 2012 profundum
2772 1934 2926 1991 interi
2952 1932 3207 2001 devoluti,
3225 1930 3353 1988 dum
3370 1930 3736 2003 jacquiescere

2144 2032 2219 2090 illi
2255 2031 2581 2105 Apostolicm
2634 2027 2918 2088 sententiae
2946 2018 3245 2095 'renuunt,’
3265 2032 3326 2081 ut
3362 2024 3622 2081 habentes
3658 2026 3742 2082 vi-

2147 2135 2299 2183 ctum
2324 2133 2378 2182 et
2420 2122 2804 2181 vestimentum
2834 2121 2918 2177 his
2945 2119 3185 2195 contenti
3222 2118 3332 2176 sint
3366 2120 3414 2186 (Ι
3447 2121 3584 2175 Tim.
3616 2125 3739 2190 vr),

2143 2232 2265 2291 qua:
2292 2216 2607 2274 monasterii
2641 2213 2924 2288 frugalitas
2957 2212 3276 2279 exhibebat,
3318 2200 3347 2244 δ
3376 2212 3473 2269 sed
3499 2210 3743 2270 volentes
3820 2227 3833 2233 ’

2141 2311 2331 2368 divites
2352 2311 2494 2380 ﬁeri,
2520 2308 2760 2366 incidant
2783 2307 2836 2363 in
2862 2305 3219 2363 tentationem
3252 2311 3315 2361 et
3339 2304 3597 2377 laqueum
3634 2307 3747 2364 dia-

2144 2402 2277 2474 boli,
2305 2412 2360 2461 et
2392 2403 2658 2462 desideria
2682 2403 2875 2466 multa,
2906 2410 2960 2457 et
2989 2398 3228 2469 inutilia,
3256 2408 3314 2457 et
3340 2400 3531 2456 nociva
3553 2442 3569 2469 ,
3614 2416 3743 2472 qua:

2145 2503 2402 2569 mergunt
2457 2496 2742 2552 hominem
2804 2496 2865 2551 in
2916 2493 3201 2550 interitum
3269 2501 3324 2549 et
3379 2492 3746 2565 perditionem

2147 2591 2357 2663 (Ibid).
2388 2587 2565 2647 Radix
2591 2590 2740 2646 enim
2768 2588 3023 2646 omnium
3057 2588 3334 2644 malorum
3362 2596 3444 2643 est
3483 2587 3746 2660 pecunia-

2146 2699 2272 2741 rum
2312 2683 2614 2756 cupiditas,
2642 2682 2697 2739 id
2742 2691 2859 2752 est,
2899 2679 3227 2753 philargyria
3263 2699 3276 2735 :
3318 2695 3482 2752 quam
3516 2680 3748 2752 quidam

2150 2786 2467 2852 appetentes
2496 2784 2820 2835 erraverunt
2849 2790 2880 2832 a
2909 2774 3017 2833 ﬁde
3035 2815 3051 2846 ,
3083 2781 3139 2831 et
3174 2773 3523 2832 inseruerunt
3551 2788 3610 2830 se
3637 2773 3748 2831 do-

2150 2872 2353 2928 loribus
2399 2870 2604 2928 multis.
2924 2948 2927 2951 _

2744 2964 2988 3022 CAPUT
3014 2963 3149 3022 XII.
3178 3030 3183 3034 I

2151 3066 2471 3136 EmempIum
2498 3064 2782 3137 cujusdam
2813 3066 2987 3136 tepidi
3004 3065 3267 3129 mmiachi,
3288 3064 3650 3136 philargyria:
3674 3063 3759 3120 Ia-

2730 3139 2882 3208 queis
2921 3138 3165 3208 obligati.
3570 3152 3577 3157 '

378 3278 383 3281 -
445 3243 618 3315 magis
637 3254 917 3308 accensus,
938 3253 1063 3311 qua:
1087 3252 1375 3310 possessas,
1396 3253 1696 3310 numquam
1713 3239 2044 3298 monachum
2066 3249 2123 3311 (ι
2225 3242 2350 3297 Non
2385 3237 2579 3313 ignoro
2603 3239 2896 3313 quemdam
2921 3235 2947 3309 ,'
2977 3241 3069 3314 qui
3110 3238 3468 3311 semetipsum
3496 3245 3758 3294 autumat

446 3336 529 3391 vel
571 3334 626 3390 in
664 3330 993 3389 monasterio
1037 3330 1306 3401 residere,
1355 3332 1437 3387 vel
1487 3331 1663 3389 vivere
1700 3333 1803 3390 sub
1843 3333 2044 3407 regulae

447 3427 790 3487 institutione
818 3424 1164 3499 permittunt.
1198 3428 1224 3458 ³
1251 3428 1500 3498 Cumque
1521 3426 1716 3483 exinde
1742 3442 1868 3484 eum
1902 3428 2048 3484 velut

451 3522 636 3579 feralis
683 3520 934 3593 quaedam
977 3518 1148 3575 bestia
1202 3516 1272 3574 de
1316 3528 1458 3574 cana
1499 3519 1677 3592 gregis
1721 3534 2044 3592 segregans,

448 3610 476 3648 δ
517 3630 679 3687 pecus
720 3621 1090 3686 opportunum
1135 3611 1366 3684 praedae,
1397 3610 1747 3668 destitutione
1778 3612 2048 3671 sodalium

450 3707 663 3773 iecerit,
693 3715 749 3762 et
775 3704 1109 3763 devorationi
1140 3703 1356 3761 facilem
1384 3705 1721 3762 contubernii
1759 3707 2051 3778 privatione

453 3801 772 3869 reddiderit,
806 3815 969 3869 eum,
1015 3800 1111 3872 qui
1158 3798 1306 3875 prius
1342 3814 1506 3870 opera
1559 3799 1871 3856 monasterii
1915 3801 2048 3858 levia

453 3911 704 3952 exercere
733 3893 1085 3966 despexerat,
1124 3891 1210 3949 die
1236 3907 1300 3948 ac
1338 3899 1499 3948 nocte
1527 3907 1622 3964 spe
1650 3901 1892 3965 quastus
1916 3894 2051 3952 inta-

456 3991 746 4063 tigabiliter
773 3988 1021 4047 laborare
1063 3987 1343 4060 compellit
1374 4005 1389 4045 :
1417 4003 1529 4045 non
1560 3988 1873 4046 orationum
1907 3991 2048 4048 sole-

2152 3333 2507 3403 monachum,
2529 3333 2761 3406 sibique,
2780 3333 2930 3406 quod
2948 3342 3032 3390 est
3043 3333 3307 3395 deterius,
3328 3332 3398 3389 de
3416 3331 3763 3404 perfectione

2154 3427 2450 3495 blanditur,
2481 3427 2573 3500 qui
2595 3435 2846 3500 receptus
2870 3428 2925 3484 in
2955 3427 3240 3496 cmnobio,
3267 3443 3392 3483 cum
3438 3442 3469 3482 a
3499 3441 3599 3482 suo
3625 3441 3766 3483 mo-

2154 3532 2376 3599 neretur
2424 3523 2652 3595 abbate,
2710 3540 2781 3581 ne
2826 3525 3197 3581 revolveretur
3238 3523 3307 3581 ad
3351 3523 3472 3588 illa,
3511 3537 3635 3594 quae
3664 3538 3769 3579 re-

2156 3619 2410 3675 nuntians
2437 3617 2737 3701 abdicarat,
2766 3635 2932 3693 seque
2957 3618 3026 3677 de
3054 3619 3329 3676 malorum
3370 3618 3623 3674 omnium
3652 3633 3765 3674 ra-

2157 3711 2279 3768 dice
2315 3710 2676 3785 philargyria,
2720 3712 3058 3786 terrenisque
3088 3710 3300 3784 laqueis
3335 3710 3642 3784 expediret;
3686 3727 3772 3768 ac

2157 3806 2204 3861 si
2248 3805 2439 3861 mallet
2499 3798 2745 3878 pristinis
2788 3805 3134 3877 passionibns
3183 3804 3506 3873 emundari,
3553 3803 3771 3877 quibus

2158 3915 2286 3955 eum
2313 3899 2631 3972 gravissime
2666 3900 2896 3972 singulis
2941 3900 3239 3957 momentis
3286 3899 3504 3957 videbat
3532 3900 3770 3971 urgeri,

2157 3996 2181 4025 θ
2202 4001 2442 4051 cessaret
2461 3992 2721 4052 affectare
2736 4008 2821 4064 ea,
2849 4008 3060 4066 quaene
3075 4001 3234 4051 antea
3260 3992 3479 4065 quidem
3500 3990 3774 4064 possede-

1545 4114 1798 4172 ALARDI
1839 4116 2062 4173 GAZzEl
2103 4118 2659 4176 COMMENTARIUS.

460 4234 562 4290 iter
583 4240 801 4304 agentes
828 4226 1289 4304 circumferimus,
1322 4243 1418 4304 seu
1444 4243 1542 4304 pro
1573 4238 1832 4304 apparatu
1855 4231 1923 4287 ad
1952 4231 2053 4288 iter

460 4299 892 4374 capessendum;
922 4301 1051 4356 hinc
1070 4302 1259 4374 Cicero
1280 4299 1351 4356 ad
1376 4299 1624 4357 Atticum
1644 4299 1660 4356 Ξ
1686 4303 1857 4358 Velim
1870 4304 2053 4359 uideas

460 4380 511 4428 ct
531 4372 903 4443 'quidoiatiei,
923 4376 975 4424 et
988 4372 1120 4443 quid
1138 4373 1485 4425 instrumenti
1504 4374 1636 4426 satis
1661 4374 1756 4428 sit.
1778 4374 2053 4430 Viaticum

461 4439 644 4525 itaque
672 4439 1057 4525 instabilitatis‘
1075 4447 1250 4525 vocat.
1275 4449 1468 4525 auctor
1494 4455 1768 4525 nummos
1787 4444 2056 4525 repositos

463 4513 531 4568 ad
554 4508 933 4582 'evagandum,
967 4514 1063 4582 aut
1097 4508 1460 4582 recedendum
1499 4525 1529 4565 e
1560 4508 1890 4582 monasterio
1926 4530 2056 4571 cum

462 4577 702 4638 libuerit:
721 4582 892 4636 Porro
921 4594 984 4634 ex
1014 4579 1118 4634 hoc
1143 4577 1318 4650 capite
1343 4587 1397 4650 et
1423 4579 1772 4650 sequentibus
1794 4583 2058 4642 discimus

2158 4236 2349 4289 circuit
2356 4246 2611 4316 quarens
2625 4248 2779 4316 quem
2792 4234 3007 4316 devoret
3017 4235 3066 4316 (l_
3077 4235 3191 4316 Pet.-
3210 4236 3327 4316 ιη)ζ
3346 4230 3515 4316 Cujus
3546 4229 3622 4316 rei
3638 4229 3773 4316 duo

2158 4300 2403 4375 exempla
2434 4304 2601 4359 habes
2633 4300 2779 4375 apud
2807 4300 2876 4360 Ι).
2903 4306 3234 4377 Gregbrium
3268 4300 3495 4372 (Libftr
3537 4303 3774 4373 DiaIOg.

2159 4391 2278 4458 cap.
2323 4380 2415 4458 g5)
2440 4391 2453 4429 :
2481 4375 2717 4458 alterum
2746 4374 3242 4458 de.monacho_qui
3265 4375 3386 4458 ,._de
3421 4377 3778 4458 monasterio

2158 4444 2471 4528 discedens,
2496 4445 2789 4528 draconem
2803 4446 3100 4528 ningitinere
3126 4444 3335 4528 invenit
3357 4446 3450 4528 qui
3490 4458 3620 4528 eum
3653 4444 3777 4501 de-

2160 4516 2625 4599 vorarevolebat,
2655 4517 2759 4572 nisi
2797 4515 3442 4599 fratressuccurrissent;
3486 4516 3737 4599 altera!!!
3757 4558 3779 4586 ,

2160 4585 2229 4669 de
2267 4588 2437 4670 altero
2459 4588 2598 4670 item
2632 4588 2910 4670 monacho
2939 4589 3024 4645 cui
3060 4590 3298 4670 (Regist.
3405 4600 3469 4644 Ix
3513 4603 3596 4669 ep.
3626 4588 3733 4669 ξε)
3759 4628 3781 4655 ,

466 4652 824 4732 philargyria,
847 4664 943 4732 seu
973 4647 1336 4732 proprietatis
1348 4647 1538 4732 vitium
1567 4650 1621 4706 in
1655 4654 1923 4732 monacho
1952 4657 2052 4713 ini-
2079 4662 2132 4726 D
2161 4656 2415 4715 similiter
2441 4659 2509 4715 de
2531 4659 2860 4716 monasterio
2883 4647 3380 4732 fugere‘cogitanti,
3410 4647 3562 4732 canis
3592 4647 3781 4732 niger

460 4718 600 4782 tium
628 4718 1046 4794 esse‘apostasim
1068 4718 1123 4777 et
1142 4718 1463 4794 defectionis
1489 4718 1526 4777 δ’
1543 4737 1644 4794 suo
1673 4731 1838 4781 statu.

531 4801 556 4830 ⁸
586 4791 1072 4869 Addit_Dionysius
1088 4791 1508 4869 substantivum,
1529 4793 1597 4850 de
1615 4808 1724 4865 quo
1749 4794 1835 4852 hic
1852 4796 2051 4869 agitur,

461 4879 515 4926 et
543 4866 892 4925 subauditur:
920 4865 1155 4935 Cumque
1164 4865 1470 4935 proprietas
1494 4870 1775 4936 tamquam
1791 4865 1957 4924 bestia
1973 4871 2047 4937 fe-

457 4959 559 4997 νοω
587 4956 709 4995 eum
731 4939 797 4995 de
831 4943 963 4994 satu
987 4939 1319 5007 separaverit
1341 4937 1605 5007 fratrum,
1632 4943 1683 4993 et
1702 4939 2047 4996 destitutione

456 5013 721 5083 sodalium
746 5012 933 5083 fecerit
958 5008 1353 5083 errabundum,
1371 5016 1488 5083 _etc.
1518 5009 1626 5065 Ubi
1656 5010 2046 5083 proprietatem

460 5081 637 5151 pusuit
666 5094 764 5151 pro
807 5079 1127 5160 philargyria
1146 5119 1161 5146 ,
1193 5077 1341 5160 quod
1371 5078 1487 5135 haec
1517 5077 1731 5151 propria
1759 5077 1827 5138 sit
1847 5098 2044 5139 mona-

456 5151 687 5205 chorum
732 5148 1049 5221 philargyria
1071 5188 1086 5213 ,
1117 5158 1179 5203 ut
1210 5149 1429 5221 dictum
1471 5161 1570 5206 est.
1604 5153 1674 5207 Et
1708 5153 1918 5210 videtur
1957 5154 2045 5210 hic

456 5188 1087 5289 Χὺνὲιὲΐεὸἑὲἐεῖἐὲἐῖἥεί
1114 5188 2042 5290 ξέτέἑᾜὲἰὶίὲἔὲὶιὲιεὶἓόῗἨιίιὶἘ

453 5307 616 5347 suum
645 5290 875 5359 lugentis
907 5292 1078 5345 :Fera
1106 5292 1343 5357 pessima
1367 5292 1646 5347 devoravit
1668 5293 1843 5359 ﬁlium
1870 5311 2044 5349 meum

454 5362 879 5433 JoseplitGenes.
908 5365 1169 5433 sxxvu).
1196 5360 1353 5433 Hanc
1381 5362 1525 5433 enim
1553 5362 1723 5417 feram
1755 5365 2042 5433 pessimam

456 5431 700 5489 nonnulli
753 5431 1173 5504 moraliternec
1212 5431 1392 5504 inepte
1437 5431 1858 5504 interpretantur
1908 5451 2039 5504 pro-

442 5503 749 5576 prietatem
775 5510 829 5557 et
865 5501 1171 5576 avaritiam,
1194 5501 1333 5576 quae;
1352 5501 1670 5576 devorat'ac
1699 5504 1871 5572 perdit
1900 5501 2040 5563 filios

449 5572 657 5658 Jacob,
700 5573 866 5658 id_est
902 5572 1237 5658 monachos,
1282 5572 1482 5630 diaboli
1513 5574 1946 5645 supplantatores
1984 5587 2040 5635 et

445 5645 711 5719 spiritales
756 5645 1042 5700 lsraelitas.

517 5711 543 5749 ⁸³
573 5719 668 5773 Va:
690 5718 814 5780 soli,
847 5715 921 5770 ait
948 5715 1355 5772 Ecolesiasticus
1373 5755 1388 5780 ,
1430 5717 1562 5786 quia
1590 5731 1708 5772 cum
1753 5720 2031 5784 ceciderit,

442 5805 547 5863 non
572 5789 728 5863 habet
749 5788 1121 5863 sublevantem
1137 5792 1187 5841 et
1210 5792 1573 5856 protegentem
1599 5803 1654 5844 se
1681 5792 1877 5858 (Eecle.
1916 5796 2031 5863 tv):

441 5861 575 5917 dum
607 5858 819 5914 interim
841 5859 1185 5915 adversarius
1205 5864 1400 5922 noster,
1432 5864 1709 5930 tamquam
1725 5863 1801 5919 leo
1819 5858 2032 5933 rugiens

2160 4744 2291 4785 eum
2319 4738 2614 4802 voraturus
2627 4731 2904 4802 apparuit;
2930 4727 3027 4787 s'ed
3064 4727 3299 4802 fratrum
3331 4729 3580 4800 precibus
3608 4727 3784 4785 litie—

2159 4808 2315 4856 ratus
2339 4809 2449 4868 est,
2476 4810 2531 4857 et
2553 4800 2621 4857 ad
2640 4800 2914 4857 saniorem
2941 4809 3180 4857 mentem
3209 4800 3490 4856 reductus.

2227 4871 2338 4945 fld
2375 4880 2459 4928 est
2488 4873 2749 4945 honestas
2786 4873 3181 4945 occupationes
3196 4880 3253 4927 et
3276 4869 3554 4945 regularis
3595 4878 3784 4945 eser-

2114 4942 2311 5015 ‘citia,’
2366 4950 2493 5015 puta
2551 4943 2785 5015 privatas
2834 4938 3108 5015 orationes
3169 4938 3458 5015 lectiones,
3509 4938 3784 4997 medita—

2154 5008 2353 5087 tiones,
2367 5008 2806 5087 disputationes,
2828 5023 3018 5072 mutua
3047 5013 3331 5087 obsequia,
3352 5008 3560 5084 aliaque
3587 5024 3783 5067 exer-

2152 5084 2299 5154 citia,
2355 5083 2556 5156 quibus
2602 5098 2699 5156 per
2760 5085 2901 5141 vices
2975 5094 3030 5141 et
3077 5083 3365 5141 interstitia
3425 5083 3782 5155 temporum

2152 5155 2406 5226 monachi
2432 5164 2784 5226 occupantur.

2220 5216 2247 5300 (ξ
2275 5232 2521 5300 ᾼημοῐθῐ
2547 5216 3103 5300 Chrysostomusnon
3143 5227 3344 5300 dixisse
3366 5224 3708 5300 Apostolum
3728 5242 3777 5300 _:

2151 5296 2241 5368 qui
2271 5297 2464 5354 divites
2482 5306 2632 5368 sunt,
2657 5294 2752 5353 sed
2778 5300 2883 5365 Qui
2908 5299 3092 5354 volunt
3117 5299 3311 5353 dantes
3336 5294 3478 5367 ﬁeri,
3503 5303 3564 5368 ut
3586 5294 3788 5351 intel-

2150 5365 2280 5439 ligas
2311 5383 2422 5440 non
2455 5365 2697 5440 divitias,
2729 5369 2839 5440 sed
2865 5369 3060 5425 harum
3099 5365 3454 5440 cupiditatem
3482 5365 3553 5422 ab
3587 5369 3786 5440 Apo-

2147 5435 2290 5520 sth
2333 5438 2771 5520 damnati-“Vide
2800 5442 2868 5520 ξι.
2887 5435 3251 5520 Thomam"!!!
3302 5435 3725 5520 commentari?
3750 5480 3776 5507 ι

2148 5510 2241 5564 ubi
2272 5506 2415 5564 inter
2452 5511 2554 5566 alia
2583 5510 2714 5567 dicit
2752 5524 2766 5564 :
2796 5511 3014 5567 Divitiae
3038 5514 3357 5567 tentationes
3381 5514 3544 5571 sunt,
3575 5511 3625 5561 et
3654 5506 3783 5563 la:-

2146 5583 2274 5649 quei
2286 5600 2304 5644 ;
2333 5583 2434 5651 qui
2451 5583 2628 5652 primo
2653 5586 2882 5646 tentant,
2914 5584 2971 5637 in
2999 5590 3262 5653 quantum
3289 5581 3553 5653 allicitmt,
3581 5578 3786 5653 indu-

2146 5658 2271 5706 cunt
2295 5654 2370 5707 ad
2392 5655 2563 5707 multa
2582 5658 2821 5724 peccata,
2853 5659 2903 5707 et
2927 5652 3126 5724 post-in
3146 5654 3375 5724 peccatis
3406 5652 3671 5724 detinent,
3707 5656 3786 5707 et

2145 5725 2308 5796 quasi
2329 5724 2518 5794 laqueo
2530 5718 2821 5780 incohauit.
2836 5718 3026 5796 Itaque
3043 5718 3250 5779 diuitiae
3273 5728 3400 5778 sunt
3420 5738 3529 5778 non
3548 5718 3792 5778 haben-

2144 5794 2286 5849 tibus
2316 5796 2391 5849 ad
2415 5798 2787 5858 (evitationem,
2818 5794 3125 5850 habentibus
3155 5798 3212 5850 in
3250 5797 3520 5865 laqueum.

2213 5868 2237 5897 °
2280 5865 2437 5923 Tales
2485 5867 2648 5922 etiam
2684 5866 2992 5924 monachos
3040 5859 3380 5939 suggillat'et
3424 5859 3795 5937 perstringit
