  <div class='ocr_page' id='page_1' title='image "/cluster/home/n/w/nwhite01/storage/ocr_20150623/49/hvd.32044096580709/162.png"; bbox 0 0 3996 6198; ppageno 0'>
   <div class='ocr_carea' id='block_1_1' title="bbox 225 277 322 336">
    <p class='ocr_par' dir='ltr' id='par_1_1' title="bbox 225 277 322 336">
     <span class='ocr_line' id='line_1_1' title="bbox 225 277 322 336; baseline -0.041 -1"><span class='ocrx_word' id='word_1_1' title='bbox 225 277 322 336; x_wconf 78' lang='lat'><strong>809</strong></span> 
     </span>
    </p>
   </div>
   <div class='ocr_carea' id='block_1_2' title="bbox 777 403 1237 464">
    <p class='ocr_par' dir='ltr' id='par_1_2' title="bbox 777 403 1237 464">
     <span class='ocr_line' id='line_1_2' title="bbox 777 403 1237 464; baseline -0.007 -1"><span class='ocrx_word' id='word_1_2' title='bbox 777 403 1021 464; x_wconf 78' lang='lat' dir='ltr'><strong>CAPUT</strong></span> <span class='ocrx_word' id='word_1_3' title='bbox 1054 406 1237 464; x_wconf 79' lang='lat' dir='ltr'><strong>XVII.</strong></span> 
     </span>
    </p>
   </div>
   <div class='ocr_carea' id='block_1_3' title="bbox 225 500 1802 572">
    <p class='ocr_par' dir='ltr' id='par_1_3' title="bbox 225 500 1802 572">
     <span class='ocr_line' id='line_1_3' title="bbox 225 500 1802 572; baseline 0.001 -16"><span class='ocrx_word' id='word_1_4' title='bbox 225 500 291 556; x_wconf 86' lang='lat' dir='ltr'><strong>De</strong></span> <span class='ocrx_word' id='word_1_5' title='bbox 314 501 710 566; x_wconf 77' lang='lat' dir='ltr'><strong>rentuttiatione</strong></span> <span class='ocrx_word' id='word_1_6' title='bbox 732 500 1094 572; x_wconf 72' lang='lat' dir='ltr'><strong>apostolorum</strong></span> <span class='ocrx_word' id='word_1_7' title='bbox 1128 505 1180 554; x_wconf 88' lang='lat' dir='ltr'><strong>et</strong></span> <span class='ocrx_word' id='word_1_8' title='bbox 1205 501 1450 558; x_wconf 67' lang='lat' dir='ltr'><strong>Ecclesia</strong></span> <span class='ocrx_word' id='word_1_9' title='bbox 1478 501 1802 571; x_wconf 65' lang='lat' dir='ltr'><strong>primitivis.</strong></span> 
     </span>
    </p>
   </div>
   <div class='ocr_carea' id='block_1_4' title="bbox 282 591 1808 666">
    <p class='ocr_par' dir='ltr' id='par_1_4' title="bbox 282 591 1808 666">
     <span class='ocr_line' id='line_1_4' title="bbox 282 591 1808 666; baseline -0.001 -16"><span class='ocrx_word' id='word_1_10' title='bbox 282 591 446 663; x_wconf 80' lang='lat' dir='ltr'><strong>Quasi</strong></span> <span class='ocrx_word' id='word_1_11' title='bbox 475 606 602 648; x_wconf 87' lang='lat' dir='ltr'><strong>vero</strong></span> <span class='ocrx_word' id='word_1_12' title='bbox 628 599 686 652; x_wconf 87' lang='lat' dir='ltr'><strong>et</strong></span> <span class='ocrx_word' id='word_1_13' title='bbox 715 591 805 650; x_wconf 92' lang='lat' dir='ltr'><strong>ille</strong></span> <span class='ocrx_word' id='word_1_14' title='bbox 840 592 1097 650; x_wconf 76' lang='lat' dir='ltr'><strong>similiter</strong></span> <span class='ocrx_word' id='word_1_15' title='bbox 1132 608 1242 650; x_wconf 89' lang='lat' dir='ltr'><strong>non</strong></span> <span class='ocrx_word' id='word_1_16' title='bbox 1284 593 1524 666; x_wconf 88' lang='lat' dir='ltr'><strong>potuerit</strong></span> <span class='ocrx_word' id='word_1_17' title='bbox 1567 591 1808 650; x_wconf 86' lang='lat' dir='ltr'><strong>faculta-</strong></span> 
     </span>
    </p>
   </div>
   <div class='ocr_carea' id='block_1_5' title="bbox 221 685 1805 761">
    <p class='ocr_par' dir='ltr' id='par_1_5' title="bbox 221 685 1805 761">
     <span class='ocr_line' id='line_1_5' title="bbox 221 685 1805 761; baseline 0.001 -17"><span class='ocrx_word' id='word_1_18' title='bbox 221 687 357 746; x_wconf 84' lang='lat' dir='ltr'><strong>tibus</strong></span> <span class='ocrx_word' id='word_1_19' title='bbox 408 685 646 759; x_wconf 78' lang='lat' dir='ltr'><strong>pristinis</strong></span> <span class='ocrx_word' id='word_1_20' title='bbox 703 687 1028 756; x_wconf 85' lang='lat' dir='ltr'><strong>sustentari,</strong></span> <span class='ocrx_word' id='word_1_21' title='bbox 1083 687 1176 761; x_wconf 86' lang='lat' dir='ltr'><strong>qui</strong></span> <span class='ocrx_word' id='word_1_22' title='bbox 1229 703 1291 745; x_wconf 85' lang='lat' dir='ltr'><strong>se</strong></span> <span class='ocrx_word' id='word_1_23' title='bbox 1340 704 1455 746; x_wconf 90' lang='lat' dir='ltr'><strong>non</strong></span> <span class='ocrx_word' id='word_1_24' title='bbox 1508 687 1805 760; x_wconf 75' lang='lat' dir='ltr'><strong>ignobilem</strong></span> 
     </span>
    </p>
   </div>
   <div class='ocr_carea' id='block_1_6' title="bbox 221 781 1806 856">
    <p class='ocr_par' dir='ltr' id='par_1_6' title="bbox 221 781 1806 856">
     <span class='ocr_line' id='line_1_6' title="bbox 221 781 1806 856; baseline -0.001 -14"><span class='ocrx_word' id='word_1_25' title='bbox 221 783 452 842; x_wconf 82' lang='lat' dir='ltr'><strong>etiamin</strong></span> <span class='ocrx_word' id='word_1_26' title='bbox 483 781 652 856; x_wconf 80' lang='lat' dir='ltr'><strong>hujus</strong></span> <span class='ocrx_word' id='word_1_27' title='bbox 695 782 884 843; x_wconf 82' lang='lat' dir='ltr'><strong>mundi</strong></span> <span class='ocrx_word' id='word_1_28' title='bbox 924 781 1135 842; x_wconf 84' lang='lat' dir='ltr'><strong>ordine.</strong></span> <span class='ocrx_word' id='word_1_29' title='bbox 1157 781 1331 852; x_wconf 81' lang='lat' dir='ltr'><strong>fuisse</strong></span> <span class='ocrx_word' id='word_1_30' title='bbox 1375 791 1630 854; x_wconf 79' lang='lat' dir='ltr'><strong>testatur,</strong></span> <span class='ocrx_word' id='word_1_31' title='bbox 1677 799 1806 842; x_wconf 87' lang='lat' dir='ltr'><strong>cum</strong></span> 
     </span>
    </p>
   </div>
   <div class='ocr_carea' id='block_1_7' title="bbox 220 876 1805 950">
    <p class='ocr_par' dir='ltr' id='par_1_7' title="bbox 220 876 1805 950">
     <span class='ocr_line' id='line_1_7' title="bbox 220 876 1805 950; baseline -0.001 -13"><span class='ocrx_word' id='word_1_32' title='bbox 220 879 244 910; x_wconf 82' lang='lat'>&#39;</span> <span class='ocrx_word' id='word_1_33' title='bbox 275 892 343 940; x_wconf 76' lang='lat' dir='ltr'><strong>se</strong></span> <span class='ocrx_word' id='word_1_34' title='bbox 386 877 580 937; x_wconf 81' lang='lat' dir='ltr'><strong>asserit</strong></span> <span class='ocrx_word' id='word_1_35' title='bbox 620 891 651 932; x_wconf 93' lang='lat' dir='ltr'><strong>a</strong></span> <span class='ocrx_word' id='word_1_36' title='bbox 708 876 1016 946; x_wconf 84' lang='lat' dir='ltr'><strong>nativitate,</strong></span> <span class='ocrx_word' id='word_1_37' title='bbox 1069 877 1198 934; x_wconf 79' lang='lat' dir='ltr'><strong>civis</strong></span> <span class='ocrx_word' id='word_1_38' title='bbox 1253 877 1492 936; x_wconf 78' lang='lat' dir='ltr'><strong>Romani</strong></span> <span class='ocrx_word' id='word_1_39' title='bbox 1541 877 1805 950; x_wconf 74' lang='lat' dir='ltr'><strong>dignitate</strong></span> 
     </span>
    </p>
   </div>
   <div class='ocr_carea' id='block_1_8' title="bbox 219 970 1804 1044">
    <p class='ocr_par' dir='ltr' id='par_1_8' title="bbox 219 970 1804 1044">
     <span class='ocr_line' id='line_1_8' title="bbox 219 970 1804 1044; baseline -0.001 -15"><span class='ocrx_word' id='word_1_40' title='bbox 219 971 498 1042; x_wconf 65' lang='lat' dir='ltr'><strong>pullatum</strong></span> <span class='ocrx_word' id='word_1_41' title='bbox 520 973 729 1038; x_wconf 80' lang='lat' dir='ltr'><strong>(Actor.</strong></span> <span class='ocrx_word' id='word_1_42' title='bbox 754 973 955 1043; x_wconf 70' lang='lat' dir='ltr'><strong>xui);</strong></span> <span class='ocrx_word' id='word_1_43' title='bbox 979 971 1025 1030; x_wconf 85' lang='lat' dir='ltr'><strong>si</strong></span> <span class='ocrx_word' id='word_1_44' title='bbox 1054 970 1164 1028; x_wconf 91' lang='lat' dir='ltr'><strong>hoc</strong></span> <span class='ocrx_word' id='word_1_45' title='bbox 1181 986 1299 1034; x_wconf 88' lang='lat' dir='ltr'><strong>esse</strong></span> <span class='ocrx_word' id='word_1_46' title='bbox 1325 971 1395 1028; x_wconf 87' lang='lat' dir='ltr'><strong>ad</strong></span> <span class='ocrx_word' id='word_1_47' title='bbox 1419 971 1804 1044; x_wconf 77' lang='lat' dir='ltr'><strong>perfectionem</strong></span> 
     </span>
    </p>
   </div>
   <div class='ocr_carea' id='block_1_9' title="bbox 216 1063 1802 1138">
    <p class='ocr_par' dir='ltr' id='par_1_9' title="bbox 216 1063 1802 1138">
     <span class='ocr_line' id='line_1_9' title="bbox 216 1063 1802 1138; baseline -0.003 -14"><span class='ocrx_word' id='word_1_48' title='bbox 216 1063 551 1132; x_wconf 81' lang='lat' dir='ltr'><strong>commodius</strong></span> <span class='ocrx_word' id='word_1_49' title='bbox 571 1063 927 1138; x_wconf 85' lang='lat' dir='ltr'><strong>judicavisset</strong></span> <span class='ocrx_word' id='word_1_50' title='bbox 953 1083 967 1122; x_wconf 90' lang='lat'><strong>:</strong></span> <span class='ocrx_word' id='word_1_51' title='bbox 995 1073 1050 1122; x_wconf 89' lang='lat' dir='ltr'><strong>et</strong></span> <span class='ocrx_word' id='word_1_52' title='bbox 1073 1064 1145 1122; x_wconf 89' lang='lat' dir='ltr'><strong>illi</strong></span> <span class='ocrx_word' id='word_1_53' title='bbox 1177 1065 1270 1138; x_wconf 88' lang='lat' dir='ltr'><strong>qui</strong></span> <span class='ocrx_word' id='word_1_54' title='bbox 1299 1063 1654 1138; x_wconf 80' lang='lat' dir='ltr'><strong>Jerosolymis</strong></span> <span class='ocrx_word' id='word_1_55' title='bbox 1675 1080 1802 1121; x_wconf 90' lang='lat' dir='ltr'><strong>cum</strong></span> 
     </span>
    </p>
   </div>
   <div class='ocr_carea' id='block_1_10' title="bbox 214 1154 1799 1229">
    <p class='ocr_par' dir='ltr' id='par_1_10' title="bbox 214 1154 1799 1229">
     <span class='ocr_line' id='line_1_10' title="bbox 214 1154 1799 1229; baseline -0.001 -15"><span class='ocrx_word' id='word_1_56' title='bbox 214 1163 390 1214; x_wconf 74' lang='lat' dir='ltr'><strong>essem</strong></span> <span class='ocrx_word' id='word_1_57' title='bbox 411 1171 758 1229; x_wconf 80' lang='lat' dir='ltr'><strong>possessores</strong></span> <span class='ocrx_word' id='word_1_58' title='bbox 781 1171 1062 1229; x_wconf 85' lang='lat' dir='ltr'><strong>agrorum,</strong></span> <span class='ocrx_word' id='word_1_59' title='bbox 1095 1156 1176 1214; x_wconf 85' lang='lat' dir='ltr'><strong>vel</strong></span> <span class='ocrx_word' id='word_1_60' title='bbox 1209 1155 1524 1226; x_wconf 89' lang='lat' dir='ltr'><strong>domorum,</strong></span> <span class='ocrx_word' id='word_1_61' title='bbox 1557 1154 1799 1214; x_wconf 87' lang='lat' dir='ltr'><strong>venden-</strong></span> 
     </span>
    </p>
   </div>
   <div class='ocr_carea' id='block_1_11' title="bbox 212 1248 1829 1326">
    <p class='ocr_par' dir='ltr' id='par_1_11' title="bbox 212 1248 1829 1326">
     <span class='ocr_line' id='line_1_11' title="bbox 212 1248 1829 1326; baseline 0 -20"><span class='ocrx_word' id='word_1_62' title='bbox 212 1256 290 1306; x_wconf 84' lang='lat' dir='ltr'><strong>tes</strong></span> <span class='ocrx_word' id='word_1_63' title='bbox 311 1249 522 1320; x_wconf 85' lang='lat' dir='ltr'><strong>omnia,</strong></span> <span class='ocrx_word' id='word_1_64' title='bbox 552 1254 611 1306; x_wconf 86' lang='lat' dir='ltr'><strong>et</strong></span> <span class='ocrx_word' id='word_1_65' title='bbox 653 1248 790 1308; x_wconf 86' lang='lat' dir='ltr'><strong>nihil</strong></span> <span class='ocrx_word' id='word_1_66' title='bbox 821 1249 924 1306; x_wconf 90' lang='lat' dir='ltr'><strong>sibi</strong></span> <span class='ocrx_word' id='word_1_67' title='bbox 963 1248 1180 1322; x_wconf 60' lang='lat' dir='ltr'><strong>penitis</strong></span> <span class='ocrx_word' id='word_1_68' title='bbox 1217 1264 1284 1305; x_wconf 86' lang='lat' dir='ltr'><strong>ex</strong></span> <span class='ocrx_word' id='word_1_69' title='bbox 1319 1248 1404 1306; x_wconf 91' lang='lat' dir='ltr'><strong>his</strong></span> <span class='ocrx_word' id='word_1_70' title='bbox 1430 1258 1829 1326; x_wconf 36' lang='lat' dir='ltr'><strong>reservantes“</strong></span> 
     </span>
    </p>
   </div>
   <div class='ocr_carea' id='block_1_12' title="bbox 211 1329 1800 1422">
    <p class='ocr_par' dir='ltr' id='par_1_12' title="bbox 211 1329 1800 1422">
     <span class='ocr_line' id='line_1_12' title="bbox 211 1329 1800 1422; baseline 0.001 -23"><span class='ocrx_word' id='word_1_71' title='bbox 211 1342 513 1400; x_wconf 78' lang='lat' dir='ltr'><strong>efferebant</strong></span> <span class='ocrx_word' id='word_1_72' title='bbox 547 1343 717 1416; x_wconf 89' lang='lat' dir='ltr'><strong>pretia</strong></span> <span class='ocrx_word' id='word_1_73' title='bbox 765 1358 955 1400; x_wconf 87' lang='lat' dir='ltr'><strong>eorum</strong></span> <span class='ocrx_word' id='word_1_74' title='bbox 977 1385 992 1412; x_wconf 93' lang='lat'><strong>,</strong></span> <span class='ocrx_word' id='word_1_75' title='bbox 1031 1351 1104 1422; x_wconf 87' lang='lat' dir='ltr'><strong>_et</strong></span> <span class='ocrx_word' id='word_1_76' title='bbox 1144 1342 1421 1420; x_wconf 87' lang='lat' dir='ltr'><strong>ponebant</strong></span> <span class='ocrx_word' id='word_1_77' title='bbox 1469 1329 1594 1400; x_wconf 82' lang='lat' dir='ltr'><strong>ante</strong></span> <span class='ocrx_word' id='word_1_78' title='bbox 1636 1343 1800 1416; x_wconf 86' lang='lat' dir='ltr'><strong>pedes</strong></span> 
     </span>
    </p>
   </div>
   <div class='ocr_carea' id='block_1_13' title="bbox 207 1435 1797 1510">
    <p class='ocr_par' dir='ltr' id='par_1_13' title="bbox 207 1435 1797 1510">
     <span class='ocr_line' id='line_1_13' title="bbox 207 1435 1797 1510; baseline 0 -16"><span class='ocrx_word' id='word_1_79' title='bbox 207 1435 594 1510; x_wconf 87' lang='lat' dir='ltr'><strong>discipulorum</strong></span> <span class='ocrx_word' id='word_1_80' title='bbox 613 1437 813 1504; x_wconf 84' lang='lat' dir='ltr'><strong>(Actor.</strong></span> <span class='ocrx_word' id='word_1_81' title='bbox 843 1439 962 1504; x_wconf 80' lang='lat' dir='ltr'><strong>1v);</strong></span> <span class='ocrx_word' id='word_1_82' title='bbox 982 1450 1096 1493; x_wconf 90' lang='lat' dir='ltr'><strong>non</strong></span> <span class='ocrx_word' id='word_1_83' title='bbox 1114 1435 1392 1509; x_wconf 87' lang='lat' dir='ltr'><strong>potuerint</strong></span> <span class='ocrx_word' id='word_1_84' title='bbox 1417 1437 1797 1494; x_wconf 86' lang='lat' dir='ltr'><strong>necessitatem</strong></span> 
     </span>
    </p>
   </div>
   <div class='ocr_carea' id='block_1_14' title="bbox 207 1528 1797 1605">
    <p class='ocr_par' dir='ltr' id='par_1_14' title="bbox 207 1528 1797 1605">
     <span class='ocr_line' id='line_1_14' title="bbox 207 1528 1797 1605; baseline -0.001 -17"><span class='ocrx_word' id='word_1_85' title='bbox 207 1531 446 1605; x_wconf 87' lang='lat' dir='ltr'><strong>corporis</strong></span> <span class='ocrx_word' id='word_1_86' title='bbox 470 1530 554 1587; x_wconf 92' lang='lat' dir='ltr'><strong>sui</strong></span> <span class='ocrx_word' id='word_1_87' title='bbox 593 1528 934 1586; x_wconf 83' lang='lat' dir='ltr'><strong>facultatibus</strong></span> <span class='ocrx_word' id='word_1_88' title='bbox 965 1529 1198 1602; x_wconf 82' lang='lat' dir='ltr'><strong>propriis</strong></span> <span class='ocrx_word' id='word_1_89' title='bbox 1239 1536 1574 1597; x_wconf 88' lang='lat' dir='ltr'><strong>sustentare,</strong></span> <span class='ocrx_word' id='word_1_90' title='bbox 1603 1529 1650 1587; x_wconf 92' lang='lat' dir='ltr'><strong>si</strong></span> <span class='ocrx_word' id='word_1_91' title='bbox 1692 1529 1797 1586; x_wconf 92' lang='lat' dir='ltr'><strong>hoc</strong></span> 
     </span>
    </p>
   </div>
   <div class='ocr_carea' id='block_1_15' title="bbox 208 1622 1796 1700">
    <p class='ocr_par' dir='ltr' id='par_1_15' title="bbox 208 1622 1796 1700">
     <span class='ocr_line' id='line_1_15' title="bbox 208 1622 1796 1700; baseline -0.004 -14"><span class='ocrx_word' id='word_1_92' title='bbox 208 1623 489 1700; x_wconf 71' lang='lat' dir='ltr'><strong>perfectum</strong></span> <span class='ocrx_word' id='word_1_93' title='bbox 529 1623 722 1681; x_wconf 76' lang='lat' dir='ltr'><strong>fuisset</strong></span> <span class='ocrx_word' id='word_1_94' title='bbox 749 1622 825 1682; x_wconf 81' lang='lat' dir='ltr'><strong>ab</strong></span> <span class='ocrx_word' id='word_1_95' title='bbox 877 1623 1140 1697; x_wconf 78' lang='lat' dir='ltr'><strong>apostolis</strong></span> <span class='ocrx_word' id='word_1_96' title='bbox 1177 1623 1517 1696; x_wconf 85' lang='lat' dir='ltr'><strong>judicatum,</strong></span> <span class='ocrx_word' id='word_1_97' title='bbox 1564 1623 1650 1680; x_wconf 90' lang='lat' dir='ltr'><strong>vel</strong></span> <span class='ocrx_word' id='word_1_98' title='bbox 1694 1624 1796 1696; x_wconf 88' lang='lat' dir='ltr'><strong>ipsi</strong></span> 
     </span>
    </p>
   </div>
   <div class='ocr_carea' id='block_1_16' title="bbox 205 1714 1800 1788">
    <p class='ocr_par' dir='ltr' id='par_1_16' title="bbox 205 1714 1800 1788">
     <span class='ocr_line' id='line_1_16' title="bbox 205 1714 1800 1788; baseline -0.003 -13"><span class='ocrx_word' id='word_1_99' title='bbox 205 1733 319 1775; x_wconf 66' lang='lat' dir='ltr'><strong>me</strong></span> <span class='ocrx_word' id='word_1_100' title='bbox 349 1716 536 1783; x_wconf 79' lang='lat' dir='ltr'><strong>uu’lius</strong></span> <span class='ocrx_word' id='word_1_101' title='bbox 582 1715 994 1788; x_wconf 80' lang='lat' dir='ltr'><strong>probavissent?</strong></span> <span class='ocrx_word' id='word_1_102' title='bbox 1025 1715 1122 1773; x_wconf 87' lang='lat' dir='ltr'><strong>sed</strong></span> <span class='ocrx_word' id='word_1_103' title='bbox 1149 1715 1426 1774; x_wconf 67' lang='lat' dir='ltr'><strong>universas</strong></span> <span class='ocrx_word' id='word_1_104' title='bbox 1461 1715 1625 1773; x_wconf 81' lang='lat' dir='ltr'><strong>simul</strong></span> <span class='ocrx_word' id='word_1_105' title='bbox 1663 1714 1800 1788; x_wconf 86' lang='lat' dir='ltr'><strong>abji-</strong></span> 
     </span>
    </p>
   </div>
   <div class='ocr_carea' id='block_1_17' title="bbox 706 259 3020 340">
    <p class='ocr_par' dir='ltr' id='par_1_17' title="bbox 706 259 3020 340">
     <span class='ocr_line' id='line_1_17' title="bbox 706 259 3020 340; baseline 0 -3"><span class='ocrx_word' id='word_1_106' title='bbox 706 279 793 338; x_wconf 84' lang='lat' dir='ltr'><strong>DE</strong></span> <span class='ocrx_word' id='word_1_107' title='bbox 831 259 1310 337; x_wconf 56' lang='lat' dir='ltr'><strong>C(ENOBIORUM</strong></span> <span class='ocrx_word' id='word_1_108' title='bbox 1349 276 1590 338; x_wconf 82' lang='lat' dir='ltr'><strong>INSTIT.</strong></span> <span class='ocrx_word' id='word_1_109' title='bbox 1635 277 1764 336; x_wconf 82' lang='lat' dir='ltr'><strong>LIB.</strong></span> <span class='ocrx_word' id='word_1_110' title='bbox 1807 279 1923 336; x_wconf 87' lang='lat' dir='ltr'><strong>VII.</strong></span> <span class='ocrx_word' id='word_1_111' title='bbox 1961 308 2036 322; x_wconf 91' lang='lat'><strong>—</strong></span> <span class='ocrx_word' id='word_1_112' title='bbox 2073 280 2162 337; x_wconf 86' lang='lat' dir='ltr'><strong>DE</strong></span> <span class='ocrx_word' id='word_1_113' title='bbox 2198 280 2470 339; x_wconf 82' lang='lat' dir='ltr'><strong>SPIRITU</strong></span> <span class='ocrx_word' id='word_1_114' title='bbox 2511 281 3020 340; x_wconf 70' lang='lat' dir='ltr'><strong>PHILARGYRI/E.</strong></span> 
     </span>
    </p>
   </div>
   <div class='ocr_carea' id='block_1_18' title="bbox 3407 288 3511 341">
    <p class='ocr_par' dir='ltr' id='par_1_18' title="bbox 3407 288 3511 341">
     <span class='ocr_line' id='line_1_18' title="bbox 3407 288 3511 341; baseline -0.01 0"><span class='ocrx_word' id='word_1_115' title='bbox 3407 288 3511 341; x_wconf 85' lang='lat' dir='ltr'><strong>8l0</strong></span> 
     </span>
    </p>
   </div>
   <div class='ocr_carea' id='block_1_19' title="bbox 1826 409 3510 482">
    <p class='ocr_par' dir='ltr' id='par_1_19' title="bbox 1826 409 3510 482">
     <span class='ocr_line' id='line_1_19' title="bbox 1826 409 3510 482; baseline 0.002 -20"><span class='ocrx_word' id='word_1_116' title='bbox 1826 411 1876 474; x_wconf 79' lang='grc' dir='ltr'><strong>Α</strong></span> <span class='ocrx_word' id='word_1_117' title='bbox 1906 415 2295 480; x_wconf 70' lang='lat' dir='ltr'><strong>praepararent.</strong></span> <span class='ocrx_word' id='word_1_118' title='bbox 2330 411 2406 465; x_wconf 90' lang='lat' dir='ltr'><strong>De</strong></span> <span class='ocrx_word' id='word_1_119' title='bbox 2433 409 2662 468; x_wconf 90' lang='lat' dir='ltr'><strong>collectis</strong></span> <span class='ocrx_word' id='word_1_120' title='bbox 2690 415 2868 468; x_wconf 89' lang='lat' dir='ltr'><strong>autem</strong></span> <span class='ocrx_word' id='word_1_121' title='bbox 2891 425 3018 481; x_wconf 72' lang='lat' dir='ltr'><strong>qua:</strong></span> <span class='ocrx_word' id='word_1_122' title='bbox 3041 412 3180 482; x_wconf 79' lang='lat' dir='ltr'><strong>ﬁunt</strong></span> <span class='ocrx_word' id='word_1_123' title='bbox 3201 410 3262 466; x_wconf 86' lang='lat' dir='ltr'><strong>in</strong></span> <span class='ocrx_word' id='word_1_124' title='bbox 3290 414 3510 476; x_wconf 85' lang='lat' dir='ltr'><strong>sanctis,</strong></span> 
     </span>
    </p>
   </div>
   <div class='ocr_carea' id='block_1_20' title="bbox 1913 502 3503 572">
    <p class='ocr_par' dir='ltr' id='par_1_20' title="bbox 1913 502 3503 572">
     <span class='ocr_line' id='line_1_20' title="bbox 1913 502 3503 572; baseline 0.003 -16"><span class='ocrx_word' id='word_1_125' title='bbox 1913 503 2053 558; x_wconf 85' lang='lat' dir='ltr'><strong>sicut</strong></span> <span class='ocrx_word' id='word_1_126' title='bbox 2092 502 2344 558; x_wconf 86' lang='lat' dir='ltr'><strong>ordinavi</strong></span> <span class='ocrx_word' id='word_1_127' title='bbox 2384 504 2632 562; x_wconf 84' lang='lat' dir='ltr'><strong>Ecclesiis</strong></span> <span class='ocrx_word' id='word_1_128' title='bbox 2674 505 2904 563; x_wconf 67' lang='lat' dir='ltr'><strong>Galatia:</strong></span> <span class='ocrx_word' id='word_1_129' title='bbox 2924 546 2942 570; x_wconf 82' lang='lat'><strong>,</strong></span> <span class='ocrx_word' id='word_1_130' title='bbox 2983 505 3068 562; x_wconf 86' lang='lat' dir='ltr'><strong>ita</strong></span> <span class='ocrx_word' id='word_1_131' title='bbox 3104 509 3156 560; x_wconf 88' lang='lat' dir='ltr'><strong>et</strong></span> <span class='ocrx_word' id='word_1_132' title='bbox 3190 519 3282 560; x_wconf 90' lang='lat' dir='ltr'><strong>vos</strong></span> <span class='ocrx_word' id='word_1_133' title='bbox 3315 505 3503 572; x_wconf 86' lang='lat' dir='ltr'><strong>facite.</strong></span> 
     </span>
    </p>
   </div>
   <div class='ocr_carea' id='block_1_21' title="bbox 1920 581 3508 669">
    <p class='ocr_par' dir='ltr' id='par_1_21' title="bbox 1920 581 3508 669">
     <span class='ocr_line' id='line_1_21' title="bbox 1920 581 3508 669; baseline 0.002 -18"><span class='ocrx_word' id='word_1_134' title='bbox 1920 597 2292 667; x_wconf 79' lang='lat' dir='ltr'><strong>Unusquisque</strong></span> <span class='ocrx_word' id='word_1_135' title='bbox 2331 601 2568 652; x_wconf 88' lang='lat' dir='ltr'><strong>vestrum</strong></span> <span class='ocrx_word' id='word_1_136' title='bbox 2597 581 2700 669; x_wconf 77' lang='lat' dir='ltr'><strong>per</strong></span> <span class='ocrx_word' id='word_1_137' title='bbox 2735 613 2900 654; x_wconf 87' lang='lat' dir='ltr'><strong>unam</strong></span> <span class='ocrx_word' id='word_1_138' title='bbox 2933 599 3150 654; x_wconf 76' lang='lat' dir='ltr'><strong>sabbati</strong></span> <span class='ocrx_word' id='word_1_139' title='bbox 3183 599 3508 656; x_wconf 77' lang='lat' dir='ltr'><strong>thesaurizet</strong></span> 
     </span>
    </p>
   </div>
   <div class='ocr_carea' id='block_1_22' title="bbox 1911 689 3499 763">
    <p class='ocr_par' dir='ltr' id='par_1_22' title="bbox 1911 689 3499 763">
     <span class='ocr_line' id='line_1_22' title="bbox 1911 689 3499 763; baseline 0.003 -19"><span class='ocrx_word' id='word_1_140' title='bbox 1911 689 2061 761; x_wconf 87' lang='lat' dir='ltr'><strong>apud</strong></span> <span class='ocrx_word' id='word_1_141' title='bbox 2088 691 2428 762; x_wconf 68' lang='lat' dir='ltr'><strong>sanetipsum</strong></span> <span class='ocrx_word' id='word_1_142' title='bbox 2449 690 2746 761; x_wconf 42' lang='lat' dir='ltr'><strong>iracundens</strong></span> <span class='ocrx_word' id='word_1_143' title='bbox 2779 692 2925 763; x_wconf 87' lang='lat' dir='ltr'><strong>quod</strong></span> <span class='ocrx_word' id='word_1_144' title='bbox 2951 693 3002 746; x_wconf 86' lang='lat' dir='ltr'><strong>ei</strong></span> <span class='ocrx_word' id='word_1_145' title='bbox 3040 692 3166 748; x_wconf 87' lang='lat' dir='ltr'><strong>bene</strong></span> <span class='ocrx_word' id='word_1_146' title='bbox 3201 693 3468 763; x_wconf 79' lang='lat' dir='ltr'><strong>placuerit</strong></span> <span class='ocrx_word' id='word_1_147' title='bbox 3483 735 3499 756; x_wconf 91' lang='lat'><strong>,</strong></span> 
     </span>
    </p>
   </div>
   <div class='ocr_carea' id='block_1_23' title="bbox 1910 783 3504 854">
    <p class='ocr_par' dir='ltr' id='par_1_23' title="bbox 1910 783 3504 854">
     <span class='ocr_line' id='line_1_23' title="bbox 1910 783 3504 854; baseline 0.001 -16"><span class='ocrx_word' id='word_1_148' title='bbox 1910 785 1973 838; x_wconf 88' lang='lat' dir='ltr'><strong>ut</strong></span> <span class='ocrx_word' id='word_1_149' title='bbox 2002 797 2107 838; x_wconf 88' lang='lat' dir='ltr'><strong>non</strong></span> <span class='ocrx_word' id='word_1_150' title='bbox 2143 798 2261 838; x_wconf 90' lang='lat' dir='ltr'><strong>cum</strong></span> <span class='ocrx_word' id='word_1_151' title='bbox 2291 798 2508 846; x_wconf 80' lang='lat' dir='ltr'><strong>venero,</strong></span> <span class='ocrx_word' id='word_1_152' title='bbox 2559 787 2686 840; x_wconf 87' lang='lat' dir='ltr'><strong>tunc</strong></span> <span class='ocrx_word' id='word_1_153' title='bbox 2712 783 2939 838; x_wconf 74' lang='lat' dir='ltr'><strong>collecta:</strong></span> <span class='ocrx_word' id='word_1_154' title='bbox 2967 786 3120 854; x_wconf 71' lang='lat' dir='ltr'><strong>ﬁant.</strong></span> <span class='ocrx_word' id='word_1_155' title='bbox 3165 784 3298 840; x_wconf 90' lang='lat' dir='ltr'><strong>Cum</strong></span> <span class='ocrx_word' id='word_1_156' title='bbox 3325 788 3504 840; x_wconf 89' lang='lat' dir='ltr'><strong>autem</strong></span> 
     </span>
    </p>
   </div>
   <div class='ocr_carea' id='block_1_24' title="bbox 1909 877 3504 948">
    <p class='ocr_par' dir='ltr' id='par_1_24' title="bbox 1909 877 3504 948">
     <span class='ocr_line' id='line_1_24' title="bbox 1909 877 3504 948; baseline 0.004 -20"><span class='ocrx_word' id='word_1_157' title='bbox 1909 889 2118 940; x_wconf 82' lang='lat' dir='ltr'><strong>venero,</strong></span> <span class='ocrx_word' id='word_1_158' title='bbox 2146 891 2274 947; x_wconf 84' lang='lat' dir='ltr'><strong>quos</strong></span> <span class='ocrx_word' id='word_1_159' title='bbox 2286 877 2648 946; x_wconf 83' lang='lat' dir='ltr'><strong>probaueritis</strong></span> <span class='ocrx_word' id='word_1_160' title='bbox 2663 891 2764 948; x_wconf 88' lang='lat' dir='ltr'><strong>per</strong></span> <span class='ocrx_word' id='word_1_161' title='bbox 2788 877 3040 947; x_wconf 80' lang='lat' dir='ltr'><strong>epistolas</strong></span> <span class='ocrx_word' id='word_1_162' title='bbox 3055 915 3076 944; x_wconf 89' lang='lat'><strong>,</strong></span> <span class='ocrx_word' id='word_1_163' title='bbox 3107 877 3200 932; x_wconf 79' lang='lat' dir='ltr'><strong>hos</strong></span> <span class='ocrx_word' id='word_1_164' title='bbox 3224 879 3504 934; x_wconf 87' lang='lat' dir='ltr'><strong>transmit-</strong></span> 
     </span>
    </p>
   </div>
   <div class='ocr_carea' id='block_1_25' title="bbox 1911 971 3501 1040">
    <p class='ocr_par' dir='ltr' id='par_1_25' title="bbox 1911 971 3501 1040">
     <span class='ocr_line' id='line_1_25' title="bbox 1911 971 3501 1040; baseline 0.002 -17"><span class='ocrx_word' id='word_1_165' title='bbox 1911 972 2025 1024; x_wconf 88' lang='lat' dir='ltr'><strong>tam</strong></span> <span class='ocrx_word' id='word_1_166' title='bbox 2033 971 2278 1040; x_wconf 84' lang='lat' dir='ltr'><strong>perferre</strong></span> <span class='ocrx_word' id='word_1_167' title='bbox 2291 973 2526 1040; x_wconf 75' lang='lat' dir='ltr'><strong>gratiam</strong></span> <span class='ocrx_word' id='word_1_168' title='bbox 2542 975 2778 1026; x_wconf 84' lang='lat' dir='ltr'><strong>vestram</strong></span> <span class='ocrx_word' id='word_1_169' title='bbox 2793 973 2853 1026; x_wconf 84' lang='lat' dir='ltr'><strong>in</strong></span> <span class='ocrx_word' id='word_1_170' title='bbox 2863 971 3156 1030; x_wconf 81' lang='lat' dir='ltr'><strong>Jerusalem</strong></span> <span class='ocrx_word' id='word_1_171' title='bbox 3165 972 3212 1038; x_wconf 82' lang='grc' dir='ltr'><strong>(Ι</strong></span> <span class='ocrx_word' id='word_1_172' title='bbox 3228 972 3388 1028; x_wconf 85' lang='lat' dir='ltr'><strong>Cor.x</strong></span> <span class='ocrx_word' id='word_1_173' title='bbox 3398 975 3480 1038; x_wconf 84' lang='lat' dir='ltr'><strong>v1)</strong></span> <span class='ocrx_word' id='word_1_174' title='bbox 3488 1013 3501 1026; x_wconf 95' lang='lat'><strong>.</strong></span> 
     </span>
    </p>
   </div>
   <div class='ocr_carea' id='block_1_26' title="bbox 1909 1062 3504 1136">
    <p class='ocr_par' dir='ltr' id='par_1_26' title="bbox 1909 1062 3504 1136">
     <span class='ocr_line' id='line_1_26' title="bbox 1909 1062 3504 1136; baseline 0.001 -18"><span class='ocrx_word' id='word_1_175' title='bbox 1909 1063 1980 1118; x_wconf 86' lang='lat' dir='ltr'><strong>Et</strong></span> <span class='ocrx_word' id='word_1_176' title='bbox 2029 1069 2090 1118; x_wconf 90' lang='lat' dir='ltr'><strong>ut</strong></span> <span class='ocrx_word' id='word_1_177' title='bbox 2145 1078 2242 1122; x_wconf 89' lang='lat' dir='ltr'><strong>eos</strong></span> <span class='ocrx_word' id='word_1_178' title='bbox 2290 1062 2362 1120; x_wconf 92' lang='lat' dir='ltr'><strong>ad</strong></span> <span class='ocrx_word' id='word_1_179' title='bbox 2407 1062 2702 1136; x_wconf 76' lang='lat' dir='ltr'><strong>largiorem</strong></span> <span class='ocrx_word' id='word_1_180' title='bbox 2755 1063 3104 1122; x_wconf 87' lang='lat' dir='ltr'><strong>collationem</strong></span> <span class='ocrx_word' id='word_1_181' title='bbox 3162 1073 3504 1136; x_wconf 79' lang='lat' dir='ltr'><strong>provocarat,</strong></span> 
     </span>
    </p>
   </div>
   <div class='ocr_carea' id='block_1_27' title="bbox 1907 1141 3506 1226">
    <p class='ocr_par' dir='ltr' id='par_1_27' title="bbox 1907 1141 3506 1226">
     <span class='ocr_line' id='line_1_27' title="bbox 1907 1141 3506 1226; baseline 0.003 -18"><span class='ocrx_word' id='word_1_182' title='bbox 1907 1150 2074 1210; x_wconf 83' lang='lat' dir='ltr'><strong>infert</strong></span> <span class='ocrx_word' id='word_1_183' title='bbox 2101 1173 2115 1209; x_wconf 91' lang='lat'><strong>:</strong></span> <span class='ocrx_word' id='word_1_184' title='bbox 2143 1156 2293 1224; x_wconf 82' lang='lat' dir='ltr'><strong>Quod</strong></span> <span class='ocrx_word' id='word_1_185' title='bbox 2308 1159 2360 1212; x_wconf 85' lang='lat' dir='ltr'><strong>si</strong></span> <span class='ocrx_word' id='word_1_186' title='bbox 2384 1157 2614 1226; x_wconf 82' lang='lat' dir='ltr'><strong>dignum</strong></span> <span class='ocrx_word' id='word_1_187' title='bbox 2637 1157 2829 1224; x_wconf 81' lang='lat' dir='ltr'><strong>fuerit,</strong></span> <span class='ocrx_word' id='word_1_188' title='bbox 2860 1161 2922 1210; x_wconf 89' lang='lat' dir='ltr'><strong>ut</strong></span> <span class='ocrx_word' id='word_1_189' title='bbox 2943 1141 2996 1212; x_wconf 86' lang='lat' dir='ltr'><strong>et</strong></span> <span class='ocrx_word' id='word_1_190' title='bbox 3021 1171 3113 1226; x_wconf 94' lang='lat' dir='ltr'><strong>ego</strong></span> <span class='ocrx_word' id='word_1_191' title='bbox 3143 1172 3281 1221; x_wconf 86' lang='lat' dir='ltr'><strong>eam,</strong></span> <span class='ocrx_word' id='word_1_192' title='bbox 3302 1173 3506 1212; x_wconf 86' lang='lat' dir='ltr'><strong>mecum</strong></span> 
     </span>
    </p>
   </div>
   <div class='ocr_carea' id='block_1_28' title="bbox 1907 1247 3503 1320">
    <p class='ocr_par' dir='ltr' id='par_1_28' title="bbox 1907 1247 3503 1320">
     <span class='ocr_line' id='line_1_28' title="bbox 1907 1247 3503 1320; baseline 0.003 -19"><span class='ocrx_word' id='word_1_193' title='bbox 1907 1247 2062 1306; x_wconf 78' lang='lat' dir='ltr'><strong>ibunt</strong></span> <span class='ocrx_word' id='word_1_194' title='bbox 2093 1268 2111 1304; x_wconf 90' lang='lat'><strong><em>:</em></strong></span> <span class='ocrx_word' id='word_1_195' title='bbox 2135 1247 2192 1306; x_wconf 87' lang='lat' dir='ltr'><strong>id</strong></span> <span class='ocrx_word' id='word_1_196' title='bbox 2215 1257 2298 1304; x_wconf 90' lang='lat' dir='ltr'><strong>est</strong></span> <span class='ocrx_word' id='word_1_197' title='bbox 2317 1289 2338 1319; x_wconf 91' lang='lat'><strong>,</strong></span> <span class='ocrx_word' id='word_1_198' title='bbox 2361 1249 2406 1308; x_wconf 88' lang='lat' dir='ltr'><strong>si</strong></span> <span class='ocrx_word' id='word_1_199' title='bbox 2432 1248 2557 1306; x_wconf 89' lang='lat' dir='ltr'><strong>talis</strong></span> <span class='ocrx_word' id='word_1_200' title='bbox 2585 1249 2748 1306; x_wconf 85' lang='lat' dir='ltr'><strong>fuerit</strong></span> <span class='ocrx_word' id='word_1_201' title='bbox 2772 1248 2976 1306; x_wconf 86' lang='lat' dir='ltr'><strong>oblatio</strong></span> <span class='ocrx_word' id='word_1_202' title='bbox 3002 1256 3204 1317; x_wconf 81' lang='lat' dir='ltr'><strong>vestra,</strong></span> <span class='ocrx_word' id='word_1_203' title='bbox 3233 1263 3358 1320; x_wconf 67' lang='lat' dir='ltr'><strong>qua:</strong></span> <span class='ocrx_word' id='word_1_204' title='bbox 3383 1265 3503 1306; x_wconf 89' lang='lat' dir='ltr'><strong>mea</strong></span> 
     </span>
    </p>
   </div>
   <div class='ocr_carea' id='block_1_29' title="bbox 1907 1341 3504 1416">
    <p class='ocr_par' dir='ltr' id='par_1_29' title="bbox 1907 1341 3504 1416">
     <span class='ocr_line' id='line_1_29' title="bbox 1907 1341 3504 1416; baseline 0.001 -17"><span class='ocrx_word' id='word_1_205' title='bbox 1907 1357 2124 1416; x_wconf 86' lang='lat' dir='ltr'><strong>quoque</strong></span> <span class='ocrx_word' id='word_1_206' title='bbox 2159 1352 2436 1402; x_wconf 86' lang='lat' dir='ltr'><strong>mereatur</strong></span> <span class='ocrx_word' id='word_1_207' title='bbox 2484 1343 2862 1416; x_wconf 75' lang='lat' dir='ltr'><strong>prosecutione</strong></span> <span class='ocrx_word' id='word_1_208' title='bbox 2898 1341 3118 1400; x_wconf 75' lang='lat' dir='ltr'><strong>deferri.</strong></span> <span class='ocrx_word' id='word_1_209' title='bbox 3168 1343 3256 1400; x_wconf 81' lang='lat' dir='ltr'><strong>Ad</strong></span> <span class='ocrx_word' id='word_1_210' title='bbox 3282 1343 3504 1404; x_wconf 83' lang='lat' dir='ltr'><strong>Galatas</strong></span> 
     </span>
    </p>
   </div>
   <div class='ocr_carea' id='block_1_30' title="bbox 1905 1436 3501 1510">
    <p class='ocr_par' dir='ltr' id='par_1_30' title="bbox 1905 1436 3501 1510">
     <span class='ocr_line' id='line_1_30' title="bbox 1905 1436 3501 1510; baseline 0 -18"><span class='ocrx_word' id='word_1_211' title='bbox 1905 1451 2122 1510; x_wconf 90' lang='lat' dir='ltr'><strong>quoque</strong></span> <span class='ocrx_word' id='word_1_212' title='bbox 2161 1452 2288 1494; x_wconf 88' lang='lat' dir='ltr'><strong>cum</strong></span> <span class='ocrx_word' id='word_1_213' title='bbox 2336 1436 2737 1510; x_wconf 63' lang='lat' dir='ltr'><strong>prmdicationis</strong></span> <span class='ocrx_word' id='word_1_214' title='bbox 2779 1436 3148 1498; x_wconf 85' lang='lat' dir='ltr'><strong>ministerium</strong></span> <span class='ocrx_word' id='word_1_215' title='bbox 3187 1451 3318 1496; x_wconf 86' lang='lat' dir='ltr'><strong>cum</strong></span> <span class='ocrx_word' id='word_1_216' title='bbox 3362 1451 3501 1508; x_wconf 85' lang='lat' dir='ltr'><strong>spo-</strong></span> 
     </span>
    </p>
   </div>
   <div class='ocr_carea' id='block_1_31' title="bbox 1903 1527 3499 1604">
    <p class='ocr_par' dir='ltr' id='par_1_31' title="bbox 1903 1527 3499 1604">
     <span class='ocr_line' id='line_1_31' title="bbox 1903 1527 3499 1604; baseline 0.001 -20"><span class='ocrx_word' id='word_1_217' title='bbox 1903 1527 2059 1586; x_wconf 85' lang='lat' dir='ltr'><strong>stolis</strong></span> <span class='ocrx_word' id='word_1_218' title='bbox 2087 1529 2397 1601; x_wconf 87' lang='lat' dir='ltr'><strong>partiretur,</strong></span> <span class='ocrx_word' id='word_1_219' title='bbox 2430 1529 2534 1586; x_wconf 91' lang='lat' dir='ltr'><strong>hoc</strong></span> <span class='ocrx_word' id='word_1_220' title='bbox 2573 1529 2721 1588; x_wconf 87' lang='lat' dir='ltr'><strong>idem</strong></span> <span class='ocrx_word' id='word_1_221' title='bbox 2749 1545 2808 1590; x_wconf 85' lang='lat' dir='ltr'><strong>se</strong></span> <span class='ocrx_word' id='word_1_222' title='bbox 2842 1529 3138 1604; x_wconf 83' lang='lat' dir='ltr'><strong>depactum</strong></span> <span class='ocrx_word' id='word_1_223' title='bbox 3167 1545 3298 1590; x_wconf 81' lang='lat' dir='ltr'><strong>cum</strong></span> <span class='ocrx_word' id='word_1_224' title='bbox 3331 1532 3499 1588; x_wconf 85' lang='lat' dir='ltr'><strong>Jaco-</strong></span> 
     </span>
    </p>
   </div>
   <div class='ocr_carea' id='block_1_32' title="bbox 1904 1621 3500 1698">
    <p class='ocr_par' dir='ltr' id='par_1_32' title="bbox 1904 1621 3500 1698">
     <span class='ocr_line' id='line_1_32' title="bbox 1904 1621 3500 1698; baseline 0.001 -19"><span class='ocrx_word' id='word_1_225' title='bbox 1904 1621 2000 1690; x_wconf 92' lang='lat' dir='ltr'><strong>bo,</strong></span> <span class='ocrx_word' id='word_1_226' title='bbox 2027 1625 2189 1679; x_wconf 86' lang='lat' dir='ltr'><strong>Petro</strong></span> <span class='ocrx_word' id='word_1_227' title='bbox 2217 1630 2286 1680; x_wconf 87' lang='lat' dir='ltr'><strong>et-</strong></span> <span class='ocrx_word' id='word_1_228' title='bbox 2297 1625 2510 1680; x_wconf 88' lang='lat' dir='ltr'><strong>Joanne</strong></span> <span class='ocrx_word' id='word_1_229' title='bbox 2535 1631 2764 1682; x_wconf 83' lang='lat' dir='ltr'><strong>testatur</strong></span> <span class='ocrx_word' id='word_1_230' title='bbox 2789 1645 2802 1681; x_wconf 84' lang='lat'><strong>:</strong></span> <span class='ocrx_word' id='word_1_231' title='bbox 2829 1631 2894 1681; x_wconf 93' lang='lat' dir='ltr'><strong>ut</strong></span> <span class='ocrx_word' id='word_1_232' title='bbox 2914 1623 3037 1682; x_wconf 88' lang='lat' dir='ltr'><strong>licet</strong></span> <span class='ocrx_word' id='word_1_233' title='bbox 3060 1622 3500 1698; x_wconf 64' lang='lat' dir='ltr'><strong>medicationem</strong></span> 
     </span>
    </p>
   </div>
   <div class='ocr_carea' id='block_1_33' title="bbox 1904 1717 3501 1790">
    <p class='ocr_par' dir='ltr' id='par_1_33' title="bbox 1904 1717 3501 1790">
     <span class='ocr_line' id='line_1_33' title="bbox 1904 1717 3501 1790; baseline 0.001 -18"><span class='ocrx_word' id='word_1_234' title='bbox 1904 1717 2206 1788; x_wconf 86' lang='lat' dir='ltr'><strong>susciperet</strong></span> <span class='ocrx_word' id='word_1_235' title='bbox 2255 1717 2501 1788; x_wconf 76' lang='lat' dir='ltr'><strong>gentium</strong></span> <span class='ocrx_word' id='word_1_236' title='bbox 2519 1757 2535 1785; x_wconf 91' lang='lat'><strong>,</strong></span> <span class='ocrx_word' id='word_1_237' title='bbox 2593 1733 2892 1789; x_wconf 86' lang='lat' dir='ltr'><strong>pauperum</strong></span> <span class='ocrx_word' id='word_1_238' title='bbox 2943 1726 3157 1786; x_wconf 85' lang='lat' dir='ltr'><strong>tamen,</strong></span> <span class='ocrx_word' id='word_1_239' title='bbox 3207 1717 3300 1790; x_wconf 85' lang='lat' dir='ltr'><strong>qui</strong></span> <span class='ocrx_word' id='word_1_240' title='bbox 3345 1727 3501 1776; x_wconf 82' lang='lat' dir='ltr'><strong>erant</strong></span> 
     </span>
    </p>
   </div>
   <div class='ocr_carea' id='block_1_34' title="bbox 202 1803 3502 1897">
    <p class='ocr_par' dir='ltr' id='par_1_34' title="bbox 202 1803 3502 1897">
     <span class='ocr_line' id='line_1_34' title="bbox 202 1803 3502 1897; baseline -0.001 -30"><span class='ocrx_word' id='word_1_241' title='bbox 202 1813 402 1870; x_wconf 82' lang='lat' dir='ltr'><strong>cientes</strong></span> <span class='ocrx_word' id='word_1_242' title='bbox 444 1809 772 1868; x_wconf 82' lang='lat' dir='ltr'><strong>substantias</strong></span> <span class='ocrx_word' id='word_1_243' title='bbox 816 1809 1129 1868; x_wconf 80' lang='lat' dir='ltr'><strong>maluerunt</strong></span> <span class='ocrx_word' id='word_1_244' title='bbox 1172 1809 1358 1882; x_wconf 80' lang='lat' dir='ltr'><strong>labore</strong></span> <span class='ocrx_word' id='word_1_245' title='bbox 1403 1809 1628 1882; x_wconf 83' lang='lat' dir='ltr'><strong>proprie</strong></span> <span class='ocrx_word' id='word_1_246' title='bbox 1644 1850 1658 1878; x_wconf 95' lang='lat'><strong>,</strong></span> <span class='ocrx_word' id='word_1_247' title='bbox 1707 1810 1789 1866; x_wconf 88' lang='lat' dir='ltr'><strong>vel</strong></span> <span class='ocrx_word' id='word_1_248' title='bbox 1827 1834 1875 1897; x_wconf 80' lang='grc' dir='ltr'><strong>Β</strong></span> <span class='ocrx_word' id='word_1_249' title='bbox 1901 1806 2258 1879; x_wconf 83' lang='lat' dir='ltr'><strong>Jerosolymis</strong></span> <span class='ocrx_word' id='word_1_250' title='bbox 2274 1847 2291 1875; x_wconf 92' lang='lat'><strong>,</strong></span> <span class='ocrx_word' id='word_1_251' title='bbox 2337 1821 2682 1879; x_wconf 83' lang='lat' dir='ltr'><strong>nequaquam</strong></span> <span class='ocrx_word' id='word_1_252' title='bbox 2735 1803 3162 1868; x_wconf 72' lang='lat' dir='ltr'><strong>sollicitudinem</strong></span> <span class='ocrx_word' id='word_1_253' title='bbox 3206 1823 3502 1880; x_wconf 87' lang='lat' dir='ltr'><strong>curamque</strong></span> 
     </span>
    </p>
   </div>
   <div class='ocr_carea' id='block_1_35' title="bbox 201 1901 3498 1978">
    <p class='ocr_par' dir='ltr' id='par_1_35' title="bbox 201 1901 3498 1978">
     <span class='ocr_line' id='line_1_35' title="bbox 201 1901 3498 1978; baseline -0.002 -14"><span class='ocrx_word' id='word_1_254' title='bbox 201 1907 487 1964; x_wconf 81' lang='lat' dir='ltr'><strong>collatione</strong></span> <span class='ocrx_word' id='word_1_255' title='bbox 521 1905 764 1978; x_wconf 85' lang='lat' dir='ltr'><strong>gentium</strong></span> <span class='ocrx_word' id='word_1_256' title='bbox 808 1905 1130 1962; x_wconf 79' lang='lat' dir='ltr'><strong>sustentari.</strong></span> <span class='ocrx_word' id='word_1_257' title='bbox 1168 1907 1254 1962; x_wconf 89' lang='lat' dir='ltr'><strong>De</strong></span> <span class='ocrx_word' id='word_1_258' title='bbox 1283 1919 1523 1976; x_wconf 77' lang='lat' dir='ltr'><strong>quorum</strong></span> <span class='ocrx_word' id='word_1_259' title='bbox 1563 1911 1790 1976; x_wconf 86' lang='lat' dir='ltr'><strong>sumptu</strong></span> <span class='ocrx_word' id='word_1_260' title='bbox 1902 1909 2208 1974; x_wconf 82' lang='lat' dir='ltr'><strong>respueret,</strong></span> <span class='ocrx_word' id='word_1_261' title='bbox 2263 1901 2356 1974; x_wconf 91' lang='lat' dir='ltr'><strong>qui</strong></span> <span class='ocrx_word' id='word_1_262' title='bbox 2405 1909 2626 1974; x_wconf 87' lang='lat' dir='ltr'><strong>propter</strong></span> <span class='ocrx_word' id='word_1_263' title='bbox 2673 1901 2951 1960; x_wconf 87' lang='lat' dir='ltr'><strong>Christum</strong></span> <span class='ocrx_word' id='word_1_264' title='bbox 3002 1902 3266 1960; x_wconf 73' lang='lat' dir='ltr'><strong>universis</strong></span> <span class='ocrx_word' id='word_1_265' title='bbox 3330 1901 3498 1960; x_wconf 85' lang='lat' dir='ltr'><strong>rebus</strong></span> 
     </span>
    </p>
   </div>
   <div class='ocr_carea' id='block_1_36' title="bbox 199 1997 1794 2077">
    <p class='ocr_par' dir='ltr' id='par_1_36' title="bbox 199 1997 1794 2077">
     <span class='ocr_line' id='line_1_36' title="bbox 199 1997 1794 2077; baseline -0.003 -18"><span class='ocrx_word' id='word_1_266' title='bbox 199 2009 420 2059; x_wconf 79' lang='lat' dir='ltr'><strong>sanctus</strong></span> <span class='ocrx_word' id='word_1_267' title='bbox 460 1999 760 2077; x_wconf 68' lang='lat' dir='ltr'><strong>Apostolus</strong></span> <span class='ocrx_word' id='word_1_268' title='bbox 787 1998 860 2056; x_wconf 88' lang='lat' dir='ltr'><strong>ad</strong></span> <span class='ocrx_word' id='word_1_269' title='bbox 896 1997 1483 2067; x_wconf 79' lang='lat' dir='ltr'><strong>Romanosscribens,</strong></span> <span class='ocrx_word' id='word_1_270' title='bbox 1523 2011 1794 2070; x_wconf 82' lang='lat' dir='ltr'><strong>suumque</strong></span> 
     </span>
    </p>
   </div>
   <div class='ocr_carea' id='block_1_37' title="bbox 196 2091 1796 2165">
    <p class='ocr_par' dir='ltr' id='par_1_37' title="bbox 196 2091 1796 2165">
     <span class='ocr_line' id='line_1_37' title="bbox 196 2091 1796 2165; baseline -0.003 -13"><span class='ocrx_word' id='word_1_271' title='bbox 196 2095 273 2151; x_wconf 88' lang='lat' dir='ltr'><strong>eis</strong></span> <span class='ocrx_word' id='word_1_272' title='bbox 303 2095 362 2152; x_wconf 87' lang='lat' dir='ltr'><strong>in</strong></span> <span class='ocrx_word' id='word_1_273' title='bbox 387 2093 495 2150; x_wconf 89' lang='lat' dir='ltr'><strong>hoc</strong></span> <span class='ocrx_word' id='word_1_274' title='bbox 535 2092 904 2150; x_wconf 80' lang='lat' dir='ltr'><strong>ministerium</strong></span> <span class='ocrx_word' id='word_1_275' title='bbox 931 2091 1265 2165; x_wconf 65' lang='lat' dir='ltr'><strong>pradicans,</strong></span> <span class='ocrx_word' id='word_1_276' title='bbox 1294 2107 1360 2147; x_wconf 89' lang='lat' dir='ltr'><strong>ac</strong></span> <span class='ocrx_word' id='word_1_277' title='bbox 1375 2091 1660 2153; x_wconf 77' lang='lat' dir='ltr'><strong>subtiliter</strong></span> <span class='ocrx_word' id='word_1_278' title='bbox 1698 2106 1796 2148; x_wconf 91' lang='lat' dir='ltr'><strong>eos</strong></span> 
     </span>
    </p>
   </div>
   <div class='ocr_carea' id='block_1_38' title="bbox 193 2185 1796 2258">
    <p class='ocr_par' dir='ltr' id='par_1_38' title="bbox 193 2185 1796 2258">
     <span class='ocr_line' id='line_1_38' title="bbox 193 2185 1796 2258; baseline -0.003 -13"><span class='ocrx_word' id='word_1_279' title='bbox 193 2188 263 2246; x_wconf 88' lang='lat' dir='ltr'><strong>ad</strong></span> <span class='ocrx_word' id='word_1_280' title='bbox 311 2189 458 2245; x_wconf 79' lang='lat' dir='ltr'><strong>hanc</strong></span> <span class='ocrx_word' id='word_1_281' title='bbox 502 2187 852 2244; x_wconf 82' lang='lat' dir='ltr'><strong>cellationem</strong></span> <span class='ocrx_word' id='word_1_282' title='bbox 905 2200 1210 2258; x_wconf 85' lang='lat' dir='ltr'><strong>provocans</strong></span> <span class='ocrx_word' id='word_1_283' title='bbox 1231 2225 1249 2253; x_wconf 93' lang='lat'><strong>,</strong></span> <span class='ocrx_word' id='word_1_284' title='bbox 1276 2185 1358 2241; x_wconf 87' lang='lat' dir='ltr'><strong>ait</strong></span> <span class='ocrx_word' id='word_1_285' title='bbox 1385 2205 1399 2242; x_wconf 88' lang='lat'><strong>:</strong></span> <span class='ocrx_word' id='word_1_286' title='bbox 1435 2188 1587 2244; x_wconf 87' lang='lat' dir='ltr'><strong>Nunc</strong></span> <span class='ocrx_word' id='word_1_287' title='bbox 1614 2189 1796 2240; x_wconf 83' lang='lat' dir='ltr'><strong>autem</strong></span> 
     </span>
    </p>
   </div>
   <div class='ocr_carea' id='block_1_39' title="bbox 187 2279 1796 2352">
    <p class='ocr_par' dir='ltr' id='par_1_39' title="bbox 187 2279 1796 2352">
     <span class='ocr_line' id='line_1_39' title="bbox 187 2279 1796 2352; baseline -0.001 -16"><span class='ocrx_word' id='word_1_288' title='bbox 187 2283 495 2352; x_wconf 61' lang='lat' dir='ltr'><strong>proﬁciam</strong></span> <span class='ocrx_word' id='word_1_289' title='bbox 524 2282 820 2336; x_wconf 76' lang='lat' dir='ltr'><strong>Jerusalem</strong></span> <span class='ocrx_word' id='word_1_290' title='bbox 845 2281 1166 2348; x_wconf 69' lang='lat' dir='ltr'><strong>asinistrare</strong></span> <span class='ocrx_word' id='word_1_291' title='bbox 1205 2280 1432 2336; x_wconf 75' lang='lat' dir='ltr'><strong>sanctis.</strong></span> <span class='ocrx_word' id='word_1_292' title='bbox 1469 2279 1796 2349; x_wconf 56' lang='lat' dir='ltr'><strong>Conuolawit</strong></span> 
     </span>
    </p>
   </div>
   <div class='ocr_carea' id='block_1_40' title="bbox 191 2373 1796 2443">
    <p class='ocr_par' dir='ltr' id='par_1_40' title="bbox 191 2373 1796 2443">
     <span class='ocr_line' id='line_1_40' title="bbox 191 2373 1796 2443; baseline 0 -13"><span class='ocrx_word' id='word_1_293' title='bbox 191 2377 331 2430; x_wconf 84' lang='lat' dir='ltr'><strong>enim</strong></span> <span class='ocrx_word' id='word_1_294' title='bbox 351 2373 675 2430; x_wconf 68' lang='lat' dir='ltr'><strong>Macedonia</strong></span> <span class='ocrx_word' id='word_1_295' title='bbox 691 2377 744 2428; x_wconf 91' lang='lat' dir='ltr'><strong>et</strong></span> <span class='ocrx_word' id='word_1_296' title='bbox 762 2373 988 2429; x_wconf 76' lang='lat' dir='ltr'><strong>Achaia:</strong></span> <span class='ocrx_word' id='word_1_297' title='bbox 1003 2373 1339 2428; x_wconf 75' lang='lat' dir='ltr'><strong>collationem</strong></span> <span class='ocrx_word' id='word_1_298' title='bbox 1357 2373 1601 2443; x_wconf 85' lang='lat' dir='ltr'><strong>aliquam</strong></span> <span class='ocrx_word' id='word_1_299' title='bbox 1613 2375 1796 2441; x_wconf 83' lang='lat' dir='ltr'><strong>facere</strong></span> 
     </span>
    </p>
   </div>
   <div class='ocr_carea' id='block_1_41' title="bbox 181 2455 1788 2539">
    <p class='ocr_par' dir='ltr' id='par_1_41' title="bbox 181 2455 1788 2539">
     <span class='ocr_line' id='line_1_41' title="bbox 181 2455 1788 2539; baseline -0.002 -16"><span class='ocrx_word' id='word_1_300' title='bbox 181 2471 251 2522; x_wconf 76' lang='lat' dir='ltr'><strong>in</strong></span> <span class='ocrx_word' id='word_1_301' title='bbox 265 2483 532 2539; x_wconf 81' lang='lat' dir='ltr'><strong>pauperes</strong></span> <span class='ocrx_word' id='word_1_302' title='bbox 557 2471 888 2529; x_wconf 86' lang='lat' dir='ltr'><strong>sanctorum,</strong></span> <span class='ocrx_word' id='word_1_303' title='bbox 919 2467 1020 2536; x_wconf 82' lang='lat' dir='ltr'><strong>qui</strong></span> <span class='ocrx_word' id='word_1_304' title='bbox 1037 2470 1168 2521; x_wconf 76' lang='lat' dir='ltr'><strong>sunt</strong></span> <span class='ocrx_word' id='word_1_305' title='bbox 1187 2463 1482 2522; x_wconf 82' lang='lat' dir='ltr'><strong>Jerusalem</strong></span> <span class='ocrx_word' id='word_1_306' title='bbox 1508 2484 1526 2520; x_wconf 90' lang='lat'><strong><em>:</em></strong></span> <span class='ocrx_word' id='word_1_307' title='bbox 1551 2455 1788 2536; x_wconf 80' lang='lat' dir='ltr'><strong>compla-</strong></span> 
     </span>
    </p>
   </div>
   <div class='ocr_carea' id='block_1_42' title="bbox 182 2559 1784 2628">
    <p class='ocr_par' dir='ltr' id='par_1_42' title="bbox 182 2559 1784 2628">
     <span class='ocr_line' id='line_1_42' title="bbox 182 2559 1784 2628; baseline -0.002 -10"><span class='ocrx_word' id='word_1_308' title='bbox 182 2565 294 2617; x_wconf 81' lang='lat' dir='ltr'><strong>cuit</strong></span> <span class='ocrx_word' id='word_1_309' title='bbox 313 2563 480 2626; x_wconf 86' lang='lat' dir='ltr'><strong>enim,</strong></span> <span class='ocrx_word' id='word_1_310' title='bbox 501 2565 551 2616; x_wconf 89' lang='lat' dir='ltr'><strong>et</strong></span> <span class='ocrx_word' id='word_1_311' title='bbox 565 2561 826 2617; x_wconf 79' lang='lat' dir='ltr'><strong>debitores</strong></span> <span class='ocrx_word' id='word_1_312' title='bbox 837 2565 966 2616; x_wconf 88' lang='lat' dir='ltr'><strong>sunt</strong></span> <span class='ocrx_word' id='word_1_313' title='bbox 979 2575 1165 2616; x_wconf 87' lang='lat' dir='ltr'><strong>eorum</strong></span> <span class='ocrx_word' id='word_1_314' title='bbox 1184 2562 1354 2625; x_wconf 81' lang='lat' dir='ltr'><strong>(Rom.</strong></span> <span class='ocrx_word' id='word_1_315' title='bbox 1371 2563 1500 2626; x_wconf 82' lang='lat' dir='ltr'><strong>xv).</strong></span> <span class='ocrx_word' id='word_1_316' title='bbox 1517 2559 1784 2628; x_wconf 86' lang='lat' dir='ltr'><strong>Quoniam</strong></span> 
     </span>
    </p>
   </div>
   <div class='ocr_carea' id='block_1_43' title="bbox 180 2651 1782 2728">
    <p class='ocr_par' dir='ltr' id='par_1_43' title="bbox 180 2651 1782 2728">
     <span class='ocr_line' id='line_1_43' title="bbox 180 2651 1782 2728; baseline -0.001 -17"><span class='ocrx_word' id='word_1_317' title='bbox 180 2655 226 2711; x_wconf 90' lang='lat' dir='ltr'><strong>si</strong></span> <span class='ocrx_word' id='word_1_318' title='bbox 267 2654 591 2728; x_wconf 87' lang='lat' dir='ltr'><strong>spiritalium</strong></span> <span class='ocrx_word' id='word_1_319' title='bbox 617 2669 810 2712; x_wconf 88' lang='lat' dir='ltr'><strong>eorum</strong></span> <span class='ocrx_word' id='word_1_320' title='bbox 854 2653 1145 2726; x_wconf 86' lang='lat' dir='ltr'><strong>participes</strong></span> <span class='ocrx_word' id='word_1_321' title='bbox 1192 2651 1348 2710; x_wconf 65' lang='lat' dir='ltr'><strong>iactae</strong></span> <span class='ocrx_word' id='word_1_322' title='bbox 1393 2660 1523 2710; x_wconf 88' lang='lat' dir='ltr'><strong>sunt</strong></span> <span class='ocrx_word' id='word_1_323' title='bbox 1565 2659 1782 2725; x_wconf 85' lang='lat' dir='ltr'><strong>gentes,</strong></span> 
     </span>
    </p>
   </div>
   <div class='ocr_carea' id='block_1_44' title="bbox 179 2743 1785 2826">
    <p class='ocr_par' dir='ltr' id='par_1_44' title="bbox 179 2743 1785 2826">
     <span class='ocr_line' id='line_1_44' title="bbox 179 2743 1785 2826; baseline -0.002 -20"><span class='ocrx_word' id='word_1_324' title='bbox 179 2747 386 2806; x_wconf 81' lang='lat' dir='ltr'><strong>debent</strong></span> <span class='ocrx_word' id='word_1_325' title='bbox 417 2756 479 2807; x_wconf 88' lang='lat' dir='ltr'><strong>et</strong></span> <span class='ocrx_word' id='word_1_326' title='bbox 519 2748 575 2826; x_wconf 79' lang='lat' dir='ltr'><strong>in</strong></span> <span class='ocrx_word' id='word_1_327' title='bbox 610 2745 916 2810; x_wconf 86' lang='lat' dir='ltr'><strong>carnalibus</strong></span> <span class='ocrx_word' id='word_1_328' title='bbox 960 2744 1278 2807; x_wconf 87' lang='lat' dir='ltr'><strong>ministrare</strong></span> <span class='ocrx_word' id='word_1_329' title='bbox 1315 2745 1413 2801; x_wconf 81' lang='lat' dir='ltr'><strong>eis.</strong></span> <span class='ocrx_word' id='word_1_330' title='bbox 1454 2743 1543 2802; x_wconf 79' lang='lat' dir='ltr'><strong>Ad</strong></span> <span class='ocrx_word' id='word_1_331' title='bbox 1591 2745 1785 2802; x_wconf 88' lang='lat' dir='ltr'><strong>Corin-</strong></span> 
     </span>
    </p>
   </div>
   <div class='ocr_carea' id='block_1_45' title="bbox 177 2837 1784 2914">
    <p class='ocr_par' dir='ltr' id='par_1_45' title="bbox 177 2837 1784 2914">
     <span class='ocr_line' id='line_1_45' title="bbox 177 2837 1784 2914; baseline -0.004 -13"><span class='ocrx_word' id='word_1_332' title='bbox 177 2841 326 2901; x_wconf 84' lang='lat' dir='ltr'><strong>thios</strong></span> <span class='ocrx_word' id='word_1_333' title='bbox 351 2855 570 2914; x_wconf 85' lang='lat' dir='ltr'><strong>quoque</strong></span> <span class='ocrx_word' id='word_1_334' title='bbox 595 2840 793 2898; x_wconf 85' lang='lat' dir='ltr'><strong>horum</strong></span> <span class='ocrx_word' id='word_1_335' title='bbox 821 2838 1243 2898; x_wconf 88' lang='lat' dir='ltr'><strong>sollicitudinem</strong></span> <span class='ocrx_word' id='word_1_336' title='bbox 1272 2837 1524 2896; x_wconf 88' lang='lat' dir='ltr'><strong>similiter</strong></span> <span class='ocrx_word' id='word_1_337' title='bbox 1555 2853 1749 2910; x_wconf 89' lang='lat' dir='ltr'><strong>gerens</strong></span> <span class='ocrx_word' id='word_1_338' title='bbox 1766 2879 1784 2907; x_wconf 90' lang='lat'><strong>,</strong></span> 
     </span>
    </p>
   </div>
   <div class='ocr_carea' id='block_1_46' title="bbox 178 2930 1779 2999">
    <p class='ocr_par' dir='ltr' id='par_1_46' title="bbox 178 2930 1779 2999">
     <span class='ocr_line' id='line_1_46' title="bbox 178 2930 1779 2999; baseline -0.003 -8"><span class='ocrx_word' id='word_1_339' title='bbox 178 2943 376 2994; x_wconf 86' lang='lat' dir='ltr'><strong>monet</strong></span> <span class='ocrx_word' id='word_1_340' title='bbox 415 2951 513 2992; x_wconf 88' lang='lat' dir='ltr'><strong>eos</strong></span> <span class='ocrx_word' id='word_1_341' title='bbox 555 2943 619 2992; x_wconf 89' lang='lat' dir='ltr'><strong>ut</strong></span> <span class='ocrx_word' id='word_1_342' title='bbox 671 2942 800 2992; x_wconf 89' lang='lat' dir='ltr'><strong>ante</strong></span> <span class='ocrx_word' id='word_1_343' title='bbox 837 2933 1130 2994; x_wconf 84' lang='lat' dir='ltr'><strong>adventum</strong></span> <span class='ocrx_word' id='word_1_344' title='bbox 1187 2946 1347 2988; x_wconf 91' lang='lat' dir='ltr'><strong>suum</strong></span> <span class='ocrx_word' id='word_1_345' title='bbox 1394 2930 1744 2990; x_wconf 85' lang='lat' dir='ltr'><strong>collationem</strong></span> <span class='ocrx_word' id='word_1_346' title='bbox 1762 2969 1779 2999; x_wconf 92' lang='lat'><strong>,</strong></span> 
     </span>
    </p>
   </div>
   <div class='ocr_carea' id='block_1_47' title="bbox 175 3023 1781 3110">
    <p class='ocr_par' dir='ltr' id='par_1_47' title="bbox 175 3023 1781 3110">
     <span class='ocr_line' id='line_1_47' title="bbox 175 3023 1781 3110; baseline -0.002 -24"><span class='ocrx_word' id='word_1_347' title='bbox 175 3041 352 3100; x_wconf 86' lang='lat' dir='ltr'><strong>quam</strong></span> <span class='ocrx_word' id='word_1_348' title='bbox 381 3027 451 3085; x_wconf 87' lang='lat' dir='ltr'><strong>ad</strong></span> <span class='ocrx_word' id='word_1_349' title='bbox 490 3041 620 3088; x_wconf 84' lang='lat' dir='ltr'><strong>usus</strong></span> <span class='ocrx_word' id='word_1_350' title='bbox 661 3041 854 3084; x_wconf 87' lang='lat' dir='ltr'><strong>eorum</strong></span> <span class='ocrx_word' id='word_1_351' title='bbox 882 3027 1098 3088; x_wconf 80' lang='lat' dir='ltr'><strong>mittere</strong></span> <span class='ocrx_word' id='word_1_352' title='bbox 1121 3023 1474 3098; x_wconf 83' lang='lat' dir='ltr'><strong>disponebat,</strong></span> <span class='ocrx_word' id='word_1_353' title='bbox 1497 3023 1781 3110; x_wconf 80' lang='lat' dir='ltr'><strong>sollicitius</strong></span> 
     </span>
    </p>
   </div>
   <div class='ocr_carea' id='block_1_48' title="bbox 1900 1994 3498 2071">
    <p class='ocr_par' dir='ltr' id='par_1_48' title="bbox 1900 1994 3498 2071">
     <span class='ocr_line' id='line_1_48' title="bbox 1900 1994 3498 2071; baseline 0.003 -20"><span class='ocrx_word' id='word_1_354' title='bbox 1900 1995 2015 2052; x_wconf 90' lang='lat' dir='ltr'><strong>suis</strong></span> <span class='ocrx_word' id='word_1_355' title='bbox 2037 1994 2437 2064; x_wconf 85' lang='lat' dir='ltr'><strong>renuntiantes,</strong></span> <span class='ocrx_word' id='word_1_356' title='bbox 2485 2003 2842 2068; x_wconf 77' lang='lat' dir='ltr'><strong>spontaneum</strong></span> <span class='ocrx_word' id='word_1_357' title='bbox 2885 1997 3166 2056; x_wconf 89' lang='lat' dir='ltr'><strong>subierant</strong></span> <span class='ocrx_word' id='word_1_358' title='bbox 3202 2007 3498 2071; x_wconf 76' lang='lat' dir='ltr'><strong>egestatem</strong></span> 
     </span>
    </p>
   </div>
   <div class='ocr_carea' id='block_1_49' title="bbox 1905 2088 3493 2163">
    <p class='ocr_par' dir='ltr' id='par_1_49' title="bbox 1905 2088 3493 2163">
     <span class='ocr_line' id='line_1_49' title="bbox 1905 2088 3493 2163; baseline 0.004 -20"><span class='ocrx_word' id='word_1_359' title='bbox 1905 2088 2105 2159; x_wconf 88' lang='lat' dir='ltr'><strong>(Galat.</strong></span> <span class='ocrx_word' id='word_1_360' title='bbox 2147 2090 2238 2160; x_wconf 83' lang='lat' dir='ltr'><strong>Il).</strong></span> <span class='ocrx_word' id='word_1_361' title='bbox 2269 2092 2342 2148; x_wconf 85' lang='lat' dir='ltr'><strong>Et</strong></span> <span class='ocrx_word' id='word_1_362' title='bbox 2375 2103 2492 2144; x_wconf 89' lang='lat' dir='ltr'><strong>cum</strong></span> <span class='ocrx_word' id='word_1_363' title='bbox 2515 2090 2806 2155; x_wconf 71' lang='lat' dir='ltr'><strong>vidissent,</strong></span> <span class='ocrx_word' id='word_1_364' title='bbox 2838 2091 3049 2163; x_wconf 84' lang='lat' dir='ltr'><strong>inquit,</strong></span> <span class='ocrx_word' id='word_1_365' title='bbox 3081 2094 3326 2160; x_wconf 77' lang='lat' dir='ltr'><strong>gratiam</strong></span> <span class='ocrx_word' id='word_1_366' title='bbox 3364 2095 3493 2155; x_wconf 75' lang='lat' dir='ltr'><strong>Dei,</strong></span> 
     </span>
    </p>
   </div>
   <div class='ocr_carea' id='block_1_50' title="bbox 1902 2184 3498 2257">
    <p class='ocr_par' dir='ltr' id='par_1_50' title="bbox 1902 2184 3498 2257">
     <span class='ocr_line' id='line_1_50' title="bbox 1902 2184 3498 2257; baseline 0 -17"><span class='ocrx_word' id='word_1_367' title='bbox 1902 2200 2022 2254; x_wconf 70' lang='lat' dir='ltr'><strong>quae</strong></span> <span class='ocrx_word' id='word_1_368' title='bbox 2044 2184 2178 2240; x_wconf 84' lang='lat' dir='ltr'><strong>data</strong></span> <span class='ocrx_word' id='word_1_369' title='bbox 2206 2189 2284 2240; x_wconf 88' lang='lat' dir='ltr'><strong>est</strong></span> <span class='ocrx_word' id='word_1_370' title='bbox 2310 2185 2462 2248; x_wconf 76' lang='lat' dir='ltr'><strong>mihi,</strong></span> <span class='ocrx_word' id='word_1_371' title='bbox 2493 2186 2716 2241; x_wconf 70' lang='lat' dir='ltr'><strong>Iacobus</strong></span> <span class='ocrx_word' id='word_1_372' title='bbox 2739 2191 2794 2244; x_wconf 90' lang='lat' dir='ltr'><strong>et</strong></span> <span class='ocrx_word' id='word_1_373' title='bbox 2821 2187 3026 2257; x_wconf 68' lang='lat' dir='ltr'><strong>Cephali</strong></span> <span class='ocrx_word' id='word_1_374' title='bbox 3046 2191 3098 2242; x_wconf 89' lang='lat' dir='ltr'><strong>et</strong></span> <span class='ocrx_word' id='word_1_375' title='bbox 3125 2189 3371 2249; x_wconf 81' lang='lat' dir='ltr'><strong>Joannes,</strong></span> <span class='ocrx_word' id='word_1_376' title='bbox 3396 2190 3498 2256; x_wconf 82' lang='lat' dir='ltr'><strong>qui</strong></span> 
     </span>
    </p>
   </div>
   <div class='ocr_carea' id='block_1_51' title="bbox 1900 2277 3496 2347">
    <p class='ocr_par' dir='ltr' id='par_1_51' title="bbox 1900 2277 3496 2347">
     <span class='ocr_line' id='line_1_51' title="bbox 1900 2277 3496 2347; baseline 0.003 -18"><span class='ocrx_word' id='word_1_377' title='bbox 1900 2277 2222 2334; x_wconf 65' lang='lat' dir='ltr'><strong>ridebantur</strong></span> <span class='ocrx_word' id='word_1_378' title='bbox 2243 2279 2498 2334; x_wconf 74' lang='lat' dir='ltr'><strong>columna:</strong></span> <span class='ocrx_word' id='word_1_379' title='bbox 2523 2293 2650 2342; x_wconf 84' lang='lat' dir='ltr'><strong>esse,</strong></span> <span class='ocrx_word' id='word_1_380' title='bbox 2684 2280 2910 2338; x_wconf 63' lang='lat' dir='ltr'><strong>(latras</strong></span> <span class='ocrx_word' id='word_1_381' title='bbox 2941 2280 3206 2336; x_wconf 79' lang='lat' dir='ltr'><strong>dederunt</strong></span> <span class='ocrx_word' id='word_1_382' title='bbox 3239 2281 3380 2336; x_wconf 74' lang='lat' dir='ltr'><strong>mihi</strong></span> <span class='ocrx_word' id='word_1_383' title='bbox 3394 2319 3410 2347; x_wconf 92' lang='lat'><strong>,</strong></span> <span class='ocrx_word' id='word_1_384' title='bbox 3441 2286 3496 2335; x_wconf 83' lang='lat' dir='ltr'><strong>et</strong></span> 
     </span>
    </p>
   </div>
   <div class='ocr_carea' id='block_1_52' title="bbox 1899 2372 3488 2445">
    <p class='ocr_par' dir='ltr' id='par_1_52' title="bbox 1899 2372 3488 2445">
     <span class='ocr_line' id='line_1_52' title="bbox 1899 2372 3488 2445; baseline 0.002 -18"><span class='ocrx_word' id='word_1_385' title='bbox 1899 2372 2166 2427; x_wconf 81' lang='lat' dir='ltr'><strong>Barnaba-</strong></span> <span class='ocrx_word' id='word_1_386' title='bbox 2181 2373 2464 2436; x_wconf 83' lang='lat' dir='ltr'><strong>societatis,</strong></span> <span class='ocrx_word' id='word_1_387' title='bbox 2490 2378 2553 2429; x_wconf 89' lang='lat' dir='ltr'><strong>ut</strong></span> <span class='ocrx_word' id='word_1_388' title='bbox 2572 2388 2668 2430; x_wconf 87' lang='lat' dir='ltr'><strong>nos</strong></span> <span class='ocrx_word' id='word_1_389' title='bbox 2695 2375 2838 2430; x_wconf 86' lang='lat' dir='ltr'><strong>inter</strong></span> <span class='ocrx_word' id='word_1_390' title='bbox 2861 2378 3042 2442; x_wconf 83' lang='lat' dir='ltr'><strong>gentes</strong></span> <span class='ocrx_word' id='word_1_391' title='bbox 3055 2373 3488 2445; x_wconf 65' lang='lat' dir='ltr'><strong>praedicaremu,</strong></span> 
     </span>
    </p>
   </div>
   <div class='ocr_carea' id='block_1_53' title="bbox 1895 2466 3491 2539">
    <p class='ocr_par' dir='ltr' id='par_1_53' title="bbox 1895 2466 3491 2539">
     <span class='ocr_line' id='line_1_53' title="bbox 1895 2466 3491 2539; baseline 0.003 -21"><span class='ocrx_word' id='word_1_392' title='bbox 1895 2466 2006 2536; x_wconf 84' lang='lat' dir='ltr'><strong>ipsi</strong></span> <span class='ocrx_word' id='word_1_393' title='bbox 2021 2469 2199 2520; x_wconf 87' lang='lat' dir='ltr'><strong>autem</strong></span> <span class='ocrx_word' id='word_1_394' title='bbox 2215 2467 2276 2521; x_wconf 87' lang='lat' dir='ltr'><strong>in</strong></span> <span class='ocrx_word' id='word_1_395' title='bbox 2298 2467 2696 2539; x_wconf 71' lang='lat' dir='ltr'><strong>circumcisione</strong></span> <span class='ocrx_word' id='word_1_396' title='bbox 2716 2487 2734 2534; x_wconf 85' lang='lat'><strong><em>;</em></strong></span> <span class='ocrx_word' id='word_1_397' title='bbox 2755 2471 2966 2524; x_wconf 72' lang='lat' dir='ltr'><strong>tantm</strong></span> <span class='ocrx_word' id='word_1_398' title='bbox 2982 2472 3046 2524; x_wconf 78' lang='lat' dir='ltr'><strong>ut</strong></span> <span class='ocrx_word' id='word_1_399' title='bbox 3060 2481 3366 2538; x_wconf 83' lang='lat' dir='ltr'><strong>pauperum</strong></span> <span class='ocrx_word' id='word_1_400' title='bbox 3383 2483 3491 2523; x_wconf 86' lang='lat' dir='ltr'><strong>me-</strong></span> 
     </span>
    </p>
   </div>
   <div class='ocr_carea' id='block_1_54' title="bbox 1893 2559 3488 2628">
    <p class='ocr_par' dir='ltr' id='par_1_54' title="bbox 1893 2559 3488 2628">
     <span class='ocr_line' id='line_1_54' title="bbox 1893 2559 3488 2628; baseline 0.003 -17"><span class='ocrx_word' id='word_1_401' title='bbox 1893 2573 2063 2612; x_wconf 84' lang='lat' dir='ltr'><strong>mores</strong></span> <span class='ocrx_word' id='word_1_402' title='bbox 2107 2573 2355 2614; x_wconf 83' lang='lat' dir='ltr'><strong>essemus.</strong></span> <span class='ocrx_word' id='word_1_403' title='bbox 2385 2559 2561 2628; x_wconf 88' lang='lat' dir='ltr'><strong>Quam</strong></span> <span class='ocrx_word' id='word_1_404' title='bbox 2597 2574 2715 2616; x_wconf 86' lang='lat' dir='ltr'><strong>rem</strong></span> <span class='ocrx_word' id='word_1_405' title='bbox 2743 2559 2894 2614; x_wconf 90' lang='lat' dir='ltr'><strong>omni</strong></span> <span class='ocrx_word' id='word_1_406' title='bbox 2923 2559 3283 2616; x_wconf 88' lang='lat' dir='ltr'><strong>sollicitudine</strong></span> <span class='ocrx_word' id='word_1_407' title='bbox 3311 2574 3370 2616; x_wconf 90' lang='lat' dir='ltr'><strong>se</strong></span> <span class='ocrx_word' id='word_1_408' title='bbox 3399 2567 3488 2616; x_wconf 82' lang='lat' dir='ltr'><strong>te-~</strong></span> 
     </span>
    </p>
   </div>
   <div class='ocr_carea' id='block_1_55' title="bbox 1893 2652 3489 2723">
    <p class='ocr_par' dir='ltr' id='par_1_55' title="bbox 1893 2652 3489 2723">
     <span class='ocr_line' id='line_1_55' title="bbox 1893 2652 3489 2723; baseline 0.001 -17"><span class='ocrx_word' id='word_1_409' title='bbox 1893 2659 2068 2708; x_wconf 89' lang='lat' dir='ltr'><strong>statur</strong></span> <span class='ocrx_word' id='word_1_410' title='bbox 2105 2652 2384 2723; x_wconf 84' lang='lat' dir='ltr'><strong>implesse,</strong></span> <span class='ocrx_word' id='word_1_411' title='bbox 2414 2652 2642 2710; x_wconf 82' lang='lat' dir='ltr'><strong>dicens:</strong></span> <span class='ocrx_word' id='word_1_412' title='bbox 2693 2653 2842 2720; x_wconf 84' lang='lat' dir='ltr'><strong>Quod</strong></span> <span class='ocrx_word' id='word_1_413' title='bbox 2888 2657 3052 2709; x_wconf 67' lang='lat' dir='ltr'><strong>“illm</strong></span> <span class='ocrx_word' id='word_1_414' title='bbox 3096 2654 3355 2708; x_wconf 86' lang='lat' dir='ltr'><strong>sollicitus</strong></span> <span class='ocrx_word' id='word_1_415' title='bbox 3397 2655 3489 2721; x_wconf 81' lang='lat' dir='ltr'><strong>fui</strong></span> 
     </span>
    </p>
   </div>
   <div class='ocr_carea' id='block_1_56' title="bbox 1893 2743 3484 2826">
    <p class='ocr_par' dir='ltr' id='par_1_56' title="bbox 1893 2743 3484 2826">
     <span class='ocr_line' id='line_1_56' title="bbox 1893 2743 3484 2826; baseline 0.001 -28"><span class='ocrx_word' id='word_1_416' title='bbox 1893 2743 1990 2798; x_wconf 87' lang='lat' dir='ltr'><strong>hoc</strong></span> <span class='ocrx_word' id='word_1_417' title='bbox 2016 2745 2198 2814; x_wconf 88' lang='lat' dir='ltr'><strong>ipsum</strong></span> <span class='ocrx_word' id='word_1_418' title='bbox 2236 2745 2434 2812; x_wconf 87' lang='lat' dir='ltr'><strong>facere.</strong></span> <span class='ocrx_word' id='word_1_419' title='bbox 2465 2744 2572 2816; x_wconf 86' lang='lat' dir='ltr'><strong>Qui</strong></span> <span class='ocrx_word' id='word_1_420' title='bbox 2603 2743 2768 2826; x_wconf 76' lang='lat' dir='ltr'><strong>igitur</strong></span> <span class='ocrx_word' id='word_1_421' title='bbox 2789 2753 2918 2800; x_wconf 90' lang='lat' dir='ltr'><strong>sunt</strong></span> <span class='ocrx_word' id='word_1_422' title='bbox 2944 2743 3244 2812; x_wconf 85' lang='lat' dir='ltr'><strong>beatiores,</strong></span> <span class='ocrx_word' id='word_1_423' title='bbox 3272 2753 3484 2800; x_wconf 89' lang='lat' dir='ltr'><strong>utrum-</strong></span> 
     </span>
    </p>
   </div>
   <div class='ocr_carea' id='block_1_57' title="bbox 1893 2835 3485 2910">
    <p class='ocr_par' dir='ltr' id='par_1_57' title="bbox 1893 2835 3485 2910">
     <span class='ocr_line' id='line_1_57' title="bbox 1893 2835 3485 2910; baseline -0.001 -17"><span class='ocrx_word' id='word_1_424' title='bbox 1893 2852 2024 2894; x_wconf 86' lang='lat' dir='ltr'><strong>nam</strong></span> <span class='ocrx_word' id='word_1_425' title='bbox 2050 2837 2108 2894; x_wconf 88' lang='lat' dir='ltr'><strong>bi</strong></span> <span class='ocrx_word' id='word_1_426' title='bbox 2149 2837 2240 2910; x_wconf 91' lang='lat' dir='ltr'><strong>qui</strong></span> <span class='ocrx_word' id='word_1_427' title='bbox 2269 2853 2443 2910; x_wconf 90' lang='lat' dir='ltr'><strong>nuper</strong></span> <span class='ocrx_word' id='word_1_428' title='bbox 2473 2837 2540 2898; x_wconf 89' lang='lat' dir='ltr'><strong>de</strong></span> <span class='ocrx_word' id='word_1_429' title='bbox 2569 2853 2800 2894; x_wconf 90' lang='lat' dir='ltr'><strong>numero</strong></span> <span class='ocrx_word' id='word_1_430' title='bbox 2849 2835 3092 2910; x_wconf 84' lang='lat' dir='ltr'><strong>gentium</strong></span> <span class='ocrx_word' id='word_1_431' title='bbox 3131 2837 3485 2908; x_wconf 87' lang='lat' dir='ltr'><strong>congregati,</strong></span> 
     </span>
    </p>
   </div>
   <div class='ocr_carea' id='block_1_58' title="bbox 1888 2929 3487 3004">
    <p class='ocr_par' dir='ltr' id='par_1_58' title="bbox 1888 2929 3487 3004">
     <span class='ocr_line' id='line_1_58' title="bbox 1888 2929 3487 3004; baseline 0 -18"><span class='ocrx_word' id='word_1_432' title='bbox 1888 2946 1991 2987; x_wconf 90' lang='lat' dir='ltr'><strong>nec</strong></span> <span class='ocrx_word' id='word_1_433' title='bbox 2018 2932 2371 3004; x_wconf 69' lang='lat' dir='ltr'><strong>praevalentes</strong></span> <span class='ocrx_word' id='word_1_434' title='bbox 2397 2931 2765 3004; x_wconf 79' lang='lat' dir='ltr'><strong>evangelicum</strong></span> <span class='ocrx_word' id='word_1_435' title='bbox 2793 2929 3181 3002; x_wconf 81' lang='lat' dir='ltr'><strong>perfectionem</strong></span> <span class='ocrx_word' id='word_1_436' title='bbox 3219 2944 3487 2986; x_wconf 88' lang='lat' dir='ltr'><strong>conscen-</strong></span> 
     </span>
    </p>
   </div>
   <div class='ocr_carea' id='block_1_59' title="bbox 1887 3018 3485 3098">
    <p class='ocr_par' dir='ltr' id='par_1_59' title="bbox 1887 3018 3485 3098">
     <span class='ocr_line' id='line_1_59' title="bbox 1887 3018 3485 3098; baseline -0.001 -16"><span class='ocrx_word' id='word_1_437' title='bbox 1887 3023 2039 3095; x_wconf 83' lang='lat' dir='ltr'><strong>dere,</strong></span> <span class='ocrx_word' id='word_1_438' title='bbox 2066 3018 2094 3057; x_wconf 73' lang='grc' dir='ltr'>δ</span> <span class='ocrx_word' id='word_1_439' title='bbox 2119 3024 2296 3086; x_wconf 88' lang='lat' dir='ltr'><strong>adhuc</strong></span> <span class='ocrx_word' id='word_1_440' title='bbox 2322 3025 2434 3084; x_wconf 85' lang='lat' dir='ltr'><strong>suis</strong></span> <span class='ocrx_word' id='word_1_441' title='bbox 2461 3024 2784 3086; x_wconf 83' lang='lat' dir='ltr'><strong>substantiis</strong></span> <span class='ocrx_word' id='word_1_442' title='bbox 2807 3023 3175 3091; x_wconf 73' lang='lat' dir='ltr'><strong>inhaerebant,</strong></span> <span class='ocrx_word' id='word_1_443' title='bbox 3207 3024 3261 3082; x_wconf 87' lang='lat' dir='ltr'><strong>in</strong></span> <span class='ocrx_word' id='word_1_444' title='bbox 3285 3021 3485 3098; x_wconf 87' lang='lat' dir='ltr'><strong>quibus</strong></span> 
     </span>
    </p>
   </div>
   <div class='ocr_carea' id='block_1_60' title="bbox 1277 3145 2388 3212">
    <p class='ocr_par' dir='ltr' id='par_1_60' title="bbox 1277 3145 2388 3212">
     <span class='ocr_line' id='line_1_60' title="bbox 1277 3145 2388 3212; baseline -0.001 0"><span class='ocrx_word' id='word_1_445' title='bbox 1277 3156 1536 3212; x_wconf 77' lang='lat' dir='ltr'><strong>ALARDI</strong></span> <span class='ocrx_word' id='word_1_446' title='bbox 1570 3155 1795 3212; x_wconf 76' lang='grc' dir='ltr'><strong>ΟΑΖιΕῘ</strong></span> <span class='ocrx_word' id='word_1_447' title='bbox 1830 3145 2388 3212; x_wconf 71' lang='lat' dir='ltr'><strong>COMMENTARIUS.</strong></span> 
     </span>
    </p>
   </div>
   <div class='ocr_carea' id='block_1_61' title="bbox 241 3257 1843 3352">
    <p class='ocr_par' dir='ltr' id='par_1_61' title="bbox 241 3257 1843 3352">
     <span class='ocr_line' id='line_1_61' title="bbox 241 3257 1843 3352; baseline -0.002 -15"><span class='ocrx_word' id='word_1_448' title='bbox 241 3284 269 3315; x_wconf 78' lang='grc'><em>³</em></span> <span class='ocrx_word' id='word_1_449' title='bbox 327 3279 534 3338; x_wconf 83' lang='lat' dir='ltr'><strong>Paulus</strong></span> <span class='ocrx_word' id='word_1_450' title='bbox 580 3279 860 3352; x_wconf 87' lang='lat' dir='ltr'><strong>apostolus</strong></span> <span class='ocrx_word' id='word_1_451' title='bbox 911 3295 969 3336; x_wconf 89' lang='lat' dir='ltr'><strong>se</strong></span> <span class='ocrx_word' id='word_1_452' title='bbox 995 3257 1188 3352; x_wconf 79' lang='lat' dir='ltr'><strong>civem</strong></span> <span class='ocrx_word' id='word_1_453' title='bbox 1235 3281 1554 3335; x_wconf 79' lang='lat' dir='ltr'><strong>Romanum</strong></span> <span class='ocrx_word' id='word_1_454' title='bbox 1619 3294 1765 3352; x_wconf 74' lang='lat' dir='ltr'><strong>esse,</strong></span> <span class='ocrx_word' id='word_1_455' title='bbox 1798 3283 1843 3346; x_wconf 62' lang='grc' dir='ltr'><strong>(ζ</strong></span> 
     </span>
    </p>
   </div>
   <div class='ocr_carea' id='block_1_62' title="bbox 172 3348 1770 3423">
    <p class='ocr_par' dir='ltr' id='par_1_62' title="bbox 172 3348 1770 3423">
     <span class='ocr_line' id='line_1_62' title="bbox 172 3348 1770 3423; baseline -0.002 -16"><span class='ocrx_word' id='word_1_456' title='bbox 172 3359 420 3423; x_wconf 86' lang='lat' dir='ltr'><strong>cogente</strong></span> <span class='ocrx_word' id='word_1_457' title='bbox 451 3348 800 3423; x_wconf 78' lang='lat' dir='ltr'><strong>necessitate,</strong></span> <span class='ocrx_word' id='word_1_458' title='bbox 825 3349 1063 3423; x_wconf 75' lang='lat' dir='ltr'><strong>aperuit,</strong></span> <span class='ocrx_word' id='word_1_459' title='bbox 1098 3365 1212 3406; x_wconf 90' lang='lat' dir='ltr'><strong>non</strong></span> <span class='ocrx_word' id='word_1_460' title='bbox 1250 3359 1326 3423; x_wconf 66' lang='lat' dir='ltr'><strong>ut</strong></span> <span class='ocrx_word' id='word_1_461' title='bbox 1349 3357 1602 3423; x_wconf 82' lang='lat' dir='ltr'><strong>mortem</strong></span> <span class='ocrx_word' id='word_1_462' title='bbox 1625 3348 1770 3423; x_wconf 83' lang='lat' dir='ltr'><strong>effu-</strong></span> 
     </span>
    </p>
   </div>
   <div class='ocr_carea' id='block_1_63' title="bbox 175 3419 1775 3504">
    <p class='ocr_par' dir='ltr' id='par_1_63' title="bbox 175 3419 1775 3504">
     <span class='ocr_line' id='line_1_63' title="bbox 175 3419 1775 3504; baseline -0.001 -26"><span class='ocrx_word' id='word_1_463' title='bbox 175 3419 334 3504; x_wconf 73' lang='lat' dir='ltr'><strong>geret</strong></span> <span class='ocrx_word' id='word_1_464' title='bbox 347 3440 392 3504; x_wconf 80' lang='lat'><strong>;_</strong></span> <span class='ocrx_word' id='word_1_465' title='bbox 395 3421 492 3478; x_wconf 85' lang='lat' dir='ltr'><strong>sed</strong></span> <span class='ocrx_word' id='word_1_466' title='bbox 517 3430 581 3478; x_wconf 92' lang='lat' dir='ltr'><strong>ut</strong></span> <span class='ocrx_word' id='word_1_467' title='bbox 601 3419 952 3504; x_wconf 71' lang='lat' dir='ltr'><strong>Evangelium</strong></span> <span class='ocrx_word' id='word_1_468' title='bbox 971 3421 1132 3504; x_wconf 75' lang='lat' dir='ltr'><strong>latius</strong></span> <span class='ocrx_word' id='word_1_469' title='bbox 1159 3419 1496 3504; x_wconf 68' lang='lat' dir='ltr'><strong>praedicaret,</strong></span> <span class='ocrx_word' id='word_1_470' title='bbox 1517 3419 1775 3504; x_wconf 65' lang='lat' dir='ltr'><strong>et_Eccle</strong></span> 
     </span>
    </p>
   </div>
   <div class='ocr_carea' id='block_1_64' title="bbox 1878 3279 3477 3354">
    <p class='ocr_par' dir='ltr' id='par_1_64' title="bbox 1878 3279 3477 3354">
     <span class='ocr_line' id='line_1_64' title="bbox 1878 3279 3477 3354; baseline -0.001 -18"><span class='ocrx_word' id='word_1_471' title='bbox 1878 3279 2449 3354; x_wconf 72' lang='lat' dir='ltr'><strong>rumhonora‘riorum</strong></span> <span class='ocrx_word' id='word_1_472' title='bbox 2477 3281 2760 3354; x_wconf 87' lang='lat' dir='ltr'><strong>participes</strong></span> <span class='ocrx_word' id='word_1_473' title='bbox 2787 3297 2906 3338; x_wconf 87' lang='lat' dir='ltr'><strong>esse</strong></span> <span class='ocrx_word' id='word_1_474' title='bbox 2934 3286 3200 3354; x_wconf 82' lang='lat' dir='ltr'><strong>poterant,</strong></span> <span class='ocrx_word' id='word_1_475' title='bbox 3230 3287 3291 3354; x_wconf 84' lang='lat' dir='ltr'><strong>ut</strong></span> <span class='ocrx_word' id='word_1_476' title='bbox 3312 3279 3477 3335; x_wconf 76' lang='lat' dir='ltr'><strong>refert</strong></span> 
     </span>
    </p>
   </div>
   <div class='ocr_carea' id='block_1_65' title="bbox 1885 3350 3478 3424">
    <p class='ocr_par' dir='ltr' id='par_1_65' title="bbox 1885 3350 3478 3424">
     <span class='ocr_line' id='line_1_65' title="bbox 1885 3350 3478 3424; baseline -0.001 -17"><span class='ocrx_word' id='word_1_477' title='bbox 1885 3350 2094 3407; x_wconf 89' lang='lat' dir='ltr'><strong>Gellius</strong></span> <span class='ocrx_word' id='word_1_478' title='bbox 2119 3351 2208 3410; x_wconf 90' lang='lat' dir='ltr'><strong>lib.</strong></span> <span class='ocrx_word' id='word_1_479' title='bbox 2243 3366 2388 3420; x_wconf 79' lang='lat' dir='ltr'><strong>xvr,</strong></span> <span class='ocrx_word' id='word_1_480' title='bbox 2415 3350 2589 3422; x_wconf 74' lang='lat' dir='ltr'><strong>capite</strong></span> <span class='ocrx_word' id='word_1_481' title='bbox 2623 3350 2686 3408; x_wconf 70' lang='lat'><strong>13</strong></span> <span class='ocrx_word' id='word_1_482' title='bbox 2719 3350 3088 3424; x_wconf 77' lang='lat' dir='ltr'><strong>:Municipes,</strong></span> <span class='ocrx_word' id='word_1_483' title='bbox 3117 3351 3321 3424; x_wconf 80' lang='lat' dir='ltr'><strong>inquit,</strong></span> <span class='ocrx_word' id='word_1_484' title='bbox 3351 3357 3478 3406; x_wconf 85' lang='lat' dir='ltr'><strong>sunt</strong></span> 
     </span>
    </p>
   </div>
   <div class='ocr_carea' id='block_1_66' title="bbox 1887 3423 3478 3494">
    <p class='ocr_par' dir='ltr' id='par_1_66' title="bbox 1887 3423 3478 3494">
     <span class='ocr_line' id='line_1_66' title="bbox 1887 3423 3478 3494; baseline -0.001 -18"><span class='ocrx_word' id='word_1_485' title='bbox 1887 3424 2025 3476; x_wconf 84' lang='lat' dir='ltr'><strong>cives</strong></span> <span class='ocrx_word' id='word_1_486' title='bbox 2054 3423 2285 3478; x_wconf 84' lang='lat' dir='ltr'><strong>Romani</strong></span> <span class='ocrx_word' id='word_1_487' title='bbox 2306 3439 2374 3478; x_wconf 71' lang='lat' dir='ltr'><strong>etc</strong></span> <span class='ocrx_word' id='word_1_488' title='bbox 2399 3425 2738 3494; x_wconf 75' lang='lat' dir='ltr'><strong>municipiis,</strong></span> <span class='ocrx_word' id='word_1_489' title='bbox 2764 3439 2859 3478; x_wconf 89' lang='lat' dir='ltr'><strong>suo</strong></span> <span class='ocrx_word' id='word_1_490' title='bbox 2890 3423 3018 3494; x_wconf 87' lang='lat' dir='ltr'><strong>jure</strong></span> <span class='ocrx_word' id='word_1_491' title='bbox 3046 3428 3098 3478; x_wconf 88' lang='lat' dir='ltr'><strong>et</strong></span> <span class='ocrx_word' id='word_1_492' title='bbox 3131 3423 3330 3492; x_wconf 87' lang='lat' dir='ltr'><strong>legibus</strong></span> <span class='ocrx_word' id='word_1_493' title='bbox 3365 3425 3478 3476; x_wconf 74' lang='lat' dir='ltr'><strong>suis</strong></span> 
     </span>
    </p>
   </div>
   <div class='ocr_carea' id='block_1_67' title="bbox 177 3491 3481 3575">
    <p class='ocr_par' dir='ltr' id='par_1_67' title="bbox 177 3491 3481 3575">
     <span class='ocr_line' id='line_1_67' title="bbox 177 3491 3481 3575; baseline -0.001 -26"><span class='ocrx_word' id='word_1_494' title='bbox 349 3494 517 3575; x_wconf 73' lang='lat' dir='ltr'><strong>Rom.</strong></span> <span class='ocrx_word' id='word_1_495' title='bbox 549 3491 892 3575; x_wconf 35' lang='lat' dir='ltr'><strong>erpletotsnlo</strong></span> <span class='ocrx_word' id='word_1_496' title='bbox 919 3491 1252 3575; x_wconf 50' lang='lat' dir='ltr'><strong>ministerio,</strong></span> <span class='ocrx_word' id='word_1_497' title='bbox 1280 3491 1504 3575; x_wconf 79' lang='lat' dir='ltr'><strong>tandem</strong></span> <span class='ocrx_word' id='word_1_498' title='bbox 1536 3492 1779 3575; x_wconf 77' lang='lat' dir='ltr'><strong>glorioso</strong></span> <span class='ocrx_word' id='word_1_499' title='bbox 1883 3497 2118 3575; x_wconf 73' lang='lat' dir='ltr'><strong>utentes;</strong></span> <span class='ocrx_word' id='word_1_500' title='bbox 2145 3497 2384 3552; x_wconf 76' lang='lat' dir='ltr'><strong>muneris</strong></span> <span class='ocrx_word' id='word_1_501' title='bbox 2415 3491 2630 3553; x_wconf 62' lang='lat' dir='ltr'><strong>tanaim</strong></span> <span class='ocrx_word' id='word_1_502' title='bbox 2653 3511 2773 3553; x_wconf 88' lang='lat' dir='ltr'><strong>cum</strong></span> <span class='ocrx_word' id='word_1_503' title='bbox 2803 3491 3000 3575; x_wconf 65' lang='lat' dir='ltr'><strong>populo</strong></span> <span class='ocrx_word' id='word_1_504' title='bbox 3022 3491 3481 3575; x_wconf 63' lang='lat' dir='ltr'><strong>bonorarii</strong></span> 
     </span>
    </p>
   </div>
   <div class='ocr_carea' id='block_1_68' title="bbox 178 3561 1776 3638">
    <p class='ocr_par' dir='ltr' id='par_1_68' title="bbox 178 3561 1776 3638">
     <span class='ocr_line' id='line_1_68' title="bbox 178 3561 1776 3638; baseline 0 -19"><span class='ocrx_word' id='word_1_505' title='bbox 178 3563 450 3638; x_wconf 74' lang='lat' dir='ltr'><strong>martyrio</strong></span> <span class='ocrx_word' id='word_1_506' title='bbox 474 3561 806 3620; x_wconf 84' lang='lat' dir='ltr'><strong>nobilitaret.</strong></span> <span class='ocrx_word' id='word_1_507' title='bbox 834 3563 974 3638; x_wconf 75' lang='lat' dir='ltr'><strong>Cpm</strong></span> <span class='ocrx_word' id='word_1_508' title='bbox 1002 3563 1154 3638; x_wconf 71' lang='lat' dir='ltr'><strong>enim</strong></span> <span class='ocrx_word' id='word_1_509' title='bbox 1183 3561 1578 3638; x_wconf 72' lang='lat' dir='ltr'><strong>Hierosolymis</strong></span> <span class='ocrx_word' id='word_1_510' title='bbox 1612 3562 1776 3638; x_wconf 80' lang='lat' dir='ltr'><strong>a_tri_-</strong></span> 
     </span>
    </p>
   </div>
   <div class='ocr_carea' id='block_1_69' title="bbox 181 3705 1776 3767">
    <p class='ocr_par' dir='ltr' id='par_1_69' title="bbox 181 3705 1776 3767">
     <span class='ocr_line' id='line_1_69' title="bbox 181 3705 1776 3767; baseline 0.003 -9"><span class='ocrx_word' id='word_1_511' title='bbox 181 3705 494 3762; x_wconf 89' lang='lat' dir='ltr'><strong>centurioni</strong></span> <span class='ocrx_word' id='word_1_512' title='bbox 519 3705 716 3762; x_wconf 88' lang='lat' dir='ltr'><strong>astanti</strong></span> <span class='ocrx_word' id='word_1_513' title='bbox 761 3725 774 3762; x_wconf 87' lang='lat'><strong>:</strong></span> <span class='ocrx_word' id='word_1_514' title='bbox 811 3707 875 3762; x_wconf 88' lang='lat' dir='ltr'><strong>Si</strong></span> <span class='ocrx_word' id='word_1_515' title='bbox 908 3705 1168 3762; x_wconf 80' lang='lat' dir='ltr'><strong>hominem</strong></span> <span class='ocrx_word' id='word_1_516' title='bbox 1205 3711 1503 3767; x_wconf 83' lang='lat' dir='ltr'><strong>Romanum</strong></span> <span class='ocrx_word' id='word_1_517' title='bbox 1522 3710 1574 3764; x_wconf 89' lang='lat' dir='ltr'><strong>et</strong></span> <span class='ocrx_word' id='word_1_518' title='bbox 1614 3707 1776 3762; x_wconf 86' lang='lat' dir='ltr'><strong>inde-</strong></span> 
     </span>
    </p>
   </div>
   <div class='ocr_carea' id='block_1_70' title="bbox 182 3774 1776 3848">
    <p class='ocr_par' dir='ltr' id='par_1_70' title="bbox 182 3774 1776 3848">
     <span class='ocr_line' id='line_1_70' title="bbox 182 3774 1776 3848; baseline 0.001 -17"><span class='ocrx_word' id='word_1_519' title='bbox 182 3781 426 3832; x_wconf 79' lang='lat' dir='ltr'><strong>mnatum</strong></span> <span class='ocrx_word' id='word_1_520' title='bbox 469 3778 589 3848; x_wconf 86' lang='lat' dir='ltr'><strong>licet</strong></span> <span class='ocrx_word' id='word_1_521' title='bbox 632 3777 778 3834; x_wconf 87' lang='lat' dir='ltr'><strong>vobis</strong></span> <span class='ocrx_word' id='word_1_522' title='bbox 805 3774 1118 3848; x_wconf 81' lang='lat' dir='ltr'><strong>ﬂagellare?</strong></span> <span class='ocrx_word' id='word_1_523' title='bbox 1161 3779 1274 3846; x_wconf 87' lang='lat' dir='ltr'><strong>Quo</strong></span> <span class='ocrx_word' id='word_1_524' title='bbox 1307 3777 1496 3833; x_wconf 88' lang='lat' dir='ltr'><strong>audito</strong></span> <span class='ocrx_word' id='word_1_525' title='bbox 1537 3778 1776 3848; x_wconf 67' lang='lat' dir='ltr'><strong>centurio</strong></span> 
     </span>
    </p>
   </div>
   <div class='ocr_carea' id='block_1_71' title="bbox 181 3847 1775 3916">
    <p class='ocr_par' dir='ltr' id='par_1_71' title="bbox 181 3847 1775 3916">
     <span class='ocr_line' id='line_1_71' title="bbox 181 3847 1775 3916; baseline 0 -14"><span class='ocrx_word' id='word_1_526' title='bbox 181 3850 402 3903; x_wconf 78' lang='lat' dir='ltr'><strong>accessit</strong></span> <span class='ocrx_word' id='word_1_527' title='bbox 428 3847 502 3903; x_wconf 83' lang='lat' dir='ltr'><strong>ad</strong></span> <span class='ocrx_word' id='word_1_528' title='bbox 529 3849 823 3912; x_wconf 78' lang='lat' dir='ltr'><strong>tribunum,</strong></span> <span class='ocrx_word' id='word_1_529' title='bbox 851 3847 901 3904; x_wconf 84' lang='lat' dir='ltr'><strong>et</strong></span> <span class='ocrx_word' id='word_1_530' title='bbox 922 3851 1197 3903; x_wconf 87' lang='lat' dir='ltr'><strong>nuntiavit</strong></span> <span class='ocrx_word' id='word_1_531' title='bbox 1221 3849 1400 3904; x_wconf 84' lang='lat' dir='ltr'><strong>dicens</strong></span> <span class='ocrx_word' id='word_1_532' title='bbox 1423 3866 1438 3902; x_wconf 86' lang='lat'><strong><em>:</em></strong></span> <span class='ocrx_word' id='word_1_533' title='bbox 1463 3847 1606 3916; x_wconf 84' lang='lat' dir='ltr'><strong>Quid</strong></span> <span class='ocrx_word' id='word_1_534' title='bbox 1627 3853 1775 3902; x_wconf 85' lang='lat' dir='ltr'><strong>actu-</strong></span> 
     </span>
    </p>
   </div>
   <div class='ocr_carea' id='block_1_72' title="bbox 183 3919 1777 3975">
    <p class='ocr_par' dir='ltr' id='par_1_72' title="bbox 183 3919 1777 3975">
     <span class='ocr_line' id='line_1_72' title="bbox 183 3919 1777 3975; baseline 0.001 -4"><span class='ocrx_word' id='word_1_535' title='bbox 183 3932 276 3971; x_wconf 86' lang='lat' dir='ltr'><strong>rus</strong></span> <span class='ocrx_word' id='word_1_536' title='bbox 309 3921 414 3974; x_wconf 83' lang='lat' dir='ltr'><strong>es?</strong></span> <span class='ocrx_word' id='word_1_537' title='bbox 441 3921 539 3975; x_wconf 84' lang='lat' dir='ltr'><strong>Hic</strong></span> <span class='ocrx_word' id='word_1_538' title='bbox 575 3923 715 3974; x_wconf 88' lang='lat' dir='ltr'><strong>enim</strong></span> <span class='ocrx_word' id='word_1_539' title='bbox 743 3921 896 3974; x_wconf 86' lang='lat' dir='ltr'><strong>homo</strong></span> <span class='ocrx_word' id='word_1_540' title='bbox 933 3921 1061 3973; x_wconf 84' lang='lat' dir='ltr'><strong>civis</strong></span> <span class='ocrx_word' id='word_1_541' title='bbox 1085 3921 1356 3974; x_wconf 80' lang='lat' dir='ltr'><strong>Romanus</strong></span> <span class='ocrx_word' id='word_1_542' title='bbox 1379 3923 1476 3972; x_wconf 88' lang='lat' dir='ltr'><strong>est.</strong></span> <span class='ocrx_word' id='word_1_543' title='bbox 1510 3919 1777 3973; x_wconf 77' lang='lat' dir='ltr'><strong>Accedens</strong></span> 
     </span>
    </p>
   </div>
   <div class='ocr_carea' id='block_1_73' title="bbox 180 3988 1780 4046">
    <p class='ocr_par' dir='ltr' id='par_1_73' title="bbox 180 3988 1780 4046">
     <span class='ocr_line' id='line_1_73' title="bbox 180 3988 1780 4046; baseline -0.002 -3"><span class='ocrx_word' id='word_1_544' title='bbox 180 3993 367 4046; x_wconf 69' lang='lat' dir='ltr'><strong>mitem</strong></span> <span class='ocrx_word' id='word_1_545' title='bbox 390 3991 638 4046; x_wconf 83' lang='lat' dir='ltr'><strong>tribunus</strong></span> <span class='ocrx_word' id='word_1_546' title='bbox 655 3991 800 4046; x_wconf 65' lang='lat' dir='ltr'><strong>ducit</strong></span> <span class='ocrx_word' id='word_1_547' title='bbox 824 3991 943 4042; x_wconf 82' lang='lat' dir='ltr'><strong>illi:</strong></span> <span class='ocrx_word' id='word_1_548' title='bbox 968 3989 1064 4043; x_wconf 81' lang='lat' dir='ltr'><strong>Dic</strong></span> <span class='ocrx_word' id='word_1_549' title='bbox 1089 3988 1228 4040; x_wconf 77' lang='lat' dir='ltr'><strong>mihi</strong></span> <span class='ocrx_word' id='word_1_550' title='bbox 1251 3988 1300 4038; x_wconf 86' lang='lat' dir='ltr'><strong>si</strong></span> <span class='ocrx_word' id='word_1_551' title='bbox 1317 3991 1378 4039; x_wconf 89' lang='lat' dir='ltr'><strong>tu</strong></span> <span class='ocrx_word' id='word_1_552' title='bbox 1397 3989 1668 4042; x_wconf 85' lang='lat' dir='ltr'><strong>Romanus</strong></span> <span class='ocrx_word' id='word_1_553' title='bbox 1689 3991 1780 4040; x_wconf 87' lang='lat' dir='ltr'><strong>es?</strong></span> 
     </span>
    </p>
   </div>
   <div class='ocr_carea' id='block_1_74' title="bbox 179 4055 1783 4125">
    <p class='ocr_par' dir='ltr' id='par_1_74' title="bbox 179 4055 1783 4125">
     <span class='ocr_line' id='line_1_74' title="bbox 179 4055 1783 4125; baseline -0.003 -12"><span class='ocrx_word' id='word_1_554' title='bbox 179 4063 234 4112; x_wconf 86' lang='lat' dir='ltr'><strong>at</strong></span> <span class='ocrx_word' id='word_1_555' title='bbox 250 4061 356 4114; x_wconf 79' lang='lat' dir='ltr'><strong>ille</strong></span> <span class='ocrx_word' id='word_1_556' title='bbox 374 4059 546 4122; x_wconf 63' lang='lat' dir='ltr'><strong>dixit,</strong></span> <span class='ocrx_word' id='word_1_557' title='bbox 570 4061 769 4116; x_wconf 88' lang='lat' dir='ltr'><strong>Etiam.</strong></span> <span class='ocrx_word' id='word_1_558' title='bbox 793 4059 864 4113; x_wconf 89' lang='lat' dir='ltr'><strong>Et</strong></span> <span class='ocrx_word' id='word_1_559' title='bbox 879 4056 1158 4125; x_wconf 81' lang='lat' dir='ltr'><strong>respondit</strong></span> <span class='ocrx_word' id='word_1_560' title='bbox 1181 4055 1457 4110; x_wconf 81' lang='lat' dir='ltr'><strong>tribunus:</strong></span> <span class='ocrx_word' id='word_1_561' title='bbox 1479 4057 1594 4122; x_wconf 85' lang='lat' dir='ltr'><strong>Ego</strong></span> <span class='ocrx_word' id='word_1_562' title='bbox 1612 4056 1783 4125; x_wconf 86' lang='lat' dir='ltr'><strong>multa</strong></span> 
     </span>
    </p>
   </div>
   <div class='ocr_carea' id='block_1_75' title="bbox 179 4124 1784 4185">
    <p class='ocr_par' dir='ltr' id='par_1_75' title="bbox 179 4124 1784 4185">
     <span class='ocr_line' id='line_1_75' title="bbox 179 4124 1784 4185; baseline -0.004 -1"><span class='ocrx_word' id='word_1_563' title='bbox 179 4143 399 4185; x_wconf 66' lang='lat' dir='ltr'><strong>stemma</strong></span> <span class='ocrx_word' id='word_1_564' title='bbox 427 4131 744 4184; x_wconf 88' lang='lat' dir='ltr'><strong>civilitatem</strong></span> <span class='ocrx_word' id='word_1_565' title='bbox 779 4129 919 4182; x_wconf 82' lang='lat' dir='ltr'><strong>hanc</strong></span> <span class='ocrx_word' id='word_1_566' title='bbox 959 4124 1264 4180; x_wconf 83' lang='lat' dir='ltr'><strong>consecutus</strong></span> <span class='ocrx_word' id='word_1_567' title='bbox 1289 4140 1409 4180; x_wconf 89' lang='lat' dir='ltr'><strong>sum</strong></span> <span class='ocrx_word' id='word_1_568' title='bbox 1435 4142 1452 4179; x_wconf 90' lang='lat'><strong><em>:</em></strong></span> <span class='ocrx_word' id='word_1_569' title='bbox 1477 4127 1549 4181; x_wconf 85' lang='lat' dir='ltr'><strong>Et</strong></span> <span class='ocrx_word' id='word_1_570' title='bbox 1582 4124 1784 4179; x_wconf 89' lang='lat' dir='ltr'><strong>Paulus</strong></span> 
     </span>
    </p>
   </div>
   <div class='ocr_carea' id='block_1_76' title="bbox 176 4193 1784 4272">
    <p class='ocr_par' dir='ltr' id='par_1_76' title="bbox 176 4193 1784 4272">
     <span class='ocr_line' id='line_1_76' title="bbox 176 4193 1784 4272; baseline -0.002 -20"><span class='ocrx_word' id='word_1_571' title='bbox 176 4203 255 4255; x_wconf 80' lang='lat' dir='ltr'><strong>ait</strong></span> <span class='ocrx_word' id='word_1_572' title='bbox 280 4221 300 4258; x_wconf 87' lang='lat'><strong>.-</strong></span> <span class='ocrx_word' id='word_1_573' title='bbox 335 4203 456 4267; x_wconf 82' lang='lat' dir='ltr'><strong>Ego</strong></span> <span class='ocrx_word' id='word_1_574' title='bbox 483 4203 664 4272; x_wconf 74' lang='lat' dir='ltr'><strong>autem</strong></span> <span class='ocrx_word' id='word_1_575' title='bbox 683 4195 742 4272; x_wconf 60' lang='grc' dir='ltr'><strong>ἐξ</strong></span> <span class='ocrx_word' id='word_1_576' title='bbox 759 4201 920 4272; x_wconf 80' lang='lat' dir='ltr'><strong>natus</strong></span> <span class='ocrx_word' id='word_1_577' title='bbox 938 4210 1056 4250; x_wconf 87' lang='lat' dir='ltr'><strong>sum</strong></span> <span class='ocrx_word' id='word_1_578' title='bbox 1081 4195 1218 4272; x_wconf 84' lang='lat' dir='ltr'><strong>(_Act.</strong></span> <span class='ocrx_word' id='word_1_579' title='bbox 1245 4196 1427 4272; x_wconf 60' lang='grc' dir='ltr'><strong>ιμίιι)ἔ</strong></span> <span class='ocrx_word' id='word_1_580' title='bbox 1455 4194 1559 4252; x_wconf 89' lang='lat' dir='ltr'><strong>Sed</strong></span> <span class='ocrx_word' id='word_1_581' title='bbox 1573 4203 1640 4272; x_wconf 34' lang='lat' dir='ltr'><strong>‘et</strong></span> <span class='ocrx_word' id='word_1_582' title='bbox 1656 4193 1784 4250; x_wconf 90' lang='lat' dir='ltr'><strong>alibi</strong></span> 
     </span>
    </p>
   </div>
   <div class='ocr_carea' id='block_1_77' title="bbox 179 4265 1786 4333">
    <p class='ocr_par' dir='ltr' id='par_1_77' title="bbox 179 4265 1786 4333">
     <span class='ocr_line' id='line_1_77' title="bbox 179 4265 1786 4333; baseline -0.007 -1"><span class='ocrx_word' id='word_1_583' title='bbox 179 4273 328 4332; x_wconf 75' lang='lat' dir='ltr'><strong>(Act.</strong></span> <span class='ocrx_word' id='word_1_584' title='bbox 372 4265 508 4333; x_wconf 72' lang='lat' dir='ltr'><strong>ivt)</strong></span> <span class='ocrx_word' id='word_1_585' title='bbox 537 4265 680 4324; x_wconf 89' lang='lat' dir='ltr'><strong>idem</strong></span> <span class='ocrx_word' id='word_1_586' title='bbox 709 4265 910 4324; x_wconf 83' lang='lat' dir='ltr'><strong>Paulus</strong></span> <span class='ocrx_word' id='word_1_587' title='bbox 929 4281 1054 4322; x_wconf 91' lang='lat' dir='ltr'><strong>cum</strong></span> <span class='ocrx_word' id='word_1_588' title='bbox 1081 4265 1325 4322; x_wconf 84' lang='lat' dir='ltr'><strong>Barnaba</strong></span> <span class='ocrx_word' id='word_1_589' title='bbox 1349 4266 1548 4324; x_wconf 88' lang='lat' dir='ltr'><strong>missus</strong></span> <span class='ocrx_word' id='word_1_590' title='bbox 1570 4265 1626 4322; x_wconf 92' lang='lat' dir='ltr'><strong>in</strong></span> <span class='ocrx_word' id='word_1_591' title='bbox 1659 4281 1786 4321; x_wconf 90' lang='lat' dir='ltr'><strong>car-</strong></span> 
     </span>
    </p>
   </div>
   <div class='ocr_carea' id='block_1_78' title="bbox 174 4337 1784 4411">
    <p class='ocr_par' dir='ltr' id='par_1_78' title="bbox 174 4337 1784 4411">
     <span class='ocr_line' id='line_1_78' title="bbox 174 4337 1784 4411; baseline -0.002 -15"><span class='ocrx_word' id='word_1_592' title='bbox 174 4355 402 4408; x_wconf 81' lang='lat' dir='ltr'><strong>cerem,</strong></span> <span class='ocrx_word' id='word_1_593' title='bbox 431 4354 566 4411; x_wconf 83' lang='lat' dir='ltr'><strong>cum</strong></span> <span class='ocrx_word' id='word_1_594' title='bbox 595 4347 895 4411; x_wconf 77' lang='lat' dir='ltr'><strong>rogaretur,</strong></span> <span class='ocrx_word' id='word_1_595' title='bbox 928 4345 987 4392; x_wconf 88' lang='lat' dir='ltr'><strong>ut</strong></span> <span class='ocrx_word' id='word_1_596' title='bbox 1021 4337 1226 4405; x_wconf 86' lang='lat' dir='ltr'><strong>abiret;</strong></span> <span class='ocrx_word' id='word_1_597' title='bbox 1257 4337 1391 4394; x_wconf 81' lang='lat' dir='ltr'><strong>dixit</strong></span> <span class='ocrx_word' id='word_1_598' title='bbox 1416 4357 1429 4394; x_wconf 91' lang='lat'><strong><em>:</em></strong></span> <span class='ocrx_word' id='word_1_599' title='bbox 1453 4337 1644 4395; x_wconf 67' lang='lat' dir='ltr'><strong>&#39;Caesos</strong></span> <span class='ocrx_word' id='word_1_600' title='bbox 1687 4352 1784 4392; x_wconf 88' lang='lat' dir='ltr'><strong>nos</strong></span> 
     </span>
    </p>
   </div>
   <div class='ocr_carea' id='block_1_79' title="bbox 167 4409 1782 4481">
    <p class='ocr_par' dir='ltr' id='par_1_79' title="bbox 167 4409 1782 4481">
     <span class='ocr_line' id='line_1_79' title="bbox 167 4409 1782 4481; baseline -0.001 -15"><span class='ocrx_word' id='word_1_601' title='bbox 167 4409 760 4481; x_wconf 78' lang='lat' dir='ltr'><strong>publiceindemmtos,</strong></span> <span class='ocrx_word' id='word_1_602' title='bbox 782 4409 1013 4466; x_wconf 80' lang='lat' dir='ltr'><strong>homines</strong></span> <span class='ocrx_word' id='word_1_603' title='bbox 1029 4412 1292 4481; x_wconf 75' lang='lat' dir='ltr'><strong>Romanos</strong></span> <span class='ocrx_word' id='word_1_604' title='bbox 1307 4411 1572 4481; x_wconf 76' lang='lat' dir='ltr'><strong>miserunt</strong></span> <span class='ocrx_word' id='word_1_605' title='bbox 1590 4411 1647 4464; x_wconf 88' lang='lat' dir='ltr'><strong>in</strong></span> <span class='ocrx_word' id='word_1_606' title='bbox 1671 4425 1782 4464; x_wconf 78' lang='grc' dir='ltr'><strong>σω·-</strong></span> 
     </span>
    </p>
   </div>
   <div class='ocr_carea' id='block_1_80' title="bbox 171 4479 1782 4552">
    <p class='ocr_par' dir='ltr' id='par_1_80' title="bbox 171 4479 1782 4552">
     <span class='ocr_line' id='line_1_80' title="bbox 171 4479 1782 4552; baseline 0 -15"><span class='ocrx_word' id='word_1_607' title='bbox 171 4479 384 4548; x_wconf 70' lang='lat' dir='ltr'><strong>iterem;</strong></span> <span class='ocrx_word' id='word_1_608' title='bbox 405 4486 459 4552; x_wconf 89' lang='lat' dir='ltr'><strong>et</strong></span> <span class='ocrx_word' id='word_1_609' title='bbox 479 4497 622 4536; x_wconf 73' lang='lat' dir='ltr'><strong>num</strong></span> <span class='ocrx_word' id='word_1_610' title='bbox 648 4481 841 4536; x_wconf 86' lang='lat' dir='ltr'><strong>occulte</strong></span> <span class='ocrx_word' id='word_1_611' title='bbox 866 4493 961 4536; x_wconf 86' lang='lat' dir='ltr'><strong>nos</strong></span> <span class='ocrx_word' id='word_1_612' title='bbox 987 4479 1249 4552; x_wconf 78' lang='lat' dir='ltr'><strong>ejiciunt?</strong></span> <span class='ocrx_word' id='word_1_613' title='bbox 1272 4479 1404 4552; x_wconf 58' lang='lat' dir='ltr'><strong>Haec</strong></span> <span class='ocrx_word' id='word_1_614' title='bbox 1421 4490 1476 4537; x_wconf 90' lang='lat' dir='ltr'><strong>et</strong></span> <span class='ocrx_word' id='word_1_615' title='bbox 1500 4479 1626 4546; x_wconf 88' lang='lat' dir='ltr'><strong>alia,</strong></span> <span class='ocrx_word' id='word_1_616' title='bbox 1656 4494 1782 4552; x_wconf 68' lang='lat' dir='ltr'><strong>quae</strong></span> 
     </span>
    </p>
   </div>
   <div class='ocr_carea' id='block_1_81' title="bbox 171 4550 1780 4608">
    <p class='ocr_par' dir='ltr' id='par_1_81' title="bbox 171 4550 1780 4608">
     <span class='ocr_line' id='line_1_81' title="bbox 171 4550 1780 4608; baseline 0.001 -2"><span class='ocrx_word' id='word_1_617' title='bbox 171 4568 372 4608; x_wconf 86' lang='lat' dir='ltr'><strong>coram</strong></span> <span class='ocrx_word' id='word_1_618' title='bbox 404 4551 585 4608; x_wconf 83' lang='lat' dir='ltr'><strong>Felice</strong></span> <span class='ocrx_word' id='word_1_619' title='bbox 613 4559 668 4607; x_wconf 92' lang='lat' dir='ltr'><strong>et</strong></span> <span class='ocrx_word' id='word_1_620' title='bbox 691 4552 853 4608; x_wconf 87' lang='lat' dir='ltr'><strong>Festo</strong></span> <span class='ocrx_word' id='word_1_621' title='bbox 877 4567 992 4608; x_wconf 74' lang='lat' dir='ltr'><strong>suae</strong></span> <span class='ocrx_word' id='word_1_622' title='bbox 1020 4550 1351 4608; x_wconf 86' lang='lat' dir='ltr'><strong>defensionis</strong></span> <span class='ocrx_word' id='word_1_623' title='bbox 1375 4567 1538 4608; x_wconf 90' lang='lat' dir='ltr'><strong>causa</strong></span> <span class='ocrx_word' id='word_1_624' title='bbox 1579 4550 1780 4607; x_wconf 79' lang='lat' dir='ltr'><strong>Paulus</strong></span> 
     </span>
    </p>
   </div>
   <div class='ocr_carea' id='block_1_82' title="bbox 1879 3565 3036 3637">
    <p class='ocr_par' dir='ltr' id='par_1_82' title="bbox 1879 3565 3036 3637">
     <span class='ocr_line' id='line_1_82' title="bbox 1879 3565 3036 3637; baseline 0.001 -18"><span class='ocrx_word' id='word_1_625' title='bbox 1879 3565 2207 3637; x_wconf 81' lang='lat' dir='ltr'><strong>participes;</strong></span> <span class='ocrx_word' id='word_1_626' title='bbox 2236 3582 2272 3620; x_wconf 93' lang='lat' dir='ltr'><strong>a</strong></span> <span class='ocrx_word' id='word_1_627' title='bbox 2297 3582 2402 3636; x_wconf 89' lang='lat' dir='ltr'><strong>quo</strong></span> <span class='ocrx_word' id='word_1_628' title='bbox 2415 3581 2634 3628; x_wconf 77' lang='lat' dir='ltr'><strong>munere</strong></span> <span class='ocrx_word' id='word_1_629' title='bbox 2658 3565 2974 3637; x_wconf 75' lang='lat' dir='ltr'><strong>capessendo</strong></span> <span class='ocrx_word' id='word_1_630' title='bbox 3001 3582 3036 3637; x_wconf 79' lang='lat' dir='ltr'><strong>a</strong></span> 
     </span>
    </p>
   </div>
   <div class='ocr_carea' id='block_1_83' title="bbox 181 3631 3002 3707">
    <p class='ocr_par' dir='ltr' id='par_1_83' title="bbox 181 3631 3002 3707">
     <span class='ocr_line' id='line_1_83' title="bbox 181 3631 3002 3707; baseline 0.001 -19"><span class='ocrx_word' id='word_1_631' title='bbox 181 3631 349 3694; x_wconf 63' lang='lat' dir='ltr'><strong>buno&#39;</strong></span> <span class='ocrx_word' id='word_1_632' title='bbox 363 3636 574 3707; x_wconf 80' lang='lat' dir='ltr'><strong>vinctus</strong></span> <span class='ocrx_word' id='word_1_633' title='bbox 613 3645 668 3691; x_wconf 87' lang='lat' dir='ltr'><strong>et</strong></span> <span class='ocrx_word' id='word_1_634' title='bbox 705 3649 831 3707; x_wconf 86' lang='lat' dir='ltr'><strong>mox</strong></span> <span class='ocrx_word' id='word_1_635' title='bbox 861 3633 1083 3707; x_wconf 79' lang='lat' dir='ltr'><strong>flagellis</strong></span> <span class='ocrx_word' id='word_1_636' title='bbox 1109 3633 1400 3692; x_wconf 60' lang='lat' dir='ltr'><strong>caedendus</strong></span> <span class='ocrx_word' id='word_1_637' title='bbox 1434 3631 1609 3702; x_wconf 78' lang='lat' dir='ltr'><strong>esset,</strong></span> <span class='ocrx_word' id='word_1_638' title='bbox 1636 3633 1779 3690; x_wconf 76' lang='lat' dir='ltr'><strong>dixit</strong></span> <span class='ocrx_word' id='word_1_639' title='bbox 1879 3631 2008 3703; x_wconf 73' lang='lat' dir='ltr'><strong>tur;</strong></span> <span class='ocrx_word' id='word_1_640' title='bbox 2034 3631 2198 3700; x_wconf 72' lang='lat' dir='ltr'><strong>nullis</strong></span> <span class='ocrx_word' id='word_1_641' title='bbox 2226 3631 2818 3707; x_wconf 57' lang='lat' dir='ltr'><strong>aliisnecessitatib&#39;us,</strong></span> <span class='ocrx_word' id='word_1_642' title='bbox 2848 3654 2942 3696; x_wconf 85' lang='lat' dir='ltr'><strong>nec</strong></span> <span class='ocrx_word' id='word_1_643' title='bbox 2965 3653 3002 3691; x_wconf 90' lang='lat' dir='ltr'><strong>u</strong></span> 
     </span>
    </p>
   </div>
   <div class='ocr_carea' id='block_1_84' title="bbox 3131 3565 3475 3628">
    <p class='ocr_par' dir='ltr' id='par_1_84' title="bbox 3131 3565 3475 3628">
     <span class='ocr_line' id='line_1_84' title="bbox 3131 3565 3475 3628; baseline -0.003 -8"><span class='ocrx_word' id='word_1_644' title='bbox 3131 3566 3269 3628; x_wconf 75' lang='lat' dir='ltr'><strong>:llati</strong></span> <span class='ocrx_word' id='word_1_645' title='bbox 3294 3565 3475 3619; x_wconf 58' lang='lat' dir='ltr'><strong>triden-</strong></span> 
     </span>
    </p>
   </div>
   <div class='ocr_carea' id='block_1_85' title="bbox 3105 3637 3470 3707">
    <p class='ocr_par' dir='ltr' id='par_1_85' title="bbox 3105 3637 3470 3707">
     <span class='ocr_line' id='line_1_85' title="bbox 3105 3637 3470 3707; baseline 0.005 -19"><span class='ocrx_word' id='word_1_646' title='bbox 3105 3637 3298 3707; x_wconf 78' lang='lat' dir='ltr'><strong>populi</strong></span> <span class='ocrx_word' id='word_1_647' title='bbox 3320 3639 3470 3693; x_wconf 81' lang='lat' dir='ltr'><strong>Rom.</strong></span> 
     </span>
    </p>
   </div>
   <div class='ocr_carea' id='block_1_86' title="bbox 1885 3705 3474 3779">
    <p class='ocr_par' dir='ltr' id='par_1_86' title="bbox 1885 3705 3474 3779">
     <span class='ocr_line' id='line_1_86' title="bbox 1885 3705 3474 3779; baseline 0.001 -18"><span class='ocrx_word' id='word_1_648' title='bbox 1885 3707 1996 3779; x_wconf 79' lang='lat' dir='ltr'><strong>lege</strong></span> <span class='ocrx_word' id='word_1_649' title='bbox 2021 3709 2249 3779; x_wconf 80' lang='lat' dir='ltr'><strong>astricti.</strong></span> <span class='ocrx_word' id='word_1_650' title='bbox 2282 3705 2406 3771; x_wconf 82' lang='lat' dir='ltr'><strong>Fuit</strong></span> <span class='ocrx_word' id='word_1_651' title='bbox 2433 3708 2617 3779; x_wconf 79' lang='lat' dir='ltr'><strong>itaque</strong></span> <span class='ocrx_word' id='word_1_652' title='bbox 2637 3711 2700 3766; x_wconf 90' lang='grc' dir='ltr'><strong>Β.</strong></span> <span class='ocrx_word' id='word_1_653' title='bbox 2731 3708 2934 3766; x_wconf 79' lang='lat' dir='ltr'><strong>Paulus</strong></span> <span class='ocrx_word' id='word_1_654' title='bbox 2975 3705 3317 3779; x_wconf 63' lang='lat' dir='ltr'><strong>hatréditario</strong></span> <span class='ocrx_word' id='word_1_655' title='bbox 3335 3708 3474 3779; x_wconf 67' lang='lat' dir='ltr'><strong>jure</strong></span> 
     </span>
    </p>
   </div>
   <div class='ocr_carea' id='block_1_87' title="bbox 1883 3775 3474 3848">
    <p class='ocr_par' dir='ltr' id='par_1_87' title="bbox 1883 3775 3474 3848">
     <span class='ocr_line' id='line_1_87' title="bbox 1883 3775 3474 3848; baseline -0.001 -15"><span class='ocrx_word' id='word_1_656' title='bbox 1883 3775 2015 3833; x_wconf 83' lang='lat' dir='ltr'><strong>civis</strong></span> <span class='ocrx_word' id='word_1_657' title='bbox 2061 3776 2368 3848; x_wconf 82' lang='lat' dir='ltr'><strong>Romanus,</strong></span> <span class='ocrx_word' id='word_1_658' title='bbox 2393 3787 2448 3838; x_wconf 90' lang='lat' dir='ltr'><strong>et</strong></span> <span class='ocrx_word' id='word_1_659' title='bbox 2487 3775 2592 3843; x_wconf 82' lang='lat' dir='ltr'><strong>hoc</strong></span> <span class='ocrx_word' id='word_1_660' title='bbox 2621 3779 2788 3838; x_wconf 88' lang='lat' dir='ltr'><strong>modo</strong></span> <span class='ocrx_word' id='word_1_661' title='bbox 2828 3787 3008 3839; x_wconf 85' lang='lat' dir='ltr'><strong>natus.</strong></span> <span class='ocrx_word' id='word_1_662' title='bbox 3035 3780 3178 3848; x_wconf 83' lang='lat' dir='ltr'><strong>Nam</strong></span> <span class='ocrx_word' id='word_1_663' title='bbox 3203 3785 3259 3833; x_wconf 92' lang='lat' dir='ltr'><strong>et</strong></span> <span class='ocrx_word' id='word_1_664' title='bbox 3286 3775 3474 3848; x_wconf 80' lang='lat' dir='ltr'><strong>Cicero</strong></span> 
     </span>
    </p>
   </div>
   <div class='ocr_carea' id='block_1_88' title="bbox 1883 3847 3474 3922">
    <p class='ocr_par' dir='ltr' id='par_1_88' title="bbox 1883 3847 3474 3922">
     <span class='ocr_line' id='line_1_88' title="bbox 1883 3847 3474 3922; baseline -0.003 -18"><span class='ocrx_word' id='word_1_665' title='bbox 1883 3847 2083 3922; x_wconf 82' lang='lat' dir='ltr'><strong>civium</strong></span> <span class='ocrx_word' id='word_1_666' title='bbox 2111 3850 2494 3922; x_wconf 69' lang='lat' dir='ltr'><strong>Romanorum</strong></span> <span class='ocrx_word' id='word_1_667' title='bbox 2524 3849 2634 3922; x_wconf 82' lang='lat' dir='ltr'><strong>duo</strong></span> <span class='ocrx_word' id='word_1_668' title='bbox 2673 3865 2869 3922; x_wconf 82' lang='lat' dir='ltr'><strong>genera</strong></span> <span class='ocrx_word' id='word_1_669' title='bbox 2897 3847 3182 3922; x_wconf 76' lang='lat' dir='ltr'><strong>distinguit</strong></span> <span class='ocrx_word' id='word_1_670' title='bbox 3195 3886 3227 3922; x_wconf 77' lang='lat'><strong>,_</strong></span> <span class='ocrx_word' id='word_1_671' title='bbox 3250 3855 3311 3902; x_wconf 90' lang='lat' dir='ltr'><strong>ut</strong></span> <span class='ocrx_word' id='word_1_672' title='bbox 3351 3847 3474 3916; x_wconf 88' lang='lat' dir='ltr'><strong>qui-</strong></span> 
     </span>
    </p>
   </div>
   <div class='ocr_carea' id='block_1_89' title="bbox 1883 3918 3294 3986">
    <p class='ocr_par' dir='ltr' id='par_1_89' title="bbox 1883 3918 3294 3986">
     <span class='ocr_line' id='line_1_89' title="bbox 1883 3918 3294 3986; baseline 0.002 -11"><span class='ocrx_word' id='word_1_673' title='bbox 1883 3918 2012 3986; x_wconf 81' lang='lat' dir='ltr'><strong>dam</strong></span> <span class='ocrx_word' id='word_1_674' title='bbox 2040 3919 2169 3984; x_wconf 87' lang='lat' dir='ltr'><strong>nati,</strong></span> <span class='ocrx_word' id='word_1_675' title='bbox 2201 3921 2288 3978; x_wconf 87' lang='lat' dir='ltr'><strong>alii</strong></span> <span class='ocrx_word' id='word_1_676' title='bbox 2311 3921 2422 3981; x_wconf 88' lang='lat' dir='ltr'><strong>sint</strong></span> <span class='ocrx_word' id='word_1_677' title='bbox 2447 3919 2659 3978; x_wconf 87' lang='lat' dir='ltr'><strong>civitate</strong></span> <span class='ocrx_word' id='word_1_678' title='bbox 2682 3918 2864 3978; x_wconf 75' lang='lat' dir='ltr'><strong>donati</strong></span> <span class='ocrx_word' id='word_1_679' title='bbox 2887 3925 2957 3986; x_wconf 80' lang='grc' dir='ltr'><strong>(ιι</strong></span> <span class='ocrx_word' id='word_1_680' title='bbox 2988 3923 3051 3974; x_wconf 91' lang='lat' dir='ltr'><strong>in</strong></span> <span class='ocrx_word' id='word_1_681' title='bbox 3077 3918 3294 3981; x_wconf 51' lang='lat' dir='ltr'><strong>Catil.»</strong></span> 
     </span>
    </p>
   </div>
   <div class='ocr_carea' id='block_1_90' title="bbox 1955 3981 3476 4062">
    <p class='ocr_par' dir='ltr' id='par_1_90' title="bbox 1955 3981 3476 4062">
     <span class='ocr_line' id='line_1_90' title="bbox 1955 3981 3476 4062; baseline -0.002 -19"><span class='ocrx_word' id='word_1_682' title='bbox 1955 3981 1982 4020; x_wconf 77' lang='grc' dir='ltr'>δ</span> <span class='ocrx_word' id='word_1_683' title='bbox 2013 3985 2076 4062; x_wconf 89' lang='lat' dir='ltr'><strong>l_d</strong></span> <span class='ocrx_word' id='word_1_684' title='bbox 2098 3981 2200 4055; x_wconf 83' lang='lat' dir='ltr'><strong>est,</strong></span> <span class='ocrx_word' id='word_1_685' title='bbox 2228 4007 2354 4048; x_wconf 86' lang='lat' dir='ltr'><strong>suas</strong></span> <span class='ocrx_word' id='word_1_686' title='bbox 2377 3990 2656 4062; x_wconf 78' lang='lat' dir='ltr'><strong>facultates</strong></span> <span class='ocrx_word' id='word_1_687' title='bbox 2682 3999 2738 4048; x_wconf 89' lang='lat' dir='ltr'><strong>et</strong></span> <span class='ocrx_word' id='word_1_688' title='bbox 2764 3981 3132 4062; x_wconf 79' lang='lat' dir='ltr'><strong>possessiones</strong></span> <span class='ocrx_word' id='word_1_689' title='bbox 3152 3983 3476 4062; x_wconf 70' lang='lat' dir='ltr'><strong>retinebant,</strong></span> 
     </span>
    </p>
   </div>
   <div class='ocr_carea' id='block_1_91' title="bbox 1887 4056 3473 4142">
    <p class='ocr_par' dir='ltr' id='par_1_91' title="bbox 1887 4056 3473 4142">
     <span class='ocr_line' id='line_1_91' title="bbox 1887 4056 3473 4142; baseline -0.002 -30"><span class='ocrx_word' id='word_1_690' title='bbox 1887 4057 2086 4142; x_wconf 80' lang='lat' dir='ltr'><strong>nonin</strong></span> <span class='ocrx_word' id='word_1_691' title='bbox 2111 4075 2406 4142; x_wconf 74' lang='lat' dir='ltr'><strong>commune</strong></span> <span class='ocrx_word' id='word_1_692' title='bbox 2423 4056 2802 4142; x_wconf 67' lang='lat' dir='ltr'><strong>conferebant,</strong></span> <span class='ocrx_word' id='word_1_693' title='bbox 2831 4075 2930 4116; x_wconf 90' lang='lat' dir='ltr'><strong>nec</strong></span> <span class='ocrx_word' id='word_1_694' title='bbox 2953 4058 3280 4142; x_wconf 73' lang='lat' dir='ltr'><strong>pauperibus</strong></span> <span class='ocrx_word' id='word_1_695' title='bbox 3309 4056 3473 4142; x_wconf 70' lang='lat' dir='ltr'><strong>simul</strong></span> 
     </span>
    </p>
   </div>
   <div class='ocr_carea' id='block_1_92' title="bbox 1888 4129 3479 4202">
    <p class='ocr_par' dir='ltr' id='par_1_92' title="bbox 1888 4129 3479 4202">
     <span class='ocr_line' id='line_1_92' title="bbox 1888 4129 3479 4202; baseline -0.003 -18"><span class='ocrx_word' id='word_1_696' title='bbox 1888 4135 1946 4202; x_wconf 71' lang='lat' dir='ltr'><strong>et</strong></span> <span class='ocrx_word' id='word_1_697' title='bbox 2002 4129 2177 4202; x_wconf 77' lang='lat' dir='ltr'><strong>semel</strong></span> <span class='ocrx_word' id='word_1_698' title='bbox 2228 4131 2542 4202; x_wconf 80' lang='lat' dir='ltr'><strong>erogabant.</strong></span> <span class='ocrx_word' id='word_1_699' title='bbox 2601 4129 3036 4202; x_wconf 31' lang='lat' dir='ltr'><strong>Licuisseuenim</strong></span> <span class='ocrx_word' id='word_1_700' title='bbox 3066 4129 3240 4202; x_wconf 79' lang='lat' dir='ltr'><strong>etiam</strong></span> <span class='ocrx_word' id='word_1_701' title='bbox 3289 4129 3479 4202; x_wconf 79' lang='lat' dir='ltr'><strong>primis</strong></span> 
     </span>
    </p>
   </div>
   <div class='ocr_carea' id='block_1_93' title="bbox 1889 4193 3480 4268">
    <p class='ocr_par' dir='ltr' id='par_1_93' title="bbox 1889 4193 3480 4268">
     <span class='ocr_line' id='line_1_93' title="bbox 1889 4193 3480 4268; baseline 0.001 -16"><span class='ocrx_word' id='word_1_702' title='bbox 1889 4193 2209 4268; x_wconf 69' lang='lat' dir='ltr'><strong>Christianis</strong></span> <span class='ocrx_word' id='word_1_703' title='bbox 2255 4193 2399 4256; x_wconf 68' lang='lat' dir='ltr'><strong>bona</strong></span> <span class='ocrx_word' id='word_1_704' title='bbox 2453 4215 2552 4256; x_wconf 85' lang='lat' dir='ltr'><strong>sua</strong></span> <span class='ocrx_word' id='word_1_705' title='bbox 2605 4198 2920 4268; x_wconf 85' lang='lat' dir='ltr'><strong>temporalia</strong></span> <span class='ocrx_word' id='word_1_706' title='bbox 2979 4197 3246 4268; x_wconf 77' lang='lat' dir='ltr'><strong>retinere,</strong></span> <span class='ocrx_word' id='word_1_707' title='bbox 3290 4193 3480 4268; x_wconf 78' lang='lat' dir='ltr'><strong>eisque</strong></span> 
     </span>
    </p>
   </div>
   <div class='ocr_carea' id='block_1_94' title="bbox 1890 4265 3477 4341">
    <p class='ocr_par' dir='ltr' id='par_1_94' title="bbox 1890 4265 3477 4341">
     <span class='ocr_line' id='line_1_94' title="bbox 1890 4265 3477 4341; baseline 0.002 -19"><span class='ocrx_word' id='word_1_708' title='bbox 1890 4265 2032 4341; x_wconf 82' lang='lat' dir='ltr'><strong>frui,</strong></span> <span class='ocrx_word' id='word_1_709' title='bbox 2062 4267 2164 4326; x_wconf 88' lang='lat' dir='ltr'><strong>nisi</strong></span> <span class='ocrx_word' id='word_1_710' title='bbox 2193 4284 2251 4326; x_wconf 92' lang='lat' dir='ltr'><strong>se</strong></span> <span class='ocrx_word' id='word_1_711' title='bbox 2290 4277 2590 4341; x_wconf 88' lang='lat' dir='ltr'><strong>spontaneo</strong></span> <span class='ocrx_word' id='word_1_712' title='bbox 2621 4265 2804 4341; x_wconf 72' lang='lat' dir='ltr'><strong>voto,</strong></span> <span class='ocrx_word' id='word_1_713' title='bbox 2849 4278 2908 4326; x_wconf 91' lang='lat' dir='ltr'><strong>et</strong></span> <span class='ocrx_word' id='word_1_714' title='bbox 2947 4268 3151 4340; x_wconf 86' lang='lat' dir='ltr'><strong>privata</strong></span> <span class='ocrx_word' id='word_1_715' title='bbox 3187 4265 3477 4341; x_wconf 82' lang='lat' dir='ltr'><strong>devotione</strong></span> 
     </span>
    </p>
   </div>
   <div class='ocr_carea' id='block_1_95' title="bbox 1887 4337 3508 4411">
    <p class='ocr_par' dir='ltr' id='par_1_95' title="bbox 1887 4337 3508 4411">
     <span class='ocr_line' id='line_1_95' title="bbox 1887 4337 3508 4411; baseline 0.002 -18"><span class='ocrx_word' id='word_1_716' title='bbox 1887 4337 1954 4411; x_wconf 78' lang='lat' dir='ltr'><strong>ad</strong></span> <span class='ocrx_word' id='word_1_717' title='bbox 1981 4337 2350 4411; x_wconf 79' lang='lat' dir='ltr'><strong>paupertatem</strong></span> <span class='ocrx_word' id='word_1_718' title='bbox 2407 4337 2864 4411; x_wconf 30' lang='lat' dir='ltr'><strong>servandam,’et</strong></span> <span class='ocrx_word' id='word_1_719' title='bbox 2902 4337 3252 4397; x_wconf 84' lang='lat' dir='ltr'><strong>communem</strong></span> <span class='ocrx_word' id='word_1_720' title='bbox 3299 4340 3508 4396; x_wconf 80' lang='lat' dir='ltr'><strong>vitam-</strong></span> 
     </span>
    </p>
   </div>
   <div class='ocr_carea' id='block_1_96' title="bbox 1886 4407 3472 4484">
    <p class='ocr_par' dir='ltr' id='par_1_96' title="bbox 1886 4407 3472 4484">
     <span class='ocr_line' id='line_1_96' title="bbox 1886 4407 3472 4484; baseline 0.001 -18"><span class='ocrx_word' id='word_1_721' title='bbox 1886 4407 2198 4484; x_wconf 79' lang='lat' dir='ltr'><strong>duéendam</strong></span> <span class='ocrx_word' id='word_1_722' title='bbox 2217 4411 2620 4478; x_wconf 80' lang='lat' dir='ltr'><strong>astrinxissent,</strong></span> <span class='ocrx_word' id='word_1_723' title='bbox 2636 4407 2938 4484; x_wconf 81' lang='lat' dir='ltr'><strong>manifeste</strong></span> <span class='ocrx_word' id='word_1_724' title='bbox 2965 4411 3234 4484; x_wconf 88' lang='lat' dir='ltr'><strong>colligitur</strong></span> <span class='ocrx_word' id='word_1_725' title='bbox 3255 4427 3319 4468; x_wconf 85' lang='lat' dir='ltr'><strong>ex</strong></span> <span class='ocrx_word' id='word_1_726' title='bbox 3345 4427 3472 4470; x_wconf 86' lang='lat' dir='ltr'><strong>ver-</strong></span> 
     </span>
    </p>
   </div>
   <div class='ocr_carea' id='block_1_97' title="bbox 1885 4480 3472 4555">
    <p class='ocr_par' dir='ltr' id='par_1_97' title="bbox 1885 4480 3472 4555">
     <span class='ocr_line' id='line_1_97' title="bbox 1885 4480 3472 4555; baseline 0.003 -19"><span class='ocrx_word' id='word_1_727' title='bbox 1885 4481 1968 4555; x_wconf 84' lang='lat' dir='ltr'><strong>bis</strong></span> <span class='ocrx_word' id='word_1_728' title='bbox 1995 4480 2103 4538; x_wconf 91' lang='lat' dir='ltr'><strong>illis</strong></span> <span class='ocrx_word' id='word_1_729' title='bbox 2136 4484 2282 4539; x_wconf 90' lang='lat' dir='ltr'><strong>Petri</strong></span> <span class='ocrx_word' id='word_1_730' title='bbox 2317 4483 2548 4555; x_wconf 83' lang='lat' dir='ltr'><strong>apostoli</strong></span> <span class='ocrx_word' id='word_1_731' title='bbox 2581 4482 2652 4540; x_wconf 88' lang='lat' dir='ltr'><strong>ad</strong></span> <span class='ocrx_word' id='word_1_732' title='bbox 2695 4484 2962 4542; x_wconf 76' lang='lat' dir='ltr'><strong>Ananiam</strong></span> <span class='ocrx_word' id='word_1_733' title='bbox 2993 4503 3005 4540; x_wconf 91' lang='lat'>:</span> <span class='ocrx_word' id='word_1_734' title='bbox 3045 4480 3227 4543; x_wconf 75' lang='lat' dir='ltr'><strong>Nonne</strong></span> <span class='ocrx_word' id='word_1_735' title='bbox 3253 4500 3472 4540; x_wconf 88' lang='lat' dir='ltr'><strong>manens</strong></span> 
     </span>
    </p>
   </div>
   <div class='ocr_carea' id='block_1_98' title="bbox 1883 4554 3477 4626">
    <p class='ocr_par' dir='ltr' id='par_1_98' title="bbox 1883 4554 3477 4626">
     <span class='ocr_line' id='line_1_98' title="bbox 1883 4554 3477 4626; baseline 0.003 -18"><span class='ocrx_word' id='word_1_736' title='bbox 1883 4554 1990 4608; x_wconf 85' lang='lat' dir='ltr'><strong>tibi</strong></span> <span class='ocrx_word' id='word_1_737' title='bbox 2025 4555 2304 4618; x_wconf 88' lang='lat' dir='ltr'><strong>manebat,</strong></span> <span class='ocrx_word' id='word_1_738' title='bbox 2353 4554 2405 4611; x_wconf 88' lang='lat' dir='ltr'><strong>et</strong></span> <span class='ocrx_word' id='word_1_739' title='bbox 2449 4555 2784 4612; x_wconf 83' lang='lat' dir='ltr'><strong>venundatus</strong></span> <span class='ocrx_word' id='word_1_740' title='bbox 2821 4559 2880 4612; x_wconf 86' lang='lat' dir='ltr'><strong>in</strong></span> <span class='ocrx_word' id='word_1_741' title='bbox 2923 4562 3020 4612; x_wconf 84' lang='lat' dir='ltr'><strong>tua</strong></span> <span class='ocrx_word' id='word_1_742' title='bbox 3055 4561 3174 4612; x_wconf 88' lang='lat' dir='ltr'><strong>erat</strong></span> <span class='ocrx_word' id='word_1_743' title='bbox 3211 4561 3477 4626; x_wconf 86' lang='lat' dir='ltr'><strong>potestate</strong></span> 
     </span>
    </p>
   </div>
   <div class='ocr_carea' id='block_1_99' title="bbox 173 4617 3476 4706">
    <p class='ocr_par' dir='ltr' id='par_1_99' title="bbox 173 4617 3476 4706">
     <span class='ocr_line' id='line_1_99' title="bbox 173 4617 3476 4706; baseline 0.001 -28"><span class='ocrx_word' id='word_1_744' title='bbox 173 4626 325 4706; x_wconf 72' lang='lat' dir='ltr'><strong>egit,</strong></span> <span class='ocrx_word' id='word_1_745' title='bbox 371 4621 719 4706; x_wconf 59' lang='lat' dir='ltr'><strong>considerans</strong></span> <span class='ocrx_word' id='word_1_746' title='bbox 749 4617 861 4706; x_wconf 33' lang='grc' dir='ltr'><strong>*ΒΣ</strong></span> <span class='ocrx_word' id='word_1_747' title='bbox 879 4623 1218 4706; x_wconf 46' lang='grc' dir='ltr'><strong>ῥυευεῐίριιε</strong></span> <span class='ocrx_word' id='word_1_748' title='bbox 1236 4662 1254 4688; x_wconf 84' lang='grc'><em>,</em></span> <span class='ocrx_word' id='word_1_749' title='bbox 1437 4623 1512 4678; x_wconf 85' lang='lat' dir='ltr'><strong>ait</strong></span> <span class='ocrx_word' id='word_1_750' title='bbox 1554 4639 1568 4676; x_wconf 92' lang='lat'>:</span> <span class='ocrx_word' id='word_1_751' title='bbox 1600 4625 1779 4706; x_wconf 66' lang='lat' dir='ltr'><strong>lyeque</strong></span> <span class='ocrx_word' id='word_1_752' title='bbox 1807 4644 1860 4706; x_wconf 73' lang='grc' dir='ltr'><strong>Ι)</strong></span> <span class='ocrx_word' id='word_1_753' title='bbox 1889 4625 2032 4706; x_wconf 61' lang='lat' dir='ltr'><strong>(Act.</strong></span> <span class='ocrx_word' id='word_1_754' title='bbox 2051 4631 2160 4706; x_wconf 84' lang='lat' dir='ltr'><strong>_v)?</strong></span> <span class='ocrx_word' id='word_1_755' title='bbox 2188 4617 2399 4706; x_wconf 77' lang='lat' dir='ltr'><strong>Quibus</strong></span> <span class='ocrx_word' id='word_1_756' title='bbox 2433 4636 2633 4706; x_wconf 61' lang='lat' dir='ltr'><strong>aperte</strong></span> <span class='ocrx_word' id='word_1_757' title='bbox 2664 4627 3013 4699; x_wconf 82' lang='lat' dir='ltr'><strong>signiﬁcavit,</strong></span> <span class='ocrx_word' id='word_1_758' title='bbox 3058 4617 3286 4683; x_wconf 73' lang='lat' dir='ltr'><strong>liberum</strong></span> <span class='ocrx_word' id='word_1_759' title='bbox 3316 4626 3476 4682; x_wconf 85' lang='lat' dir='ltr'><strong>fuisse</strong></span> 
     </span>
    </p>
   </div>
   <div class='ocr_carea' id='block_1_100' title="bbox 175 4693 1776 4764">
    <p class='ocr_par' dir='ltr' id='par_1_100' title="bbox 175 4693 1776 4764">
     <span class='ocr_line' id='line_1_100' title="bbox 175 4693 1776 4764; baseline -0.002 -12"><span class='ocrx_word' id='word_1_760' title='bbox 175 4697 325 4764; x_wconf 60' lang='lat' dir='ltr'><strong>enim</strong></span> <span class='ocrx_word' id='word_1_761' title='bbox 345 4695 614 4764; x_wconf 83' lang='lat' dir='ltr'><strong>apostolus</strong></span> <span class='ocrx_word' id='word_1_762' title='bbox 626 4695 825 4750; x_wconf 87' lang='lat' dir='ltr'><strong>Paulus</strong></span> <span class='ocrx_word' id='word_1_763' title='bbox 837 4696 962 4748; x_wconf 75' lang='lat' dir='ltr'><strong>vita</strong></span> <span class='ocrx_word' id='word_1_764' title='bbox 975 4693 1088 4748; x_wconf 65' lang='lat' dir='ltr'><strong>suis</strong></span> <span class='ocrx_word' id='word_1_765' title='bbox 1107 4693 1436 4764; x_wconf 60' lang='lat' dir='ltr'><strong>transitoria;</strong></span> <span class='ocrx_word' id='word_1_766' title='bbox 1449 4693 1776 4755; x_wconf 86' lang='lat' dir='ltr'><strong>consulebat,</strong></span> 
     </span>
    </p>
   </div>
   <div class='ocr_carea' id='block_1_101' title="bbox 176 4763 1782 4835">
    <p class='ocr_par' dir='ltr' id='par_1_101' title="bbox 176 4763 1782 4835">
     <span class='ocr_line' id='line_1_101' title="bbox 176 4763 1782 4835; baseline -0.02 1"><span class='ocrx_word' id='word_1_767' title='bbox 176 4763 275 4835; x_wconf 62' lang='grc' dir='ltr'><strong>ί*φά</strong></span> <span class='ocrx_word' id='word_1_768' title='bbox 320 4763 570 4822; x_wconf 67' lang='lat' dir='ltr'><strong>Ecclesiae</strong></span> <span class='ocrx_word' id='word_1_769' title='bbox 602 4766 701 4821; x_wconf 85' lang='lat' dir='ltr'><strong>Dei</strong></span> <span class='ocrx_word' id='word_1_770' title='bbox 719 4807 734 4827; x_wconf 91' lang='lat'><strong>,</strong></span> <span class='ocrx_word' id='word_1_771' title='bbox 763 4765 983 4835; x_wconf 87' lang='lat' dir='ltr'><strong>quando</strong></span> <span class='ocrx_word' id='word_1_772' title='bbox 1002 4768 1187 4835; x_wconf 77' lang='lat' dir='ltr'><strong>contra</strong></span> <span class='ocrx_word' id='word_1_773' title='bbox 1216 4763 1367 4826; x_wconf 83' lang='lat' dir='ltr'><strong>illos,</strong></span> <span class='ocrx_word' id='word_1_774' title='bbox 1393 4765 1490 4835; x_wconf 76' lang='lat' dir='ltr'><strong>qui</strong></span> <span class='ocrx_word' id='word_1_775' title='bbox 1508 4779 1625 4818; x_wconf 78' lang='lat' dir='ltr'><strong>eum</strong></span> <span class='ocrx_word' id='word_1_776' title='bbox 1648 4766 1782 4832; x_wconf 58' lang='grc' dir='ltr'><strong>σφε.</strong></span> 
     </span>
    </p>
   </div>
   <div class='ocr_carea' id='block_1_102' title="bbox 179 4833 1788 4906">
    <p class='ocr_par' dir='ltr' id='par_1_102' title="bbox 179 4833 1788 4906">
     <span class='ocr_line' id='line_1_102' title="bbox 179 4833 1788 4906; baseline 0.001 -20"><span class='ocrx_word' id='word_1_777' title='bbox 179 4833 311 4906; x_wconf 66' lang='lat' dir='ltr'><strong>dere</strong></span> <span class='ocrx_word' id='word_1_778' title='bbox 337 4833 795 4906; x_wconf 60' lang='lat' dir='ltr'><strong>conspirauerunt,</strong></span> <span class='ocrx_word' id='word_1_779' title='bbox 811 4837 1098 4906; x_wconf 74' lang='lat' dir='ltr'><strong>comitium</strong></span> <span class='ocrx_word' id='word_1_780' title='bbox 1121 4833 1336 4888; x_wconf 82' lang='lat' dir='ltr'><strong>illorum</strong></span> <span class='ocrx_word' id='word_1_781' title='bbox 1357 4834 1570 4906; x_wconf 81' lang='lat' dir='ltr'><strong>tribuno</strong></span> <span class='ocrx_word' id='word_1_782' title='bbox 1588 4839 1648 4906; x_wconf 81' lang='lat' dir='ltr'><strong>ut</strong></span> <span class='ocrx_word' id='word_1_783' title='bbox 1665 4851 1788 4904; x_wconf 89' lang='lat' dir='ltr'><strong>pro-</strong></span> 
     </span>
    </p>
   </div>
   <div class='ocr_carea' id='block_1_103' title="bbox 183 4903 1782 4975">
    <p class='ocr_par' dir='ltr' id='par_1_103' title="bbox 183 4903 1782 4975">
     <span class='ocr_line' id='line_1_103' title="bbox 183 4903 1782 4975; baseline -0.001 -17"><span class='ocrx_word' id='word_1_784' title='bbox 183 4903 426 4970; x_wconf 81' lang='lat' dir='ltr'><strong>deretur,</strong></span> <span class='ocrx_word' id='word_1_785' title='bbox 456 4903 663 4975; x_wconf 76' lang='lat' dir='ltr'><strong>effecit.</strong></span> <span class='ocrx_word' id='word_1_786' title='bbox 703 4905 852 4964; x_wconf 87' lang='lat' dir='ltr'><strong>Unde</strong></span> <span class='ocrx_word' id='word_1_787' title='bbox 875 4909 1085 4975; x_wconf 83' lang='lat' dir='ltr'><strong>factum</strong></span> <span class='ocrx_word' id='word_1_788' title='bbox 1123 4909 1221 4966; x_wconf 89' lang='lat' dir='ltr'><strong>est,</strong></span> <span class='ocrx_word' id='word_1_789' title='bbox 1245 4907 1307 4958; x_wconf 90' lang='lat' dir='ltr'><strong>ut</strong></span> <span class='ocrx_word' id='word_1_790' title='bbox 1335 4919 1456 4975; x_wconf 87' lang='lat' dir='ltr'><strong>eum</strong></span> <span class='ocrx_word' id='word_1_791' title='bbox 1491 4903 1568 4957; x_wconf 88' lang='lat' dir='ltr'><strong>ad</strong></span> <span class='ocrx_word' id='word_1_792' title='bbox 1595 4903 1782 4966; x_wconf 78' lang='lat' dir='ltr'><strong>locum,</strong></span> 
     </span>
    </p>
   </div>
   <div class='ocr_carea' id='block_1_104' title="bbox 186 4974 1788 5048">
    <p class='ocr_par' dir='ltr' id='par_1_104' title="bbox 186 4974 1788 5048">
     <span class='ocr_line' id='line_1_104' title="bbox 186 4974 1788 5048; baseline -0.003 -16"><span class='ocrx_word' id='word_1_793' title='bbox 186 4991 292 5048; x_wconf 64' lang='lat' dir='ltr'><strong>quo</strong></span> <span class='ocrx_word' id='word_1_794' title='bbox 313 4974 518 5043; x_wconf 84' lang='lat' dir='ltr'><strong>fuerat</strong></span> <span class='ocrx_word' id='word_1_795' title='bbox 526 4974 921 5048; x_wconf 80' lang='lat' dir='ltr'><strong>producendus,</strong></span> <span class='ocrx_word' id='word_1_796' title='bbox 943 4976 1226 5031; x_wconf 79' lang='lat' dir='ltr'><strong>deduceret</strong></span> <span class='ocrx_word' id='word_1_797' title='bbox 1250 4974 1400 5048; x_wconf 84' lang='lat' dir='ltr'><strong>miles</strong></span> <span class='ocrx_word' id='word_1_798' title='bbox 1428 4979 1693 5048; x_wconf 77' lang='lat' dir='ltr'><strong>amatus,</strong></span> <span class='ocrx_word' id='word_1_799' title='bbox 1720 4991 1788 5048; x_wconf 76' lang='lat' dir='ltr'><strong>ne</strong></span> 
     </span>
    </p>
   </div>
   <div class='ocr_carea' id='block_1_105' title="bbox 187 5045 1790 5118">
    <p class='ocr_par' dir='ltr' id='par_1_105' title="bbox 187 5045 1790 5118">
     <span class='ocr_line' id='line_1_105' title="bbox 187 5045 1790 5118; baseline 0.001 -20"><span class='ocrx_word' id='word_1_800' title='bbox 187 5045 410 5102; x_wconf 63' lang='lat' dir='ltr'><strong>alonim</strong></span> <span class='ocrx_word' id='word_1_801' title='bbox 427 5045 708 5118; x_wconf 71' lang='lat' dir='ltr'><strong>pateretur</strong></span> <span class='ocrx_word' id='word_1_802' title='bbox 1005 5050 1269 5104; x_wconf 80' lang='lat' dir='ltr'><strong>Romanas</strong></span> <span class='ocrx_word' id='word_1_803' title='bbox 1289 5047 1427 5099; x_wconf 87' lang='lat' dir='ltr'><strong>enim</strong></span> <span class='ocrx_word' id='word_1_804' title='bbox 1446 5046 1582 5113; x_wconf 88' lang='lat' dir='ltr'><strong>leges</strong></span> <span class='ocrx_word' id='word_1_805' title='bbox 1601 5045 1790 5118; x_wconf 83' lang='lat' dir='ltr'><strong>implo-</strong></span> 
     </span>
    </p>
   </div>
   <div class='ocr_carea' id='block_1_106' title="bbox 185 5117 1790 5186">
    <p class='ocr_par' dir='ltr' id='par_1_106' title="bbox 185 5117 1790 5186">
     <span class='ocr_line' id='line_1_106' title="bbox 185 5117 1790 5186; baseline 0 -16"><span class='ocrx_word' id='word_1_806' title='bbox 185 5131 312 5172; x_wconf 80' lang='lat' dir='ltr'><strong>rare</strong></span> <span class='ocrx_word' id='word_1_807' title='bbox 349 5117 454 5173; x_wconf 82' lang='lat' dir='ltr'><strong>non</strong></span> <span class='ocrx_word' id='word_1_808' title='bbox 479 5119 779 5184; x_wconf 75' lang='lat' dir='ltr'><strong>dubitavit,</strong></span> <span class='ocrx_word' id='word_1_809' title='bbox 816 5121 980 5174; x_wconf 88' lang='lat' dir='ltr'><strong>civem</strong></span> <span class='ocrx_word' id='word_1_810' title='bbox 1015 5121 1307 5186; x_wconf 70' lang='lat' dir='ltr'><strong>Rgmanum</strong></span> <span class='ocrx_word' id='word_1_811' title='bbox 1346 5130 1401 5170; x_wconf 87' lang='lat' dir='ltr'><strong>se</strong></span> <span class='ocrx_word' id='word_1_812' title='bbox 1431 5131 1541 5170; x_wconf 88' lang='lat' dir='ltr'><strong>esse</strong></span> <span class='ocrx_word' id='word_1_813' title='bbox 1569 5117 1790 5186; x_wconf 81' lang='lat' dir='ltr'><strong>procla-</strong></span> 
     </span>
    </p>
   </div>
   <div class='ocr_carea' id='block_1_107' title="bbox 189 5186 1788 5260">
    <p class='ocr_par' dir='ltr' id='par_1_107' title="bbox 189 5186 1788 5260">
     <span class='ocr_line' id='line_1_107' title="bbox 189 5186 1788 5260; baseline -0.001 -17"><span class='ocrx_word' id='word_1_814' title='bbox 189 5202 367 5251; x_wconf 72' lang='lat' dir='ltr'><strong>mans.</strong></span> <span class='ocrx_word' id='word_1_815' title='bbox 399 5206 530 5260; x_wconf 84' lang='lat' dir='ltr'><strong>quos</strong></span> <span class='ocrx_word' id='word_1_816' title='bbox 563 5196 690 5246; x_wconf 87' lang='lat' dir='ltr'><strong>tunc</strong></span> <span class='ocrx_word' id='word_1_817' title='bbox 717 5191 900 5260; x_wconf 80' lang='lat' dir='ltr'><strong>afﬂigi</strong></span> <span class='ocrx_word' id='word_1_818' title='bbox 936 5188 1238 5260; x_wconf 85' lang='lat' dir='ltr'><strong>verberibus</strong></span> <span class='ocrx_word' id='word_1_819' title='bbox 1264 5201 1370 5260; x_wconf 85' lang='lat' dir='ltr'><strong>non</strong></span> <span class='ocrx_word' id='word_1_820' title='bbox 1415 5186 1623 5260; x_wconf 83' lang='lat' dir='ltr'><strong>licebat.</strong></span> <span class='ocrx_word' id='word_1_821' title='bbox 1655 5187 1788 5260; x_wconf 74' lang='lat' dir='ltr'><strong>Haec</strong></span> 
     </span>
    </p>
   </div>
   <div class='ocr_carea' id='block_1_108' title="bbox 191 5257 1802 5343">
    <p class='ocr_par' dir='ltr' id='par_1_108' title="bbox 191 5257 1802 5343">
     <span class='ocr_line' id='line_1_108' title="bbox 191 5257 1802 5343; baseline 0.009 -31"><span class='ocrx_word' id='word_1_822' title='bbox 191 5257 532 5343; x_wconf 45' lang='lat' dir='ltr'><strong>ﬁugnstinns</strong></span> <span class='ocrx_word' id='word_1_823' title='bbox 940 5259 1046 5343; x_wconf 67' lang='lat' dir='ltr'><strong>sed</strong></span> <span class='ocrx_word' id='word_1_824' title='bbox 1092 5272 1196 5343; x_wconf 72' lang='lat' dir='ltr'><strong>qua</strong></span> <span class='ocrx_word' id='word_1_825' title='bbox 1239 5257 1450 5314; x_wconf 85' lang='lat' dir='ltr'><strong>ratione</strong></span> <span class='ocrx_word' id='word_1_826' title='bbox 1469 5297 1500 5343; x_wconf 27' lang='grc' dir='ltr'><strong>,ἢ</strong></span> <span class='ocrx_word' id='word_1_827' title='bbox 1531 5257 1802 5343; x_wconf 47' lang='lat' dir='ltr'><strong>‘iglquieﬁu</strong></span> 
     </span>
    </p>
   </div>
   <div class='ocr_carea' id='block_1_109' title="bbox 191 5327 1786 5388">
    <p class='ocr_par' dir='ltr' id='par_1_109' title="bbox 191 5327 1786 5388">
     <span class='ocr_line' id='line_1_109' title="bbox 191 5327 1786 5388; baseline 0.001 -8"><span class='ocrx_word' id='word_1_828' title='bbox 191 5327 396 5388; x_wconf 76' lang='lat' dir='ltr'><strong>Paulus</strong></span> <span class='ocrx_word' id='word_1_829' title='bbox 434 5346 495 5387; x_wconf 87' lang='lat' dir='ltr'><strong>se</strong></span> <span class='ocrx_word' id='word_1_830' title='bbox 529 5327 719 5388; x_wconf 71' lang='lat' dir='ltr'><strong>natum</strong></span> <span class='ocrx_word' id='word_1_831' title='bbox 761 5327 892 5388; x_wconf 88' lang='lat' dir='ltr'><strong>dicit</strong></span> <span class='ocrx_word' id='word_1_832' title='bbox 928 5327 1120 5386; x_wconf 87' lang='lat' dir='ltr'><strong>civem</strong></span> <span class='ocrx_word' id='word_1_833' title='bbox 1143 5331 1502 5386; x_wconf 77' lang='lat' dir='ltr'><strong>Romanum?</strong></span> <span class='ocrx_word' id='word_1_834' title='bbox 1531 5327 1656 5386; x_wconf 87' lang='lat' dir='ltr'><strong>Non</strong></span> <span class='ocrx_word' id='word_1_835' title='bbox 1679 5328 1786 5384; x_wconf 87' lang='lat' dir='ltr'><strong>alia</strong></span> 
     </span>
    </p>
   </div>
   <div class='ocr_carea' id='block_1_110' title="bbox 189 5399 1788 5475">
    <p class='ocr_par' dir='ltr' id='par_1_110' title="bbox 189 5399 1788 5475">
     <span class='ocr_line' id='line_1_110' title="bbox 189 5399 1788 5475; baseline -0.001 -20"><span class='ocrx_word' id='word_1_836' title='bbox 189 5411 342 5456; x_wconf 82' lang='lat' dir='ltr'><strong>certe</strong></span> <span class='ocrx_word' id='word_1_837' title='bbox 358 5443 374 5468; x_wconf 94' lang='lat'><strong>,</strong></span> <span class='ocrx_word' id='word_1_838' title='bbox 401 5403 500 5475; x_wconf 86' lang='lat' dir='ltr'><strong>nisi</strong></span> <span class='ocrx_word' id='word_1_839' title='bbox 523 5403 670 5475; x_wconf 89' lang='lat' dir='ltr'><strong>quod</strong></span> <span class='ocrx_word' id='word_1_840' title='bbox 683 5411 853 5475; x_wconf 70' lang='lat' dir='ltr'><strong>antea</strong></span> <span class='ocrx_word' id='word_1_841' title='bbox 881 5401 951 5457; x_wconf 91' lang='lat' dir='ltr'><strong>ad</strong></span> <span class='ocrx_word' id='word_1_842' title='bbox 973 5400 1194 5458; x_wconf 62' lang='lat' dir='ltr'><strong>Iudaeos</strong></span> <span class='ocrx_word' id='word_1_843' title='bbox 1213 5415 1314 5472; x_wconf 88' lang='lat' dir='ltr'><strong>pro</strong></span> <span class='ocrx_word' id='word_1_844' title='bbox 1329 5400 1601 5475; x_wconf 59' lang='lat' dir='ltr'><strong>concione</strong></span> <span class='ocrx_word' id='word_1_845' title='bbox 1629 5399 1788 5475; x_wconf 81' lang='lat' dir='ltr'><strong>dixe-</strong></span> 
     </span>
    </p>
   </div>
   <div class='ocr_carea' id='block_1_111' title="bbox 193 5469 1781 5542">
    <p class='ocr_par' dir='ltr' id='par_1_111' title="bbox 193 5469 1781 5542">
     <span class='ocr_line' id='line_1_111' title="bbox 193 5469 1781 5542; baseline 0 -16"><span class='ocrx_word' id='word_1_846' title='bbox 193 5478 278 5525; x_wconf 85' lang='lat' dir='ltr'><strong>rat</strong></span> <span class='ocrx_word' id='word_1_847' title='bbox 317 5485 375 5528; x_wconf 85' lang='lat' dir='ltr'><strong>se</strong></span> <span class='ocrx_word' id='word_1_848' title='bbox 402 5469 618 5532; x_wconf 74' lang='lat' dir='ltr'><strong>Tharso</strong></span> <span class='ocrx_word' id='word_1_849' title='bbox 663 5473 862 5530; x_wconf 65' lang='lat' dir='ltr'><strong>Ciliciae</strong></span> <span class='ocrx_word' id='word_1_850' title='bbox 899 5481 1082 5528; x_wconf 89' lang='lat' dir='ltr'><strong>ortum</strong></span> <span class='ocrx_word' id='word_1_851' title='bbox 1120 5469 1240 5528; x_wconf 81' lang='lat' dir='ltr'><strong>esse</strong></span> <span class='ocrx_word' id='word_1_852' title='bbox 1273 5489 1287 5525; x_wconf 90' lang='lat'><strong>:</strong></span> <span class='ocrx_word' id='word_1_853' title='bbox 1315 5473 1463 5542; x_wconf 84' lang='lat' dir='ltr'><strong>Ego,</strong></span> <span class='ocrx_word' id='word_1_854' title='bbox 1507 5469 1781 5542; x_wconf 87' lang='lat' dir='ltr'><strong>inquiens,</strong></span> 
     </span>
    </p>
   </div>
   <div class='ocr_carea' id='block_1_112' title="bbox 193 5541 1784 5612">
    <p class='ocr_par' dir='ltr' id='par_1_112' title="bbox 193 5541 1784 5612">
     <span class='ocr_line' id='line_1_112' title="bbox 193 5541 1784 5612; baseline 0.003 -18"><span class='ocrx_word' id='word_1_855' title='bbox 193 5555 310 5594; x_wconf 81' lang='lat' dir='ltr'><strong>sum</strong></span> <span class='ocrx_word' id='word_1_856' title='bbox 337 5546 424 5599; x_wconf 76' lang='lat' dir='ltr'><strong>vir</strong></span> <span class='ocrx_word' id='word_1_857' title='bbox 447 5544 690 5612; x_wconf 67' lang='lat' dir='ltr'><strong>Iudaeus,</strong></span> <span class='ocrx_word' id='word_1_858' title='bbox 716 5549 876 5600; x_wconf 71' lang='lat' dir='ltr'><strong>nutris</strong></span> <span class='ocrx_word' id='word_1_859' title='bbox 903 5546 1100 5599; x_wconf 85' lang='lat' dir='ltr'><strong>Tharso</strong></span> <span class='ocrx_word' id='word_1_860' title='bbox 1125 5543 1338 5612; x_wconf 63' lang='lat' dir='ltr'><strong>Cilicia.</strong></span> <span class='ocrx_word' id='word_1_861' title='bbox 1368 5541 1434 5598; x_wconf 83' lang='lat' dir='ltr'><strong>Et</strong></span> <span class='ocrx_word' id='word_1_862' title='bbox 1461 5541 1624 5612; x_wconf 85' lang='lat' dir='ltr'><strong>paulo</strong></span> <span class='ocrx_word' id='word_1_863' title='bbox 1660 5551 1784 5598; x_wconf 88' lang='lat' dir='ltr'><strong>ante</strong></span> 
     </span>
    </p>
   </div>
   <div class='ocr_carea' id='block_1_113' title="bbox 195 5609 1784 5686">
    <p class='ocr_par' dir='ltr' id='par_1_113' title="bbox 195 5609 1784 5686">
     <span class='ocr_line' id='line_1_113' title="bbox 195 5609 1784 5686; baseline 0.003 -20"><span class='ocrx_word' id='word_1_864' title='bbox 195 5614 528 5686; x_wconf 68' lang='lat' dir='ltr'><strong>mimicipem</strong></span> <span class='ocrx_word' id='word_1_865' title='bbox 563 5631 624 5672; x_wconf 87' lang='lat' dir='ltr'><strong>se</strong></span> <span class='ocrx_word' id='word_1_866' title='bbox 653 5609 1017 5686; x_wconf 81' lang='lat' dir='ltr'><strong>Tharsensem</strong></span> <span class='ocrx_word' id='word_1_867' title='bbox 1063 5609 1337 5686; x_wconf 82' lang='lat' dir='ltr'><strong>professus</strong></span> <span class='ocrx_word' id='word_1_868' title='bbox 1368 5609 1506 5686; x_wconf 80' lang='lat' dir='ltr'><strong>erat.</strong></span> <span class='ocrx_word' id='word_1_869' title='bbox 1541 5613 1784 5686; x_wconf 87' lang='lat' dir='ltr'><strong>Tharsus</strong></span> 
     </span>
    </p>
   </div>
   <div class='ocr_carea' id='block_1_114' title="bbox 194 5683 1784 5756">
    <p class='ocr_par' dir='ltr' id='par_1_114' title="bbox 194 5683 1784 5756">
     <span class='ocr_line' id='line_1_114' title="bbox 194 5683 1784 5756; baseline 0.002 -18"><span class='ocrx_word' id='word_1_870' title='bbox 194 5683 342 5756; x_wconf 68' lang='lat' dir='ltr'><strong>enim</strong></span> <span class='ocrx_word' id='word_1_871' title='bbox 378 5683 584 5743; x_wconf 61' lang='lat' dir='ltr'><strong>Cilicia</strong></span> <span class='ocrx_word' id='word_1_872' title='bbox 625 5685 944 5756; x_wconf 81' lang='lat' dir='ltr'><strong>metrOpolis</strong></span> <span class='ocrx_word' id='word_1_873' title='bbox 971 5683 1074 5756; x_wconf 83' lang='lat' dir='ltr'><strong>jus</strong></span> <span class='ocrx_word' id='word_1_874' title='bbox 1091 5683 1420 5756; x_wconf 88' lang='lat' dir='ltr'><strong>municipale</strong></span> <span class='ocrx_word' id='word_1_875' title='bbox 1447 5700 1478 5740; x_wconf 91' lang='lat' dir='ltr'><strong>a</strong></span> <span class='ocrx_word' id='word_1_876' title='bbox 1515 5685 1784 5741; x_wconf 82' lang='lat' dir='ltr'><strong>Romanis</strong></span> 
     </span>
    </p>
   </div>
   <div class='ocr_carea' id='block_1_115' title="bbox 196 5749 1784 5825">
    <p class='ocr_par' dir='ltr' id='par_1_115' title="bbox 196 5749 1784 5825">
     <span class='ocr_line' id='line_1_115' title="bbox 196 5749 1784 5825; baseline 0.002 -15"><span class='ocrx_word' id='word_1_877' title='bbox 196 5749 368 5810; x_wconf 78' lang='lat' dir='ltr'><strong>fuerat</strong></span> <span class='ocrx_word' id='word_1_878' title='bbox 399 5766 692 5813; x_wconf 86' lang='lat' dir='ltr'><strong>consecuta</strong></span> <span class='ocrx_word' id='word_1_879' title='bbox 736 5775 750 5812; x_wconf 90' lang='lat'><strong>:</strong></span> <span class='ocrx_word' id='word_1_880' title='bbox 777 5749 1078 5825; x_wconf 77' lang='lat' dir='ltr'><strong>municipes</strong></span> <span class='ocrx_word' id='word_1_881' title='bbox 1109 5749 1442 5810; x_wconf 62' lang='lat' dir='ltr'><strong>autem&#39;non</strong></span> <span class='ocrx_word' id='word_1_882' title='bbox 1480 5763 1690 5812; x_wconf 83' lang='lat' dir='ltr'><strong>tantum</strong></span> <span class='ocrx_word' id='word_1_883' title='bbox 1724 5765 1784 5813; x_wconf 90' lang='lat' dir='ltr'><strong>ut</strong></span> 
     </span>
    </p>
   </div>
   <div class='ocr_carea' id='block_1_116' title="bbox 198 5825 1786 5892">
    <p class='ocr_par' dir='ltr' id='par_1_116' title="bbox 198 5825 1786 5892">
     <span class='ocr_line' id='line_1_116' title="bbox 198 5825 1786 5892; baseline 0.003 -14"><span class='ocrx_word' id='word_1_884' title='bbox 198 5825 393 5892; x_wconf 83' lang='lat' dir='ltr'><strong>coloni,</strong></span> <span class='ocrx_word' id='word_1_885' title='bbox 423 5827 753 5884; x_wconf 86' lang='lat' dir='ltr'><strong>dicebantur</strong></span> <span class='ocrx_word' id='word_1_886' title='bbox 790 5827 930 5884; x_wconf 87' lang='lat' dir='ltr'><strong>cives</strong></span> <span class='ocrx_word' id='word_1_887' title='bbox 967 5825 1233 5892; x_wconf 82' lang='lat' dir='ltr'><strong>Romani;</strong></span> <span class='ocrx_word' id='word_1_888' title='bbox 1264 5825 1358 5881; x_wconf 87' lang='lat' dir='ltr'><strong>sed</strong></span> <span class='ocrx_word' id='word_1_889' title='bbox 1396 5825 1556 5882; x_wconf 85' lang='lat' dir='ltr'><strong>etiam</strong></span> <span class='ocrx_word' id='word_1_890' title='bbox 1596 5843 1786 5883; x_wconf 87' lang='lat' dir='ltr'><strong>mune-</strong></span> 
     </span>
    </p>
   </div>
   <div class='ocr_carea' id='block_1_117' title="bbox 1888 4696 3479 4774">
    <p class='ocr_par' dir='ltr' id='par_1_117' title="bbox 1888 4696 3479 4774">
     <span class='ocr_line' id='line_1_117' title="bbox 1888 4696 3479 4774; baseline -0.001 -24"><span class='ocrx_word' id='word_1_891' title='bbox 1888 4696 2137 4774; x_wconf 47' lang='lat' dir='ltr'><strong>nnaniae,</strong></span> <span class='ocrx_word' id='word_1_892' title='bbox 2165 4699 2411 4774; x_wconf 80' lang='lat' dir='ltr'><strong>quamvis</strong></span> <span class='ocrx_word' id='word_1_893' title='bbox 2435 4696 2768 4774; x_wconf 72' lang='lat' dir='ltr'><strong>Cliristiané,</strong></span> <span class='ocrx_word' id='word_1_894' title='bbox 2791 4715 2982 4770; x_wconf 91' lang='lat' dir='ltr'><strong>agrum</strong></span> <span class='ocrx_word' id='word_1_895' title='bbox 3009 4713 3175 4774; x_wconf 81' lang='lat' dir='ltr'><strong>suum</strong></span> <span class='ocrx_word' id='word_1_896' title='bbox 3199 4711 3316 4752; x_wconf 90' lang='lat' dir='ltr'><strong>non</strong></span> <span class='ocrx_word' id='word_1_897' title='bbox 3342 4710 3479 4774; x_wconf 69' lang='lat' dir='ltr'><strong>ven-</strong></span> 
     </span>
    </p>
   </div>
   <div class='ocr_carea' id='block_1_118' title="bbox 1893 4764 3478 4850">
    <p class='ocr_par' dir='ltr' id='par_1_118' title="bbox 1893 4764 3478 4850">
     <span class='ocr_line' id='line_1_118' title="bbox 1893 4764 3478 4850; baseline -0.004 -29"><span class='ocrx_word' id='word_1_898' title='bbox 1893 4765 2054 4835; x_wconf 86' lang='lat' dir='ltr'><strong>dere,</strong></span> <span class='ocrx_word' id='word_1_899' title='bbox 2075 4777 2157 4850; x_wconf 52' lang='lat' dir='ltr'><strong>3t</strong></span> <span class='ocrx_word' id='word_1_900' title='bbox 2182 4764 2433 4840; x_wconf 64' lang='lat' dir='ltr'><strong>&#39;pretium</strong></span> <span class='ocrx_word' id='word_1_901' title='bbox 2478 4769 2628 4850; x_wconf 82' lang='lat' dir='ltr'><strong>agri,</strong></span> <span class='ocrx_word' id='word_1_902' title='bbox 2667 4764 2791 4825; x_wconf 86' lang='lat' dir='ltr'><strong>licet</strong></span> <span class='ocrx_word' id='word_1_903' title='bbox 2827 4764 3166 4850; x_wconf 65' lang='lat' dir='ltr'><strong>&#39;venundati,</strong></span> <span class='ocrx_word' id='word_1_904' title='bbox 3222 4764 3478 4850; x_wconf 64' lang='lat' dir='ltr'><strong>apqstolis</strong></span> 
     </span>
    </p>
   </div>
   <div class='ocr_carea' id='block_1_119' title="bbox 1892 4831 3478 4909">
    <p class='ocr_par' dir='ltr' id='par_1_119' title="bbox 1892 4831 3478 4909">
     <span class='ocr_line' id='line_1_119' title="bbox 1892 4831 3478 4909; baseline -0.004 -17"><span class='ocrx_word' id='word_1_905' title='bbox 1892 4851 2004 4892; x_wconf 92' lang='lat' dir='ltr'><strong>non</strong></span> <span class='ocrx_word' id='word_1_906' title='bbox 2033 4831 2264 4909; x_wconf 77' lang='lat' dir='ltr'><strong>offerre,</strong></span> <span class='ocrx_word' id='word_1_907' title='bbox 2291 4852 2466 4909; x_wconf 87' lang='lat' dir='ltr'><strong>neque</strong></span> <span class='ocrx_word' id='word_1_908' title='bbox 2505 4831 2564 4909; x_wconf 64' lang='grc' dir='ltr'><strong>ἴῃ</strong></span> <span class='ocrx_word' id='word_1_909' title='bbox 2603 4831 2898 4909; x_wconf 80' lang='lat' dir='ltr'><strong>commune</strong></span> <span class='ocrx_word' id='word_1_910' title='bbox 2935 4833 3222 4909; x_wconf 74' lang='lat' dir='ltr'><strong>conferre,</strong></span> <span class='ocrx_word' id='word_1_911' title='bbox 3247 4831 3373 4909; x_wconf 46' lang='lat' dir='ltr'><strong>pisi</strong></span> <span class='ocrx_word' id='word_1_912' title='bbox 3423 4831 3478 4886; x_wconf 91' lang='lat' dir='ltr'><strong>id</strong></span> 
     </span>
    </p>
   </div>
   <div class='ocr_carea' id='block_1_120' title="bbox 1892 4901 3482 5034">
    <p class='ocr_par' dir='ltr' id='par_1_120' title="bbox 1892 4901 3482 5034">
     <span class='ocr_line' id='line_1_120' title="bbox 1892 4901 3482 5034; baseline -0.004 -72"><span class='ocrx_word' id='word_1_913' title='bbox 1892 4915 2086 5034; x_wconf 60' lang='lat' dir='ltr'><strong>agente</strong></span> <span class='ocrx_word' id='word_1_914' title='bbox 2113 4917 2169 4964; x_wconf 91' lang='lat' dir='ltr'><strong>et</strong></span> <span class='ocrx_word' id='word_1_915' title='bbox 2201 4901 2365 4962; x_wconf 87' lang='lat' dir='ltr'><strong>libere</strong></span> <span class='ocrx_word' id='word_1_916' title='bbox 2378 4901 2672 4976; x_wconf 58' lang='lat' dir='ltr'><strong>&quot;professus</strong></span> <span class='ocrx_word' id='word_1_917' title='bbox 2701 4906 2910 4986; x_wconf 73' lang='lat' dir='ltr'><strong>fuisset.</strong></span> <span class='ocrx_word' id='word_1_918' title='bbox 2942 4903 3107 4987; x_wconf 67' lang='lat' dir='ltr'><strong>pnde</strong></span> <span class='ocrx_word' id='word_1_919' title='bbox 3133 4901 3482 4985; x_wconf 76' lang='lat' dir='ltr'><strong>intelligimus</strong></span> 
     </span>
     <span class='ocr_line' id='line_1_121' title="bbox 1894 4973 3480 5034; baseline -0.003 -2"><span class='ocrx_word' id='word_1_920' title='bbox 1894 4977 1909 5032; x_wconf 93' lang='lat' dir='ltr'><strong>i</strong></span> <span class='ocrx_word' id='word_1_921' title='bbox 1989 4977 2138 5034; x_wconf 74' lang='lat' dir='ltr'><strong>quod</strong></span> <span class='ocrx_word' id='word_1_922' title='bbox 2167 4984 2420 5032; x_wconf 87' lang='lat' dir='ltr'><strong>narratur</strong></span> <span class='ocrx_word' id='word_1_923' title='bbox 2461 4980 2582 5030; x_wconf 81' lang='lat' dir='ltr'><strong>Act.</strong></span> <span class='ocrx_word' id='word_1_924' title='bbox 2615 4991 2676 5031; x_wconf 82' lang='lat' dir='ltr'><strong>Iv</strong></span> <span class='ocrx_word' id='word_1_925' title='bbox 2698 4975 2772 5031; x_wconf 93' lang='lat' dir='ltr'><strong>de</strong></span> <span class='ocrx_word' id='word_1_926' title='bbox 2801 4989 2988 5034; x_wconf 79' lang='lat' dir='ltr'><strong>primis</strong></span> <span class='ocrx_word' id='word_1_927' title='bbox 3014 4973 3363 5034; x_wconf 76' lang='lat' dir='ltr'><strong>Christianis,</strong></span> <span class='ocrx_word' id='word_1_928' title='bbox 3389 4989 3480 5034; x_wconf 81' lang='lat' dir='ltr'><strong>QUI</strong></span> 
     </span>
    </p>
   </div>
   <div class='ocr_carea' id='block_1_121' title="bbox 1894 4977 3481 5127">
    <p class='ocr_par' dir='ltr' id='par_1_121' title="bbox 1894 4977 3481 5127">
     <span class='ocr_line' id='line_1_122' title="bbox 1894 4977 3480 5048; baseline -0.003 -16"><span class='ocrx_word' id='word_1_929' title='bbox 1894 4977 1947 5034; x_wconf 92' lang='lat' dir='ltr'><strong>id</strong></span> <span class='ocrx_word' id='word_1_930' title='bbox 1989 4977 2138 5048; x_wconf 87' lang='lat' dir='ltr'><strong>quod</strong></span> <span class='ocrx_word' id='word_1_931' title='bbox 2167 4984 2420 5032; x_wconf 86' lang='lat' dir='ltr'><strong>narratur</strong></span> <span class='ocrx_word' id='word_1_932' title='bbox 2461 4980 2582 5030; x_wconf 81' lang='lat' dir='ltr'><strong>Act.</strong></span> <span class='ocrx_word' id='word_1_933' title='bbox 2615 4991 2676 5031; x_wconf 82' lang='lat' dir='ltr'><strong>Iv</strong></span> <span class='ocrx_word' id='word_1_934' title='bbox 2698 4977 2772 5031; x_wconf 92' lang='lat' dir='ltr'><strong>de</strong></span> <span class='ocrx_word' id='word_1_935' title='bbox 2801 4977 2988 5045; x_wconf 89' lang='lat' dir='ltr'><strong>primis</strong></span> <span class='ocrx_word' id='word_1_936' title='bbox 3014 4977 3363 5039; x_wconf 85' lang='lat' dir='ltr'><strong>Christianis,</strong></span> <span class='ocrx_word' id='word_1_937' title='bbox 3389 4977 3480 5046; x_wconf 91' lang='lat' dir='ltr'><strong>qui</strong></span> 
     </span>
     <span class='ocr_line' id='line_1_123' title="bbox 1895 5043 3481 5127; baseline 0 -25"><span class='ocrx_word' id='word_1_938' title='bbox 1895 5047 1958 5127; x_wconf 67' lang='lat' dir='ltr'><strong>in</strong></span> <span class='ocrx_word' id='word_1_939' title='bbox 1975 5045 2318 5127; x_wconf 75' lang='lat' dir='ltr'><strong>Hierusalem</strong></span> <span class='ocrx_word' id='word_1_940' title='bbox 2348 5043 2872 5127; x_wconf 79' lang='lat' dir='ltr'><strong>habitabant</strong></span> <span class='ocrx_word' id='word_1_941' title='bbox 2897 5060 3046 5100; x_wconf 77' lang='lat' dir='ltr'><strong>nemo</strong></span> <span class='ocrx_word' id='word_1_942' title='bbox 3071 5060 3227 5127; x_wconf 81' lang='lat' dir='ltr'><strong>suum</strong></span> <span class='ocrx_word' id='word_1_943' title='bbox 3265 5045 3481 5117; x_wconf 79' lang='lat' dir='ltr'><strong>aliquid</strong></span> 
     </span>
    </p>
   </div>
   <div class='ocr_carea' id='block_1_122' title="bbox 1893 5115 3480 5200">
    <p class='ocr_par' dir='ltr' id='par_1_122' title="bbox 1893 5115 3480 5200">
     <span class='ocr_line' id='line_1_124' title="bbox 1893 5115 3480 5200; baseline 0 -27"><span class='ocrx_word' id='word_1_944' title='bbox 1893 5118 2116 5200; x_wconf 73' lang='lat' dir='ltr'><strong>diceret,</strong></span> <span class='ocrx_word' id='word_1_945' title='bbox 2160 5115 2253 5200; x_wconf 70' lang='lat' dir='ltr'><strong>sed</strong></span> <span class='ocrx_word' id='word_1_946' title='bbox 2474 5121 2658 5200; x_wconf 31' lang='lat' dir='ltr'><strong>“essent</strong></span> <span class='ocrx_word' id='word_1_947' title='bbox 2681 5117 2790 5172; x_wconf 83' lang='lat' dir='ltr'><strong>illis</strong></span> <span class='ocrx_word' id='word_1_948' title='bbox 2828 5120 3121 5200; x_wconf 81' lang='lat' dir='ltr'><strong>communia</strong></span> <span class='ocrx_word' id='word_1_949' title='bbox 3139 5132 3302 5200; x_wconf 43' lang='lat' dir='ltr'><strong>;._non</strong></span> <span class='ocrx_word' id='word_1_950' title='bbox 3328 5115 3480 5200; x_wconf 54' lang='lat' dir='ltr'><strong>prag-</strong></span> 
     </span>
    </p>
   </div>
   <div class='ocr_carea' id='block_1_123' title="bbox 1893 5184 3483 5340">
    <p class='ocr_par' dir='ltr' id='par_1_123' title="bbox 1893 5184 3483 5340">
     <span class='ocr_line' id='line_1_125' title="bbox 1895 5184 3483 5259; baseline 0.001 -15"><span class='ocrx_word' id='word_1_951' title='bbox 1895 5189 2035 5258; x_wconf 88' lang='lat' dir='ltr'><strong>cepti</strong></span> <span class='ocrx_word' id='word_1_952' title='bbox 2057 5229 2072 5253; x_wconf 93' lang='lat'><strong>,</strong></span> <span class='ocrx_word' id='word_1_953' title='bbox 2099 5187 2194 5244; x_wconf 89' lang='lat' dir='ltr'><strong>sed</strong></span> <span class='ocrx_word' id='word_1_954' title='bbox 2225 5186 2436 5244; x_wconf 89' lang='lat' dir='ltr'><strong>consilii</strong></span> <span class='ocrx_word' id='word_1_955' title='bbox 2469 5184 2670 5255; x_wconf 86' lang='lat' dir='ltr'><strong>fuisse,</strong></span> <span class='ocrx_word' id='word_1_956' title='bbox 2713 5203 2889 5259; x_wconf 90' lang='lat' dir='ltr'><strong>neque</strong></span> <span class='ocrx_word' id='word_1_957' title='bbox 2927 5188 2996 5244; x_wconf 89' lang='lat' dir='ltr'><strong>ab</strong></span> <span class='ocrx_word' id='word_1_958' title='bbox 3031 5188 3288 5244; x_wconf 89' lang='lat' dir='ltr'><strong>omnibus</strong></span> <span class='ocrx_word' id='word_1_959' title='bbox 3322 5184 3483 5245; x_wconf 88' lang='lat' dir='ltr'><strong>Chri-</strong></span> 
     </span>
     <span class='ocr_line' id='line_1_126' title="bbox 1893 5257 3480 5340; baseline 0.001 -26"><span class='ocrx_word' id='word_1_960' title='bbox 1893 5257 2096 5340; x_wconf 43' lang='lat' dir='ltr'><strong>stianis.</strong></span> <span class='ocrx_word' id='word_1_961' title='bbox 2111 5257 2238 5314; x_wconf 87' lang='lat' dir='ltr'><strong>alibi</strong></span> <span class='ocrx_word' id='word_1_962' title='bbox 2257 5257 2637 5340; x_wconf 44' lang='lat' dir='ltr'><strong>.obsellvatum.</strong></span> <span class='ocrx_word' id='word_1_963' title='bbox 2682 5261 2856 5340; x_wconf 57' lang='lat' dir='ltr'><strong>[fuere</strong></span> <span class='ocrx_word' id='word_1_964' title='bbox 2886 5260 3030 5316; x_wconf 84' lang='lat' dir='ltr'><strong>enim</strong></span> <span class='ocrx_word' id='word_1_965' title='bbox 3057 5260 3114 5340; x_wconf 67' lang='lat' dir='ltr'><strong>in</strong></span> <span class='ocrx_word' id='word_1_966' title='bbox 3157 5260 3288 5340; x_wconf 77' lang='lat' dir='ltr'><strong>ipsis</strong></span> <span class='ocrx_word' id='word_1_967' title='bbox 3319 5261 3480 5316; x_wconf 82' lang='lat' dir='ltr'><strong>etiam</strong></span> 
     </span>
    </p>
   </div>
   <div class='ocr_carea' id='block_1_124' title="bbox 1894 5327 3479 5402">
    <p class='ocr_par' dir='ltr' id='par_1_124' title="bbox 1894 5327 3479 5402">
     <span class='ocr_line' id='line_1_127' title="bbox 1894 5327 3479 5402; baseline 0.002 -17"><span class='ocrx_word' id='word_1_968' title='bbox 1894 5329 2147 5386; x_wconf 67' lang='lat' dir='ltr'><strong>Ecclesiae</strong></span> <span class='ocrx_word' id='word_1_969' title='bbox 2187 5327 2503 5402; x_wconf 82' lang='lat' dir='ltr'><strong>primordiis</strong></span> <span class='ocrx_word' id='word_1_970' title='bbox 2544 5329 2655 5402; x_wconf 87' lang='lat' dir='ltr'><strong>duo</strong></span> <span class='ocrx_word' id='word_1_971' title='bbox 2709 5329 2992 5402; x_wconf 88' lang='lat' dir='ltr'><strong>hominum</strong></span> <span class='ocrx_word' id='word_1_972' title='bbox 3048 5327 3479 5388; x_wconf 78' lang='lat' dir='ltr'><strong>Christianorum</strong></span> 
     </span>
    </p>
   </div>
   <div class='ocr_carea' id='block_1_125' title="bbox 1895 5401 3478 5472">
    <p class='ocr_par' dir='ltr' id='par_1_125' title="bbox 1895 5401 3478 5472">
     <span class='ocr_line' id='line_1_128' title="bbox 1895 5401 3478 5472; baseline 0.003 -17"><span class='ocrx_word' id='word_1_973' title='bbox 1895 5415 2122 5472; x_wconf 90' lang='lat' dir='ltr'><strong>genera,</strong></span> <span class='ocrx_word' id='word_1_974' title='bbox 2165 5401 2230 5457; x_wconf 88' lang='lat' dir='ltr'><strong>ut</strong></span> <span class='ocrx_word' id='word_1_975' title='bbox 2271 5401 2363 5458; x_wconf 89' lang='lat' dir='ltr'><strong>hic</strong></span> <span class='ocrx_word' id='word_1_976' title='bbox 2408 5401 2587 5456; x_wconf 89' lang='lat' dir='ltr'><strong>innuit</strong></span> <span class='ocrx_word' id='word_1_977' title='bbox 2631 5401 2941 5458; x_wconf 87' lang='lat' dir='ltr'><strong>Cassianus.</strong></span> <span class='ocrx_word' id='word_1_978' title='bbox 2989 5404 3128 5460; x_wconf 90' lang='lat' dir='ltr'><strong>Nam</strong></span> <span class='ocrx_word' id='word_1_979' title='bbox 3179 5403 3266 5459; x_wconf 90' lang='lat' dir='ltr'><strong>alii</strong></span> <span class='ocrx_word' id='word_1_980' title='bbox 3314 5402 3478 5459; x_wconf 85' lang='lat' dir='ltr'><strong>vitam</strong></span> 
     </span>
    </p>
   </div>
   <div class='ocr_carea' id='block_1_126' title="bbox 1894 5473 3482 5546">
    <p class='ocr_par' dir='ltr' id='par_1_126' title="bbox 1894 5473 3482 5546">
     <span class='ocr_line' id='line_1_129' title="bbox 1894 5473 3482 5546; baseline 0.002 -20"><span class='ocrx_word' id='word_1_981' title='bbox 1894 5485 2243 5528; x_wconf 88' lang='lat' dir='ltr'><strong>communem</strong></span> <span class='ocrx_word' id='word_1_982' title='bbox 2289 5481 2585 5546; x_wconf 81' lang='lat' dir='ltr'><strong>spontanee</strong></span> <span class='ocrx_word' id='word_1_983' title='bbox 2620 5481 2678 5530; x_wconf 91' lang='lat' dir='ltr'><strong>et</strong></span> <span class='ocrx_word' id='word_1_984' title='bbox 2701 5473 2866 5529; x_wconf 91' lang='lat' dir='ltr'><strong>libere</strong></span> <span class='ocrx_word' id='word_1_985' title='bbox 2908 5474 3322 5546; x_wconf 80' lang='lat' dir='ltr'><strong>profitebantur,</strong></span> <span class='ocrx_word' id='word_1_986' title='bbox 3353 5490 3482 5546; x_wconf 87' lang='lat' dir='ltr'><strong>om-</strong></span> 
     </span>
    </p>
   </div>
   <div class='ocr_carea' id='block_1_127' title="bbox 1892 5543 3480 5616">
    <p class='ocr_par' dir='ltr' id='par_1_127' title="bbox 1892 5543 3480 5616">
     <span class='ocr_line' id='line_1_130' title="bbox 1892 5543 3480 5616; baseline -0.001 -18"><span class='ocrx_word' id='word_1_987' title='bbox 1892 5556 2127 5616; x_wconf 77' lang='lat' dir='ltr'><strong>nemque</strong></span> <span class='ocrx_word' id='word_1_988' title='bbox 2168 5543 2350 5600; x_wconf 88' lang='lat' dir='ltr'><strong>rerum</strong></span> <span class='ocrx_word' id='word_1_989' title='bbox 2403 5543 2796 5616; x_wconf 78' lang='lat' dir='ltr'><strong>proprietatem</strong></span> <span class='ocrx_word' id='word_1_990' title='bbox 2828 5559 2860 5598; x_wconf 91' lang='lat' dir='ltr'><strong>a</strong></span> <span class='ocrx_word' id='word_1_991' title='bbox 2896 5543 2955 5600; x_wconf 72' lang='lat' dir='ltr'><strong>se</strong></span> <span class='ocrx_word' id='word_1_992' title='bbox 2993 5545 3362 5616; x_wconf 78' lang='lat' dir='ltr'><strong>abdicabsnt:</strong></span> <span class='ocrx_word' id='word_1_993' title='bbox 3413 5545 3480 5599; x_wconf 87' lang='lat' dir='ltr'><strong>de</strong></span> 
     </span>
    </p>
   </div>
   <div class='ocr_carea' id='block_1_128' title="bbox 1927 5611 3480 5674">
    <p class='ocr_par' dir='ltr' id='par_1_128' title="bbox 1927 5611 3480 5674">
     <span class='ocr_line' id='line_1_131' title="bbox 1927 5611 3480 5674; baseline -0.002 -6"><span class='ocrx_word' id='word_1_994' title='bbox 1927 5611 2084 5670; x_wconf 76' lang='lat' dir='ltr'><strong>uibus</strong></span> <span class='ocrx_word' id='word_1_995' title='bbox 2103 5617 2229 5670; x_wconf 79' lang='lat' dir='ltr'><strong>Act.</strong></span> <span class='ocrx_word' id='word_1_996' title='bbox 2257 5622 2337 5670; x_wconf 72' lang='lat' dir='ltr'><strong>tv.</strong></span> <span class='ocrx_word' id='word_1_997' title='bbox 2366 5611 2473 5672; x_wconf 60' lang='lat' dir='ltr'><strong>A&#39;Iii</strong></span> <span class='ocrx_word' id='word_1_998' title='bbox 2496 5611 2622 5672; x_wconf 69' lang='lat' dir='ltr'><strong>vero</strong></span> <span class='ocrx_word' id='word_1_999' title='bbox 2643 5617 2754 5671; x_wconf 88' lang='lat' dir='ltr'><strong>suis</strong></span> <span class='ocrx_word' id='word_1_1000' title='bbox 2770 5613 3117 5672; x_wconf 87' lang='lat' dir='ltr'><strong>facultatibus</strong></span> <span class='ocrx_word' id='word_1_1001' title='bbox 3142 5615 3480 5674; x_wconf 82' lang='lat' dir='ltr'><strong>insistebant,</strong></span> 
     </span>
    </p>
   </div>
   <div class='ocr_carea' id='block_1_129' title="bbox 1976 5683 3483 5756">
    <p class='ocr_par' dir='ltr' id='par_1_129' title="bbox 1976 5683 3483 5756">
     <span class='ocr_line' id='line_1_132' title="bbox 1976 5683 3483 5756; baseline -0.004 -15"><span class='ocrx_word' id='word_1_1002' title='bbox 1976 5685 2172 5756; x_wconf 87' lang='lat' dir='ltr'><strong>quibus</strong></span> <span class='ocrx_word' id='word_1_1003' title='bbox 2197 5686 2530 5756; x_wconf 76' lang='lat' dir='ltr'><strong>Apostolus]</strong></span> <span class='ocrx_word' id='word_1_1004' title='bbox 2555 5686 2624 5744; x_wconf 87' lang='lat' dir='ltr'><strong>ad</strong></span> <span class='ocrx_word' id='word_1_1005' title='bbox 2644 5685 2884 5744; x_wconf 83' lang='lat' dir='ltr'><strong>Timoth.</strong></span> <span class='ocrx_word' id='word_1_1006' title='bbox 2909 5702 2970 5742; x_wconf 78' lang='lat' dir='ltr'><strong>v1</strong></span> <span class='ocrx_word' id='word_1_1007' title='bbox 2999 5708 3011 5743; x_wconf 93' lang='lat'>:</span> <span class='ocrx_word' id='word_1_1008' title='bbox 3034 5685 3305 5756; x_wconf 76' lang='lat' dir='ltr'><strong>Divitibus</strong></span> <span class='ocrx_word' id='word_1_1009' title='bbox 3318 5683 3483 5756; x_wconf 65' lang='lat' dir='ltr'><strong>hujus</strong></span> 
     </span>
    </p>
   </div>
   <div class='ocr_carea' id='block_1_130' title="bbox 1888 5753 3479 5834">
    <p class='ocr_par' dir='ltr' id='par_1_130' title="bbox 1888 5753 3479 5834">
     <span class='ocr_line' id='line_1_133' title="bbox 1888 5753 3479 5834; baseline 0 0"><span class='ocrx_word' id='word_1_1010' title='bbox 1888 5753 2073 5834; x_wconf 49' lang='grc' dir='ltr'><strong>ἔρδω</strong></span> <span class='ocrx_word' id='word_1_1011' title='bbox 2098 5753 2334 5834; x_wconf 60' lang='grc' dir='ltr'><strong>ΡτπθῖΡβ</strong></span> <span class='ocrx_word' id='word_1_1012' title='bbox 2378 5773 2484 5834; x_wconf 67' lang='lat'><strong>&quot;2&quot;</strong></span> <span class='ocrx_word' id='word_1_1013' title='bbox 2512 5759 2748 5834; x_wconf 51' lang='lat' dir='ltr'><strong>“Peri”.</strong></span> <span class='ocrx_word' id='word_1_1014' title='bbox 2769 5773 2958 5828; x_wconf 66' lang='grc' dir='ltr'><strong>δαΡενε</strong></span> <span class='ocrx_word' id='word_1_1015' title='bbox 2977 5756 3194 5834; x_wconf 64' lang='grc' dir='ltr'><strong>³.Γίξ9ί¹⁶ῗ</strong></span> <span class='ocrx_word' id='word_1_1016' title='bbox 3232 5753 3479 5834; x_wconf 51' lang='grc' dir='ltr'><strong>τήδυῖνῇ</strong></span> 
     </span>
    </p>
   </div>
   <div class='ocr_carea' id='block_1_131' title="bbox 1891 5816 3487 5901">
    <p class='ocr_par' dir='ltr' id='par_1_131' title="bbox 1891 5816 3487 5901">
     <span class='ocr_line' id='line_1_134' title="bbox 1891 5816 3487 5901; baseline -0.011 -16"><span class='ocrx_word' id='word_1_1017' title='bbox 1891 5828 2034 5885; x_wconf 79' lang='lat' dir='ltr'><strong>Hinc</strong></span> <span class='ocrx_word' id='word_1_1018' title='bbox 2061 5816 2284 5901; x_wconf 68' lang='lat' dir='ltr'><strong>semper</strong></span> <span class='ocrx_word' id='word_1_1019' title='bbox 2309 5828 2361 5883; x_wconf 93' lang='lat' dir='ltr'><strong>in</strong></span> <span class='ocrx_word' id='word_1_1020' title='bbox 2401 5816 2635 5886; x_wconf 77' lang='lat' dir='ltr'><strong>Ecclesia</strong></span> <span class='ocrx_word' id='word_1_1021' title='bbox 2678 5828 2777 5884; x_wconf 86' lang='lat' dir='ltr'><strong>fuit</strong></span> <span class='ocrx_word' id='word_1_1022' title='bbox 2819 5816 2950 5884; x_wconf 71' lang='lat' dir='ltr'><strong>usus</strong></span> <span class='ocrx_word' id='word_1_1023' title='bbox 2978 5816 3355 5880; x_wconf 45' lang='lat' dir='ltr'><strong>&#39;C&#39;ollectarum</strong></span> <span class='ocrx_word' id='word_1_1024' title='bbox 3399 5816 3487 5878; x_wconf 82' lang='lat' dir='ltr'><strong>(de</strong></span> 
     </span>
    </p>
   </div>
  </div>
