3996 6198
436 249 529 303 3H

1768 234 2047 291 JOANNIS
2083 233 2387 290 CASSIANI

3625 221 3719 275 312

439 387 666 445 magnus
691 370 904 428 fructus
930 367 1001 426 ab
1026 366 1293 441 Apostolo
1328 362 1845 431 ducebatur(Actor.
1881 366 2024 428 xv),
2053 365 2107 428 Α
2135 374 2327 417 eorum
2371 355 2573 415 nostris
2611 349 2950 425 temporibus
2984 353 3397 445 successerunt,
3427 344 3723 445 imitatores

437 468 482 525 si
508 439 701 525 saltem
723 464 793 522 ab
823 439 1097 521 idolorum
1125 462 1274 519 cultu
1300 467 1354 517 et
1395 456 1750 515 fornicatione
1774 464 1830 512 et
1862 453 2035 512 suilo-
2140 456 2407 523 existere;
2447 467 2561 508 non
2599 448 2805 506 nostris
2841 441 3251 503 deﬁnitionibus
3293 439 3720 513 acquiescamus,

436 562 567 619 catis
606 569 663 617 et
709 558 966 633 sanguine
1007 555 1269 623 revocati,
1318 552 1485 610 ﬁdem
1510 550 1712 626 Christi
1759 565 1886 607 cum
1924 549 2036 606 suis
2141 549 2211 607 de
2236 549 2345 607 hoc
2376 545 2560 620 tepido
2589 559 2653 601 ac
2680 539 2976 599 miserabili
2998 546 3142 633 statu
3173 534 3560 610 perfectionem
3580 531 3728 633 nobis

438 654 781 718 facultatibus
860 649 1255 721 suscepissent;
1303 662 1369 703 an
1416 645 1494 702 illi
1541 645 1633 717 qui
1699 642 2037 716 Evangelicm

2148 641 2525 714 Evangelicam
2549 638 2859 711 pollicentes
2887 652 2900 689 :
2933 632 3031 691 sed
3052 632 3561 688 illorum‘sectanfes
3587 625 3728 683 vesti-

441 745 828 803 satisfacientes
876 741 1160 799 sententia
1184 783 1200 809 ,
1242 755 1463 796 crucem
1514 736 1741 795 Domini
1794 736 2040 809 quotidie
2142 738 2228 810 gia
2264 731 2662 792 circumvenire
2699 727 3064 799 nosmetipsos
3123 722 3351 780 minime
3388 721 3727 788 studeamus;

444 846 718 911 portantes
746 837 965 903 (Matth.
998 839 1065 902 χ)
1085 876 1100 903 ,
1132 833 1267 890 nihil
1296 832 1409 899 sibi
1438 832 1506 889 de
1551 831 1787 904 propriis
1813 828 2042 887 faculta-

442 932 594 988 tibus
654 945 941 1003 superesse
994 928 1327 985 voluerunt?
1382 928 1630 998 Cumque
1680 924 1797 996 ipse
1849 922 2042 979 beatus

442 1024 741 1096 Apostolus
773 1022 998 1079 vinculis
1026 1031 1082 1078 et
1106 1020 1413 1077 carceribus
1437 1019 1729 1091 obligatus,
1751 1032 1850 1075 seu
1880 1018 2065 1073 vexa-'

450 1119 600 1176 tione
647 1116 856 1173 itineris
906 1113 1226 1186 impeditus,
1277 1122 1334 1169 et
1398 1112 1472 1169 ob
1518 1112 1623 1169 hoc
1664 1115 1691 1145 ⁸
1725 1116 2044 1167 consuetam

445 1207 617 1262 victus
645 1203 1006 1279 substantiam
1037 1217 1228 1275 parare
1248 1244 1266 1273 ,
1294 1211 1356 1259 ut
1388 1209 1507 1258 erat
1527 1194 1757 1267 solitus;
1788 1199 1903 1256 suis
1926 1211 2046 1253 ma-

446 1297 606 1353 nibus
643 1310 759 1352 non
785 1306 1081 1351 occurrens
1098 1337 1114 1363 ,
1136 1308 1167 1349 a
1202 1293 1492 1362 fratribus,
1516 1293 1609 1365 qui
1631 1291 1701 1349 de
1730 1289 2047 1347 Macedonia

450 1397 704 1447 venerant
721 1431 737 1458 ,
777 1389 1218 1461 supplementum
1254 1402 1375 1445 suae
1403 1386 1734 1443 necessitatis
1762 1400 1820 1441 se
1859 1384 2053 1441 asserit

448 1486 758 1556 accepisse:
789 1498 916 1540 nam
942 1483 1083 1553 quod
1110 1483 1262 1546 mihi,
1293 1482 1564 1554 inquiens,
1595 1482 1797 1544 deerat,
1828 1479 2051 1550 supple-

446 1583 638 1634 verunt
658 1580 877 1646 fratres,
894 1580 991 1646 qui
1002 1557 1261 1632 venerunt
1282 1590 1318 1629 a
1335 1575 1648 1632 Macedonia
1670 1575 1742 1645 (II
1760 1574 1879 1630 Cor.
1904 1576 2049 1640 xu);

451 1680 507 1728 et
531 1671 601 1728 ad
621 1670 991 1742 Philippenses
1023 1670 1138 1741 ipse
1164 1667 1409 1725 referens
1436 1686 1451 1723 :
1485 1670 1641 1725 Scitis
1678 1669 1819 1722 enim
1846 1672 1897 1721 et
1923 1680 2015 1721 vos
2032 1709 2049 1731 ,

451 1766 974 1835 thppmemuta
991 1765 1050 1817 in
1064 1764 1333 1833 principio
1352 1762 1655 1830 Evangelii,
1682 1746 1901 1830 quando
1915 1775 2047 1830 pro-
2081 1775 2131 1839 Β

451 1861 624 1927 fectus
643 1873 762 1912 sum
786 1873 823 1911 a
841 1857 1173 1924 Macedonia,
1191 1849 1218 1888 δ
1240 1856 1393 1910 nulla
1418 1856 1651 1912 Ecclesia
1671 1855 1810 1909 mihi
1824 1868 2055 1908 commu-

454 1955 658 2007 nicavit
683 1954 743 2005 in
765 1954 976 2006 ratione
1000 1951 1121 2005 dati
1140 1955 1192 2004 et
1221 1951 1444 2018 accepti,
1466 1950 1575 2002 nisi
1597 1962 1687 2002 vos
1709 1948 1829 2009 soli,
1857 1950 1990 2017 quia
2004 1951 2055 2002 et

459 2044 887 2100 Thessalonicam
928 2046 979 2095 et
1016 2042 1173 2096 semel
1215 2045 1267 2095 et
1295 2041 1375 2095 bis
1395 2043 1455 2094 in
1482 2054 1641 2095 usum
1675 2041 1813 2094 mihi
1830 2041 2054 2095 misistis

459 2136 675 2204 (Philip.
728 2137 815 2199 ιν)
867 2150 882 2186 :
916 2141 1077 2188 erunt
1116 2130 1418 2187 secundum
1457 2131 1689 2187 istorum
1730 2130 2055 2203 sententiam

457 2242 622 2299 quam
667 2233 852 2281 mente
890 2224 1069 2297 tepida
1114 2232 1529 2295 conceperunt',
1573 2233 1630 2280 et
1668 2223 1761 2279 isti
1791 2224 2057 2280 beatiores

457 2318 758 2391 Apostolo,
806 2316 933 2389 quia
974 2317 1043 2374 de
1092 2317 1206 2373 suis
1245 2316 1593 2373 inveniuntur
1654 2316 1702 2372 ei
1744 2316 2061 2374 substantiis

459 2411 820 2484 impertisse?~
854 2408 1015 2480 Quod
1068 2424 1258 2466 amens
1302 2408 1525 2482 quilibet
1576 2408 1756 2467 dicere
1805 2425 1919 2466 non
1960 2426 2057 2467 au-

463 2505 626 2564 debit.

1020 2600 1270 2657 CAPUT
1309 2600 1524 2657 XVIII.

723 2717 987 2844 gpostolos
1013 2718 1225 2801 imitari
1249 2717 1490 2779 velimus,
1513 2715 1637 2801 'non
1665 2716 1951 2773 debeamus
1971 2735 2064 2773 no-

764 2788 1127 2858 eﬁmhombus
1162 2803 1373 2851 vivere,
1427 2787 1522 2843 sed
1572 2788 1788 2843 illorum
1819 2791 2064 2858 exempla

764 2804 791 2843 ϐ

467 2718 622 2786 Quod
647 2719 699 2772 si
723 2718 987 2844 gpostolos
1013 2718 1225 2771 imitari
1249 2718 1490 2779 velimus,
1513 2718 1637 2772 ’τιοη
1665 2718 1951 2773 debeamus
1971 2735 2064 2773 no-

538 2791 667 2845 stris
764 2788 1127 2858 eﬁnitionibus
1162 2790 1373 2851 vivere,
1427 2787 1522 2843 sed
1572 2788 1788 2843 illorum
1819 2791 2064 2861 exempla

539 2862 752 2915 sectari.

538 2973 910 3043 Quamobrem
965 2974 1013 3029 si
1038 3003 1061 3027 c
1106 2973 1429 3045 Evangelioo
1486 2982 1760 3046 pracepto
1814 2976 2068 3033 volumus

470 3065 693 3124 obedire
711 3107 727 3133 ,
766 3073 819 3121 et
843 3064 1090 3136 Apostoli
1120 3080 1183 3120 ac
1210 3064 1379 3122 totius
1414 3066 1557 3122 illius
1585 3067 1842 3127 Ecclesia:
1870 3069 2068 3141 primi-

471 3160 633 3227 tivaz,
703 3172 799 3214 seu
865 3159 1088 3213 Patrum
1148 3159 1243 3232 qui
1294 3158 1585 3216 virtutibus
1620 3177 1686 3217 ac
1750 3161 2068 3235 perfectioni
2106 3152 2152 3215 C

2149 837 2204 887 et
2224 829 2296 885 ita
2340 824 2653 884 monasterii
2690 821 3029 893 disciplinam
3058 816 3566 889 institutionemque
3600 816 3731 888 pari-

2149 935 2233 983 ter
2292 932 2612 998 expetamus
2634 961 2649 987 ,
2698 928 2763 977 ut
2815 919 2871 975 in
2917 917 3140 973 veritate
3189 913 3562 971 renuntiamus
3619 912 3734 969 huic

2153 1018 2360 1077 mundo
2391 1037 2405 1073 ε
2433 1015 2563 1071 nihil
2587 1030 2653 1071 ex
2681 1013 2766 1069 his
2789 1026 2914 1085 qum
2936 1008 3363 1080 contempsimus
3381 1046 3399 1074 ,
3428 1004 3735 1063 inﬁdelitate

2151 1128 2253 1180 nos
2273 1110 2615 1176 retrahente,
2649 1113 2923 1164 servantes
2948 1124 2960 1161 :
2992 1100 3364 1176 quotidianum
3398 1098 3602 1155 vicum
3631 1113 3736 1155 non

2153 1205 2432 1264 recondita
2470 1201 2724 1276 pecunia,
2750 1198 2848 1256 sed
2889 1210 3055 1270 opere
3081 1195 3301 1269 proprio
3338 1191 3734 1265 conquiramus.

2730 1300 2973 1358 CAPUT
3007 1299 3170 1355 XIX.

2155 1401 2430 1459 Sententia
2447 1400 2622 1454 sancti
2644 1395 3098 1521 Basilii
3120 1392 3374 1448 adversus
3402 1390 3743 1459 Syncleticwn

2832 1481 3072 1537 pmlata.

2229 1567 2423 1621 Fertur
2464 1561 2729 1619 sententia
2769 1561 2827 1618 S.
2876 1557 3061 1615 Basilii
3124 1554 3478 1614 Caesariensis
3517 1553 3741 1627 episcopi

2158 1655 2228 1713 ad
2257 1654 2553 1728 quemdam
2582 1654 2794 1727 prolata
2816 1639 2846 1687 ⁴
2885 1650 3291 1724 Syncleticum;
3323 1646 3437 1716 tali,
3468 1661 3579 1719 quo
3605 1646 3744 1703 disi-

2162 1762 2316 1815 mus,
2368 1755 2559 1818 tepore
2608 1752 2944 1817 torpentem,
3003 1741 3096 1814 qui
3140 1755 3270 1797 cum
3316 1738 3648 1796 renuntiasse
3688 1753 3746 1794 se

2160 1840 2369 1898 diceret
2390 1838 2519 1895 huic
2542 1836 2752 1895 mundo
2771 1879 2787 1906 ,
2816 1834 3071 1909 quadam
3097 1832 3201 1891 sibi
3229 1832 3302 1891 de
3326 1831 3553 1905 propriis
3572 1828 3746 1887 facul-

2119 1986 2125 1993 .
2160 1933 2362 1993 tatibus
2383 1931 2698 1997 reservavit,
2731 1931 2926 1987 nolens
2961 1926 3218 1985 exercitio
3239 1939 3501 1983 manuum
3526 1931 3747 1980 suarum

2161 2026 2494 2097 sustentari,
2524 2034 2581 2082 et
2604 2024 2973 2081 humilitatem
3002 2036 3191 2079 veram
3216 2018 3468 2077 nuditate
3495 2026 3555 2074 et
3577 2016 3750 2088 operis

2163 2121 2489 2178 contritione
2506 2162 2523 2189 ,
2568 2117 2991 2190 monasteriique
3025 2114 3363 2189 subiectione
3396 2111 3705 2184 conquirere
3731 2128 3748 2165 :

2165 2218 2238 2272 Et
2259 2225 2567 2273 senatorem
2586 2255 2603 2285 ,
2627 2213 2799 2286 inquit
2823 2253 2839 2282 ,
2871 2208 3149 2285 perdidisti
3169 2248 3187 2278 ,
3210 2216 3266 2265 et
3287 2206 3621 2265 monachum
3642 2218 3753 2262 non

2169 2307 2360 2365 fecisti.

2738 2398 2994 2471 genus
3029 2398 3170 2455 xx.

2243 2504 2414 2571 Quam
2445 2500 2859 2570 ignominiosum
2888 2500 2961 2554 sit
2987 2513 3023 2551 a
3046 2494 3399 2568 philargyria
3428 2494 3687 2563 superari.

2241 2604 2432 2675 Itaque
2477 2601 2524 2658 si
2560 2614 2792 2674 agonem
2828 2598 3127 2672 spiritalem
3158 2603 3368 2653 certare
3407 2593 3643 2666 legitime
3667 2607 3759 2648 cu-

2172 2694 2382 2768 pimus,
2409 2693 2554 2751 hunc
2596 2707 2811 2766 quoque
2849 2690 3214 2766 pernicion
3261 2687 3479 2744 hostem
3508 2701 3539 2742 a
3561 2683 3764 2742 nostris

2172 2788 2427 2845 cordibus
2453 2786 2824 2845 extrudamus.
2855 2786 3033 2855 Quem
3069 2789 3338 2856 quantum
3365 2772 3623 2853 superare
3654 2793 3765 2835 non

2174 2896 2390 2953 magna:
2431 2880 2645 2937 virtutis
2684 2887 2801 2947 est,
2826 2886 3041 2936 tantum
3070 2877 3142 2934 ah
3182 2891 3248 2933 eo
3297 2874 3438 2931 vinci
3478 2878 3502 2906 °
3530 2872 3765 2944 ignomi-

2176 2976 2396 3033 niosum
2422 2973 2751 3047 plenumque
2771 2971 3079 3031 dedecoris.
3117 2974 3167 3027 A
3190 2978 3412 3043 potente
3433 2968 3579 3024 enim
3606 2965 3767 3033 elidi,

2176 3070 2303 3127 licet
2324 3069 2401 3127 sit
2427 3070 2483 3125 in
2512 3066 2811 3142 dejectione
2833 3066 3012 3134 dolor,
3045 3073 3099 3123 et
3120 3062 3355 3138 gemitus
3390 3062 3451 3119 in
3482 3060 3773 3117 amissione

2180 3162 2416 3221 victoriae
2442 3184 2455 3221 :
2482 3170 2664 3219 tamen
2692 3160 2932 3237 quodam
2963 3159 3128 3218 modo
3166 3158 3234 3217 de
3256 3156 3549 3216 adversarii
3576 3152 3774 3212 robore

1574 3323 1826 3379 ALARDI
1865 3324 2089 3381 GAZAEI
2133 3323 2731 3383 COMMENTARIUS.‘

476 3444 671 3527 quibus
700 3444 785 3500 hic
809 3444 1014 3527 mentio
1037 3445 1312 3527 habetur),
1336 3447 1442 3502 hoc
1467 3456 1569 3515 est,
1596 3457 1659 3504 ut
1676 3448 2069 3527 diebusdomi-

476 3517 615 3589 picis
652 3517 1011 3589 inconventu
1040 3517 1480 3589 Christianorum
1503 3519 1744 3589 pecuniae
1787 3535 1817 3574 a
1855 3519 2070 3575 ditiori-

477 3586 1370 3668 buscolligerenturhpauperist
1409 3586 1729 3668 erogandae,
1777 3590 1943 3662 idque
1971 3596 2071 3668 pro

479 3656 709 3713 arbitrio
746 3656 808 3712 et
856 3656 1611 3725 devotione'conferentiu'm,
1662 3670 1724 3716 ut
1767 3676 1832 3717 ex
1853 3656 2073 3717 'mu'ltis

481 3727 989 3802 locisiApostoliin
1019 3728 1125 3783 hoc
1155 3745 1275 3801 cap.
1303 3730 1478 3785 citatis
1504 3731 1789 3802 colligitur.

553 3803 579 3874 ᾗ
622 3799 839 3855 Phrasis
878 3800 1109 3874 obscura
1158 3799 1239 3855 et‘
1268 3814 1461 3874 parum
1506 3799 1734 3871 usitata,
1778 3817 1877 3874 pro
1899 3843 1915 3869 ,
1960 3817 2075 3857 non

482 3870 685 3936 valens,
711 3879 805 3925 aut
823 3869 1104 3925 sufﬁciens
1129 3869 1314 3941 parare
1342 3870 1544 3927 victum
1570 3869 1895 3929 consuetum
1924 3892 1937 3928 :
1969 3874 2073 3939 vel,

482 3950 546 3997 ut
566 3943 869 4026 Dionysius
885 3941 1064 3996 reddit
1089 3961 1113 4024 ε.
1131 3942 1262 3997 Cum
1278 3958 1385 4026 non
1406 3945 1794 4026 potuissetsibi
1817 3946 1931 4014 ipsi
1948 3958 2075 4015 pro-

478 4015 622 4083 priis
662 4014 914 4068 manibus
951 4014 1228 4084 acquirere
1264 4015 1465 4068 victum
1499 4015 1897 4084 quotidianum.
1962 4014 1965 4015 ⁷

554 4076 582 4115 δ
606 4082 664 4138 Id
693 4092 795 4152 est,
825 4083 971 4139 nulla
998 4082 1233 4138 Ecclesia
1262 4098 1613 4140 communem
1638 4085 1830 4141 habuit
1855 4100 2077 4141 mecum

486 4154 756 4227 rationem
798 4154 909 4227 dati
937 4155 1235 4227 etdaccepti
1285 4176 1297 4211 :
1332 4156 1458 4227 quia
1493 4156 1641 4211 nulla
1684 4156 1927 4212 Ecclesia
1979 4170 2079 4226 pro

485 4224 719 4297 acceptis
742 4225 1109 4297 spiritualibus
1143 4224 1464 4297 temporalia
1491 4228 1934 4283 communicavit.
1970 4224 2081 4281 Ra-

486 4294 973 4374 tiocnimaccepti
1001 4303 1115 4363 est,
1157 4294 1323 4367 quam
1350 4298 1515 4374 vulgo
1541 4307 1821 4374 receptam
1842 4305 2037 4374 vocant
2063 4315 2076 4351 :

486 4363 628 4418 ratio
650 4363 798 4431 dati,
821 4363 988 4439 quam
1028 4363 1323 4439 expensas,
1348 4363 1461 4439 sive
1487 4363 2082 4439 sumptussRationem

489 4449 618 4505 ergo
643 4433 1152 4509 accepti'_i'eceran_'t,
1176 4436 1306 4509 quia
1338 4433 1635 4509 spiritualia
1669 4438 1739 4493 ab
1771 4437 1888 4509 ipso
1908 4453 2082 4509 rrece~

490 4504 725 4581 perant:
770 4504 1044 4581 rationem
1079 4504 1213 4581 dati;
1231 4521 1344 4561 non
1368 4504 1655 4581 iecerant,
1698 4504 1824 4581 quia
1864 4508 1996 4581 nihil
2036 4509 2083 4563 ei

490 4574 724 4631 vicissim
753 4574 823 4658 de
846 4576 1015 4659 bonis
1040 4576 1154 4659 suis
1180 4575 1391 4632 fuerant
1418 4574 1662 4649 elargiti,
1709 4574 1934 4649 proinde
1966 4594 2079 4634 non

490 4655 1025 4720 communicaverunt
1041 4655 1113 4720 gi,
1209 4663 1260 4703 Θ.
1282 4662 1395 4703 non
1415 4664 1768 4704 communem
1792 4658 1846 4705 et
1869 4664 2085 4720 aequam

449 4750 459 4775 ι
488 4717 730 4775 fecerant
751 4720 1018 4775 rationem
1045 4716 1157 4774 dati
1187 4726 1243 4774 et
1267 4720 1507 4789 accepti;
1545 4720 1693 4789 quod
1721 4720 1921 4777 Gallice
1936 4716 2081 4776 dici-

490 4736 730 4775 recerant
751 4736 1018 4775 rationem
1045 4736 1157 4774 uau
1187 4736 1243 4774 et
1267 4736 1507 4789 accepti;
1542 4736 1693 4848 guoa
1721 4736 1921 4777 uamce
1944 4736 2081 4776 aici-
2110 4750 2161 4814 Β

490 4806 642 4853 mus,
674 4793 831 4916 Timr
856 4795 1061 4862 compte
1080 4790 1145 4846 de
1171 4791 1224 4845 Ia
1247 4795 1437 4846 recette
1465 4795 1515 4846 et
1581 4807 1633 4847 es
1661 4795 1817 4847 mises
1844 4794 2083 4863 recipro-

490 4878 708 4916 auemen
739 4904 752 4916 .

524 4878 752 4917 alternam.

488 4880 953 5008 ql‘f’gigceptum
992 4933 1386 5008 _Evangelicum
1428 4934 1682 5008 intelligit
1708 4933 1844 4991 illud
1884 4933 2081 5008 Matth.

452 5032 457 5035 -
491 5017 606 5075 ait;
639 5021 655 5056 :
682 5003 743 5059 Si
771 5003 854 5057 vis
876 5003 1326 5075 perfectus’esse,
1355 5005 1515 5068 vade,
1550 5003 1719 5061 vende
1746 5007 1926 5061 omnia
1964 5021 2085 5075 qua:

493 5072 674 5146 habes,
704 5080 807 5127 etc.
836 5092 852 5137 ;
880 5073 1033 5146 cujus
1058 5076 1308 5146 meminit
1325 5091 1444 5146 cap.
1468 5091 1598 5131 xvr.
1625 5078 1723 5132 Vel
1751 5077 1897 5131 illam
1920 5072 2087 5131 Evan-

492 5143 718 5219 gelicam
748 5143 1079 5219 sententiam
1115 5143 1182 5198 de
1208 5161 1367 5200 cruce
1392 5143 1628 5201 'Domini
1653 5147 1919 5219 portanda
1939 5188 1967 5219 ,_
1993 5162 2087 5215 per

493 5213 852 5285 voluntariam
900 5212 1523 5285 scilicetpaupertatem
1583 5212 1672 5271 et'
1699 5212 2082 5272 obedientiam.

494 5284 831 5357 Praeceptum
855 5292 1037 5357 autem
1076 5282 1166 5339 hic
1186 5294 1241 5339 et
1260 5282 1392 5342 alibi
1427 5286 1733 5357 frequenter
1768 5286 1971 5357 accipit
1988 5301 2086 5356 pro

494 5353 721 5426 consilio
764 5353 1122 5426 Evangelico,
1152 5370 1308 5411 more
1352 5366 1407 5411 et
1449 5353 1552 5412 usu
1599 5353 1905 5426 primorum
1946 5353 2087 5413 ﬁde-

494 5424 627 5511 lium
649 5467 667 5493 ,
696 5425 787 5511 qui
827 5424 1056 5511 nauita
1080 5427 1295 5511 curiose
1335 5424 1735 5511 distinguebant
1770 5428 1913 5511 inter
1945 5443 2108 5511 ρηιξε

494 5504 645 5567 cepta
675 5494 730 5568 et
752 5494 973 5568 consilia
993 5497 1374 5568 AEvangelica;
1406 5494 1751 5568 sed'tervore
1779 5494 2084 5554 devotionis

494 5567 741 5635 accensi,
780 5566 1042 5640 quidquid
1068 5566 1191 5640 erat
1230 5568 1562 5640 Evangelicaa
1605 5567 1891 5633 doctrinae,
1936 5569 2086 5625 velut

494 5637 827 5710 praeceptum
852 5637 1333 5710 amplexabantur,
1373 5637 1441 5710 et,
1463 5654 1677 5695 servare
1725 5640 2013 5694 studebant
2066 5660 2080 5694 :

497 5708 557 5765 ut
584 5708 732 5781 patet
755 5709 807 5764 in‘
851 5708 935 5763 his
959 5708 1069 5781 qui,
1090 5717 1210 5781 post
1238 5709 1612 5765 ascensionem
1646 5710 1902 5777 Domini,
1925 5712 2082 5780 primi

493 5779 839 5837 crediderunt
865 5779 1241 5851 Jcrosolymis.
1274 5783 1619 5854 Quamquam
1658 5781 1821 5839 etiam
1847 5779 2091 5838 Athana-

2180 3450 2293 3506 sius
2338 3449 2397 3504 in‘
2419 3450 2540 3505 Vita
2568 3448 2629 3505 S.
2683 3446 2943 3514 Antonii,
2988 3455 3045 3503 et
3088 3445 3311 3503 Basilius
3347 3444 3401 3500 in
3428 3441 3789 3514 orationead

2178 3520 2403 3585 divites,
2449 3526 2780 3591 prmeeptum
2827 3511 3176 3591 Dominicum
3222 3522 3415 3591 vocant
3457 3513 3545 3591 illa
3584 3511 3788 3591 verba2

2188 3592 2359 3653 Vade,
2383 3584 2548 3646 vende
2574 3584 2749 3645 ornnia
2771 3605 2889 3659 qua:
2917 3589 3096 3650 habes.
3124 3595 3178 3644 et
3199 3589 3273 3643 da
3294 3585 3643 3659 pauperibus.
3667 3584 3794 3659 Sed

2182 3662 2493 3734 intelligunt
2532 3653 2865 3734 praeceptum
2894 3653 3370 3734 conditionatum,
3400 3653 3519 3734 non
3561 3653 3796 3710 absolu-

2181 3742 2335 3797 tum;
2359 3726 2494 3803 quia
2532 3726 2647 3786 non
2687 3726 2944 3803 omnibus
2972 3731 3162 3803 datum
3195 3738 3320 3803 est,
3347 3726 3532 3803 sed_i_is
3561 3734 3793 3803 tantur}!

2182 3804 2274 3887 qui
2296 3797 2521 3887 cupiunt
2545 3817 2662 3857 esse
2689 3799 2947 3887 perfecti,
2974 3810 3027 3857 et
3050 3800 3153 3857 sub
3194 3800 3298 3857 hac
3326 3797 3638 3855 conditione
3671 3814 3686 3851 :
3717 3798 3796 3853 Si

2182 3876 2265 3928 vis
2290 3875 2557 3943 perfectus
2587 3888 2715 3936 esse,
2745 3881 2849 3929 etc.
3611 3937 3624 3950 ,
3710 3937 3727 3950 _

2254 3934 2283 3978 “
2308 3945 2562 4020 Graecam
2586 3943 2726 4020 hanc
2751 3959 2937 4020 vocem
2963 3958 3031 4020 ex
3056 3942 3315 4020 Vaticano
3337 3938 3625 4020 exemplari
3637 3947 3799 4020 scite

2185 4031 2249 4071 ac
2277 4016 2470 4071 merito
2498 4015 2737 4070 restituit
2759 4015 3044 4070 Ciaconius
3068 4056 3083 4081 ,
3112 4029 3239 4069 cum
3284 4013 3551 4081 hactenus
3579 4013 3798 4081 vitiose

2186 4087 2455 4162 legeretur
2468 4078 3298 4162 Syncletium,quemadmodum
3311 4083 3474 4162 etiam
3492 4078 3804 4162 Dionysius

2187 4152 2483 4228 expressit,
2512 4152 2733 4228 errore,
2766 4152 3112 4228 veliincuria;
3151 4163 3218 4228 ut
3250 4152 3467 4228 caeteri;
3497 4152 3655 4228 quasi
3683 4166 3803 4228 n9-

2188 4220 2316 4283 mén
2357 4220 2501 4282 esset
2536 4226 2814 4297 proprium
2858 4225 3053 4297 illius,
3078 4220 3165 4281 cui
3196 4224 3370 4297 hocﬁa
3411 4220 3540 4297 divo
3578 4220 3807 4277 Basilio

2188 4298 2415 4354 dictum.
2444 4294 2610 4368 Nam
2636 4294 2966 4368 άυγκλητικδς
3025 4296 3252 4368 Graece,
3301 4294 3495 4368 Latine
3543 4298 3808 4368 senator,

2188 4368 2336 4424 sicut
2381 4376 2439 4423 et
2474 4362 2754 4438 συγκλητδς
2801 4362 3020 4424 senatus
3069 4367 3285 4438 dicitur.
3355 4365 3531 4438 Verba
3587 4362 3813 4419 Greca

2150 4484 2155 4489 .
2191 4439 2353 4493 etiam
2380 4452 2409 4492 a
2440 4435 2698 4495 Ciaconio
2726 4438 2893 4494 relata
2915 4481 2930 4506 ,
2953 4446 3009 4494 et
3044 4438 3214 4493 ﬁdem
3249 4435 3467 4491 lectioni
3492 4438 3767 4490 astruunt
3790 4475 3811 4501 ,

2192 4517 2455 4581 etparem
2484 4523 2611 4581 cum
2655 4509 3215 4581 Latinisqelegantiam
3248 4507 3481 4581 habent;
3509 4519 3573 4581 e_a
3612 4510 3762 4581 sunt
3794 4523 3810 4559 :

2192 4574 2389 4633 καῖτδν
2412 4578 2747 4650 συγκλητικὸν
2773 4574 3038 4643 ἀπόλεσοῖς,
3062 4579 3145 4632 καὶ
3170 4578 3396 4650 μοναχὸν
3425 4575 3513 4628 οὒκ
3529 4574 3813 4650 incinctae.

2191 4645 2516 4723 Senatorem
2540 4645 2687 4706 enim
2725 4650 2813 4706 ille
2843 4645 3180 4723 perdiderat,
3202 4645 3337 4723 quia
3355 4645 3697 4704 senatoriam
3724 4645 3823 4702 di-

2195 4721 2456 4793 gnitatem
2486 4720 2926 4793 depo_suerat,‘ut
2946 4720 3251 4793 monachus
3292 4720 3475 4793 ﬁeret;
3505 4724 3560 4772 et
3599 4724 3823 4773 tamen

2194 4791 2382 4848 verum
2426 4791 2760 4848 monachum
2805 4807 2918 4847 non
2957 4792 3187 4859 fecerat,
3234 4792 3356 4863 quia
3418 4794 3826 4863 paupertatem

2196 4863 2555 4919 monasticam
2598 4863 2779 4918 subire
2813 4863 3051 4920 nolebat.
3111 4859 3282 4918 Porro
3307 4863 3363 4916 in
3398 4859 3536 4914 Vitis
3566 4860 3829 4914 Patrum

2195 4934 2383 4990 eadem
2409 4935 2675 4990 sententia
2701 4935 2769 4989 ita
2797 4933 3028 4989 refertur
3054 4955 3066 4991 :
3090 4937 3161 4990 Et
3187 4936 3399 4989 senator
3426 4945 3534 4984 esse
3558 4929 3826 4991 desitsti,

2195 5011 2248 5060 et
2274 5007 2587 5060 monachum
2612 5020 2716 5059 non
2744 5006 2943 5072 fecisti.
2970 5007 3047 5060 Ex
3066 5005 3267 5076 quibus
3291 5004 3428 5076 (Lib.
3454 5015 3514 5066 ν,
3541 4999 3728 5076 ιέρςιι.
3759 5004 3834 5068 6)

2194 5084 2344 5146 patet
2387 5090 2578 5146 vocem
2616 5068 2770 5146 illam,
2808 5068 3164 5144 Syncleticum
3193 5072 3466 5145 superﬂue
3509 5068 3832 5146 additam,

2196 5140 2425 5216 proinde
2464 5147 2519 5200 in
2544 5145 2645 5200 hac
2691 5140 2926 5201 editio'ne
2985 5148 3186 5202 merito
3240 5140 3566 5215 expunctam
3613 5140 3839 5197 fuisse.

2195 5216 2515 5290 cumenim
2547 5216 2878 5290 Syncleticus
2920 5216 3062 5272 idem
3087 5218 3156 5273 sit
3201 5216 3350 5290 quod
3392 5221 3853 5290 senator,_t_an_-

2196 5287 2396 5360 tologia
2436 5284 2597 5342 esset'
2619 5306 2632 5342 :
2658 5291 2728 5343 Et
2755 5293 3055 5343 senatorem
3092 5284 3447 5357 Syncleticum
3466 5284 3806 5355 perdidisti
3824 5324 3851 5348 ,

2194 5364 2247 5412 et
2275 5360 2592 5413 monachum
2638 5374 2745 5413 non
2773 5361 2973 5426 fecisti.

2265 5433 2290 5462 ⁶
2319 5429 2569 5502 Avaritia
2610 5425 2781 5502 turpe
2816 5430 3008 5502 vitium
3043 5436 3097 5483 et
3138 5427 3621 5502 ignominiosum;
3642 5425 3861 5502 Unde

2265 5446 2289 5462 ν
2332 5446 2569 5484 Avaritia
2610 5446 2773 5551 turpe
2816 5446 3008 5491 vinum
3043 5446 3097 5483 et
3138 5446 3585 5502 Ignominiosum.
3651 5446 3859 5483 unae

2192 5500 2392 5556 merito
2438 5500 2755 5571 ἀνελευθερα
2793 5500 2861 5571 ab
2904 5500 3195 5557 Aristotele
3238 5499 3379 5571 dicta
3424 5502 3543 5571 (vti
3569 5499 3859 5571 Bittio),

2191 5571 2315 5640 quia
2337 5587 2425 5627 res
2454 5573 2523 5627 ab
2549 5569 2770 5627 homine
2801 5570 2972 5626 libero
3020 5571 3255 5626 maxime
3283 5570 3474 5626 aliena.
3511 5570 3581 5623 Et
3611 5569 3869 5624 Cicero

2192 5641 2434 5713 quodam
2478 5642 2599 5698 loco
2627 5642 2795 5709 dixit,
2839 5642 2971 5697 nihil
2999 5656 3118 5697 esse
3155 5650 3268 5713 tam
3300 5640 3546 5713 angusti,
3572 5647 3875 5713 tantque

2192 5710 2342 5784 parvi
2372 5713 2568 5783 animi,
2608 5727 2773 5785 quam
2812 5728 2995 5770 amare
3017 5712 3305 5787 pecuniam
3334 5710 3478 5781 (Lib.
3522 5724 3574 5766 ιι
3611 5710 3818 5779 Ome.)
3839 5750 3875 5766 -
