3996 6198
369 232 474 287 313
864 230 953 285 DE
990 228 1467 288 CmNOBIORUM
1507 229 1748 286 INSTIT.
1790 230 1920 285 LIB.
1960 230 2078 285 VII.
2116 259 2186 273 -—
2224 230 2314 285 DE
2350 230 2620 285 SPIRITU
2664 229 3173 297 PHILARGYBIAF;
3561 232 3664 283 3H

367 354 530 412 victis
566 352 805 411 nascitur
830 354 1149 412 consolatio.
1179 355 1274 413 Sin
1301 370 1431 412 vero
1458 363 1516 412 et
1553 356 1809 412 inimicus
1847 357 1962 412 exi-
1989 360 2045 424 Α
2071 354 2331 429 prodesse
2381 344 2411 387 ά
2462 355 2783 412 beneﬁcium
2828 352 3129 422 nuditatis,
3177 354 3309 426 quia
3356 352 3666 425 cupiditatis

369 447 471 515 lis,
512 455 569 504 et
604 462 774 520 genus
807 447 1202 505 colluctationis
1242 447 1525 504 inﬁmum
1570 465 1584 504 :
1625 447 1767 504 ultra
1810 447 1962 520 deje-
2069 450 2265 507 vitium
2301 464 2546 506 resecare
2579 465 2691 505 non
2732 448 2930 516 valuit;
2975 446 3303 519 paupertatis
3330 444 3511 514 bono,
3553 461 3665 502 non

370 540 564 597 ctionis
588 540 839 597 dolorem
881 539 1132 598 confusio
1173 541 1401 615 turpior,
1436 550 1496 600 et
1530 541 1826 616 ignominia
1866 541 1965 600 de-
2070 544 2282 600 virtntis
2312 544 2508 600 merito
2545 542 2873 608 delectatus,
2904 551 2961 599 et
3000 540 3338 597 necessitatis
3365 554 3528 596 onere
3551 554 3663 594 non

364 634 622 694 trimento
645 635 863 710 gravior
888 634 1143 694 infertur.

930 743 956 773 ⁸
969 738 1211 800 CAPUT
1231 742 1395 797 XXI.

508 835 969 903 Quemadmodum
1001 837 1310 906 superanda
1347 837 1421 891 sit
1454 835 1822 905 philargyria.

430 939 515 993 De
548 952 659 1008 quo
699 935 816 994 haec
857 936 964 994 erit
993 937 1236 1003 {summa
1275 937 1499 994 victoria
1544 921 1964 1009 triumphusque

362 1038 656 1104 perpetuus
701 1048 714 1086 :
753 1038 817 1087 ut
843 1030 1307 1104 quemadmodum
1349 1030 1566 1099 dicitur,
1605 1044 1706 1085 nec
1744 1020 1957 1086 minuto

359 1123 583 1196 quidem
606 1138 840 1179 nummo
872 1123 1203 1180 conscientia
1231 1123 1483 1180 monachi
1513 1123 1804 1196 polluatur.
1839 1124 1957 1178 Im-

356 1216 617 1290 possibile
661 1232 899 1290 namque
955 1225 1057 1285 est,
1107 1232 1272 1285 eum,
1323 1216 1413 1290 qui
1459 1217 1629 1274 victus
1667 1217 1724 1273 in
1765 1216 1956 1288 exigua

358 1292 997 1382 stipe‘concupiscentia:
1045 1308 1212 1366 semel
1256 1309 1313 1364 in
1362 1307 1528 1366 corde
1577 1324 1678 1366 suo
1719 1306 1958 1365 radicem

357 1401 704 1473 susceperit},
728 1417 845 1458 non
881 1400 1103 1475 majoris
1130 1399 1378 1471 desiderii
1423 1402 1670 1473 protinus
1708 1400 1955 1458 incendio

358 1494 703 1566 conflagrari.
732 1493 966 1552 Tamdiu
994 1510 1229 1568 namque
1268 1495 1424 1552 miles
1457 1494 1657 1557 Christi
1690 1495 1862 1552 victor
1894 1511 1959 1552 ac

361 1602 620 1657 securus,
652 1580 680 1620 δ
725 1596 1030 1661 cunctaque
1062 1587 1370 1661 cupiditatis
1417 1589 1823 1662 impugnatione
1859 1589 1961 1645 erit

357 1687 650 1750 externus,
679 1678 854 1735 donec
882 1679 1030 1737 initia
1068 1682 1523 1756 concupiscentiae
1557 1682 1721 1756 hujus
1751 1681 1841 1739 hic
1863 1698 1958 1739 ne-

360 1772 654 1847 quissimus
689 1773 915 1847 spiritus
962 1775 1019 1853 in
1060 1774 1179 1849 ejus
1207 1775 1373 1832 corde
1408 1790 1521 1831 non
1548 1775 1766 1832 severit.
1811 1775 1956 1846 Qua-
1985 1776 2035 1840 B

359 1875 582 1940 propter
601 1883 730 1924 cum
746 1868 804 1924 in
821 1867 1341 1941 wnctisgeneribus
1361 1868 1613 1926 vitiorum
1641 1868 1960 1941 generaliter

358 1962 632 2035 serpentis
670 1969 1107 2036 caput-oporteat
1134 1960 1159 1996 °
1187 1961 1387 2020 servari
1409 2003 1425 2031 ,
1465 1961 1520 2017 in
1544 1960 1653 2017 hoc
1690 1961 1961 2033 praecipue

359 2051 669 2125 diligentius
691 2052 943 2115 convenit
969 2052 1282 2125 praecaveri.
1314 2053 1476 2124 Quod
1501 2053 1549 2110 si
1589 2051 1753 2110 fuerit
1779 2055 1960 2110 intro-

362 2145 629 2214 missum,
674 2160 774 2205 sua
807 2147 1039 2204 materia
1063 2146 1480 2214 convalescens,
1521 2149 1704 2218 ipsum
1743 2146 1964 2207 sibimet

365 2238 769 2296 vehementiora
806 2238 1092 2296 suscitabit
1128 2237 1389 2295 incendia.
1440 2237 1683 2311 Ideoque
1714 2253 1825 2294 non
1865 2255 1963 2296 so-

365 2333 479 2390 lum
508 2332 860 2406 pecuniarum
889 2341 975 2393 est
997 2330 1233 2389 cavenda
1259 2331 1554 2405 possessio,
1582 2347 1772 2389 verum
1796 2333 1958 2390 etiam

364 2428 610 2485 voluntas
664 2428 780 2501 ipsa
826 2428 897 2485 ab
932 2428 1117 2485 animo
1162 2426 1375 2499 penitus
1417 2426 1770 2485 mandenda.
1827 2429 1957 2484 Non

364 2523 511 2580 enim
536 2531 653 2581 tam
691 2524 920 2582 effectus
958 2522 1306 2598 philargyrim
1336 2521 1589 2579 vitandus
1631 2529 1750 2588 est,
1790 2537 1957 2594 quam

363 2616 592 2677 affectus
636 2618 807 2693 ipsius
861 2616 1123 2676 radicitus
1171 2617 1553 2689 amputandus.
1615 2615 1759 2673 Nihil
1810 2617 1958 2673 enim

367 2713 606 2785 proderit
634 2714 888 2786 pecunias
925 2728 1040 2771 non
1068 2710 1303 2780 habere,
1348 2710 1394 2768 si
1422 2709 1671 2769 voluntas
1713 2709 1766 2766 in
1797 2708 1961 2766 nobis

366 2805 534 2866 fuerit
559 2806 892 2883 possidendi.

918 2904 1159 2961 CAPUT
1201 2903 1394 2960 XXII.

372 2998 524 3071 Quod
542 3001 711 3070 possit
731 3002 875 3069 quis,
906 3001 1065 3055 etiam
1090 3015 1199 3071 non
1217 2998 1411 3071 habens
1437 2999 1712 3068 pecunias,
1736 2996 1961 3069 philer—

930 3085 1099 3139 ayrus
1126 3069 1391 3139 iudicati-

2072 637 2191 692 sine
2244 635 2429 693 cordis
2491 637 2753 709 languore
2814 643 3121 693 contentus.
3181 624 3661 705 Quemadmodum

2069 731 2218 788 enim
2241 746 2469 803 corpore
2491 745 2606 787 non
2630 730 2868 804 pollutos
2892 735 2916 765 °
2938 729 3290 801 Evangelicus
3311 731 3508 793 fsermo
3536 740 3665 799 pro-

2052 824 2291 881 nuntiat
2334 823 2502 880 corde
2542 822 2847 881 moechatos
2878 822 3094 894 (Matth.
3142 827 3269 887 In);
3308 820 3383 875 ita
3415 819 3658 891 pecuniae

2071 933 2289 991 quoque
2317 916 2553 989 pondere
2572 917 2804 973 minime
2821 916 3135 980 sarcinatos,
3166 912 3367 970 affectu
3387 928 3448 968 ac
3476 921 3657 968 mente

2065 1024 2194 1069 cum
2234 1011 2554 1084 philargyris
2603 1010 2953 1066 condemnari
3000 1008 3258 1081 possibile
3300 1015 3402 1063 est.
3435 1006 3666 1063 Occasio

2064 1105 2208 1162 enim
2239 1105 2315 1160 eis
2339 1103 2572 1160 habendi
2608 1102 2816 1169 defuit,
2840 1114 2953 1158 non
2982 1102 3270 1167 voluntas;
3304 1114 3427 1171 quae
3451 1114 3667 1171 semper

2067 1196 2212 1270 apud
2245 1202 2424 1254 Deum
2455 1197 2594 1253 solet
2628 1195 2805 1267 magis
2846 1209 3012 1267 quam
3050 1194 3344 1249 necessitas
3384 1193 3658 1248 coronari.

2063 1294 2252 1363 Itaque
2278 1289 2648 1347 festinandum
2676 1289 2838 1344 nobis
2862 1295 2976 1355 est,
3001 1302 3072 1343 ne
3099 1287 3158 1342 in
3183 1300 3384 1341 vanum
3414 1285 3665 1341 laborum

2062 1394 2377 1442 nostrorum
2419 1385 2789 1441 emolumenta
2817 1382 3125 1454 depereant.
3164 1379 3477 1437 Miserabile
3502 1394 3664 1435 nam-

2065 1496 2172 1554 que
2217 1489 2300 1537 est
2349 1479 2680 1552 paupertatis
2721 1494 2784 1534 ac
2827 1476 3087 1534 nuditatis
3139 1476 3316 1532 exitus
3360 1474 3657 1542 tolerasse;

2064 1572 2274 1631 fructus
2298 1588 2423 1629 vero
2448 1587 2637 1629 earum
2664 1586 2834 1628 cassae
2864 1569 3159 1626 voluntatis
3180 1567 3314 1626 vitio
3343 1565 3660 1642 perdidisse.

2614 1706 2860 1762 CAPUT
2898 1704 3119 1761 XXIII.

2568 1822 2885 1909 Erremplum
2911 1820 2977 1875 de
3010 1818 3168 1875 Juda.

2142 1946 2240 2002 Vis
2264 1958 2426 2001 nosse
2445 1958 2611 2016 quam
2634 1942 2956 2016 perniciose,
2981 1955 3143 2014 quam
3161 1941 3323 1997 noxie
3342 1941 3521 1998 fomes
3543 1941 3666 2008 iste,

2066 2039 2167 2097 nisi
2196 2037 2361 2096 fuerit
2386 2037 2676 2113 diligenter
2702 2036 2935 2117 excisus,
2964 2034 3034 2091 ad
3067 2032 3185 2107 ejus
3229 2035 3508 2090 interitum
3530 2077 3545 2100 ,
3579 2036 3669 2107 qui

2068 2122 2196 2191 eum
2239 2132 2578 2205 conceperit,
2628 2128 2957 2200 fructiﬁcet,
2994 2136 3050 2185 et
3093 2128 3399 2201 omnigenis
3442 2128 3669 2200 pullulet

2067 2226 2391 2283 ramusculis
2438 2225 2739 2282 vitiorum?
2784 2224 3013 2296 Respice
3059 2222 3261 2279 Iudam
3292 2220 3705 2294 apostolornm'

2067 2333 2297 2375 numero
2320 2317 2643 2390 deputatum
2663 2360 2679 2387 ,
2726 2317 2849 2390 quia
2876 2315 3054 2373 noluit
3094 2315 3360 2387 serpentis
3385 2314 3548 2385 hujus
3580 2328 3667 2369 ca-

2064 2423 2163 2486 put
2189 2411 2387 2469 letbale
2414 2421 2713 2479 conterere,
2745 2410 2980 2484 qualiter
3008 2426 3134 2468 eum
3160 2426 3260 2467 suo
3297 2425 3510 2467 veneno
3542 2423 3665 2481 per-

2064 2508 2262 2563 emerit
2287 2514 2343 2562 et
2379 2505 2831 2585 concupiscentia
2858 2504 3058 2576 laqueis
3086 2503 3360 2559 irretitum
3401 2501 3471 2558 ad
3498 2514 3666 2574 quam

2066 2600 2285 2672 abrupti
2329 2598 2613 2672 praecipitii
2653 2599 2863 2654 crimen
2902 2598 3221 2670 impegerit,
3260 2604 3323 2652 ut
3350 2595 3664 2668 redempto-

2068 2709 2186 2750 rem
2235 2692 2428 2749 mundi
2473 2701 2531 2749 et
2560 2692 2830 2763 [humanae
2877 2692 3065 2749 salutis
3110 2699 3395 2747 auctorem
3452 2689 3670 2762 triginta

2069 2787 2337 2861 argenteis
2362 2785 2686 2858 persuaserit
2713 2784 2962 2841 vendere.
2995 2784 3102 2853 Qui
3145 2796 3491 2854 nequaquam
3521 2790 3671 2837 esset

2070 2880 2141 2938 ad
2169 2890 2283 2938 tam
2326 2880 2617 2937 scelestum
2650 2878 2976 2952 proditionis
3002 2876 3213 2934 facinus
3260 2876 3544 2931 devolutus
3571 2915 3586 2941 ,
3616 2874 3671 2930 si

2071 2992 2182 3033 non
2226 2974 2567 3049 philargyriae
2610 2973 2807 3030 morbo
2848 2971 3035 3029 fuisset
3084 2967 3317 3027 infectus
3368 2983 3515 3025 :nec
3554 2969 3667 3022 Do-
3768 3010 3769 3013 η

2070 3067 2284 3125 ιιιὶιιὶοω
2311 3059 2330 3101 ί
2356 3066 2657 3139 negationis
2690 3067 2817 3136 [ΑΖ.
2856 3060 3182 3135 necationis]
3218 3077 3341 3118 reus
3377 3059 3666 3131 sacrilegus

439 3161 707 3219 Possibile
744 3176 983 3235 namque
1019 3162 1181 3218 etiam
1211 3176 1327 3218 non
1376 3159 1685 3218 babentem‘
1716 3162 1970 3235 pecunias
1998 3163 2043 3228 C
2074 3162 2398 3232 exstitisset,
2441 3160 2542 3217 nisi
2571 3161 2719 3234 prius
2764 3158 2960 3217 solitus
2988 3156 3182 3216 fuisset
3215 3158 3243 3198 ⁸
3284 3154 3521 3213 creditos
3564 3153 3665 3210 sibi

374 3270 715 3328 nequaquam
753 3253 1100 3328 pbilargyriae
1149 3252 1345 3311 morbo
1375 3267 1557 3310 carere
1579 3296 1595 3323 ,
1643 3253 1885 3328 nihilque
1917 3255 1966 3312 ei

2073 3257 2286 3314 loculos
2317 3256 2633 3329 compilare.

1462 3397 1716 3453 ALABDI
1755 3398 1979 3455 GAZzEI
2015 3397 2573 3456 COMMENTARIUS.

439 3514 467 3544 ⁸
498 3511 712 3584 Totum
757 3511 870 3584 hoc
907 3520 1069 3584 caput
1114 3512 1392 3584 praeclaris
1431 3512 1710 3569 sententiis
1741 3520 1796 3569 et
1846 3528 1970 3569 me-

368 3581 560 3664 moriae
584 3581 1368 3664 commendandisredundat;
1395 3598 1529 3656 quas
1551 3584 1814 3664 adﬁnem
1841 3600 1969 3657 ope-

370 3654 443 3709 ris
466 3668 592 3708 cum
621 3654 737 3710 aliis
766 3654 1142 3710 selectioribus
1172 3655 1224 3709 in
1251 3654 1501 3711 ordinem
1526 3654 1857 3712 redigemus.

439 3717 710 3799 PPbrasis
734 3727 993 3783 Cassiano
1022 3725 1327 3799 peculiaris.
1353 3729 1462 3782 Pro
1496 3740 1605 3797 quo
1631 3717 1926 3799 ﬁionysius
1952 3746 1964 3783 :

373 3796 457 3851 Ab
479 3798 623 3868 omni
647 3796 1056 3868 impugnatione
1077 3796 1525 3868 cupiditatiserit
1547 3796 1821 3852 immunis.

440 3890 465 3920 ο
483 3867 545 3921 Id
567 3875 648 3922 est
665 3868 956 3929 obseruari,
981 3867 1088 3934 vel,
1114 3866 1174 3921 ut
1199 3866 1340 3922 infra
1366 3866 1520 3931 dicit,
1536 3871 1852 3935 prcecavert',
1875 3866 1968 3923 ubi

369 3944 679 4009 serpentem
704 3947 862 4009 vocat
889 3936 1197 4009 diabolum,
1219 3935 1683 4009 quemadmodum
1720 3947 1775 3991 et
1802 3953 1965 4007 supe-

372 4002 518 4062 riore
541 4005 681 4061 libro
714 4026 729 4062 :
766 4002 1419 4078 cujus‘serpentis'caput
1454 4002 1792 4078 observatur,
1822 4002 1970 4078 prae-

371 4084 614 4143 cavetur,
655 4083 711 4131 et
745 4071 1351 4144 secundum'vulgatam
1395 4071 1700 4144 versionem
1741 4071 1972 4131 conteri.

375 4154 486 4217 tur,
526 4142 662 4217 dum
693 4146 811 4217 ejus
849 4142 1284 4217 suggestionibus
1327 4142 1541 4199 fortiter
1567 4157 1632 4199 ac
1660 4142 1774 4200 sine
1819 4161 1973 4202 mora

373 4214 663 4270 resistitur.

445 4273 483 4359 ‘_
518 4286 579 4342 Id
620 4294 736 4354 est,
787 4283 1051 4359 professio
1095 4288 1446 4358 paupertatis.
1492 4285 1653 4359 Nulla
1698 4285 1972 4359 siquidem

372 4355 556 4428 major
594 4372 713 4413 esse
756 4355 973 4429 n‘uditas
1013 4355 1222 4429 potest,
1261 4356 1745 4429 quamreligiosi,
1762 4355 1970 4424 status,
2018 4368 2027 4373 ‘

373 4427 521 4500 quae
548 4443 660 4484 non
709 4428 890 4484 solum
934 4427 1307 4500 paupertatem
1361 4427 1604 4496 inducit;
1655 4428 1752 4500 sed
1800 4428 1969 4484 etiam

373 4497 623 4554 omnium
657 4514 841 4554 rerum
872 4497 1244 4570 possessione,
1273 4500 1600 4570 proprietate
1627 4514 1693 4554 ac
1722 4499 1969 4555 dominio

373 4572 654 4641 quemque
686 4568 1020 4625 monachum
1073 4568 1291 4641 penitus
1333 4568 1485 4641 eiuit
1522 4576 1581 4625 et
1615 4571 1857 4641 spoliat:
1906 4579 1968 4627 ut

374 4655 485 4695 non
526 4639 695 4696 modo
733 4655 926 4711 agrum
953 4647 1049 4694 aut
1075 4639 1350 4705 domum,
1399 4640 1528 4708 sed,
1565 4639 1796 4696 ut‘alibi
1831 4642 1968 4699 dixit

375 4710 680 4776 Cassianus,
705 4727 811 4765 non
829 4714 1045 4778 vestem,
1073 4726 1180 4765 non
1212 4711 1503 4780 graphium
1521 4752 1537 4773 ,
1567 4727 1673 4765 non
1702 4714 1965 4767 calamum

372 4784 544 4853 possit
571 4783 769 4852 aliquis
799 4782 1075 4853 appellare
1096 4796 1264 4853 suum
1290 4780 1436 4853 (ευρ.
1458 4783 1555 4853 lib.
1585 4796 1652 4837 ιγ
1689 4798 1804 4853 cap.
1852 4789 1958 4848 13).

2076 3515 2554 3586 possessionesque
2612 3512 2955 3586 relinquere,
3008 3518 3105 3567 aut
3180 3509 3244 3567 iis
3286 3524 3500 3586 carere;
3572 3509 3669 3567 sed

2075 3581 2295 3657 oportet
2345 3581 2569 3641 omnem
2615 3581 2806 3657 earum
2875 3582 3169 3657 affectum,
3223 3589 3279 3636 et
3327 3581 3667 3657 voluntatem

2075 3652 2389 3728 possidendi
2451 3656 2793 3728 deposuisse,
2863 3665 2947 3728 utA
2979 3654 3070 3709 hic
3130 3652 3289 3728 docet
3355 3652 3666 3728 Cassianus.

2075 3723 2216 3783 Nam
2263 3723 2588 3799 philargyria
2622 3742 2736 3782 non
2775 3733 2892 3780 tam
2931 3725 2988 3799 in
3035 3724 3373 3799 possessione
3414 3738 3577 3796 quam
3614 3723 3670 3778 in

2073 3794 2599 3854 amore'divitiai'um
2636 3806 2729 3852 aut
2752 3794 3446 3867 pecuniarumeonsistit,’
3463 3802 3532 3867 _ut
3572 3809 3669 3867 no-_

2072 3884 2200 3942 men
2243 3869 2420 3942 ipsum
2464 3862 2840 3942 sonat._Unde
2886 3865 3085 3942 passim
3116 3864 3174 3942 in
3214 3862 3670 3942 Scripturis,_ubi

2074 3931 2279 4013 Graece
2299 3939 2617 4013 «paeneper,
2650 3939 2839 4013 Latine
2862 3931 3159 4013 cupid_i_ve|
3208 3931 3667 4013 avari_d_icuntur,

2075 4010 2227 4078 quasi
2257 4004 2380 4064 aeris
2402 4004 2564 4075 avidi,
2591 4017 2650 4063 ut
2671 4008 2880 4064 dictum
2908 4004 2989 4062 est
3015 4008 3192 4072 (Luca:
3209 4016 3336 4061 xvr.
3364 4005 3384 4056 ι
3414 4004 3548 4056 Tim.
3584 4016 3659 4057 ιιι

2077 4084 2128 4132 et
2157 4081 2208 4132 II
2241 4082 2379 4133 Tim.
2412 4084 2533 4143 ιιι).

2149 4151 2173 4180 ⁸
2198 4149 2439 4203 Matthaai
2480 4160 2521 4203 ν
2567 4166 2580 4202 :
2634 4150 2740 4215 Qui
2776 4146 2974 4200 uiderit
3004 4146 3279 4198 mulierem
3317 4144 3392 4196 ad
3425 4144 3668 4215 concupi-

2078 4218 2325 4273 scendam
2359 4234 2503 4280 eam,
2542 4213 2662 4286 jam
2693 4216 2983 4270 mazchatus
3014 4219 3098 4286 est
3126 4229 3241 4267 eam
3259 4215 3339 4286 in
3373 4213 3528 4286 corde
3552 4229 3666 4286 suo.

2079 4283 2560 4358 Quemadmodum
2580 4302 2709 4358 ergo
2732 4286 2848 4341 sola
2873 4284 3306 4358 concupiscentia
3331 4284 3520 4358 uxoris
3543 4283 3670 4339 alie-

2076 4375 2166 4415 nm
2204 4357 2443 4415 efﬁcitur
2471 4358 2593 4429 quis
2634 4356 2757 4413 reus
2802 4356 3146 4429 mmcbiaaiet
3181 4356 3432 4411 adulterii
3462 4370 3669 4429 coram

2077 4434 2196 4486 Deo
2233 4447 2248 4483 :
2292 4430 2362 4485 ita
2392 4426 2505 4486 sola
2534 4426 2822 4485 affectione
2857 4436 2913 4484 et
2957 4426 3246 4499 cupiditate
3276 4427 3665 4499 pecuniarum,

2032 4532 2038 4545 ν
2074 4502 2156 4557 vel
2176 4542 2194 4570 ,
2225 4509 2286 4558 ut
2313 4502 2678 4557 communiter
2705 4500 3021 4571 loquimur,
3063 4500 3180 4571 solo
3211 4499 3553 4570 proprietatis
3589 4499 3668 4553 af-

2077 4571 2219 4656 fectu
2251 4571 2505 4656 efﬁcitur
2547 4569 2851 4630 monachus
2886 4586 3011 4629 reus
3057 4569 3401 4643 philargyriae
3442 4578 3498 4627 et
3547 4585 3672 4641 pro-

2072 4652 2500 4772 pn'elt‘iaggtionis
2541 4716 2774 4787 potius,_
2795 4721 2890 4769 aut
2911 4712 3180 4787 necis,_ut
3207 4712 3262 4787 in
3297 4712 3544 4782 margine
3574 4726 3671 4764 an-

2068 4795 2310 4841 notatur.
2346 4790 2471 4842 Non
2499 4783 2655 4856 enim;
2671 4785 2870 4856 legitur
2895 4787 2924 4838 J
2931 4784 3066 4856 udas
3098 4783 3394 4856 Dominum
3419 4794 3668 4856 negasse;

376 4833 553 4934 huius
577 4833 763 4934 agas
788 4833 1066 4934 itaista
1095 4833 1804 4934 scientianam:
1820 4833 1963 4934 eis;
1990 4833 2041 4895 D
2069 4833 2478 4934 maiestas
2500 4833 2863 4934 Ῐιῖέεςέιίεῖέςςεξ
2892 4833 3410 4934 sissesisse;
3438 4833 3546 4934 pse
3567 4833 3665 4934 «ξς-ξ

377 4921 561 4993 gorius
590 4922 675 4978 his
697 4922 912 5005 verbis,
957 4936 1085 5005 qum
1118 4921 1340 5005 tametsi
1370 4922 1440 5004 ad
1475 4937 1675 5005 omnes
1708 4922 1964 5005 Christia-

378 4991 479 5064 nos
505 5008 606 5064 suo
653 4991 820 5049 modo
856 4991 1198 5064 pertineant,
1219 4993 1431 5063 proprie
1468 5000 1655 5047 tamen
1681 5000 1735 5047 et
1763 4994 1969 5064 specia-

381 5063 482 5119 lius
506 5063 575 5120 ad
613 5066 760 5119 solos
802 5060 1087 5134 religiosos
1109 5060 1423 5134 referuntur
1454 5079 1469 5116 :
1502 5060 1855 5133 Quicumque,
1888 5066 1972 5120 in-

380 5134 519 5206 quit,
550 5136 625 5190 ad
651 5135 779 5205 ﬁdei
799 5133 1020 5202 agonem
1041 5136 1296 5195 venimus,
1322 5133 1589 5206 luctamen
1606 5139 1788 5189 contra
1808 5136 1969 5189 mali-

384 5204 513 5273 gnos
780 5208 1038 5260 sumimus
1066 5223 1083 5257 :
1112 5206 1252 5258 nihil
1275 5208 1453 5259 autem
1479 5204 1710 5272 maligni
1748 5208 1972 5275 spiritus

384 5280 439 5330 in
484 5278 577 5331 hoc
611 5277 811 5331 mundo
842 5278 1126 5346 proprium
1165 5275 1461 5345 possident.
1502 5275 1652 5332 Nudi
1692 5289 1818 5343 ergo
1856 5292 1975 5330 cum

381 5348 547 5402 nudis
567 5348 770 5401 luctari
792 5346 1059 5401 debemus.
1092 5348 1231 5403 Nam
1258 5348 1309 5400 si
1329 5348 1550 5400 uestitus
1575 5348 1819 5415 quisquis
1855 5362 1975 5400 cum

382 5418 527 5471 nudo
554 5418 811 5482 luctatur,
832 5419 992 5472 citius
1017 5417 1093 5471 ad
1131 5422 1331 5472 terram
1351 5417 1625 5486 deﬁcitur,
1652 5419 1784 5486 quia
1818 5417 1978 5472 habet

382 5489 523 5542 unde
569 5493 828 5543 teneatur.
870 5488 1012 5556 Quid
1056 5491 1196 5542 enim
1218 5493 1346 5542 sunt
1372 5492 1584 5542 terrena
1618 5490 1797 5542 omnia
1812 5530 1827 5551 ,
1865 5490 1978 5541 nisi

382 5558 634 5628 quadam
655 5561 890 5629 corporis
918 5559 1272 5615 indumenta?
1297 5560 1402 5626 Qui
1429 5574 1552 5628 ergo
1575 5564 1760 5615 contra
1788 5560 1978 5613 diabo-

381 5631 492 5683 lum
514 5630 588 5683 ad
615 5635 876 5685 certamen
892 5636 1163 5700 properat,
1184 5632 1493 5685 vestimenta
1511 5630 1753 5699 abjiciat,
1769 5646 1836 5685 ne
1860 5645 1976 5685 suc-

377 5700 612 5755 cumbat.
639 5702 775 5757 Hac
800 5701 1095 5771 Gregorius
1131 5701 1350 5771 (Homil.
1377 5706 1444 5756 33
1470 5702 1531 5754 in
1568 5703 1978 5771 Evang.).7Caa-

381 5779 561 5827 terum
621 5771 691 5828 ad
752 5769 1051 5844 perfectam
1086 5770 1388 5828 nuditatem
1434 5786 1545 5828 non
1586 5769 1787 5828 sufﬁcit
1832 5770 1975 5827 bona

2074 4925 2313 4980 sertione
2341 4918 2705 4979 defectioneve
2737 4920 2990 4991 accipias,
3021 4920 3175 4989 juxta
3213 4918 3341 4974 illud
3381 4918 3626 4990 Apostoli
3656 4940 3668 4976 :

2077 4996 2407 5063 Conﬁtentur
2457 5008 2513 5047 se
2574 4997 2742 5048 Deum
2798 5006 2978 5057 nosse;
3029 4991 3195 5058 factis
3247 4994 3422 5047 autem
3474 4997 3672 5060 negant
3782 5028 3795 5037 -

2111 5067 2218 5119 Tit.
2256 5067 2320 5119 ι).

2085 5064 2394 5189 avdiit!“
2438 5146 2580 5205 aegre
2624 5130 2799 5205 ferens
2847 5130 3212 5205 damnumhet
3259 5134 3522 5205 iacturam
3564 5149 3671 5189 un-

2081 5205 2267 5278 guenti
2297 5220 2329 5260 a
2360 5203 2678 5278 Magdalena
2714 5202 2900 5270 effusi,
2934 5203 3096 5263 verba
3120 5203 3210 5259 illa
3240 5202 3673 5278 indignabundus

2081 5274 2273 5332 effudit
2302 5295 2315 5332 :
2350 5274 2526 5344 Quare
2554 5275 2619 5328 ho
2632 5280 2981 5343 amynentum
3006 5282 3111 5329 non
3133 5279 3298 5330 veniit
3317 5274 3560 5331 trecentis
3587 5278 3673 5329 des

2080 5351 2272 5410 uariis,
2294 5352 2344 5403 et
2363 5348 2551 5401 datum
2574 5351 2654 5399 est
2670 5348 2844 5413 egenis
2860 5349 2894 5399 γ’
2910 5348 3065 5401 DimTt
3080 5351 3257 5401 autem
3277 5350 3388 5410 hoc,
3409 5347 3485 5401 ait
3506 5348 3674 5400 Evan-

2085 5419 2268 5490 gelista
2286 5460 2301 5485 ,
2332 5434 2439 5472 non
2459 5417 2610 5490 quia
2650 5416 2715 5470 de
2753 5419 2925 5484 egenis
2956 5419 3256 5486 pertinebat
3280 5420 3354 5473 ad
3380 5420 3545 5490 erant
3568 5416 3674 5490 hoc

2087 5485 2199 5557 Est,
2238 5505 2350 5544 non
2380 5485 2502 5558 quia
2537 5501 2795 5557 pauperes
2837 5485 3076 5552 curaret,
3101 5498 3194 5542 aut
3216 5491 3282 5543 de
3310 5490 3385 5542 eis
3407 5485 3673 5541 sollicitus

2086 5565 2280 5626 esset);
2307 5560 2400 5613 sed
2430 5560 2561 5628 quia
2595 5560 2693 5624 fur
2716 5562 2867 5620 erat,
2898 5563 2947 5613 et
2992 5560 3183 5612 (oculos
3204 5560 3433 5615 habens,
3465 5570 3525 5608 ea
3552 5569 3671 5628 qua

2084 5626 2910 5699 mittebantur'portabat(Joan.
2937 5633 3075 5693 xu).
3106 5630 3311 5699 Furem
3330 5639 3454 5699 eum
3484 5626 3670 5692 appel-

2087 5701 2193 5767 lat,
2225 5701 2351 5771 quia
2377 5694 2615 5766 loculos,
2644 5704 2701 5753 ut
2726 5694 2812 5752 hic
2845 5699 3065 5771 dicitur,
3086 5698 3195 5771 sibi
3226 5713 3254 5749 a
3286 5694 3521 5769 Domino
3548 5705 3668 5742 con-

2084 5765 2337 5838 creditae,
2362 5771 2560 5828 solitus
2586 5765 2701 5827 erat
2727 5769 3022 5839 compilare
3041 5806 3055 5832 ,
3086 5765 3188 5818 hoc
3230 5772 3313 5817 est
3330 5803 3344 5826 ,
3372 5765 3640 5823 surripere
3660 5789 3673 5811 ν
