  <div class='ocr_page' id='page_1' title='image "/cluster/home/n/w/nwhite01/storage/ocr_20150623/49/hvd.32044096580709/165.png"; bbox 0 0 3996 6198; ppageno 0'>
   <div class='ocr_carea' id='block_1_1' title="bbox 308 161 410 217">
    <p class='ocr_par' dir='ltr' id='par_1_1' title="bbox 308 161 410 217">
     <span class='ocr_line' id='line_1_1' title="bbox 308 161 410 217; baseline -0.029 -1"><span class='ocrx_word' id='word_1_1' title='bbox 308 161 410 217; x_wconf 77' lang='grc'><strong>315</strong></span> 
     </span>
    </p>
   </div>
   <div class='ocr_carea' id='block_1_2' title="bbox 839 285 1331 348">
    <p class='ocr_par' dir='ltr' id='par_1_2' title="bbox 839 285 1331 348">
     <span class='ocr_line' id='line_1_2' title="bbox 839 285 1331 348; baseline 0.008 -5"><span class='ocrx_word' id='word_1_2' title='bbox 839 285 1079 346; x_wconf 84' lang='lat' dir='ltr'><strong>CAPUT</strong></span> <span class='ocrx_word' id='word_1_3' title='bbox 1116 289 1331 348; x_wconf 81' lang='lat' dir='ltr'><strong>XXIV.</strong></span> 
     </span>
    </p>
   </div>
   <div class='ocr_carea' id='block_1_3' title="bbox 351 428 1862 506">
    <p class='ocr_par' dir='ltr' id='par_1_3' title="bbox 351 428 1862 506">
     <span class='ocr_line' id='line_1_3' title="bbox 351 428 1862 506; baseline 0.005 -24"><span class='ocrx_word' id='word_1_4' title='bbox 351 428 502 498; x_wconf 76' lang='lat' dir='ltr'><strong>Quod</strong></span> <span class='ocrx_word' id='word_1_5' title='bbox 522 428 902 500; x_wconf 84' lang='lat' dir='ltr'><strong>philargyria,</strong></span> <span class='ocrx_word' id='word_1_6' title='bbox 930 435 1042 486; x_wconf 87' lang='lat' dir='ltr'><strong>nisi</strong></span> <span class='ocrx_word' id='word_1_7' title='bbox 1066 431 1344 496; x_wconf 86' lang='lat' dir='ltr'><strong>nuditate,</strong></span> <span class='ocrx_word' id='word_1_8' title='bbox 1370 434 1515 489; x_wconf 74' lang='lat' dir='ltr'><strong>vinci</strong></span> <span class='ocrx_word' id='word_1_9' title='bbox 1547 447 1652 488; x_wconf 87' lang='lat' dir='ltr'><strong>non</strong></span> <span class='ocrx_word' id='word_1_10' title='bbox 1673 435 1862 506; x_wconf 77' lang='lat' dir='ltr'><strong>possit.</strong></span> 
     </span>
    </p>
   </div>
   <div class='ocr_carea' id='block_1_4' title="bbox 380 573 1900 649">
    <p class='ocr_par' dir='ltr' id='par_1_4' title="bbox 380 573 1900 649">
     <span class='ocr_line' id='line_1_4' title="bbox 380 573 1900 649; baseline 0.005 -23"><span class='ocrx_word' id='word_1_11' title='bbox 380 573 631 629; x_wconf 87' lang='lat' dir='ltr'><strong>lmmane</strong></span> <span class='ocrx_word' id='word_1_12' title='bbox 663 573 796 630; x_wconf 81' lang='lat' dir='ltr'><strong>satis</strong></span> <span class='ocrx_word' id='word_1_13' title='bbox 833 581 888 630; x_wconf 87' lang='lat' dir='ltr'><strong>et</strong></span> <span class='ocrx_word' id='word_1_14' title='bbox 930 573 1147 631; x_wconf 78' lang='lat' dir='ltr'><strong>evidens</strong></span> <span class='ocrx_word' id='word_1_15' title='bbox 1174 574 1476 646; x_wconf 82' lang='lat' dir='ltr'><strong>tyrannidis</strong></span> <span class='ocrx_word' id='word_1_16' title='bbox 1514 575 1676 649; x_wconf 82' lang='lat' dir='ltr'><strong>hujus</strong></span> <span class='ocrx_word' id='word_1_17' title='bbox 1719 591 1900 633; x_wconf 64' lang='lat' dir='ltr'><strong>exemo</strong></span> 
     </span>
    </p>
   </div>
   <div class='ocr_carea' id='block_1_5' title="bbox 307 666 1900 743">
    <p class='ocr_par' dir='ltr' id='par_1_5' title="bbox 307 666 1900 743">
     <span class='ocr_line' id='line_1_5' title="bbox 307 666 1900 743; baseline 0.003 -22"><span class='ocrx_word' id='word_1_18' title='bbox 307 666 459 733; x_wconf 87' lang='lat' dir='ltr'><strong>plum</strong></span> <span class='ocrx_word' id='word_1_19' title='bbox 476 706 489 731; x_wconf 89' lang='lat'><strong>,</strong></span> <span class='ocrx_word' id='word_1_20' title='bbox 523 682 647 739; x_wconf 85' lang='lat' dir='ltr'><strong>quae</strong></span> <span class='ocrx_word' id='word_1_21' title='bbox 672 667 841 724; x_wconf 83' lang='lat' dir='ltr'><strong>semel</strong></span> <span class='ocrx_word' id='word_1_22' title='bbox 866 673 947 735; x_wconf 90' lang='lat' dir='ltr'><strong>(ut</strong></span> <span class='ocrx_word' id='word_1_23' title='bbox 971 667 1230 735; x_wconf 84' lang='lat' dir='ltr'><strong>diximus)</strong></span> <span class='ocrx_word' id='word_1_24' title='bbox 1253 668 1449 726; x_wconf 66' lang='lat' dir='ltr'><strong>animae</strong></span> <span class='ocrx_word' id='word_1_25' title='bbox 1474 671 1756 743; x_wconf 67' lang='lat' dir='ltr'><strong>captivatai</strong></span> <span class='ocrx_word' id='word_1_26' title='bbox 1784 670 1900 727; x_wconf 91' lang='lat' dir='ltr'><strong>nul-</strong></span> 
     </span>
    </p>
   </div>
   <div class='ocr_carea' id='block_1_6' title="bbox 308 761 1900 835">
    <p class='ocr_par' dir='ltr' id='par_1_6' title="bbox 308 761 1900 835">
     <span class='ocr_line' id='line_1_6' title="bbox 308 761 1900 835; baseline 0.002 -20"><span class='ocrx_word' id='word_1_27' title='bbox 308 761 417 816; x_wconf 91' lang='lat' dir='ltr'><strong>lam</strong></span> <span class='ocrx_word' id='word_1_28' title='bbox 443 761 702 833; x_wconf 83' lang='lat' dir='ltr'><strong>permittit</strong></span> <span class='ocrx_word' id='word_1_29' title='bbox 741 761 1039 819; x_wconf 84' lang='lat' dir='ltr'><strong>honestatis</strong></span> <span class='ocrx_word' id='word_1_30' title='bbox 1068 762 1309 835; x_wconf 79' lang='lat' dir='ltr'><strong>regulam</strong></span> <span class='ocrx_word' id='word_1_31' title='bbox 1333 763 1637 830; x_wconf 87' lang='lat' dir='ltr'><strong>custodire,</strong></span> <span class='ocrx_word' id='word_1_32' title='bbox 1658 780 1760 821; x_wconf 89' lang='lat' dir='ltr'><strong>nec</strong></span> <span class='ocrx_word' id='word_1_33' title='bbox 1787 764 1900 820; x_wconf 90' lang='lat' dir='ltr'><strong>ulla</strong></span> 
     </span>
    </p>
   </div>
   <div class='ocr_carea' id='block_1_7' title="bbox 309 854 1901 927">
    <p class='ocr_par' dir='ltr' id='par_1_7' title="bbox 309 854 1901 927">
     <span class='ocr_line' id='line_1_7' title="bbox 309 854 1901 927; baseline 0.001 -18"><span class='ocrx_word' id='word_1_34' title='bbox 309 861 547 924; x_wconf 68' lang='lat' dir='ltr'><strong>quaestus</strong></span> <span class='ocrx_word' id='word_1_35' title='bbox 585 854 882 925; x_wconf 90' lang='lat' dir='ltr'><strong>adjectione</strong></span> <span class='ocrx_word' id='word_1_36' title='bbox 916 855 1115 912; x_wconf 81' lang='lat' dir='ltr'><strong>satiari.</strong></span> <span class='ocrx_word' id='word_1_37' title='bbox 1152 855 1303 913; x_wconf 82' lang='lat' dir='ltr'><strong>Finis</strong></span> <span class='ocrx_word' id='word_1_38' title='bbox 1330 857 1476 913; x_wconf 88' lang='lat' dir='ltr'><strong>enim</strong></span> <span class='ocrx_word' id='word_1_39' title='bbox 1526 855 1691 913; x_wconf 86' lang='lat' dir='ltr'><strong>rahiei</strong></span> <span class='ocrx_word' id='word_1_40' title='bbox 1737 854 1901 927; x_wconf 83' lang='lat' dir='ltr'><strong>hujus</strong></span> 
     </span>
    </p>
   </div>
   <div class='ocr_carea' id='block_1_8' title="bbox 304 946 1893 1022">
    <p class='ocr_par' dir='ltr' id='par_1_8' title="bbox 304 946 1893 1022">
     <span class='ocr_line' id='line_1_8' title="bbox 304 946 1893 1022; baseline 0.002 -20"><span class='ocrx_word' id='word_1_41' title='bbox 304 963 415 1005; x_wconf 90' lang='lat' dir='ltr'><strong>non</strong></span> <span class='ocrx_word' id='word_1_42' title='bbox 455 946 680 1015; x_wconf 85' lang='lat' dir='ltr'><strong>divitiis,</strong></span> <span class='ocrx_word' id='word_1_43' title='bbox 711 948 806 1005; x_wconf 91' lang='lat' dir='ltr'><strong>sed</strong></span> <span class='ocrx_word' id='word_1_44' title='bbox 834 948 1081 1005; x_wconf 81' lang='lat' dir='ltr'><strong>nuditate</strong></span> <span class='ocrx_word' id='word_1_45' title='bbox 1102 949 1461 1021; x_wconf 81' lang='lat' dir='ltr'><strong>conquiritur.</strong></span> <span class='ocrx_word' id='word_1_46' title='bbox 1494 950 1741 1022; x_wconf 86' lang='lat' dir='ltr'><strong>Denique</strong></span> <span class='ocrx_word' id='word_1_47' title='bbox 1764 964 1893 1005; x_wconf 77' lang='lat' dir='ltr'><strong>cum</strong></span> 
     </span>
    </p>
   </div>
   <div class='ocr_carea' id='block_1_9' title="bbox 306 1039 1897 1115">
    <p class='ocr_par' dir='ltr' id='par_1_9' title="bbox 306 1039 1897 1115">
     <span class='ocr_line' id='line_1_9' title="bbox 306 1039 1897 1115; baseline 0.002 -20"><span class='ocrx_word' id='word_1_48' title='bbox 306 1039 509 1112; x_wconf 89' lang='lat' dir='ltr'><strong>hicipse</strong></span> <span class='ocrx_word' id='word_1_49' title='bbox 538 1039 610 1096; x_wconf 91' lang='lat' dir='ltr'><strong>ob</strong></span> <span class='ocrx_word' id='word_1_50' title='bbox 646 1039 751 1099; x_wconf 90' lang='lat' dir='ltr'><strong>hoc</strong></span> <span class='ocrx_word' id='word_1_51' title='bbox 787 1040 996 1098; x_wconf 89' lang='lat' dir='ltr'><strong>loculos</strong></span> <span class='ocrx_word' id='word_1_52' title='bbox 1031 1040 1421 1113; x_wconf 84' lang='lat' dir='ltr'><strong>dispensationi</strong></span> <span class='ocrx_word' id='word_1_53' title='bbox 1456 1057 1756 1115; x_wconf 81' lang='lat' dir='ltr'><strong>pauperum</strong></span> <span class='ocrx_word' id='word_1_54' title='bbox 1801 1040 1897 1099; x_wconf 88' lang='lat' dir='ltr'><strong>de-</strong></span> 
     </span>
    </p>
   </div>
   <div class='ocr_carea' id='block_1_10' title="bbox 308 1133 1901 1207">
    <p class='ocr_par' dir='ltr' id='par_1_10' title="bbox 308 1133 1901 1207">
     <span class='ocr_line' id='line_1_10' title="bbox 308 1133 1901 1207; baseline 0.003 -19"><span class='ocrx_word' id='word_1_55' title='bbox 308 1139 544 1203; x_wconf 85' lang='lat' dir='ltr'><strong>putatos,</strong></span> <span class='ocrx_word' id='word_1_56' title='bbox 572 1148 686 1190; x_wconf 74' lang='lat' dir='ltr'><strong>suae</strong></span> <span class='ocrx_word' id='word_1_57' title='bbox 716 1134 971 1204; x_wconf 85' lang='lat' dir='ltr'><strong>potestati</strong></span> <span class='ocrx_word' id='word_1_58' title='bbox 996 1133 1233 1190; x_wconf 88' lang='lat' dir='ltr'><strong>creditos</strong></span> <span class='ocrx_word' id='word_1_59' title='bbox 1257 1136 1555 1207; x_wconf 89' lang='lat' dir='ltr'><strong>accepisset</strong></span> <span class='ocrx_word' id='word_1_60' title='bbox 1573 1174 1589 1202; x_wconf 83' lang='lat'><strong>,</strong></span> <span class='ocrx_word' id='word_1_61' title='bbox 1616 1143 1679 1191; x_wconf 91' lang='lat' dir='ltr'><strong>ut</strong></span> <span class='ocrx_word' id='word_1_62' title='bbox 1705 1135 1901 1193; x_wconf 84' lang='lat' dir='ltr'><strong>saltem</strong></span> 
     </span>
    </p>
   </div>
   <div class='ocr_carea' id='block_1_11' title="bbox 309 1227 1899 1302">
    <p class='ocr_par' dir='ltr' id='par_1_11' title="bbox 309 1227 1899 1302">
     <span class='ocr_line' id='line_1_11' title="bbox 309 1227 1899 1302; baseline 0.003 -20"><span class='ocrx_word' id='word_1_63' title='bbox 309 1227 660 1298; x_wconf 86' lang='lat' dir='ltr'><strong>pecuniarum</strong></span> <span class='ocrx_word' id='word_1_64' title='bbox 692 1227 1019 1286; x_wconf 87' lang='lat' dir='ltr'><strong>abundantia</strong></span> <span class='ocrx_word' id='word_1_65' title='bbox 1049 1228 1276 1286; x_wconf 82' lang='lat' dir='ltr'><strong>satiatus</strong></span> <span class='ocrx_word' id='word_1_66' title='bbox 1303 1229 1756 1302; x_wconf 65' lang='lat' dir='ltr'><strong>concupiscentiis</strong></span> <span class='ocrx_word' id='word_1_67' title='bbox 1784 1243 1899 1286; x_wconf 72' lang='lat' dir='ltr'><strong>sum</strong></span> 
     </span>
    </p>
   </div>
   <div class='ocr_carea' id='block_1_12' title="bbox 311 1319 1901 1400">
    <p class='ocr_par' dir='ltr' id='par_1_12' title="bbox 311 1319 1901 1400">
     <span class='ocr_line' id='line_1_12' title="bbox 311 1319 1901 1400; baseline 0.003 -23"><span class='ocrx_word' id='word_1_68' title='bbox 311 1319 537 1381; x_wconf 86' lang='lat' dir='ltr'><strong>modum</strong></span> <span class='ocrx_word' id='word_1_69' title='bbox 560 1320 897 1395; x_wconf 83' lang='lat' dir='ltr'><strong>imponeret;</strong></span> <span class='ocrx_word' id='word_1_70' title='bbox 928 1322 982 1380; x_wconf 89' lang='lat' dir='ltr'><strong>in</strong></span> <span class='ocrx_word' id='word_1_71' title='bbox 1014 1330 1226 1383; x_wconf 88' lang='lat' dir='ltr'><strong>tantum</strong></span> <span class='ocrx_word' id='word_1_72' title='bbox 1250 1322 1405 1400; x_wconf 88' lang='lat' dir='ltr'><strong>copia</strong></span> <span class='ocrx_word' id='word_1_73' title='bbox 1432 1338 1617 1384; x_wconf 80' lang='lat' dir='ltr'><strong>earum</strong></span> <span class='ocrx_word' id='word_1_74' title='bbox 1646 1324 1700 1382; x_wconf 92' lang='lat' dir='ltr'><strong>in</strong></span> <span class='ocrx_word' id='word_1_75' title='bbox 1722 1323 1901 1383; x_wconf 80' lang='lat' dir='ltr'><strong>abun-</strong></span> 
     </span>
    </p>
   </div>
   <div class='ocr_carea' id='block_1_13' title="bbox 1580 162 2258 223">
    <p class='ocr_par' dir='ltr' id='par_1_13' title="bbox 1580 162 2258 223">
     <span class='ocr_line' id='line_1_13' title="bbox 1580 162 2258 223; baseline 0 -3"><span class='ocrx_word' id='word_1_76' title='bbox 1580 162 1583 165; x_wconf 33' lang='grc' dir='ltr'><strong><em>λ</em></strong></span> <span class='ocrx_word' id='word_1_77' title='bbox 1637 163 1919 223; x_wconf 82' lang='lat' dir='ltr'><strong>JOANNIS</strong></span> <span class='ocrx_word' id='word_1_78' title='bbox 1955 163 2258 222; x_wconf 78' lang='lat' dir='ltr'><strong>CASSIANI</strong></span> 
     </span>
    </p>
   </div>
   <div class='ocr_carea' id='block_1_14' title="bbox 1925 284 3600 362">
    <p class='ocr_par' dir='ltr' id='par_1_14' title="bbox 1925 284 3600 362">
     <span class='ocr_line' id='line_1_14' title="bbox 1925 284 3600 362; baseline -0.002 -15"><span class='ocrx_word' id='word_1_79' title='bbox 1925 294 1979 359; x_wconf 80' lang='grc' dir='ltr'><strong>Α</strong></span> <span class='ocrx_word' id='word_1_80' title='bbox 2010 290 2317 347; x_wconf 86' lang='lat' dir='ltr'><strong>dantiorem</strong></span> <span class='ocrx_word' id='word_1_81' title='bbox 2346 288 2597 348; x_wconf 83' lang='lat' dir='ltr'><strong>fomitem</strong></span> <span class='ocrx_word' id='word_1_82' title='bbox 2631 287 2941 362; x_wconf 82' lang='lat' dir='ltr'><strong>cupiditatis</strong></span> <span class='ocrx_word' id='word_1_83' title='bbox 2966 285 3200 355; x_wconf 81' lang='lat' dir='ltr'><strong>exarsit,</strong></span> <span class='ocrx_word' id='word_1_84' title='bbox 3241 293 3304 344; x_wconf 89' lang='lat' dir='ltr'><strong>ut</strong></span> <span class='ocrx_word' id='word_1_85' title='bbox 3328 284 3447 358; x_wconf 87' lang='lat' dir='ltr'><strong>jam</strong></span> <span class='ocrx_word' id='word_1_86' title='bbox 3484 300 3600 343; x_wconf 90' lang='lat' dir='ltr'><strong>non</strong></span> 
     </span>
    </p>
   </div>
   <div class='ocr_carea' id='block_1_15' title="bbox 3495 163 3600 217">
    <p class='ocr_par' dir='ltr' id='par_1_15' title="bbox 3495 163 3600 217">
     <span class='ocr_line' id='line_1_15' title="bbox 3495 163 3600 217; baseline 0 0"><span class='ocrx_word' id='word_1_87' title='bbox 3495 163 3600 217; x_wconf 79' lang='grc'><strong>316</strong></span> 
     </span>
    </p>
   </div>
   <div class='ocr_carea' id='block_1_16' title="bbox 2011 377 3598 454">
    <p class='ocr_par' dir='ltr' id='par_1_16' title="bbox 2011 377 3598 454">
     <span class='ocr_line' id='line_1_16' title="bbox 2011 377 3598 454; baseline -0.004 -14"><span class='ocrx_word' id='word_1_88' title='bbox 2011 384 2217 441; x_wconf 90' lang='lat' dir='ltr'><strong>loculos</strong></span> <span class='ocrx_word' id='word_1_89' title='bbox 2256 383 2502 440; x_wconf 89' lang='lat' dir='ltr'><strong>clanculo</strong></span> <span class='ocrx_word' id='word_1_90' title='bbox 2550 381 2892 454; x_wconf 87' lang='lat' dir='ltr'><strong>compilare,</strong></span> <span class='ocrx_word' id='word_1_91' title='bbox 2939 380 3036 438; x_wconf 87' lang='lat' dir='ltr'><strong>sed</strong></span> <span class='ocrx_word' id='word_1_92' title='bbox 3076 381 3257 452; x_wconf 86' lang='lat' dir='ltr'><strong>ipsum</strong></span> <span class='ocrx_word' id='word_1_93' title='bbox 3295 377 3598 437; x_wconf 80' lang='lat' dir='ltr'><strong>Dominum</strong></span> 
     </span>
    </p>
   </div>
   <div class='ocr_carea' id='block_1_17' title="bbox 2008 471 3600 537">
    <p class='ocr_par' dir='ltr' id='par_1_17' title="bbox 2008 471 3600 537">
     <span class='ocr_line' id='line_1_17' title="bbox 2008 471 3600 537; baseline -0.002 -2"><span class='ocrx_word' id='word_1_94' title='bbox 2008 478 2337 537; x_wconf 88' lang='lat' dir='ltr'><strong>venumdare</strong></span> <span class='ocrx_word' id='word_1_95' title='bbox 2374 477 2645 535; x_wconf 86' lang='lat' dir='ltr'><strong>maluerit.</strong></span> <span class='ocrx_word' id='word_1_96' title='bbox 2689 480 2715 510; x_wconf 80' lang='grc'><strong><em>³</em></strong></span> <span class='ocrx_word' id='word_1_97' title='bbox 2752 476 3061 535; x_wconf 76' lang='lat' dir='ltr'><strong>Universae</strong></span> <span class='ocrx_word' id='word_1_98' title='bbox 3101 473 3247 533; x_wconf 82' lang='lat' dir='ltr'><strong>enim</strong></span> <span class='ocrx_word' id='word_1_99' title='bbox 3284 471 3600 532; x_wconf 76' lang='lat' dir='ltr'><strong>divitiarum</strong></span> 
     </span>
    </p>
   </div>
   <div class='ocr_carea' id='block_1_18' title="bbox 2010 569 3248 643">
    <p class='ocr_par' dir='ltr' id='par_1_18' title="bbox 2010 569 3248 643">
     <span class='ocr_line' id='line_1_18' title="bbox 2010 569 3248 643; baseline -0.003 -14"><span class='ocrx_word' id='word_1_100' title='bbox 2010 571 2183 629; x_wconf 88' lang='lat' dir='ltr'><strong>moles</strong></span> <span class='ocrx_word' id='word_1_101' title='bbox 2204 569 2517 643; x_wconf 88' lang='lat' dir='ltr'><strong>cupiditatis</strong></span> <span class='ocrx_word' id='word_1_102' title='bbox 2540 569 2704 643; x_wconf 87' lang='lat' dir='ltr'><strong>hujus</strong></span> <span class='ocrx_word' id='word_1_103' title='bbox 2731 569 2909 626; x_wconf 87' lang='lat' dir='ltr'><strong>rabies</strong></span> <span class='ocrx_word' id='word_1_104' title='bbox 2941 571 3248 641; x_wconf 71' lang='lat' dir='ltr'><strong>exsuperat.</strong></span> 
     </span>
    </p>
   </div>
   <div class='ocr_carea' id='block_1_19' title="bbox 2577 673 3065 731">
    <p class='ocr_par' dir='ltr' id='par_1_19' title="bbox 2577 673 3065 731">
     <span class='ocr_line' id='line_1_19' title="bbox 2577 673 3065 731; baseline 0 -1"><span class='ocrx_word' id='word_1_105' title='bbox 2577 673 2818 731; x_wconf 83' lang='lat' dir='ltr'><strong>CAPUT</strong></span> <span class='ocrx_word' id='word_1_106' title='bbox 2846 673 3030 730; x_wconf 81' lang='lat' dir='ltr'><strong>XXV.</strong></span> <span class='ocrx_word' id='word_1_107' title='bbox 3062 712 3065 717; x_wconf 89' lang='lat'><strong><em>-</em></strong></span> 
     </span>
    </p>
   </div>
   <div class='ocr_carea' id='block_1_20' title="bbox 2012 767 3601 841">
    <p class='ocr_par' dir='ltr' id='par_1_20' title="bbox 2012 767 3601 841">
     <span class='ocr_line' id='line_1_20' title="bbox 2012 767 3601 841; baseline -0.006 -10"><span class='ocrx_word' id='word_1_108' title='bbox 2012 778 2083 831; x_wconf 82' lang='lat' dir='ltr'><strong>De</strong></span> <span class='ocrx_word' id='word_1_109' title='bbox 2100 776 2251 829; x_wconf 63' lang='lat' dir='ltr'><strong>exitu</strong></span> <span class='ocrx_word' id='word_1_110' title='bbox 2283 774 2535 839; x_wconf 69' lang='lat' dir='ltr'><strong>Ananiae,</strong></span> <span class='ocrx_word' id='word_1_111' title='bbox 2561 776 2611 827; x_wconf 88' lang='lat' dir='ltr'><strong>et</strong></span> <span class='ocrx_word' id='word_1_112' title='bbox 2633 772 2898 841; x_wconf 71' lang='lat' dir='ltr'><strong>Saphirce,</strong></span> <span class='ocrx_word' id='word_1_113' title='bbox 2925 773 2975 826; x_wconf 86' lang='lat' dir='ltr'><strong>et</strong></span> <span class='ocrx_word' id='word_1_114' title='bbox 2999 769 3172 832; x_wconf 69' lang='lat' dir='ltr'><strong>ludes,</strong></span> <span class='ocrx_word' id='word_1_115' title='bbox 3204 783 3360 838; x_wconf 84' lang='lat' dir='ltr'><strong>quem</strong></span> <span class='ocrx_word' id='word_1_116' title='bbox 3382 767 3601 839; x_wconf 84' lang='lat' dir='ltr'><strong>philar-</strong></span> 
     </span>
    </p>
   </div>
   <div class='ocr_carea' id='block_1_21' title="bbox 2397 842 3209 915">
    <p class='ocr_par' dir='ltr' id='par_1_21' title="bbox 2397 842 3209 915">
     <span class='ocr_line' id='line_1_21' title="bbox 2397 842 3209 915; baseline -0.004 -17"><span class='ocrx_word' id='word_1_117' title='bbox 2397 847 2558 915; x_wconf 77' lang='lat' dir='ltr'><strong>gy-ria</strong></span> <span class='ocrx_word' id='word_1_118' title='bbox 2585 843 2884 913; x_wconf 79' lang='lat' dir='ltr'><strong>impellente</strong></span> <span class='ocrx_word' id='word_1_119' title='bbox 2910 842 3209 896; x_wconf 79' lang='lat' dir='ltr'><strong>subierunt.</strong></span> 
     </span>
    </p>
   </div>
   <div class='ocr_carea' id='block_1_22' title="bbox 2078 939 3602 1021">
    <p class='ocr_par' dir='ltr' id='par_1_22' title="bbox 2078 939 3602 1021">
     <span class='ocr_line' id='line_1_22' title="bbox 2078 939 3602 1021; baseline -0.005 -17"><span class='ocrx_word' id='word_1_120' title='bbox 2078 946 2323 1021; x_wconf 86' lang='lat' dir='ltr'><strong>Denique</strong></span> <span class='ocrx_word' id='word_1_121' title='bbox 2347 944 2601 1019; x_wconf 83' lang='lat' dir='ltr'><strong>princeps</strong></span> <span class='ocrx_word' id='word_1_122' title='bbox 2626 944 3004 1017; x_wconf 89' lang='lat' dir='ltr'><strong>apostolorum</strong></span> <span class='ocrx_word' id='word_1_123' title='bbox 3037 941 3121 998; x_wconf 89' lang='lat' dir='ltr'><strong>his</strong></span> <span class='ocrx_word' id='word_1_124' title='bbox 3144 939 3390 998; x_wconf 90' lang='lat' dir='ltr'><strong>eruditus</strong></span> <span class='ocrx_word' id='word_1_125' title='bbox 3418 955 3602 997; x_wconf 77' lang='lat' dir='ltr'><strong>exem-</strong></span> 
     </span>
    </p>
   </div>
   <div class='ocr_carea' id='block_1_23' title="bbox 2007 1029 3599 1115">
    <p class='ocr_par' dir='ltr' id='par_1_23' title="bbox 2007 1029 3599 1115">
     <span class='ocr_line' id='line_1_23' title="bbox 2007 1029 3599 1115; baseline -0.004 -21"><span class='ocrx_word' id='word_1_126' title='bbox 2007 1039 2144 1112; x_wconf 91' lang='lat' dir='ltr'><strong>plis,</strong></span> <span class='ocrx_word' id='word_1_127' title='bbox 2196 1038 2371 1115; x_wconf 70' lang='lat' dir='ltr'><strong>sciens</strong></span> <span class='ocrx_word' id='word_1_128' title='bbox 2419 1037 2710 1095; x_wconf 87' lang='lat' dir='ltr'><strong>habentem</strong></span> <span class='ocrx_word' id='word_1_129' title='bbox 2749 1035 3026 1109; x_wconf 90' lang='lat' dir='ltr'><strong>quippiam</strong></span> <span class='ocrx_word' id='word_1_130' title='bbox 3077 1032 3395 1107; x_wconf 89' lang='lat' dir='ltr'><strong>cupiditatis</strong></span> <span class='ocrx_word' id='word_1_131' title='bbox 3444 1029 3599 1089; x_wconf 88' lang='lat' dir='ltr'><strong>frena</strong></span> 
     </span>
    </p>
   </div>
   <div class='ocr_carea' id='block_1_24' title="bbox 2009 1126 3601 1209">
    <p class='ocr_par' dir='ltr' id='par_1_24' title="bbox 2009 1126 3601 1209">
     <span class='ocr_line' id='line_1_24' title="bbox 2009 1126 3601 1209; baseline -0.003 -21"><span class='ocrx_word' id='word_1_132' title='bbox 2009 1148 2121 1191; x_wconf 87' lang='lat' dir='ltr'><strong>non</strong></span> <span class='ocrx_word' id='word_1_133' title='bbox 2151 1146 2310 1204; x_wconf 88' lang='lat' dir='ltr'><strong>posse</strong></span> <span class='ocrx_word' id='word_1_134' title='bbox 2337 1131 2639 1199; x_wconf 85' lang='lat' dir='ltr'><strong>moderari,</strong></span> <span class='ocrx_word' id='word_1_135' title='bbox 2678 1146 2779 1186; x_wconf 92' lang='lat' dir='ltr'><strong>nec</strong></span> <span class='ocrx_word' id='word_1_136' title='bbox 2818 1129 2985 1186; x_wconf 82' lang='lat' dir='ltr'><strong>tinem</strong></span> <span class='ocrx_word' id='word_1_137' title='bbox 3013 1127 3129 1209; x_wconf 86' lang='lat' dir='ltr'><strong>ejus</strong></span> <span class='ocrx_word' id='word_1_138' title='bbox 3170 1126 3226 1184; x_wconf 91' lang='lat' dir='ltr'><strong>in</strong></span> <span class='ocrx_word' id='word_1_139' title='bbox 3258 1132 3424 1201; x_wconf 86' lang='lat' dir='ltr'><strong>parva</strong></span> <span class='ocrx_word' id='word_1_140' title='bbox 3452 1143 3601 1184; x_wconf 87' lang='lat' dir='ltr'><strong>sum-</strong></span> 
     </span>
    </p>
   </div>
   <div class='ocr_carea' id='block_1_25' title="bbox 2006 1214 3695 1303">
    <p class='ocr_par' dir='ltr' id='par_1_25' title="bbox 2006 1214 3695 1303">
     <span class='ocr_line' id='line_1_25' title="bbox 2006 1214 3695 1303; baseline -0.007 -16"><span class='ocrx_word' id='word_1_141' title='bbox 2006 1242 2098 1287; x_wconf 86' lang='lat' dir='ltr'><strong>ma</strong></span> <span class='ocrx_word' id='word_1_142' title='bbox 2123 1240 2386 1299; x_wconf 81' lang='lat' dir='ltr'><strong>magnave</strong></span> <span class='ocrx_word' id='word_1_143' title='bbox 2412 1225 2740 1294; x_wconf 88' lang='lat' dir='ltr'><strong>consistere,</strong></span> <span class='ocrx_word' id='word_1_144' title='bbox 2768 1222 2864 1280; x_wconf 88' lang='lat' dir='ltr'><strong>sed</strong></span> <span class='ocrx_word' id='word_1_145' title='bbox 2902 1223 2959 1280; x_wconf 90' lang='lat' dir='ltr'><strong>in</strong></span> <span class='ocrx_word' id='word_1_146' title='bbox 2990 1223 3106 1280; x_wconf 89' lang='lat' dir='ltr'><strong>sola</strong></span> <span class='ocrx_word' id='word_1_147' title='bbox 3133 1214 3159 1254; x_wconf 82' lang='grc'><strong>¹³</strong></span> <span class='ocrx_word' id='word_1_148' title='bbox 3186 1220 3411 1303; x_wconf 29' lang='grc' dir='ltr'><strong>,νίτωῑε</strong></span> <span class='ocrx_word' id='word_1_149' title='bbox 3448 1219 3600 1276; x_wconf 59' lang='lat' dir='ltr'><strong>nudi.</strong></span> <span class='ocrx_word' id='word_1_150' title='bbox 3690 1260 3695 1264; x_wconf 89' lang='grc'><strong>-</strong></span> 
     </span>
    </p>
   </div>
   <div class='ocr_carea' id='block_1_26' title="bbox 2006 1315 3601 1403">
    <p class='ocr_par' dir='ltr' id='par_1_26' title="bbox 2006 1315 3601 1403">
     <span class='ocr_line' id='line_1_26' title="bbox 2006 1315 3601 1403; baseline -0.005 -23"><span class='ocrx_word' id='word_1_151' title='bbox 2006 1321 2138 1380; x_wconf 87' lang='lat' dir='ltr'><strong>tatis</strong></span> <span class='ocrx_word' id='word_1_152' title='bbox 2180 1328 2245 1379; x_wconf 81' lang='lat'><strong>:°</strong></span> <span class='ocrx_word' id='word_1_153' title='bbox 2294 1319 2560 1381; x_wconf 83' lang='lat' dir='ltr'><strong>Ananiam</strong></span> <span class='ocrx_word' id='word_1_154' title='bbox 2610 1327 2670 1377; x_wconf 85' lang='lat' dir='ltr'><strong>et</strong></span> <span class='ocrx_word' id='word_1_155' title='bbox 2712 1316 2995 1392; x_wconf 86' lang='lat' dir='ltr'><strong>Saphiram</strong></span> <span class='ocrx_word' id='word_1_156' title='bbox 3018 1358 3034 1388; x_wconf 90' lang='lat'><strong>,</strong></span> <span class='ocrx_word' id='word_1_157' title='bbox 3080 1331 3319 1395; x_wconf 85' lang='lat' dir='ltr'><strong>quorum</strong></span> <span class='ocrx_word' id='word_1_158' title='bbox 3350 1315 3601 1403; x_wconf 81' lang='lat' dir='ltr'><strong>superius</strong></span> 
     </span>
    </p>
   </div>
   <div class='ocr_carea' id='block_1_27' title="bbox 1400 1446 2511 1537">
    <p class='ocr_par' dir='ltr' id='par_1_27' title="bbox 1400 1446 2511 1537">
     <span class='ocr_line' id='line_1_27' title="bbox 1400 1446 2511 1537; baseline -0.004 0"><span class='ocrx_word' id='word_1_159' title='bbox 1400 1482 1652 1537; x_wconf 80' lang='lat' dir='ltr'><strong>ALARDI</strong></span> <span class='ocrx_word' id='word_1_160' title='bbox 1691 1480 1916 1536; x_wconf 55' lang='lat' dir='ltr'><strong>Gaza</strong></span> <span class='ocrx_word' id='word_1_161' title='bbox 1953 1446 2511 1535; x_wconf 78' lang='lat' dir='ltr'><strong>COMMENTARIUS.</strong></span> 
     </span>
    </p>
   </div>
   <div class='ocr_carea' id='block_1_28' title="bbox 310 1613 1897 1698">
    <p class='ocr_par' dir='ltr' id='par_1_28' title="bbox 310 1613 1897 1698">
     <span class='ocr_line' id='line_1_28' title="bbox 310 1613 1897 1698; baseline 0.002 -30"><span class='ocrx_word' id='word_1_162' title='bbox 310 1622 366 1669; x_wconf 89' lang='lat' dir='ltr'><strong>et</strong></span> <span class='ocrx_word' id='word_1_163' title='bbox 380 1613 525 1698; x_wconf 66' lang='lat' dir='ltr'><strong>clam</strong></span> <span class='ocrx_word' id='word_1_164' title='bbox 548 1615 888 1698; x_wconf 78' lang='lat' dir='ltr'><strong>subtr_ahere_</strong></span> <span class='ocrx_word' id='word_1_165' title='bbox 905 1616 1150 1698; x_wconf 76' lang='lat' dir='ltr'><strong>nonnihil</strong></span> <span class='ocrx_word' id='word_1_166' title='bbox 1169 1657 1185 1684; x_wconf 94' lang='lat'><strong>,</strong></span> <span class='ocrx_word' id='word_1_167' title='bbox 1218 1617 1384 1698; x_wconf 39' lang='lat' dir='ltr'><strong>velut.</strong></span> <span class='ocrx_word' id='word_1_168' title='bbox 1400 1617 1455 1673; x_wconf 90' lang='lat' dir='ltr'><strong>in</strong></span> <span class='ocrx_word' id='word_1_169' title='bbox 1494 1616 1778 1698; x_wconf 67' lang='lat' dir='ltr'><strong>proprium</strong></span> <span class='ocrx_word' id='word_1_170' title='bbox 1804 1631 1897 1698; x_wconf 36' lang='lat' dir='ltr'><strong>per</strong></span> 
     </span>
    </p>
   </div>
   <div class='ocr_carea' id='block_1_29' title="bbox 218 1684 1900 1761">
    <p class='ocr_par' dir='ltr' id='par_1_29' title="bbox 218 1684 1900 1761">
     <span class='ocr_line' id='line_1_29' title="bbox 218 1684 1900 1761; baseline 0.001 -22"><span class='ocrx_word' id='word_1_171' title='bbox 218 1708 222 1712; x_wconf 48' lang='grc' dir='ltr'>θ</span> <span class='ocrx_word' id='word_1_172' title='bbox 309 1684 550 1761; x_wconf 62' lang='lat' dir='ltr'><strong>(iulium,</strong></span> <span class='ocrx_word' id='word_1_173' title='bbox 576 1702 641 1741; x_wconf 87' lang='lat' dir='ltr'><strong>ex</strong></span> <span class='ocrx_word' id='word_1_174' title='bbox 682 1686 922 1761; x_wconf 84' lang='lat' dir='ltr'><strong>denariis</strong></span> <span class='ocrx_word' id='word_1_175' title='bbox 958 1696 1013 1761; x_wconf 81' lang='lat' dir='ltr'><strong>et</strong></span> <span class='ocrx_word' id='word_1_176' title='bbox 1051 1684 1613 1761; x_wconf 68' lang='lat' dir='ltr'><strong>eleemosynis,.quzé</strong></span> <span class='ocrx_word' id='word_1_177' title='bbox 1640 1703 1669 1741; x_wconf 93' lang='lat' dir='ltr'><strong>a</strong></span> <span class='ocrx_word' id='word_1_178' title='bbox 1707 1684 1819 1761; x_wconf 78' lang='lat' dir='ltr'><strong>piis</strong></span> <span class='ocrx_word' id='word_1_179' title='bbox 1846 1694 1900 1741; x_wconf 90' lang='lat' dir='ltr'><strong>et</strong></span> 
     </span>
    </p>
   </div>
   <div class='ocr_carea' id='block_1_30' title="bbox 308 1756 1902 1828">
    <p class='ocr_par' dir='ltr' id='par_1_30' title="bbox 308 1756 1902 1828">
     <span class='ocr_line' id='line_1_30' title="bbox 308 1756 1902 1828; baseline 0.001 -18"><span class='ocrx_word' id='word_1_180' title='bbox 308 1756 518 1828; x_wconf 85' lang='lat' dir='ltr'><strong>devotis</strong></span> <span class='ocrx_word' id='word_1_181' title='bbox 560 1758 809 1828; x_wconf 86' lang='lat' dir='ltr'><strong>personis</strong></span> <span class='ocrx_word' id='word_1_182' title='bbox 851 1759 1095 1814; x_wconf 89' lang='lat' dir='ltr'><strong>Domino</strong></span> <span class='ocrx_word' id='word_1_183' title='bbox 1136 1756 1902 1823; x_wconf 59' lang='lat' dir='ltr'><strong>mitte&#39;bantur&#39;autconl‘ere-</strong></span> 
     </span>
    </p>
   </div>
   <div class='ocr_carea' id='block_1_31' title="bbox 309 1826 1900 1900">
    <p class='ocr_par' dir='ltr' id='par_1_31' title="bbox 309 1826 1900 1900">
     <span class='ocr_line' id='line_1_31' title="bbox 309 1826 1900 1900; baseline 0.003 -20"><span class='ocrx_word' id='word_1_184' title='bbox 309 1826 534 1892; x_wconf 91' lang='lat' dir='ltr'><strong>bantur;</strong></span> <span class='ocrx_word' id='word_1_185' title='bbox 562 1826 799 1900; x_wconf 78' lang='lat' dir='ltr'><strong>quorum</strong></span> <span class='ocrx_word' id='word_1_186' title='bbox 842 1829 957 1900; x_wconf 85' lang='lat' dir='ltr'><strong>ipse</strong></span> <span class='ocrx_word' id='word_1_187' title='bbox 996 1830 1141 1900; x_wconf 88' lang='lat' dir='ltr'><strong>velut</strong></span> <span class='ocrx_word' id='word_1_188' title='bbox 1180 1830 1461 1886; x_wconf 86' lang='lat' dir='ltr'><strong>bursarius</strong></span> <span class='ocrx_word' id='word_1_189' title='bbox 1493 1836 1549 1884; x_wconf 88' lang='lat' dir='ltr'><strong>et</strong></span> <span class='ocrx_word' id='word_1_190' title='bbox 1577 1843 1900 1885; x_wconf 80' lang='lat' dir='ltr'><strong>(economus</strong></span> 
     </span>
    </p>
   </div>
   <div class='ocr_carea' id='block_1_32' title="bbox 309 1899 1902 1971">
    <p class='ocr_par' dir='ltr' id='par_1_32' title="bbox 309 1899 1902 1971">
     <span class='ocr_line' id='line_1_32' title="bbox 309 1899 1902 1971; baseline 0.001 -19"><span class='ocrx_word' id='word_1_191' title='bbox 309 1905 426 1971; x_wconf 84' lang='lat' dir='ltr'><strong>erat</strong></span> <span class='ocrx_word' id='word_1_192' title='bbox 479 1899 828 1971; x_wconf 83' lang='lat' dir='ltr'><strong>constitutus.</strong></span> <span class='ocrx_word' id='word_1_193' title='bbox 866 1899 1011 1958; x_wconf 34' lang='lat' dir='ltr'><strong>’ldeo</strong></span> <span class='ocrx_word' id='word_1_194' title='bbox 1052 1899 1439 1971; x_wconf 81' lang='lat' dir='ltr'><strong>indignabatur</strong></span> <span class='ocrx_word' id='word_1_195' title='bbox 1477 1908 1533 1955; x_wconf 89' lang='lat' dir='ltr'><strong>et</strong></span> <span class='ocrx_word' id='word_1_196' title='bbox 1594 1914 1902 1971; x_wconf 80' lang='lat' dir='ltr'><strong>murmura-</strong></span> 
     </span>
    </p>
   </div>
   <div class='ocr_carea' id='block_1_33' title="bbox 308 1968 1901 2041">
    <p class='ocr_par' dir='ltr' id='par_1_33' title="bbox 308 1968 1901 2041">
     <span class='ocr_line' id='line_1_33' title="bbox 308 1968 1901 2041; baseline 0.002 -19"><span class='ocrx_word' id='word_1_197' title='bbox 308 1969 429 2041; x_wconf 82' lang='lat' dir='ltr'><strong>bat,</strong></span> <span class='ocrx_word' id='word_1_198' title='bbox 472 1969 594 2040; x_wconf 89' lang='lat' dir='ltr'><strong>quia</strong></span> <span class='ocrx_word' id='word_1_199' title='bbox 618 1969 837 2026; x_wconf 87' lang='lat' dir='ltr'><strong>dolebat</strong></span> <span class='ocrx_word' id='word_1_200' title='bbox 873 1971 1083 2026; x_wconf 90' lang='lat' dir='ltr'><strong>lucrum</strong></span> <span class='ocrx_word' id='word_1_201' title='bbox 1109 1968 1212 2041; x_wconf 74' lang='lat' dir='ltr'><strong>sibi</strong></span> <span class='ocrx_word' id='word_1_202' title='bbox 1249 1968 1651 2041; x_wconf 24' lang='lat' dir='ltr'><strong>periise,‘quod</strong></span> <span class='ocrx_word' id='word_1_203' title='bbox 1674 1984 1741 2041; x_wconf 68' lang='lat' dir='ltr'><strong>ei;</strong></span> <span class='ocrx_word' id='word_1_204' title='bbox 1776 1983 1901 2025; x_wconf 90' lang='lat' dir='ltr'><strong>ven-</strong></span> 
     </span>
    </p>
   </div>
   <div class='ocr_carea' id='block_1_34' title="bbox 308 2038 1902 2111">
    <p class='ocr_par' dir='ltr' id='par_1_34' title="bbox 308 2038 1902 2111">
     <span class='ocr_line' id='line_1_34' title="bbox 308 2038 1902 2111; baseline 0 -17"><span class='ocrx_word' id='word_1_205' title='bbox 308 2039 424 2111; x_wconf 84' lang='lat' dir='ltr'><strong>dito</strong></span> <span class='ocrx_word' id='word_1_206' title='bbox 458 2038 736 2111; x_wconf 79' lang='lat' dir='ltr'><strong>unguento</strong></span> <span class='ocrx_word' id='word_1_207' title='bbox 773 2050 830 2095; x_wconf 89' lang='lat' dir='ltr'><strong>et</strong></span> <span class='ocrx_word' id='word_1_208' title='bbox 860 2041 987 2111; x_wconf 8' lang='lat' dir='ltr'><strong>pejus</strong></span> <span class='ocrx_word' id='word_1_209' title='bbox 1034 2039 1205 2110; x_wconf 89' lang='lat' dir='ltr'><strong>pretio</strong></span> <span class='ocrx_word' id='word_1_210' title='bbox 1248 2038 1774 2111; x_wconf 13' lang='lat' dir='ltr'><strong>consequii&#39;iurando</strong></span> <span class='ocrx_word' id='word_1_211' title='bbox 1808 2054 1902 2110; x_wconf 90' lang='lat' dir='ltr'><strong>po-</strong></span> 
     </span>
    </p>
   </div>
   <div class='ocr_carea' id='block_1_35' title="bbox 312 2108 1904 2180">
    <p class='ocr_par' dir='ltr' id='par_1_35' title="bbox 312 2108 1904 2180">
     <span class='ocr_line' id='line_1_35' title="bbox 312 2108 1904 2180; baseline 0 -16"><span class='ocrx_word' id='word_1_212' title='bbox 312 2109 524 2180; x_wconf 78' lang='lat' dir='ltr'><strong>tuisset.</strong></span> <span class='ocrx_word' id='word_1_213' title='bbox 544 2108 659 2165; x_wconf 49' lang='lat' dir='ltr'><strong>&#39;Sed</strong></span> <span class='ocrx_word' id='word_1_214' title='bbox 694 2124 813 2176; x_wconf 88' lang='lat' dir='ltr'><strong>cur,</strong></span> <span class='ocrx_word' id='word_1_215' title='bbox 847 2108 1096 2180; x_wconf 76' lang='lat' dir='ltr'><strong>inquies,</strong></span> <span class='ocrx_word' id='word_1_216' title='bbox 1127 2110 1400 2165; x_wconf 87' lang='lat' dir='ltr'><strong>Dominus</strong></span> <span class='ocrx_word' id='word_1_217' title='bbox 1430 2108 1522 2180; x_wconf 77' lang='lat' dir='ltr'><strong>illi</strong></span> <span class='ocrx_word' id='word_1_218' title='bbox 1544 2110 1753 2166; x_wconf 88' lang='lat' dir='ltr'><strong>loculos</strong></span> <span class='ocrx_word' id='word_1_219' title='bbox 1775 2108 1904 2165; x_wconf 80' lang='lat' dir='ltr'><strong>con-</strong></span> 
     </span>
    </p>
   </div>
   <div class='ocr_carea' id='block_1_36' title="bbox 311 2178 1903 2249">
    <p class='ocr_par' dir='ltr' id='par_1_36' title="bbox 311 2178 1903 2249">
     <span class='ocr_line' id='line_1_36' title="bbox 311 2178 1903 2249; baseline 0.002 -16"><span class='ocrx_word' id='word_1_220' title='bbox 311 2178 577 2245; x_wconf 87' lang='lat' dir='ltr'><strong>credidit,</strong></span> <span class='ocrx_word' id='word_1_221' title='bbox 627 2194 755 2234; x_wconf 92' lang='lat' dir='ltr'><strong>cum</strong></span> <span class='ocrx_word' id='word_1_222' title='bbox 784 2178 947 2233; x_wconf 77' lang='lat' dir='ltr'><strong>sciret</strong></span> <span class='ocrx_word' id='word_1_223' title='bbox 973 2194 1100 2235; x_wconf 89' lang='lat' dir='ltr'><strong>eum</strong></span> <span class='ocrx_word' id='word_1_224' title='bbox 1139 2179 1642 2249; x_wconf 71' lang='lat' dir='ltr'><strong>essemaIteﬁdei,</strong></span> <span class='ocrx_word' id='word_1_225' title='bbox 1689 2190 1745 2236; x_wconf 90' lang='lat' dir='ltr'><strong>et</strong></span> <span class='ocrx_word' id='word_1_226' title='bbox 1772 2181 1903 2236; x_wconf 84' lang='lat' dir='ltr'><strong>hinc</strong></span> 
     </span>
    </p>
   </div>
   <div class='ocr_carea' id='block_1_37' title="bbox 313 2248 1900 2331">
    <p class='ocr_par' dir='ltr' id='par_1_37' title="bbox 313 2248 1900 2331">
     <span class='ocr_line' id='line_1_37' title="bbox 313 2248 1900 2331; baseline 0.003 -29"><span class='ocrx_word' id='word_1_227' title='bbox 313 2248 654 2331; x_wconf 72' lang='lat' dir='ltr'><strong>occasionem</strong></span> <span class='ocrx_word' id='word_1_228' title='bbox 703 2255 1053 2331; x_wconf 72' lang='lat' dir='ltr'><strong>accepturum</strong></span> <span class='ocrx_word' id='word_1_229' title='bbox 1095 2249 1331 2331; x_wconf 68' lang='lat' dir='ltr'><strong>avaritia:</strong></span> <span class='ocrx_word' id='word_1_230' title='bbox 1373 2258 1431 2306; x_wconf 89' lang='lat' dir='ltr'><strong>et</strong></span> <span class='ocrx_word' id='word_1_231' title='bbox 1480 2265 1596 2306; x_wconf 65' lang='lat' dir='ltr'><strong>suae</strong></span> <span class='ocrx_word' id='word_1_232' title='bbox 1620 2251 1900 2331; x_wconf 73' lang='lat' dir='ltr'><strong>perditio-</strong></span> 
     </span>
    </p>
   </div>
   <div class='ocr_carea' id='block_1_38' title="bbox 313 2319 1898 2392">
    <p class='ocr_par' dir='ltr' id='par_1_38' title="bbox 313 2319 1898 2392">
     <span class='ocr_line' id='line_1_38' title="bbox 313 2319 1898 2392; baseline 0.001 -19"><span class='ocrx_word' id='word_1_233' title='bbox 313 2319 435 2392; x_wconf 81' lang='lat' dir='ltr'><strong>nis?</strong></span> <span class='ocrx_word' id='word_1_234' title='bbox 463 2321 696 2392; x_wconf 81' lang='lat' dir='ltr'><strong>causam</strong></span> <span class='ocrx_word' id='word_1_235' title='bbox 727 2319 892 2374; x_wconf 82' lang='lat' dir='ltr'><strong>unam</strong></span> <span class='ocrx_word' id='word_1_236' title='bbox 920 2319 1153 2375; x_wconf 88' lang='lat' dir='ltr'><strong>insinuat</strong></span> <span class='ocrx_word' id='word_1_237' title='bbox 1174 2324 1383 2376; x_wconf 77' lang='lat' dir='ltr'><strong>Auctor</strong></span> <span class='ocrx_word' id='word_1_238' title='bbox 1411 2319 1665 2391; x_wconf 83' lang='lat' dir='ltr'><strong>sequenti</strong></span> <span class='ocrx_word' id='word_1_239' title='bbox 1684 2322 1855 2392; x_wconf 88' lang='lat' dir='ltr'><strong>capite</strong></span> <span class='ocrx_word' id='word_1_240' title='bbox 1886 2340 1898 2375; x_wconf 90' lang='lat'>:</span> 
     </span>
    </p>
   </div>
   <div class='ocr_carea' id='block_1_39' title="bbox 320 2390 1901 2461">
    <p class='ocr_par' dir='ltr' id='par_1_39' title="bbox 320 2390 1901 2461">
     <span class='ocr_line' id='line_1_39' title="bbox 320 2390 1901 2461; baseline 0.001 -19"><span class='ocrx_word' id='word_1_241' title='bbox 320 2391 386 2443; x_wconf 88' lang='lat' dir='ltr'><strong>Ut</strong></span> <span class='ocrx_word' id='word_1_242' title='bbox 427 2390 617 2443; x_wconf 82' lang='lat' dir='ltr'><strong>saltem</strong></span> <span class='ocrx_word' id='word_1_243' title='bbox 648 2392 995 2460; x_wconf 71' lang='lat' dir='ltr'><strong>pecuniarum</strong></span> <span class='ocrx_word' id='word_1_244' title='bbox 1025 2392 1361 2446; x_wconf 76' lang='lat' dir='ltr'><strong>abundantia</strong></span> <span class='ocrx_word' id='word_1_245' title='bbox 1389 2390 1618 2446; x_wconf 74' lang='lat' dir='ltr'><strong>satiatus</strong></span> <span class='ocrx_word' id='word_1_246' title='bbox 1652 2390 1901 2461; x_wconf 79' lang='lat' dir='ltr'><strong>concupi-</strong></span> 
     </span>
    </p>
   </div>
   <div class='ocr_carea' id='block_1_40' title="bbox 311 2461 1904 2531">
    <p class='ocr_par' dir='ltr' id='par_1_40' title="bbox 311 2461 1904 2531">
     <span class='ocr_line' id='line_1_40' title="bbox 311 2461 1904 2531; baseline 0.002 -17"><span class='ocrx_word' id='word_1_247' title='bbox 311 2462 522 2531; x_wconf 75' lang='lat' dir='ltr'><strong>scentiae</strong></span> <span class='ocrx_word' id='word_1_248' title='bbox 555 2476 665 2515; x_wconf 77' lang='lat' dir='ltr'><strong>sua:</strong></span> <span class='ocrx_word' id='word_1_249' title='bbox 690 2462 909 2515; x_wconf 88' lang='lat' dir='ltr'><strong>modum</strong></span> <span class='ocrx_word' id='word_1_250' title='bbox 946 2464 1259 2531; x_wconf 80' lang='lat' dir='ltr'><strong>imponeret.</strong></span> <span class='ocrx_word' id='word_1_251' title='bbox 1294 2462 1539 2518; x_wconf 90' lang='lat' dir='ltr'><strong>Dabatur</strong></span> <span class='ocrx_word' id='word_1_252' title='bbox 1560 2461 1708 2517; x_wconf 88' lang='lat' dir='ltr'><strong>enim</strong></span> <span class='ocrx_word' id='word_1_253' title='bbox 1738 2463 1786 2517; x_wconf 89' lang='lat' dir='ltr'><strong>ei</strong></span> <span class='ocrx_word' id='word_1_254' title='bbox 1811 2478 1904 2517; x_wconf 92' lang='lat' dir='ltr'><strong>oc-</strong></span> 
     </span>
    </p>
   </div>
   <div class='ocr_carea' id='block_1_41' title="bbox 312 2530 1897 2615">
    <p class='ocr_par' dir='ltr' id='par_1_41' title="bbox 312 2530 1897 2615">
     <span class='ocr_line' id='line_1_41' title="bbox 312 2530 1897 2615; baseline 0.003 -30"><span class='ocrx_word' id='word_1_255' title='bbox 312 2530 456 2615; x_wconf 76' lang='lat' dir='ltr'><strong>casio</strong></span> <span class='ocrx_word' id='word_1_256' title='bbox 496 2531 759 2615; x_wconf 52' lang='lat' dir='ltr'><strong>curandai</strong></span> <span class='ocrx_word' id='word_1_257' title='bbox 787 2530 1057 2615; x_wconf 29' lang='lat' dir='ltr'><strong>araritiaa’,</strong></span> <span class='ocrx_word' id='word_1_258' title='bbox 1089 2532 1497 2615; x_wconf 42' lang='lat' dir='ltr'><strong>et.mitigau_dae</strong></span> <span class='ocrx_word' id='word_1_259' title='bbox 1523 2533 1897 2615; x_wconf 70' lang='lat' dir='ltr'><strong>concupiscen-</strong></span> 
     </span>
    </p>
   </div>
   <div class='ocr_carea' id='block_1_42' title="bbox 315 2601 1897 2674">
    <p class='ocr_par' dir='ltr' id='par_1_42' title="bbox 315 2601 1897 2674">
     <span class='ocr_line' id='line_1_42' title="bbox 315 2601 1897 2674; baseline 0.003 -20"><span class='ocrx_word' id='word_1_260' title='bbox 315 2601 447 2674; x_wconf 68' lang='lat' dir='ltr'><strong>tiae:</strong></span> <span class='ocrx_word' id='word_1_261' title='bbox 494 2618 680 2659; x_wconf 87' lang='lat' dir='ltr'><strong>verum</strong></span> <span class='ocrx_word' id='word_1_262' title='bbox 706 2603 795 2658; x_wconf 91' lang='lat' dir='ltr'><strong>ille</strong></span> <span class='ocrx_word' id='word_1_263' title='bbox 838 2601 976 2658; x_wconf 88' lang='lat' dir='ltr'><strong>hanc</strong></span> <span class='ocrx_word' id='word_1_264' title='bbox 1001 2601 1344 2674; x_wconf 73' lang='lat' dir='ltr'><strong>occasionem</strong></span> <span class='ocrx_word' id='word_1_265' title='bbox 1374 2604 1476 2659; x_wconf 88' lang='lat' dir='ltr'><strong>sibi</strong></span> <span class='ocrx_word' id='word_1_266' title='bbox 1509 2603 1670 2660; x_wconf 83' lang='lat' dir='ltr'><strong>vertit</strong></span> <span class='ocrx_word' id='word_1_267' title='bbox 1697 2601 1751 2660; x_wconf 89' lang='lat' dir='ltr'><strong>in</strong></span> <span class='ocrx_word' id='word_1_268' title='bbox 1778 2619 1897 2674; x_wconf 90' lang='lat' dir='ltr'><strong>per-</strong></span> 
     </span>
    </p>
   </div>
   <div class='ocr_carea' id='block_1_43' title="bbox 316 2672 1899 2746">
    <p class='ocr_par' dir='ltr' id='par_1_43' title="bbox 316 2672 1899 2746">
     <span class='ocr_line' id='line_1_43' title="bbox 316 2672 1899 2746; baseline 0.002 -20"><span class='ocrx_word' id='word_1_269' title='bbox 316 2672 531 2746; x_wconf 78' lang='lat' dir='ltr'><strong>niciem,</strong></span> <span class='ocrx_word' id='word_1_270' title='bbox 560 2676 800 2746; x_wconf 16' lang='lat' dir='ltr'><strong>Deoiita,</strong></span> <span class='ocrx_word' id='word_1_271' title='bbox 830 2674 1040 2745; x_wconf 86' lang='lat' dir='ltr'><strong>occulto</strong></span> <span class='ocrx_word' id='word_1_272' title='bbox 1058 2689 1157 2729; x_wconf 92' lang='lat' dir='ltr'><strong>suo</strong></span> <span class='ocrx_word' id='word_1_273' title='bbox 1178 2673 1407 2745; x_wconf 86' lang='lat' dir='ltr'><strong>judicio,</strong></span> <span class='ocrx_word' id='word_1_274' title='bbox 1432 2672 1807 2746; x_wconf 71' lang='lat' dir='ltr'><strong>permittente,</strong></span> <span class='ocrx_word' id='word_1_275' title='bbox 1838 2682 1899 2729; x_wconf 93' lang='lat' dir='ltr'><strong>ut</strong></span> 
     </span>
    </p>
   </div>
   <div class='ocr_carea' id='block_1_44' title="bbox 313 2742 862 2812">
    <p class='ocr_par' dir='ltr' id='par_1_44' title="bbox 313 2742 862 2812">
     <span class='ocr_line' id='line_1_44' title="bbox 313 2742 862 2812; baseline 0.005 -16"><span class='ocrx_word' id='word_1_276' title='bbox 313 2742 369 2796; x_wconf 91' lang='lat' dir='ltr'><strong>in</strong></span> <span class='ocrx_word' id='word_1_277' title='bbox 408 2759 474 2798; x_wconf 91' lang='lat' dir='ltr'><strong>eo</strong></span> <span class='ocrx_word' id='word_1_278' title='bbox 515 2743 826 2801; x_wconf 84' lang='lat' dir='ltr'><strong>ostenderet</strong></span> <span class='ocrx_word' id='word_1_279' title='bbox 844 2786 862 2812; x_wconf 93' lang='lat'><strong>,</strong></span> 
     </span>
    </p>
   </div>
   <div class='ocr_carea' id='block_1_45' title="bbox 312 2815 1897 2887">
    <p class='ocr_par' dir='ltr' id='par_1_45' title="bbox 312 2815 1897 2887">
     <span class='ocr_line' id='line_1_45' title="bbox 312 2815 1897 2887; baseline 0.002 -20"><span class='ocrx_word' id='word_1_280' title='bbox 312 2815 565 2887; x_wconf 87' lang='lat' dir='ltr'><strong>tractatio</strong></span> <span class='ocrx_word' id='word_1_281' title='bbox 593 2823 646 2870; x_wconf 90' lang='lat' dir='ltr'><strong>et</strong></span> <span class='ocrx_word' id='word_1_282' title='bbox 685 2831 853 2887; x_wconf 88' lang='lat' dir='ltr'><strong>opum</strong></span> <span class='ocrx_word' id='word_1_283' title='bbox 899 2815 1257 2887; x_wconf 83' lang='lat' dir='ltr'><strong>abundantia.</strong></span> <span class='ocrx_word' id='word_1_284' title='bbox 1285 2815 1556 2872; x_wconf 59' lang='lat' dir='ltr'><strong>Secundo&#39;</strong></span> <span class='ocrx_word' id='word_1_285' title='bbox 1568 2816 1740 2887; x_wconf 78' lang='lat' dir='ltr'><strong>voluit</strong></span> <span class='ocrx_word' id='word_1_286' title='bbox 1780 2819 1897 2887; x_wconf 84' lang='lat' dir='ltr'><strong>Do-</strong></span> 
     </span>
    </p>
   </div>
   <div class='ocr_carea' id='block_1_46' title="bbox 312 2885 1902 2953">
    <p class='ocr_par' dir='ltr' id='par_1_46' title="bbox 312 2885 1902 2953">
     <span class='ocr_line' id='line_1_46' title="bbox 312 2885 1902 2953; baseline 0.001 -15"><span class='ocrx_word' id='word_1_287' title='bbox 312 2886 492 2941; x_wconf 88' lang='lat' dir='ltr'><strong>minus</strong></span> <span class='ocrx_word' id='word_1_288' title='bbox 515 2886 618 2940; x_wconf 76' lang='lat' dir='ltr'><strong>lioc</strong></span> <span class='ocrx_word' id='word_1_289' title='bbox 646 2885 810 2941; x_wconf 82' lang='lat' dir='ltr'><strong>etiam</strong></span> <span class='ocrx_word' id='word_1_290' title='bbox 838 2886 1129 2953; x_wconf 81' lang='lat' dir='ltr'><strong>beneﬁcio,</strong></span> <span class='ocrx_word' id='word_1_291' title='bbox 1160 2895 1294 2941; x_wconf 90' lang='lat' dir='ltr'><strong>utet</strong></span> <span class='ocrx_word' id='word_1_292' title='bbox 1316 2887 1433 2941; x_wconf 90' lang='lat' dir='ltr'><strong>aliis</strong></span> <span class='ocrx_word' id='word_1_293' title='bbox 1465 2885 1671 2952; x_wconf 90' lang='lat' dir='ltr'><strong>multis,</strong></span> <span class='ocrx_word' id='word_1_294' title='bbox 1703 2885 1902 2941; x_wconf 88' lang='lat' dir='ltr'><strong>Judam</strong></span> 
     </span>
    </p>
   </div>
   <div class='ocr_carea' id='block_1_47' title="bbox 313 2954 1905 3026">
    <p class='ocr_par' dir='ltr' id='par_1_47' title="bbox 313 2954 1905 3026">
     <span class='ocr_line' id='line_1_47' title="bbox 313 2954 1905 3026; baseline 0.001 -18"><span class='ocrx_word' id='word_1_295' title='bbox 313 2954 417 3009; x_wconf 89' lang='lat' dir='ltr'><strong>sibi</strong></span> <span class='ocrx_word' id='word_1_296' title='bbox 453 2956 746 3026; x_wconf 78' lang='lat' dir='ltr'><strong>devincire,</strong></span> <span class='ocrx_word' id='word_1_297' title='bbox 775 2965 830 3011; x_wconf 91' lang='lat' dir='ltr'><strong>et</strong></span> <span class='ocrx_word' id='word_1_298' title='bbox 857 2956 925 3011; x_wconf 89' lang='lat' dir='ltr'><strong>ad</strong></span> <span class='ocrx_word' id='word_1_299' title='bbox 949 2958 1027 3011; x_wconf 91' lang='lat' dir='ltr'><strong>sui</strong></span> <span class='ocrx_word' id='word_1_300' title='bbox 1053 2971 1300 3012; x_wconf 86' lang='lat' dir='ltr'><strong>amorem</strong></span> <span class='ocrx_word' id='word_1_301' title='bbox 1329 2956 1565 3023; x_wconf 87' lang='lat' dir='ltr'><strong>allicere,</strong></span> <span class='ocrx_word' id='word_1_302' title='bbox 1588 2963 1643 3010; x_wconf 89' lang='lat' dir='ltr'><strong>et</strong></span> <span class='ocrx_word' id='word_1_303' title='bbox 1663 2970 1692 3009; x_wconf 92' lang='lat' dir='ltr'><strong>a</strong></span> <span class='ocrx_word' id='word_1_304' title='bbox 1716 2970 1905 3026; x_wconf 87' lang='lat' dir='ltr'><strong>perpe-</strong></span> 
     </span>
    </p>
   </div>
   <div class='ocr_carea' id='block_1_48' title="bbox 1934 1586 3601 1691">
    <p class='ocr_par' dir='ltr' id='par_1_48' title="bbox 1934 1586 3601 1691">
     <span class='ocr_line' id='line_1_48' title="bbox 1934 1586 3601 1691; baseline -0.003 -20"><span class='ocrx_word' id='word_1_305' title='bbox 1934 1620 1981 1681; x_wconf 88' lang='lat' dir='ltr'><strong>B</strong></span> <span class='ocrx_word' id='word_1_306' title='bbox 2009 1630 2136 1691; x_wconf 79' lang='lat' dir='ltr'><strong>mox</strong></span> <span class='ocrx_word' id='word_1_307' title='bbox 2156 1614 2509 1691; x_wconf 47' lang='lat' dir='ltr'><strong>corru_isse}t</strong></span> <span class='ocrx_word' id='word_1_308' title='bbox 2526 1586 2856 1691; x_wconf 79' lang='lat' dir='ltr'><strong>exspirasse,</strong></span> <span class='ocrx_word' id='word_1_309' title='bbox 2876 1616 2941 1691; x_wconf 62' lang='lat' dir='ltr'><strong>at</strong></span> <span class='ocrx_word' id='word_1_310' title='bbox 2956 1609 3033 1691; x_wconf 80' lang='lat' dir='ltr'><strong>ad</strong></span> <span class='ocrx_word' id='word_1_311' title='bbox 3057 1606 3601 1691; x_wconf 43' lang='lat' dir='ltr'><strong>sepulcrum‘delatos</strong></span> 
     </span>
    </p>
   </div>
   <div class='ocr_carea' id='block_1_49' title="bbox 2002 1676 3601 1742">
    <p class='ocr_par' dir='ltr' id='par_1_49' title="bbox 2002 1676 3601 1742">
     <span class='ocr_line' id='line_1_49' title="bbox 2002 1676 3601 1742; baseline -0.004 -1"><span class='ocrx_word' id='word_1_312' title='bbox 2002 1684 2191 1742; x_wconf 89' lang='lat' dir='ltr'><strong>fuisse.</strong></span> <span class='ocrx_word' id='word_1_313' title='bbox 2223 1684 2329 1741; x_wconf 88' lang='lat' dir='ltr'><strong>Sed</strong></span> <span class='ocrx_word' id='word_1_314' title='bbox 2352 1676 2649 1740; x_wconf 77' lang='lat' dir='ltr'><strong>difﬁcultas</strong></span> <span class='ocrx_word' id='word_1_315' title='bbox 2674 1691 2759 1739; x_wconf 91' lang='lat' dir='ltr'><strong>est</strong></span> <span class='ocrx_word' id='word_1_316' title='bbox 2783 1676 2854 1737; x_wconf 84' lang='lat' dir='ltr'><strong>an</strong></span> <span class='ocrx_word' id='word_1_317' title='bbox 2876 1684 3071 1738; x_wconf 87' lang='lat' dir='ltr'><strong>Petrus</strong></span> <span class='ocrx_word' id='word_1_318' title='bbox 3092 1676 3217 1737; x_wconf 61' lang='lat' dir='ltr'><strong>v&#39;ere</strong></span> <span class='ocrx_word' id='word_1_319' title='bbox 3236 1689 3293 1735; x_wconf 88' lang='lat' dir='ltr'><strong>et</strong></span> <span class='ocrx_word' id='word_1_320' title='bbox 3312 1676 3601 1736; x_wconf 78' lang='lat' dir='ltr'><strong>efﬁcaciter</strong></span> 
     </span>
    </p>
   </div>
   <div class='ocr_carea' id='block_1_50' title="bbox 2005 1749 3585 1815">
    <p class='ocr_par' dir='ltr' id='par_1_50' title="bbox 2005 1749 3585 1815">
     <span class='ocr_line' id='line_1_50' title="bbox 2005 1749 3585 1815; baseline -0.004 -4"><span class='ocrx_word' id='word_1_321' title='bbox 2005 1772 2101 1815; x_wconf 88' lang='lat' dir='ltr'><strong>eos</strong></span> <span class='ocrx_word' id='word_1_322' title='bbox 2130 1755 2463 1811; x_wconf 73' lang='lat' dir='ltr'><strong>interfecerit</strong></span> <span class='ocrx_word' id='word_1_323' title='bbox 2486 1761 2541 1810; x_wconf 92' lang='lat' dir='ltr'><strong>et</strong></span> <span class='ocrx_word' id='word_1_324' title='bbox 2580 1762 2759 1810; x_wconf 90' lang='lat' dir='ltr'><strong>morte</strong></span> <span class='ocrx_word' id='word_1_325' title='bbox 2798 1753 3110 1815; x_wconf 90' lang='lat' dir='ltr'><strong>mulctarit,</strong></span> <span class='ocrx_word' id='word_1_326' title='bbox 3152 1759 3215 1808; x_wconf 87' lang='lat' dir='ltr'><strong>ut</strong></span> <span class='ocrx_word' id='word_1_327' title='bbox 3241 1750 3333 1806; x_wconf 88' lang='lat' dir='ltr'><strong>hic</strong></span> <span class='ocrx_word' id='word_1_328' title='bbox 3368 1749 3585 1805; x_wconf 86' lang='lat' dir='ltr'><strong>dicitur.</strong></span> 
     </span>
    </p>
   </div>
   <div class='ocr_carea' id='block_1_51' title="bbox 2006 1820 3594 1893">
    <p class='ocr_par' dir='ltr' id='par_1_51' title="bbox 2006 1820 3594 1893">
     <span class='ocr_line' id='line_1_51' title="bbox 2006 1820 3594 1893; baseline -0.003 -9"><span class='ocrx_word' id='word_1_329' title='bbox 2006 1829 2147 1884; x_wconf 87' lang='lat' dir='ltr'><strong>Nam</strong></span> <span class='ocrx_word' id='word_1_330' title='bbox 2185 1828 2371 1883; x_wconf 86' lang='lat' dir='ltr'><strong>Patres</strong></span> <span class='ocrx_word' id='word_1_331' title='bbox 2408 1826 2508 1887; x_wconf 78' lang='lat' dir='ltr'><strong>hac</strong></span> <span class='ocrx_word' id='word_1_332' title='bbox 2544 1824 2613 1881; x_wconf 86' lang='lat' dir='ltr'><strong>de</strong></span> <span class='ocrx_word' id='word_1_333' title='bbox 2642 1840 2701 1880; x_wconf 84' lang='lat' dir='ltr'><strong>re</strong></span> <span class='ocrx_word' id='word_1_334' title='bbox 2730 1822 3096 1880; x_wconf 77' lang='lat' dir='ltr'><strong>diversimode</strong></span> <span class='ocrx_word' id='word_1_335' title='bbox 3134 1822 3443 1893; x_wconf 75' lang='lat' dir='ltr'><strong>loquuntur.</strong></span> <span class='ocrx_word' id='word_1_336' title='bbox 3473 1820 3594 1879; x_wconf 78' lang='lat' dir='ltr'><strong>Ori-</strong></span> 
     </span>
    </p>
   </div>
   <div class='ocr_carea' id='block_1_52' title="bbox 2007 1891 3589 1974">
    <p class='ocr_par' dir='ltr' id='par_1_52' title="bbox 2007 1891 3589 1974">
     <span class='ocr_line' id='line_1_52' title="bbox 2007 1891 3589 1974; baseline -0.003 -21"><span class='ocrx_word' id='word_1_337' title='bbox 2007 1913 2171 1974; x_wconf 77' lang='lat' dir='ltr'><strong>genes</strong></span> <span class='ocrx_word' id='word_1_338' title='bbox 2195 1898 2344 1974; x_wconf 84' lang='lat' dir='ltr'><strong>enim</strong></span> <span class='ocrx_word' id='word_1_339' title='bbox 2371 1905 2527 1968; x_wconf 88' lang='lat' dir='ltr'><strong>putat</strong></span> <span class='ocrx_word' id='word_1_340' title='bbox 2552 1911 2667 1974; x_wconf 79' lang='lat' dir='ltr'><strong>non</strong></span> <span class='ocrx_word' id='word_1_341' title='bbox 2696 1911 2814 1974; x_wconf 77' lang='lat' dir='ltr'><strong>esse</strong></span> <span class='ocrx_word' id='word_1_342' title='bbox 2835 1898 2999 1953; x_wconf 79' lang='lat' dir='ltr'><strong>Petro</strong></span> <span class='ocrx_word' id='word_1_343' title='bbox 3026 1891 3406 1974; x_wconf 78' lang='lat' dir='ltr'><strong>ascribendum</strong></span> <span class='ocrx_word' id='word_1_344' title='bbox 3442 1895 3589 1974; x_wconf 45' lang='lat' dir='ltr'><strong>Ana-</strong></span> 
     </span>
    </p>
   </div>
   <div class='ocr_carea' id='block_1_53' title="bbox 2009 1962 3597 2035">
    <p class='ocr_par' dir='ltr' id='par_1_53' title="bbox 2009 1962 3597 2035">
     <span class='ocr_line' id='line_1_53' title="bbox 2009 1962 3597 2035; baseline -0.005 -10"><span class='ocrx_word' id='word_1_345' title='bbox 2009 1962 2116 2025; x_wconf 63' lang='lat' dir='ltr'><strong>nia:</strong></span> <span class='ocrx_word' id='word_1_346' title='bbox 2142 1962 2457 2035; x_wconf 81' lang='lat' dir='ltr'><strong>interitum;</strong></span> <span class='ocrx_word' id='word_1_347' title='bbox 2483 1966 2577 2024; x_wconf 89' lang='lat' dir='ltr'><strong>sed</strong></span> <span class='ocrx_word' id='word_1_348' title='bbox 2601 1965 2872 2023; x_wconf 78' lang='lat' dir='ltr'><strong>Ananiam</strong></span> <span class='ocrx_word' id='word_1_349' title='bbox 2898 1981 3010 2022; x_wconf 90' lang='lat' dir='ltr'><strong>non</strong></span> <span class='ocrx_word' id='word_1_350' title='bbox 3032 1962 3349 2035; x_wconf 87' lang='lat' dir='ltr'><strong>sustinuisse</strong></span> <span class='ocrx_word' id='word_1_351' title='bbox 3373 1962 3597 2018; x_wconf 88' lang='lat' dir='ltr'><strong>acrimo-</strong></span> 
     </span>
    </p>
   </div>
   <div class='ocr_carea' id='block_1_54' title="bbox 2011 2034 3598 2109">
    <p class='ocr_par' dir='ltr' id='par_1_54' title="bbox 2011 2034 3598 2109">
     <span class='ocr_line' id='line_1_54' title="bbox 2011 2034 3598 2109; baseline -0.005 -15"><span class='ocrx_word' id='word_1_352' title='bbox 2011 2040 2157 2095; x_wconf 86' lang='lat' dir='ltr'><strong>niam</strong></span> <span class='ocrx_word' id='word_1_353' title='bbox 2185 2034 2475 2094; x_wconf 86' lang='lat' dir='ltr'><strong>verborum</strong></span> <span class='ocrx_word' id='word_1_354' title='bbox 2500 2038 2665 2103; x_wconf 89' lang='lat' dir='ltr'><strong>Petri,</strong></span> <span class='ocrx_word' id='word_1_355' title='bbox 2691 2036 2994 2109; x_wconf 68' lang='lat' dir='ltr'><strong>praesertim</strong></span> <span class='ocrx_word' id='word_1_356' title='bbox 3019 2034 3414 2109; x_wconf 85' lang='lat' dir='ltr'><strong>illorum</strong></span> <span class='ocrx_word' id='word_1_357' title='bbox 3428 2037 3598 2109; x_wconf 72' lang='lat' dir='ltr'><strong>tenta-</strong></span> 
     </span>
    </p>
   </div>
   <div class='ocr_carea' id='block_1_55' title="bbox 2009 2104 3600 2178">
    <p class='ocr_par' dir='ltr' id='par_1_55' title="bbox 2009 2104 3600 2178">
     <span class='ocr_line' id='line_1_55' title="bbox 2009 2104 3600 2178; baseline -0.004 -14"><span class='ocrx_word' id='word_1_358' title='bbox 2009 2113 2089 2165; x_wconf 79' lang='lat' dir='ltr'><strong>vit</strong></span> <span class='ocrx_word' id='word_1_359' title='bbox 2116 2112 2350 2166; x_wconf 86' lang='lat' dir='ltr'><strong>Satanas</strong></span> <span class='ocrx_word' id='word_1_360' title='bbox 2383 2125 2471 2165; x_wconf 86' lang='lat' dir='ltr'><strong>cor</strong></span> <span class='ocrx_word' id='word_1_361' title='bbox 2498 2114 2651 2163; x_wconf 84' lang='lat' dir='ltr'><strong>tuum</strong></span> <span class='ocrx_word' id='word_1_362' title='bbox 2668 2104 2709 2171; x_wconf 83' lang='grc'><strong>,’</strong></span> <span class='ocrx_word' id='word_1_363' title='bbox 2727 2117 2831 2163; x_wconf 82' lang='lat' dir='ltr'><strong>etc.</strong></span> <span class='ocrx_word' id='word_1_364' title='bbox 2857 2148 2873 2175; x_wconf 91' lang='lat'><strong>,</strong></span> <span class='ocrx_word' id='word_1_365' title='bbox 2900 2116 3063 2178; x_wconf 82' lang='lat' dir='ltr'><strong>atque</strong></span> <span class='ocrx_word' id='word_1_366' title='bbox 3083 2106 3220 2162; x_wconf 85' lang='lat' dir='ltr'><strong>adeo</strong></span> <span class='ocrx_word' id='word_1_367' title='bbox 3251 2104 3362 2160; x_wconf 84' lang='lat' dir='ltr'><strong>illis</strong></span> <span class='ocrx_word' id='word_1_368' title='bbox 3402 2104 3600 2178; x_wconf 81' lang='lat' dir='ltr'><strong>auditis</strong></span> 
     </span>
    </p>
   </div>
   <div class='ocr_carea' id='block_1_56' title="bbox 2009 2175 3600 2253">
    <p class='ocr_par' dir='ltr' id='par_1_56' title="bbox 2009 2175 3600 2253">
     <span class='ocr_line' id='line_1_56' title="bbox 2009 2175 3600 2253; baseline -0.004 -17"><span class='ocrx_word' id='word_1_369' title='bbox 2009 2196 2123 2253; x_wconf 58' lang='lat' dir='ltr'><strong>prae</strong></span> <span class='ocrx_word' id='word_1_370' title='bbox 2146 2180 2327 2253; x_wconf 17' lang='lat' dir='ltr'><strong>nimio,</strong></span> <span class='ocrx_word' id='word_1_371' title='bbox 2343 2178 2572 2253; x_wconf 69' lang='lat' dir='ltr'><strong>horrare</strong></span> <span class='ocrx_word' id='word_1_372' title='bbox 2600 2187 2655 2253; x_wconf 75' lang='lat' dir='ltr'><strong>et</strong></span> <span class='ocrx_word' id='word_1_373' title='bbox 2679 2177 2845 2235; x_wconf 86' lang='lat' dir='ltr'><strong>animi</strong></span> <span class='ocrx_word' id='word_1_374' title='bbox 2877 2175 3078 2253; x_wconf 69' lang='lat' dir='ltr'><strong>augura</strong></span> <span class='ocrx_word' id='word_1_375' title='bbox 3091 2184 3391 2253; x_wconf 76' lang='lat' dir='ltr'><strong>mortuum</strong></span> <span class='ocrx_word' id='word_1_376' title='bbox 3416 2175 3600 2253; x_wconf 60' lang='lat' dir='ltr'><strong>conci—</strong></span> 
     </span>
    </p>
   </div>
   <div class='ocr_carea' id='block_1_57' title="bbox 2009 2246 3594 2373">
    <p class='ocr_par' dir='ltr' id='par_1_57' title="bbox 2009 2246 3594 2373">
     <span class='ocr_line' id='line_1_57' title="bbox 2009 2246 3594 2373; baseline -0.003 -69"><span class='ocrx_word' id='word_1_377' title='bbox 2009 2246 2173 2334; x_wconf 67' lang='lat' dir='ltr'><strong>disse.</strong></span> <span class='ocrx_word' id='word_1_378' title='bbox 2199 2252 2463 2333; x_wconf 80' lang='lat' dir='ltr'><strong>Audiens,</strong></span> <span class='ocrx_word' id='word_1_379' title='bbox 2484 2250 2657 2334; x_wconf 75' lang='lat' dir='ltr'><strong>inquit</strong></span> <span class='ocrx_word' id='word_1_380' title='bbox 2682 2253 2880 2315; x_wconf 82' lang='lat' dir='ltr'><strong>(Tract.</strong></span> <span class='ocrx_word' id='word_1_381' title='bbox 2913 2246 3024 2305; x_wconf 65' lang='grc' dir='ltr'><strong>εἴη</strong></span> <span class='ocrx_word' id='word_1_382' title='bbox 3049 2246 3271 2373; x_wconf 39' lang='lat' dir='ltr'><strong>Metilii;</strong></span> <span class='ocrx_word' id='word_1_383' title='bbox 3286 2248 3396 2301; x_wconf 72' lang='lat' dir='ltr'><strong>haec</strong></span> <span class='ocrx_word' id='word_1_384' title='bbox 3415 2246 3594 2308; x_wconf 76' lang='lat' dir='ltr'><strong>verba,</strong></span> 
     </span>
     <span class='ocr_line' id='line_1_58' title="bbox 2010 2317 3594 2373; baseline -0.001 0"><span class='ocrx_word' id='word_1_385' title='bbox 2010 2323 2128 2373; x_wconf 72' lang='lat' dir='ltr'><strong>ideo</strong></span> <span class='ocrx_word' id='word_1_386' title='bbox 2155 2322 2348 2373; x_wconf 82' lang='lat' dir='ltr'><strong>cadens</strong></span> <span class='ocrx_word' id='word_1_387' title='bbox 2373 2324 2687 2373; x_wconf 67' lang='lat' dir='ltr'><strong>exspiravit.</strong></span> <span class='ocrx_word' id='word_1_388' title='bbox 2712 2320 2855 2373; x_wconf 90' lang='lat' dir='ltr'><strong>auod</strong></span> <span class='ocrx_word' id='word_1_389' title='bbox 2880 2336 2984 2373; x_wconf 89' lang='lat' dir='ltr'><strong>non</strong></span> <span class='ocrx_word' id='word_1_390' title='bbox 3012 2323 3244 2373; x_wconf 75' lang='lat' dir='ltr'><strong>sustinui</strong></span> <span class='ocrx_word' id='word_1_391' title='bbox 3307 2317 3594 2373; x_wconf 76' lang='lat' dir='ltr'><strong>reprehen-</strong></span> 
     </span>
    </p>
   </div>
   <div class='ocr_carea' id='block_1_58' title="bbox 2010 2317 3599 2391">
    <p class='ocr_par' dir='ltr' id='par_1_58' title="bbox 2010 2317 3599 2391">
     <span class='ocr_line' id='line_1_59' title="bbox 2010 2317 3599 2391; baseline -0.003 -15"><span class='ocrx_word' id='word_1_392' title='bbox 2010 2323 2128 2376; x_wconf 85' lang='lat' dir='ltr'><strong>ideo</strong></span> <span class='ocrx_word' id='word_1_393' title='bbox 2155 2322 2348 2377; x_wconf 84' lang='lat' dir='ltr'><strong>cadens</strong></span> <span class='ocrx_word' id='word_1_394' title='bbox 2373 2317 2687 2391; x_wconf 62' lang='lat' dir='ltr'><strong>exspiravit,</strong></span> <span class='ocrx_word' id='word_1_395' title='bbox 2712 2320 2855 2390; x_wconf 88' lang='lat' dir='ltr'><strong>quod</strong></span> <span class='ocrx_word' id='word_1_396' title='bbox 2880 2336 2984 2375; x_wconf 89' lang='lat' dir='ltr'><strong>non</strong></span> <span class='ocrx_word' id='word_1_397' title='bbox 3012 2317 3271 2373; x_wconf 74' lang='lat' dir='ltr'><strong>sustinuit</strong></span> <span class='ocrx_word' id='word_1_398' title='bbox 3307 2317 3599 2391; x_wconf 80' lang='lat' dir='ltr'><strong>reprehen-</strong></span> 
     </span>
    </p>
   </div>
   <div class='ocr_carea' id='block_1_59' title="bbox 2008 2390 3600 2459">
    <p class='ocr_par' dir='ltr' id='par_1_59' title="bbox 2008 2390 3600 2459">
     <span class='ocr_line' id='line_1_60' title="bbox 2008 2390 3600 2459; baseline -0.004 -12"><span class='ocrx_word' id='word_1_399' title='bbox 2008 2394 2205 2447; x_wconf 88' lang='lat' dir='ltr'><strong>sionem</strong></span> <span class='ocrx_word' id='word_1_400' title='bbox 2225 2393 2407 2457; x_wconf 85' lang='lat' dir='ltr'><strong>Petri;</strong></span> <span class='ocrx_word' id='word_1_401' title='bbox 2428 2390 2523 2447; x_wconf 82' lang='lat' dir='ltr'><strong>sed</strong></span> <span class='ocrx_word' id='word_1_402' title='bbox 2549 2394 2813 2445; x_wconf 74' lang='lat' dir='ltr'><strong>cruciatus</strong></span> <span class='ocrx_word' id='word_1_403' title='bbox 2834 2391 2970 2445; x_wconf 81' lang='lat' dir='ltr'><strong>adeo</strong></span> <span class='ocrx_word' id='word_1_404' title='bbox 2996 2393 3056 2444; x_wconf 82' lang='lat' dir='ltr'><strong>in</strong></span> <span class='ocrx_word' id='word_1_405' title='bbox 3082 2396 3241 2444; x_wconf 50' lang='lat' dir='ltr'><strong>se&#39;est</strong></span> <span class='ocrx_word' id='word_1_406' title='bbox 3256 2390 3509 2459; x_wconf 80' lang='lat' dir='ltr'><strong>punitus,</strong></span> <span class='ocrx_word' id='word_1_407' title='bbox 3532 2392 3600 2442; x_wconf 71' lang='lat' dir='ltr'><strong>ut</strong></span> 
     </span>
    </p>
   </div>
   <div class='ocr_carea' id='block_1_60' title="bbox 2012 2459 3597 2531">
    <p class='ocr_par' dir='ltr' id='par_1_60' title="bbox 2012 2459 3597 2531">
     <span class='ocr_line' id='line_1_61' title="bbox 2012 2459 3597 2531; baseline -0.003 -14"><span class='ocrx_word' id='word_1_408' title='bbox 2012 2464 2179 2518; x_wconf 85' lang='lat' dir='ltr'><strong>etiam</strong></span> <span class='ocrx_word' id='word_1_409' title='bbox 2204 2464 2529 2531; x_wconf 70' lang='lat' dir='ltr'><strong>exspiraret.</strong></span> <span class='ocrx_word' id='word_1_410' title='bbox 2570 2461 2779 2519; x_wconf 82' lang='lat' dir='ltr'><strong>Eodem</strong></span> <span class='ocrx_word' id='word_1_411' title='bbox 2808 2460 2975 2519; x_wconf 86' lang='lat' dir='ltr'><strong>modo</strong></span> <span class='ocrx_word' id='word_1_412' title='bbox 3019 2459 3218 2531; x_wconf 80' lang='lat' dir='ltr'><strong>sentire</strong></span> <span class='ocrx_word' id='word_1_413' title='bbox 3258 2459 3474 2531; x_wconf 73' lang='lat' dir='ltr'><strong>videtur</strong></span> <span class='ocrx_word' id='word_1_414' title='bbox 3518 2461 3597 2531; x_wconf 71' lang='grc' dir='ltr'><strong>Β.</strong></span> 
     </span>
    </p>
   </div>
   <div class='ocr_carea' id='block_1_61' title="bbox 2015 2529 3602 2603">
    <p class='ocr_par' dir='ltr' id='par_1_61' title="bbox 2015 2529 3602 2603">
     <span class='ocr_line' id='line_1_62' title="bbox 2015 2529 3602 2603; baseline -0.001 -16"><span class='ocrx_word' id='word_1_415' title='bbox 2015 2529 2380 2603; x_wconf 81' lang='lat' dir='ltr'><strong>Hieronymus</strong></span> <span class='ocrx_word' id='word_1_416' title='bbox 2396 2571 2412 2598; x_wconf 88' lang='lat'><strong>,</strong></span> <span class='ocrx_word' id='word_1_417' title='bbox 2443 2531 2574 2587; x_wconf 90' lang='lat' dir='ltr'><strong>dum</strong></span> <span class='ocrx_word' id='word_1_418' title='bbox 2602 2531 2884 2603; x_wconf 85' lang='lat' dir='ltr'><strong>Porphyrii</strong></span> <span class='ocrx_word' id='word_1_419' title='bbox 2907 2530 3239 2586; x_wconf 88' lang='lat' dir='ltr'><strong>calumniam</strong></span> <span class='ocrx_word' id='word_1_420' title='bbox 3262 2529 3506 2586; x_wconf 82' lang='lat' dir='ltr'><strong>refutans</strong></span> <span class='ocrx_word' id='word_1_421' title='bbox 3525 2530 3602 2586; x_wconf 87' lang='lat' dir='ltr'><strong>ait</strong></span> 
     </span>
    </p>
   </div>
   <div class='ocr_carea' id='block_1_62' title="bbox 2003 2603 3598 2677">
    <p class='ocr_par' dir='ltr' id='par_1_62' title="bbox 2003 2603 3598 2677">
     <span class='ocr_line' id='line_1_63' title="bbox 2003 2603 3598 2677; baseline -0.005 -18"><span class='ocrx_word' id='word_1_422' title='bbox 2003 2604 2115 2670; x_wconf 81' lang='lat' dir='ltr'><strong>(Ad</strong></span> <span class='ocrx_word' id='word_1_423' title='bbox 2137 2604 2528 2659; x_wconf 79' lang='lat' dir='ltr'><strong>Demetriadem</strong></span> <span class='ocrx_word' id='word_1_424' title='bbox 2554 2605 2710 2672; x_wconf 85' lang='lat' dir='ltr'><strong>epist.</strong></span> <span class='ocrx_word' id='word_1_425' title='bbox 2738 2608 2792 2668; x_wconf 91' lang='lat'><strong>8)</strong></span> <span class='ocrx_word' id='word_1_426' title='bbox 2825 2622 2840 2656; x_wconf 88' lang='lat'><strong><em>:</em></strong></span> <span class='ocrx_word' id='word_1_427' title='bbox 2867 2603 3153 2677; x_wconf 80' lang='lat' dir='ltr'><strong>Apostolus</strong></span> <span class='ocrx_word' id='word_1_428' title='bbox 3178 2604 3370 2677; x_wconf 70' lang='lat' dir='ltr'><strong>Petrus</strong></span> <span class='ocrx_word' id='word_1_429' title='bbox 3394 2614 3598 2677; x_wconf 78' lang='lat' dir='ltr'><strong>nequa-</strong></span> 
     </span>
    </p>
   </div>
   <div class='ocr_carea' id='block_1_63' title="bbox 962 2670 3602 2745">
    <p class='ocr_par' dir='ltr' id='par_1_63' title="bbox 962 2670 3602 2745">
     <span class='ocr_line' id='line_1_64' title="bbox 962 2670 3602 2745; baseline -0.002 -16"><span class='ocrx_word' id='word_1_430' title='bbox 962 2674 1040 2745; x_wconf 88' lang='lat' dir='ltr'><strong>_lto</strong></span> <span class='ocrx_word' id='word_1_431' title='bbox 1058 2689 1157 2729; x_wconf 91' lang='lat' dir='ltr'><strong>suo</strong></span> <span class='ocrx_word' id='word_1_432' title='bbox 1178 2673 1407 2745; x_wconf 86' lang='lat' dir='ltr'><strong>judicio,</strong></span> <span class='ocrx_word' id='word_1_433' title='bbox 1432 2670 1807 2745; x_wconf 49' lang='lat' dir='ltr'><strong>permittente&quot;,</strong></span> <span class='ocrx_word' id='word_1_434' title='bbox 1838 2682 1899 2729; x_wconf 92' lang='lat' dir='ltr'><strong>ut</strong></span> <span class='ocrx_word' id='word_1_435' title='bbox 2004 2688 2167 2744; x_wconf 86' lang='lat' dir='ltr'><strong>quam</strong></span> <span class='ocrx_word' id='word_1_436' title='bbox 2192 2677 2521 2743; x_wconf 83' lang='lat' dir='ltr'><strong>imprecatur</strong></span> <span class='ocrx_word' id='word_1_437' title='bbox 2546 2670 2623 2729; x_wconf 79' lang='lat' dir='ltr'><strong>eis</strong></span> <span class='ocrx_word' id='word_1_438' title='bbox 2662 2678 2882 2728; x_wconf 84' lang='lat' dir='ltr'><strong>mortem</strong></span> <span class='ocrx_word' id='word_1_439' title='bbox 2897 2670 3007 2735; x_wconf 56' lang='lat' dir='ltr'><strong>[ut</strong></span> <span class='ocrx_word' id='word_1_440' title='bbox 3030 2674 3229 2727; x_wconf 80' lang='lat' dir='ltr'><strong>stultus</strong></span> <span class='ocrx_word' id='word_1_441' title='bbox 3264 2670 3602 2741; x_wconf 74' lang='lat' dir='ltr'><strong>Porphyrius</strong></span> 
     </span>
    </p>
   </div>
   <div class='ocr_carea' id='block_1_64' title="bbox 941 2744 3605 2817">
    <p class='ocr_par' dir='ltr' id='par_1_64' title="bbox 941 2744 3605 2817">
     <span class='ocr_line' id='line_1_65' title="bbox 941 2744 3605 2817; baseline -0.001 -18"><span class='ocrx_word' id='word_1_442' title='bbox 941 2744 1078 2817; x_wconf 81' lang='lat' dir='ltr'><strong>nam</strong></span> <span class='ocrx_word' id='word_1_443' title='bbox 1095 2744 1397 2816; x_wconf 80' lang='lat' dir='ltr'><strong>periculosa</strong></span> <span class='ocrx_word' id='word_1_444' title='bbox 1431 2744 1506 2817; x_wconf 79' lang='lat' dir='ltr'><strong>sit</strong></span> <span class='ocrx_word' id='word_1_445' title='bbox 1543 2745 1897 2817; x_wconf 88' lang='lat' dir='ltr'><strong>pecuniarum</strong></span> <span class='ocrx_word' id='word_1_446' title='bbox 2006 2746 2384 2807; x_wconf 81' lang='lat' dir='ltr'><strong>calumniatur,</strong></span> <span class='ocrx_word' id='word_1_447' title='bbox 2407 2746 2501 2799; x_wconf 88' lang='lat' dir='ltr'><strong>sed</strong></span> <span class='ocrx_word' id='word_1_448' title='bbox 2528 2746 2627 2817; x_wconf 78' lang='lat' dir='ltr'><strong>Dei</strong></span> <span class='ocrx_word' id='word_1_449' title='bbox 2658 2745 2931 2814; x_wconf 81' lang='lat' dir='ltr'><strong>judicium</strong></span> <span class='ocrx_word' id='word_1_450' title='bbox 2954 2745 3263 2817; x_wconf 70' lang='lat' dir='ltr'><strong>prophetipo</strong></span> <span class='ocrx_word' id='word_1_451' title='bbox 3279 2744 3482 2817; x_wconf 77' lang='lat' dir='ltr'><strong>spiritu</strong></span> <span class='ocrx_word' id='word_1_452' title='bbox 3502 2758 3605 2817; x_wconf 87' lang='lat' dir='ltr'><strong>an-</strong></span> 
     </span>
    </p>
   </div>
   <div class='ocr_carea' id='block_1_65' title="bbox 2011 2814 3600 2884">
    <p class='ocr_par' dir='ltr' id='par_1_65' title="bbox 2011 2814 3600 2884">
     <span class='ocr_line' id='line_1_66' title="bbox 2011 2814 3600 2884; baseline -0.001 -15"><span class='ocrx_word' id='word_1_453' title='bbox 2011 2818 2247 2878; x_wconf 86' lang='lat' dir='ltr'><strong>nuntiat,</strong></span> <span class='ocrx_word' id='word_1_454' title='bbox 2276 2820 2337 2869; x_wconf 87' lang='lat' dir='ltr'><strong>ut</strong></span> <span class='ocrx_word' id='word_1_455' title='bbox 2356 2832 2520 2884; x_wconf 65' lang='lat' dir='ltr'><strong>plena</strong></span> <span class='ocrx_word' id='word_1_456' title='bbox 2542 2816 2772 2870; x_wconf 86' lang='lat' dir='ltr'><strong>duorum</strong></span> <span class='ocrx_word' id='word_1_457' title='bbox 2796 2817 3064 2870; x_wconf 81' lang='lat' dir='ltr'><strong>hominum</strong></span> <span class='ocrx_word' id='word_1_458' title='bbox 3082 2816 3154 2868; x_wconf 90' lang='lat' dir='ltr'><strong>sit</strong></span> <span class='ocrx_word' id='word_1_459' title='bbox 3181 2814 3420 2884; x_wconf 85' lang='lat' dir='ltr'><strong>doctrina</strong></span> <span class='ocrx_word' id='word_1_460' title='bbox 3448 2815 3600 2867; x_wconf 88' lang='lat' dir='ltr'><strong>mul-</strong></span> 
     </span>
    </p>
   </div>
   <div class='ocr_carea' id='block_1_66' title="bbox 2014 2882 3601 2957">
    <p class='ocr_par' dir='ltr' id='par_1_66' title="bbox 2014 2882 3601 2957">
     <span class='ocr_line' id='line_1_67' title="bbox 2014 2882 3601 2957; baseline -0.001 -17"><span class='ocrx_word' id='word_1_461' title='bbox 2014 2891 2210 2940; x_wconf 90' lang='lat' dir='ltr'><strong>torum.</strong></span> <span class='ocrx_word' id='word_1_462' title='bbox 2245 2882 2955 2957; x_wconf 76' lang='lat' dir='ltr'><strong>DionysiusCarthusianus</strong></span> <span class='ocrx_word' id='word_1_463' title='bbox 2980 2883 3142 2957; x_wconf 85' lang='lat' dir='ltr'><strong>docet</strong></span> <span class='ocrx_word' id='word_1_464' title='bbox 3163 2882 3453 2957; x_wconf 78' lang='lat' dir='ltr'><strong>abangelo</strong></span> <span class='ocrx_word' id='word_1_465' title='bbox 3482 2899 3601 2955; x_wconf 89' lang='lat' dir='ltr'><strong>per-</strong></span> 
     </span>
    </p>
   </div>
   <div class='ocr_carea' id='block_1_67' title="bbox 2014 2955 3602 3027">
    <p class='ocr_par' dir='ltr' id='par_1_67' title="bbox 2014 2955 3602 3027">
     <span class='ocr_line' id='line_1_68' title="bbox 2014 2955 3602 3027; baseline -0.001 -16"><span class='ocrx_word' id='word_1_466' title='bbox 2014 2971 2234 3011; x_wconf 90' lang='lat' dir='ltr'><strong>cussum</strong></span> <span class='ocrx_word' id='word_1_467' title='bbox 2264 2955 2535 3027; x_wconf 79' lang='lat' dir='ltr'><strong>Ananiam</strong></span> <span class='ocrx_word' id='word_1_468' title='bbox 2553 2996 2570 3022; x_wconf 95' lang='lat'><strong>,</strong></span> <span class='ocrx_word' id='word_1_469' title='bbox 2597 2963 2654 3027; x_wconf 80' lang='lat' dir='ltr'><strong>et</strong></span> <span class='ocrx_word' id='word_1_470' title='bbox 2688 2970 2914 3011; x_wconf 85' lang='lat' dir='ltr'><strong>uxorem</strong></span> <span class='ocrx_word' id='word_1_471' title='bbox 2943 2956 3063 3027; x_wconf 83' lang='lat' dir='ltr'><strong>ejus</strong></span> <span class='ocrx_word' id='word_1_472' title='bbox 3089 2955 3397 3027; x_wconf 47' lang='lat' dir='ltr'><strong>Saphirami</strong></span> <span class='ocrx_word' id='word_1_473' title='bbox 3430 2956 3602 3009; x_wconf 91' lang='lat' dir='ltr'><strong>Porro</strong></span> 
     </span>
    </p>
   </div>
   <div class='ocr_carea' id='block_1_68' title="bbox 313 3024 3601 3106">
    <p class='ocr_par' dir='ltr' id='par_1_68' title="bbox 313 3024 3601 3106">
     <span class='ocr_line' id='line_1_69' title="bbox 313 3024 3601 3106; baseline 0.001 -27"><span class='ocrx_word' id='word_1_474' title='bbox 313 3025 509 3106; x_wconf 84' lang='lat' dir='ltr'><strong>trando</strong></span> <span class='ocrx_word' id='word_1_475' title='bbox 533 3024 766 3106; x_wconf 80' lang='lat' dir='ltr'><strong>scelere,</strong></span> <span class='ocrx_word' id='word_1_476' title='bbox 798 3035 1063 3106; x_wconf 78' lang='lat' dir='ltr'><strong>quantum</strong></span> <span class='ocrx_word' id='word_1_477' title='bbox 1100 3027 1152 3081; x_wconf 91' lang='lat' dir='ltr'><strong>in</strong></span> <span class='ocrx_word' id='word_1_478' title='bbox 1182 3041 1240 3081; x_wconf 90' lang='lat' dir='ltr'><strong>se</strong></span> <span class='ocrx_word' id='word_1_479' title='bbox 1262 3034 1409 3094; x_wconf 88' lang='lat' dir='ltr'><strong>erat,</strong></span> <span class='ocrx_word' id='word_1_480' title='bbox 1439 3024 1734 3106; x_wconf 71' lang='lat' dir='ltr'><strong>revpcare;</strong></span> <span class='ocrx_word' id='word_1_481' title='bbox 1752 3024 1896 3106; x_wconf 68' lang='lat' dir='ltr'><strong>quod</strong></span> <span class='ocrx_word' id='word_1_482' title='bbox 1931 3028 1980 3090; x_wconf 90' lang='lat' dir='ltr'><strong>C</strong></span> <span class='ocrx_word' id='word_1_483' title='bbox 2007 3027 2295 3106; x_wconf 39' lang='lat' dir='ltr'><strong>cassi-anus</strong></span> <span class='ocrx_word' id='word_1_484' title='bbox 2319 3024 2423 3081; x_wconf 88' lang='lat' dir='ltr'><strong>hoc</strong></span> <span class='ocrx_word' id='word_1_485' title='bbox 2444 3026 2563 3106; x_wconf 72' lang='lat' dir='ltr'><strong>luco</strong></span> <span class='ocrx_word' id='word_1_486' title='bbox 2581 3025 2957 3106; x_wconf 84' lang='lat' dir='ltr'><strong>dicit_Petr_um</strong></span> <span class='ocrx_word' id='word_1_487' title='bbox 2971 3024 3272 3106; x_wconf 37' lang='lat' dir='ltr'><strong>eoa-morte</strong></span> <span class='ocrx_word' id='word_1_488' title='bbox 3285 3025 3601 3106; x_wconf 66' lang='lat' dir='ltr'><strong>mnictassa;</strong></span> 
     </span>
    </p>
   </div>
   <div class='ocr_carea' id='block_1_69' title="bbox 314 3095 1902 3161">
    <p class='ocr_par' dir='ltr' id='par_1_69' title="bbox 314 3095 1902 3161">
     <span class='ocr_line' id='line_1_70' title="bbox 314 3095 1902 3161; baseline 0.003 -14"><span class='ocrx_word' id='word_1_489' title='bbox 314 3095 390 3159; x_wconf 85' lang='lat' dir='ltr'><strong>ei,</strong></span> <span class='ocrx_word' id='word_1_490' title='bbox 427 3103 488 3149; x_wconf 92' lang='lat' dir='ltr'><strong>ut</strong></span> <span class='ocrx_word' id='word_1_491' title='bbox 510 3097 762 3161; x_wconf 82' lang='lat' dir='ltr'><strong>maxime</strong></span> <span class='ocrx_word' id='word_1_492' title='bbox 803 3095 913 3151; x_wconf 80' lang='lat' dir='ltr'><strong>fido</strong></span> <span class='ocrx_word' id='word_1_493' title='bbox 940 3104 995 3150; x_wconf 92' lang='lat' dir='ltr'><strong>et</strong></span> <span class='ocrx_word' id='word_1_494' title='bbox 1017 3095 1219 3161; x_wconf 90' lang='lat' dir='ltr'><strong>charo,</strong></span> <span class='ocrx_word' id='word_1_495' title='bbox 1252 3111 1439 3151; x_wconf 86' lang='lat' dir='ltr'><strong>curam</strong></span> <span class='ocrx_word' id='word_1_496' title='bbox 1466 3097 1543 3152; x_wconf 89' lang='lat' dir='ltr'><strong>rei</strong></span> <span class='ocrx_word' id='word_1_497' title='bbox 1589 3095 1902 3152; x_wconf 77' lang='lat' dir='ltr'><strong>domesticae</strong></span> 
     </span>
    </p>
   </div>
   <div class='ocr_carea' id='block_1_70' title="bbox 313 3160 1904 3237">
    <p class='ocr_par' dir='ltr' id='par_1_70' title="bbox 313 3160 1904 3237">
     <span class='ocr_line' id='line_1_71' title="bbox 313 3160 1904 3237; baseline 0.003 -20"><span class='ocrx_word' id='word_1_498' title='bbox 313 3160 709 3237; x_wconf 74' lang='lat' dir='ltr'><strong>commisisset;</strong></span> <span class='ocrx_word' id='word_1_499' title='bbox 734 3166 873 3237; x_wconf 82' lang='lat' dir='ltr'><strong>sicut</strong></span> <span class='ocrx_word' id='word_1_500' title='bbox 894 3166 1072 3221; x_wconf 89' lang='lat' dir='ltr'><strong>solent</strong></span> <span class='ocrx_word' id='word_1_501' title='bbox 1097 3160 1385 3237; x_wconf 83' lang='lat' dir='ltr'><strong>prudentes</strong></span> <span class='ocrx_word' id='word_1_502' title='bbox 1421 3164 1628 3222; x_wconf 89' lang='lat' dir='ltr'><strong>domini</strong></span> <span class='ocrx_word' id='word_1_503' title='bbox 1674 3182 1766 3223; x_wconf 90' lang='lat' dir='ltr'><strong>eos</strong></span> <span class='ocrx_word' id='word_1_504' title='bbox 1805 3166 1904 3222; x_wconf 83' lang='lat' dir='ltr'><strong>sibi</strong></span> 
     </span>
    </p>
   </div>
   <div class='ocr_carea' id='block_1_71' title="bbox 315 3234 1906 3309">
    <p class='ocr_par' dir='ltr' id='par_1_71' title="bbox 315 3234 1906 3309">
     <span class='ocr_line' id='line_1_72' title="bbox 315 3234 1906 3309; baseline 0.001 -20"><span class='ocrx_word' id='word_1_505' title='bbox 315 3250 635 3309; x_wconf 74' lang='lat' dir='ltr'><strong>(economos</strong></span> <span class='ocrx_word' id='word_1_506' title='bbox 678 3234 943 3309; x_wconf 69' lang='lat' dir='ltr'><strong>deligere,</strong></span> <span class='ocrx_word' id='word_1_507' title='bbox 971 3234 1222 3309; x_wconf 78' lang='lat' dir='ltr'><strong>quorum</strong></span> <span class='ocrx_word' id='word_1_508' title='bbox 1252 3235 1376 3309; x_wconf 83' lang='lat' dir='ltr'><strong>ﬁdei</strong></span> <span class='ocrx_word' id='word_1_509' title='bbox 1413 3246 1468 3293; x_wconf 90' lang='lat' dir='ltr'><strong>et</strong></span> <span class='ocrx_word' id='word_1_510' title='bbox 1508 3236 1763 3309; x_wconf 86' lang='lat' dir='ltr'><strong>probitati</strong></span> <span class='ocrx_word' id='word_1_511' title='bbox 1797 3253 1906 3291; x_wconf 90' lang='lat' dir='ltr'><strong>ma-</strong></span> 
     </span>
    </p>
   </div>
   <div class='ocr_carea' id='block_1_72' title="bbox 319 3305 1906 3379">
    <p class='ocr_par' dir='ltr' id='par_1_72' title="bbox 319 3305 1906 3379">
     <span class='ocr_line' id='line_1_73' title="bbox 319 3305 1906 3379; baseline 0.003 -20"><span class='ocrx_word' id='word_1_512' title='bbox 319 3305 464 3361; x_wconf 82' lang='lat' dir='ltr'><strong>xime</strong></span> <span class='ocrx_word' id='word_1_513' title='bbox 489 3305 894 3379; x_wconf 74' lang='lat' dir='ltr'><strong>ﬁdunt._Tertio</strong></span> <span class='ocrx_word' id='word_1_514' title='bbox 924 3305 1116 3379; x_wconf 78' lang='lat' dir='ltr'><strong>putant</strong></span> <span class='ocrx_word' id='word_1_515' title='bbox 1156 3307 1317 3379; x_wconf 91' lang='lat' dir='ltr'><strong>aliqui</strong></span> <span class='ocrx_word' id='word_1_516' title='bbox 1344 3305 1627 3379; x_wconf 81' lang='lat' dir='ltr'><strong>pecuniam</strong></span> <span class='ocrx_word' id='word_1_517' title='bbox 1656 3324 1906 3365; x_wconf 86' lang='lat' dir='ltr'><strong>commu-</strong></span> 
     </span>
    </p>
   </div>
   <div class='ocr_carea' id='block_1_73' title="bbox 318 3376 1907 3449">
    <p class='ocr_par' dir='ltr' id='par_1_73' title="bbox 318 3376 1907 3449">
     <span class='ocr_line' id='line_1_74' title="bbox 318 3376 1907 3449; baseline 0.003 -18"><span class='ocrx_word' id='word_1_518' title='bbox 318 3391 445 3431; x_wconf 82' lang='lat' dir='ltr'><strong>nem</strong></span> <span class='ocrx_word' id='word_1_519' title='bbox 484 3376 642 3449; x_wconf 64' lang='lat' dir='ltr'><strong>ludat</strong></span> <span class='ocrx_word' id='word_1_520' title='bbox 682 3377 857 3449; x_wconf 15' lang='lat' dir='ltr'><strong>fuisse,</strong></span> <span class='ocrx_word' id='word_1_521' title='bbox 881 3376 1264 3445; x_wconf 65' lang='lat' dir='ltr'><strong>commissam,</strong></span> <span class='ocrx_word' id='word_1_522' title='bbox 1293 3376 1437 3449; x_wconf 81' lang='lat' dir='ltr'><strong>quod</strong></span> <span class='ocrx_word' id='word_1_523' title='bbox 1480 3387 1622 3435; x_wconf 88' lang='lat' dir='ltr'><strong>esset</strong></span> <span class='ocrx_word' id='word_1_524' title='bbox 1651 3379 1907 3435; x_wconf 90' lang='lat' dir='ltr'><strong>minimus</strong></span> 
     </span>
    </p>
   </div>
   <div class='ocr_carea' id='block_1_74' title="bbox 317 3447 1904 3519">
    <p class='ocr_par' dir='ltr' id='par_1_74' title="bbox 317 3447 1904 3519">
     <span class='ocr_line' id='line_1_75' title="bbox 317 3447 1904 3519; baseline 0.004 -19"><span class='ocrx_word' id='word_1_525' title='bbox 317 3448 720 3519; x_wconf 77' lang='lat' dir='ltr'><strong>apostolorum,</strong></span> <span class='ocrx_word' id='word_1_526' title='bbox 748 3456 803 3504; x_wconf 91' lang='lat' dir='ltr'><strong>et</strong></span> <span class='ocrx_word' id='word_1_527' title='bbox 845 3447 985 3504; x_wconf 90' lang='lat' dir='ltr'><strong>inter</strong></span> <span class='ocrx_word' id='word_1_528' title='bbox 1018 3464 1113 3505; x_wconf 90' lang='lat' dir='ltr'><strong>eos</strong></span> <span class='ocrx_word' id='word_1_529' title='bbox 1159 3447 1383 3505; x_wconf 84' lang='lat' dir='ltr'><strong>minime</strong></span> <span class='ocrx_word' id='word_1_530' title='bbox 1423 3449 1713 3519; x_wconf 88' lang='lat' dir='ltr'><strong>spiritualis</strong></span> <span class='ocrx_word' id='word_1_531' title='bbox 1745 3469 1757 3504; x_wconf 90' lang='lat'>:</span> <span class='ocrx_word' id='word_1_532' title='bbox 1798 3450 1904 3506; x_wconf 86' lang='lat' dir='ltr'><strong>sic-</strong></span> 
     </span>
    </p>
   </div>
   <div class='ocr_carea' id='block_1_75' title="bbox 317 3517 1908 3591">
    <p class='ocr_par' dir='ltr' id='par_1_75' title="bbox 317 3517 1908 3591">
     <span class='ocr_line' id='line_1_76' title="bbox 317 3517 1908 3591; baseline 0.002 -20"><span class='ocrx_word' id='word_1_533' title='bbox 317 3517 421 3591; x_wconf 77' lang='lat' dir='ltr'><strong>que</strong></span> <span class='ocrx_word' id='word_1_534' title='bbox 469 3517 741 3591; x_wconf 82' lang='lat' dir='ltr'><strong>Christum</strong></span> <span class='ocrx_word' id='word_1_535' title='bbox 789 3519 984 3591; x_wconf 68' lang='lat' dir='ltr'><strong>ducere</strong></span> <span class='ocrx_word' id='word_1_536' title='bbox 1006 3519 1285 3591; x_wconf 84' lang='lat' dir='ltr'><strong>_voluisse,</strong></span> <span class='ocrx_word' id='word_1_537' title='bbox 1318 3517 1651 3591; x_wconf 73' lang='lat' dir='ltr'><strong>hujusmodi</strong></span> <span class='ocrx_word' id='word_1_538' title='bbox 1695 3521 1908 3591; x_wconf 81' lang='lat' dir='ltr'><strong>negotia</strong></span> 
     </span>
    </p>
   </div>
   <div class='ocr_carea' id='block_1_76' title="bbox 320 3588 1908 3660">
    <p class='ocr_par' dir='ltr' id='par_1_76' title="bbox 320 3588 1908 3660">
     <span class='ocr_line' id='line_1_77' title="bbox 320 3588 1908 3660; baseline 0.002 -18"><span class='ocrx_word' id='word_1_539' title='bbox 320 3588 422 3643; x_wconf 92' lang='lat' dir='ltr'><strong>illis</strong></span> <span class='ocrx_word' id='word_1_540' title='bbox 468 3588 646 3659; x_wconf 87' lang='lat' dir='ltr'><strong>potius</strong></span> <span class='ocrx_word' id='word_1_541' title='bbox 672 3588 1082 3660; x_wconf 85' lang='lat' dir='ltr'><strong>committenda,</strong></span> <span class='ocrx_word' id='word_1_542' title='bbox 1133 3589 1223 3660; x_wconf 91' lang='lat' dir='ltr'><strong>qui</strong></span> <span class='ocrx_word' id='word_1_543' title='bbox 1266 3589 1334 3645; x_wconf 92' lang='lat' dir='ltr'><strong>ad</strong></span> <span class='ocrx_word' id='word_1_544' title='bbox 1381 3588 1603 3660; x_wconf 81' lang='lat' dir='ltr'><strong>meliora</strong></span> <span class='ocrx_word' id='word_1_545' title='bbox 1641 3597 1698 3645; x_wconf 89' lang='lat' dir='ltr'><strong>et</strong></span> <span class='ocrx_word' id='word_1_546' title='bbox 1743 3588 1908 3645; x_wconf 80' lang='lat' dir='ltr'><strong>subli-</strong></span> 
     </span>
    </p>
   </div>
   <div class='ocr_carea' id='block_1_77' title="bbox 319 3659 1907 3731">
    <p class='ocr_par' dir='ltr' id='par_1_77' title="bbox 319 3659 1907 3731">
     <span class='ocr_line' id='line_1_78' title="bbox 319 3659 1907 3731; baseline 0.002 -18"><span class='ocrx_word' id='word_1_547' title='bbox 319 3659 491 3714; x_wconf 88' lang='lat' dir='ltr'><strong>miora</strong></span> <span class='ocrx_word' id='word_1_548' title='bbox 530 3667 717 3731; x_wconf 76' lang='lat' dir='ltr'><strong>essent</strong></span> <span class='ocrx_word' id='word_1_549' title='bbox 760 3659 942 3731; x_wconf 87' lang='lat' dir='ltr'><strong>minus</strong></span> <span class='ocrx_word' id='word_1_550' title='bbox 981 3660 1091 3731; x_wconf 90' lang='lat' dir='ltr'><strong>apti</strong></span> <span class='ocrx_word' id='word_1_551' title='bbox 1151 3659 1165 3731; x_wconf 75' lang='grc' dir='ltr'>ξ</span> <span class='ocrx_word' id='word_1_552' title='bbox 1221 3659 1687 3731; x_wconf 88' lang='lat' dir='ltr'><strong>quemadmodum</strong></span> <span class='ocrx_word' id='word_1_553' title='bbox 1742 3661 1907 3716; x_wconf 84' lang='lat' dir='ltr'><strong>etiam</strong></span> 
     </span>
    </p>
   </div>
   <div class='ocr_carea' id='block_1_78' title="bbox 317 3729 1911 3800">
    <p class='ocr_par' dir='ltr' id='par_1_78' title="bbox 317 3729 1911 3800">
     <span class='ocr_line' id='line_1_79' title="bbox 317 3729 1911 3800; baseline 0.001 -16"><span class='ocrx_word' id='word_1_554' title='bbox 317 3729 612 3800; x_wconf 82' lang='lat' dir='ltr'><strong>Apostolus</strong></span> <span class='ocrx_word' id='word_1_555' title='bbox 650 3729 956 3787; x_wconf 88' lang='lat' dir='ltr'><strong>Corinthios</strong></span> <span class='ocrx_word' id='word_1_556' title='bbox 982 3729 1195 3786; x_wconf 85' lang='lat' dir='ltr'><strong>monuit</strong></span> <span class='ocrx_word' id='word_1_557' title='bbox 1224 3729 1251 3785; x_wconf 67' lang='grc' dir='ltr'><em>ί</em></span> <span class='ocrx_word' id='word_1_558' title='bbox 1288 3734 1356 3787; x_wconf 91' lang='lat' dir='ltr'><strong>Ut</strong></span> <span class='ocrx_word' id='word_1_559' title='bbox 1381 3732 1667 3786; x_wconf 69' lang='lat' dir='ltr'><strong>sacularia</strong></span> <span class='ocrx_word' id='word_1_560' title='bbox 1699 3731 1911 3800; x_wconf 81' lang='lat' dir='ltr'><strong>judicia</strong></span> 
     </span>
    </p>
   </div>
   <div class='ocr_carea' id='block_1_79' title="bbox 317 3801 1910 3872">
    <p class='ocr_par' dir='ltr' id='par_1_79' title="bbox 317 3801 1910 3872">
     <span class='ocr_line' id='line_1_80' title="bbox 317 3801 1910 3872; baseline 0.003 -18"><span class='ocrx_word' id='word_1_561' title='bbox 317 3804 368 3854; x_wconf 82' lang='lat' dir='ltr'><strong>si</strong></span> <span class='ocrx_word' id='word_1_562' title='bbox 393 3801 666 3872; x_wconf 81' lang='lat' dir='ltr'><strong>haberent,</strong></span> <span class='ocrx_word' id='word_1_563' title='bbox 710 3803 1130 3871; x_wconf 86' lang='lat' dir='ltr'><strong>contemptibiles</strong></span> <span class='ocrx_word' id='word_1_564' title='bbox 1148 3844 1161 3863; x_wconf 89' lang='lat'><strong>,</strong></span> <span class='ocrx_word' id='word_1_565' title='bbox 1185 3804 1282 3871; x_wconf 86' lang='lat' dir='ltr'><strong>qui</strong></span> <span class='ocrx_word' id='word_1_566' title='bbox 1302 3806 1472 3857; x_wconf 86' lang='lat' dir='ltr'><strong>essent</strong></span> <span class='ocrx_word' id='word_1_567' title='bbox 1498 3805 1555 3856; x_wconf 87' lang='lat' dir='ltr'><strong>in</strong></span> <span class='ocrx_word' id='word_1_568' title='bbox 1572 3804 1806 3859; x_wconf 87' lang='lat' dir='ltr'><strong>Ecclesia</strong></span> <span class='ocrx_word' id='word_1_569' title='bbox 1840 3803 1910 3872; x_wconf 88' lang='lat' dir='ltr'><strong>(id</strong></span> 
     </span>
    </p>
   </div>
   <div class='ocr_carea' id='block_1_80' title="bbox 317 3871 1913 3943">
    <p class='ocr_par' dir='ltr' id='par_1_80' title="bbox 317 3871 1913 3943">
     <span class='ocr_line' id='line_1_81' title="bbox 317 3871 1913 3943; baseline 0.001 -17"><span class='ocrx_word' id='word_1_570' title='bbox 317 3880 420 3937; x_wconf 87' lang='lat' dir='ltr'><strong>est,</strong></span> <span class='ocrx_word' id='word_1_571' title='bbox 451 3871 504 3926; x_wconf 92' lang='lat' dir='ltr'><strong>iu</strong></span> <span class='ocrx_word' id='word_1_572' title='bbox 545 3872 965 3943; x_wconf 70' lang='lat' dir='ltr'><strong>congregatione</strong></span> <span class='ocrx_word' id='word_1_573' title='bbox 986 3872 1258 3938; x_wconf 84' lang='lat' dir='ltr'><strong>ﬁdelium)</strong></span> <span class='ocrx_word' id='word_1_574' title='bbox 1295 3875 1675 3928; x_wconf 81' lang='lat' dir='ltr'><strong>constituerent</strong></span> <span class='ocrx_word' id='word_1_575' title='bbox 1715 3873 1790 3927; x_wconf 88' lang='lat' dir='ltr'><strong>ad</strong></span> <span class='ocrx_word' id='word_1_576' title='bbox 1816 3873 1913 3943; x_wconf 85' lang='lat' dir='ltr'><strong>ju-</strong></span> 
     </span>
    </p>
   </div>
   <div class='ocr_carea' id='block_1_81' title="bbox 318 3940 1908 4014">
    <p class='ocr_par' dir='ltr' id='par_1_81' title="bbox 318 3940 1908 4014">
     <span class='ocr_line' id='line_1_82' title="bbox 318 3940 1908 4014; baseline 0.001 -18"><span class='ocrx_word' id='word_1_577' title='bbox 318 3943 604 4014; x_wconf 83' lang='lat' dir='ltr'><strong>dicandum</strong></span> <span class='ocrx_word' id='word_1_578' title='bbox 639 3940 694 4008; x_wconf 15' lang='lat' dir='ltr'><strong>(VI</strong></span> <span class='ocrx_word' id='word_1_579' title='bbox 732 3945 850 4000; x_wconf 84' lang='lat' dir='ltr'><strong>Cor.</strong></span> <span class='ocrx_word' id='word_1_580' title='bbox 878 3944 977 4014; x_wconf 82' lang='lat' dir='ltr'><strong>v1).</strong></span> <span class='ocrx_word' id='word_1_581' title='bbox 1002 3945 1204 4011; x_wconf 84' lang='lat' dir='ltr'><strong>Verum</strong></span> <span class='ocrx_word' id='word_1_582' title='bbox 1246 3944 1605 4014; x_wconf 13' lang='lat' dir='ltr'><strong>praecipuaiac</strong></span> <span class='ocrx_word' id='word_1_583' title='bbox 1633 3940 1908 4014; x_wconf 84' lang='lat' dir='ltr'><strong>potissima</strong></span> 
     </span>
    </p>
   </div>
   <div class='ocr_carea' id='block_1_82' title="bbox 317 4012 1908 4084">
    <p class='ocr_par' dir='ltr' id='par_1_82' title="bbox 317 4012 1908 4084">
     <span class='ocr_line' id='line_1_83' title="bbox 317 4012 1908 4084; baseline 0.003 -19"><span class='ocrx_word' id='word_1_584' title='bbox 317 4012 456 4084; x_wconf 82' lang='lat' dir='ltr'><strong>ratio</strong></span> <span class='ocrx_word' id='word_1_585' title='bbox 499 4013 601 4069; x_wconf 76' lang='lat' dir='ltr'><strong>fuit</strong></span> <span class='ocrx_word' id='word_1_586' title='bbox 637 4022 840 4070; x_wconf 68' lang='lat' dir='ltr'><strong>nostrae</strong></span> <span class='ocrx_word' id='word_1_587' title='bbox 875 4012 1062 4069; x_wconf 91' lang='lat' dir='ltr'><strong>salutis</strong></span> <span class='ocrx_word' id='word_1_588' title='bbox 1091 4012 1561 4084; x_wconf 34' lang='lat' dir='ltr'><strong>dispensatiotob</strong></span> <span class='ocrx_word' id='word_1_589' title='bbox 1603 4012 1772 4084; x_wconf 83' lang='lat' dir='ltr'><strong>quam</strong></span> <span class='ocrx_word' id='word_1_590' title='bbox 1820 4030 1908 4070; x_wconf 58' lang='lat' dir='ltr'><strong>vo.</strong></span> 
     </span>
    </p>
   </div>
   <div class='ocr_carea' id='block_1_83' title="bbox 318 4082 1910 4156">
    <p class='ocr_par' dir='ltr' id='par_1_83' title="bbox 318 4082 1910 4156">
     <span class='ocr_line' id='line_1_84' title="bbox 318 4082 1910 4156; baseline 0.002 -19"><span class='ocrx_word' id='word_1_591' title='bbox 318 4083 418 4138; x_wconf 91' lang='lat' dir='ltr'><strong>luit</strong></span> <span class='ocrx_word' id='word_1_592' title='bbox 459 4092 514 4139; x_wconf 91' lang='lat' dir='ltr'><strong>et</strong></span> <span class='ocrx_word' id='word_1_593' title='bbox 556 4084 744 4141; x_wconf 86' lang='lat' dir='ltr'><strong>debuit</strong></span> <span class='ocrx_word' id='word_1_594' title='bbox 784 4084 962 4141; x_wconf 90' lang='lat' dir='ltr'><strong>divina</strong></span> <span class='ocrx_word' id='word_1_595' title='bbox 1006 4082 1340 4156; x_wconf 88' lang='lat' dir='ltr'><strong>providentia</strong></span> <span class='ocrx_word' id='word_1_596' title='bbox 1381 4082 1538 4156; x_wconf 5' lang='lat' dir='ltr'><strong>laudae</strong></span> <span class='ocrx_word' id='word_1_597' title='bbox 1574 4082 1910 4156; x_wconf 81' lang='lat' dir='ltr'><strong>impietatem</strong></span> 
     </span>
    </p>
   </div>
   <div class='ocr_carea' id='block_1_84' title="bbox 318 4154 1910 4227">
    <p class='ocr_par' dir='ltr' id='par_1_84' title="bbox 318 4154 1910 4227">
     <span class='ocr_line' id='line_1_85' title="bbox 318 4154 1910 4227; baseline 0.002 -19"><span class='ocrx_word' id='word_1_598' title='bbox 318 4163 373 4209; x_wconf 90' lang='lat' dir='ltr'><strong>et</strong></span> <span class='ocrx_word' id='word_1_599' title='bbox 398 4156 697 4227; x_wconf 54' lang='lat' dir='ltr'><strong>excitatam</strong></span> <span class='ocrx_word' id='word_1_600' title='bbox 736 4154 1082 4227; x_wconf 77' lang='lat' dir='ltr'><strong>permittere,</strong></span> <span class='ocrx_word' id='word_1_601' title='bbox 1115 4164 1177 4212; x_wconf 92' lang='lat' dir='ltr'><strong>ut</strong></span> <span class='ocrx_word' id='word_1_602' title='bbox 1211 4164 1266 4227; x_wconf 82' lang='lat' dir='ltr'><strong>et</strong></span> <span class='ocrx_word' id='word_1_603' title='bbox 1300 4155 1596 4227; x_wconf 70' lang='lat' dir='ltr'><strong>Scriptura:</strong></span> <span class='ocrx_word' id='word_1_604' title='bbox 1638 4154 1910 4227; x_wconf 84' lang='lat' dir='ltr'><strong>adimple-</strong></span> 
     </span>
    </p>
   </div>
   <div class='ocr_carea' id='block_1_85' title="bbox 318 4226 1907 4298">
    <p class='ocr_par' dir='ltr' id='par_1_85' title="bbox 318 4226 1907 4298">
     <span class='ocr_line' id='line_1_86' title="bbox 318 4226 1907 4298; baseline 0.003 -20"><span class='ocrx_word' id='word_1_605' title='bbox 318 4234 528 4298; x_wconf 84' lang='lat' dir='ltr'><strong>rentur,</strong></span> <span class='ocrx_word' id='word_1_606' title='bbox 560 4235 616 4298; x_wconf 84' lang='lat' dir='ltr'><strong>et</strong></span> <span class='ocrx_word' id='word_1_607' title='bbox 639 4226 882 4283; x_wconf 80' lang='lat' dir='ltr'><strong>Christus</strong></span> <span class='ocrx_word' id='word_1_608' title='bbox 911 4228 1179 4285; x_wconf 89' lang='lat' dir='ltr'><strong>Dominus</strong></span> <span class='ocrx_word' id='word_1_609' title='bbox 1200 4226 1271 4282; x_wconf 89' lang='lat' dir='ltr'><strong>ab</strong></span> <span class='ocrx_word' id='word_1_610' title='bbox 1307 4242 1372 4283; x_wconf 91' lang='lat' dir='ltr'><strong>eo</strong></span> <span class='ocrx_word' id='word_1_611' title='bbox 1405 4226 1637 4284; x_wconf 84' lang='lat' dir='ltr'><strong>traditus</strong></span> <span class='ocrx_word' id='word_1_612' title='bbox 1662 4241 1759 4298; x_wconf 90' lang='lat' dir='ltr'><strong>pro</strong></span> <span class='ocrx_word' id='word_1_613' title='bbox 1787 4226 1907 4283; x_wconf 78' lang='lat' dir='ltr'><strong>cm-</strong></span> 
     </span>
    </p>
   </div>
   <div class='ocr_carea' id='block_1_86' title="bbox 319 4296 1020 4352">
    <p class='ocr_par' dir='ltr' id='par_1_86' title="bbox 319 4296 1020 4352">
     <span class='ocr_line' id='line_1_87' title="bbox 319 4296 1020 4352; baseline 0.004 -4"><span class='ocrx_word' id='word_1_614' title='bbox 319 4296 473 4349; x_wconf 90' lang='lat' dir='ltr'><strong>nium</strong></span> <span class='ocrx_word' id='word_1_615' title='bbox 499 4296 669 4351; x_wconf 89' lang='lat' dir='ltr'><strong>salute</strong></span> <span class='ocrx_word' id='word_1_616' title='bbox 699 4306 1020 4352; x_wconf 89' lang='lat' dir='ltr'><strong>moreretur.</strong></span> 
     </span>
    </p>
   </div>
   <div class='ocr_carea' id='block_1_87' title="bbox 2014 3096 3604 3168">
    <p class='ocr_par' dir='ltr' id='par_1_87' title="bbox 2014 3096 3604 3168">
     <span class='ocr_line' id='line_1_88' title="bbox 2014 3096 3604 3168; baseline -0.001 -17"><span class='ocrx_word' id='word_1_617' title='bbox 2014 3104 2071 3152; x_wconf 88' lang='lat' dir='ltr'><strong>et</strong></span> <span class='ocrx_word' id='word_1_618' title='bbox 2094 3096 2219 3152; x_wconf 86' lang='lat' dir='ltr'><strong>alibi</strong></span> <span class='ocrx_word' id='word_1_619' title='bbox 2248 3112 2310 3152; x_wconf 85' lang='lat' dir='ltr'><strong>ex</strong></span> <span class='ocrx_word' id='word_1_620' title='bbox 2319 3097 2575 3167; x_wconf 86' lang='lat' dir='ltr'><strong>pressius,</strong></span> <span class='ocrx_word' id='word_1_621' title='bbox 2596 3097 2816 3165; x_wconf 85' lang='lat' dir='ltr'><strong>eosdem</strong></span> <span class='ocrx_word' id='word_1_622' title='bbox 2837 3098 3138 3168; x_wconf 85' lang='lat' dir='ltr'><strong>Apostolico</strong></span> <span class='ocrx_word' id='word_1_623' title='bbox 3160 3097 3604 3168; x_wconf 13' lang='lat' dir='ltr'><strong>oreimorteumul-</strong></span> 
     </span>
    </p>
   </div>
   <div class='ocr_carea' id='block_1_88' title="bbox 2013 3165 3601 3240">
    <p class='ocr_par' dir='ltr' id='par_1_88' title="bbox 2013 3165 3601 3240">
     <span class='ocr_line' id='line_1_89' title="bbox 2013 3165 3601 3240; baseline 0 -19"><span class='ocrx_word' id='word_1_624' title='bbox 2013 3172 2181 3222; x_wconf 86' lang='lat' dir='ltr'><strong>ctatos</strong></span> <span class='ocrx_word' id='word_1_625' title='bbox 2203 3165 2376 3236; x_wconf 82' lang='lat' dir='ltr'><strong>fuisse</strong></span> <span class='ocrx_word' id='word_1_626' title='bbox 2396 3169 2548 3240; x_wconf 89' lang='lat' dir='ltr'><strong>(Cap.</strong></span> <span class='ocrx_word' id='word_1_627' title='bbox 2576 3173 2660 3234; x_wconf 80' lang='lat'><strong>19,</strong></span> <span class='ocrx_word' id='word_1_628' title='bbox 2678 3174 2873 3240; x_wconf 83' lang='lat' dir='ltr'><strong>supra)</strong></span> <span class='ocrx_word' id='word_1_629' title='bbox 2886 3165 2915 3221; x_wconf 74' lang='grc' dir='ltr'><strong>ἐ</strong></span> <span class='ocrx_word' id='word_1_630' title='bbox 2941 3167 3140 3240; x_wconf 78' lang='lat' dir='ltr'><strong>quibus</strong></span> <span class='ocrx_word' id='word_1_631' title='bbox 3158 3166 3335 3240; x_wconf 85' lang='lat' dir='ltr'><strong>verbis</strong></span> <span class='ocrx_word' id='word_1_632' title='bbox 3351 3165 3552 3222; x_wconf 88' lang='lat' dir='ltr'><strong>indicat</strong></span> <span class='ocrx_word' id='word_1_633' title='bbox 3570 3182 3601 3221; x_wconf 92' lang='lat' dir='ltr'><strong>a</strong></span> 
     </span>
    </p>
   </div>
   <div class='ocr_carea' id='block_1_89' title="bbox 2014 3238 3600 3308">
    <p class='ocr_par' dir='ltr' id='par_1_89' title="bbox 2014 3238 3600 3308">
     <span class='ocr_line' id='line_1_90' title="bbox 2014 3238 3600 3308; baseline -0.001 -14"><span class='ocrx_word' id='word_1_634' title='bbox 2014 3240 2208 3302; x_wconf 89' lang='lat' dir='ltr'><strong>Petro,</strong></span> <span class='ocrx_word' id='word_1_635' title='bbox 2245 3240 2351 3294; x_wconf 88' lang='lat' dir='ltr'><strong>hoc</strong></span> <span class='ocrx_word' id='word_1_636' title='bbox 2395 3238 2507 3306; x_wconf 67' lang='lat' dir='ltr'><strong>est,</strong></span> <span class='ocrx_word' id='word_1_637' title='bbox 2544 3239 2687 3295; x_wconf 90' lang='lat' dir='ltr'><strong>Petri</strong></span> <span class='ocrx_word' id='word_1_638' title='bbox 2719 3238 2886 3294; x_wconf 81' lang='lat' dir='ltr'><strong>verbo</strong></span> <span class='ocrx_word' id='word_1_639' title='bbox 2917 3238 2972 3293; x_wconf 85' lang='lat' dir='ltr'><strong>et</strong></span> <span class='ocrx_word' id='word_1_640' title='bbox 3012 3238 3274 3308; x_wconf 88' lang='lat' dir='ltr'><strong>imperio,</strong></span> <span class='ocrx_word' id='word_1_641' title='bbox 3305 3246 3600 3308; x_wconf 81' lang='lat' dir='ltr'><strong>tamquam</strong></span> 
     </span>
    </p>
   </div>
   <div class='ocr_carea' id='block_1_90' title="bbox 2014 3254 3603 3382">
    <p class='ocr_par' dir='ltr' id='par_1_90' title="bbox 2014 3254 3603 3382">
     <span class='ocr_line' id='line_1_91' title="bbox 2014 3254 3600 3308; baseline -0.001 -14"><span class='ocrx_word' id='word_1_642' title='bbox 2014 3254 2208 3302; x_wconf 69' lang='lat' dir='ltr'><strong>Petro,</strong></span> <span class='ocrx_word' id='word_1_643' title='bbox 2245 3254 2351 3294; x_wconf 89' lang='lat' dir='ltr'><strong>noc</strong></span> <span class='ocrx_word' id='word_1_644' title='bbox 2395 3254 2504 3306; x_wconf 85' lang='lat' dir='ltr'><strong>est,</strong></span> <span class='ocrx_word' id='word_1_645' title='bbox 2544 3254 2687 3295; x_wconf 71' lang='lat' dir='ltr'><strong>rem</strong></span> <span class='ocrx_word' id='word_1_646' title='bbox 2719 3254 2886 3294; x_wconf 85' lang='lat' dir='ltr'><strong>verno</strong></span> <span class='ocrx_word' id='word_1_647' title='bbox 2917 3254 2972 3293; x_wconf 77' lang='lat' dir='ltr'><strong>et</strong></span> <span class='ocrx_word' id='word_1_648' title='bbox 3012 3254 3087 3292; x_wconf 82' lang='lat' dir='ltr'><strong>1m</strong></span> <span class='ocrx_word' id='word_1_649' title='bbox 3127 3254 3274 3306; x_wconf 88' lang='lat' dir='ltr'><strong>eno,</strong></span> <span class='ocrx_word' id='word_1_650' title='bbox 3319 3254 3600 3308; x_wconf 79' lang='lat' dir='ltr'><strong>tamquam</strong></span> 
     </span>
     <span class='ocr_line' id='line_1_92' title="bbox 2014 3254 3603 3382; baseline -0.001 -18"><span class='ocrx_word' id='word_1_651' title='bbox 2014 3324 2175 3365; x_wconf 90' lang='lat' dir='ltr'><strong>causa</strong></span> <span class='ocrx_word' id='word_1_652' title='bbox 2201 3309 2423 3382; x_wconf 83' lang='lat' dir='ltr'><strong>physica</strong></span> <span class='ocrx_word' id='word_1_653' title='bbox 2445 3319 2499 3382; x_wconf 72' lang='lat' dir='ltr'><strong>at</strong></span> <span class='ocrx_word' id='word_1_654' title='bbox 2522 3308 2949 3382; x_wconf 74' lang='lat' dir='ltr'><strong>instrumentali,</strong></span> <span class='ocrx_word' id='word_1_655' title='bbox 2967 3316 3030 3363; x_wconf 93' lang='lat' dir='ltr'><strong>ut</strong></span> <span class='ocrx_word' id='word_1_656' title='bbox 3051 3254 3359 3382; x_wconf 62' lang='lat' dir='ltr'><strong>piiilospphi</strong></span> <span class='ocrx_word' id='word_1_657' title='bbox 3384 3308 3603 3378; x_wconf 91' lang='lat' dir='ltr'><strong>loquun-</strong></span> 
     </span>
    </p>
   </div>
   <div class='ocr_carea' id='block_1_91' title="bbox 2014 3378 3596 3449">
    <p class='ocr_par' dir='ltr' id='par_1_91' title="bbox 2014 3378 3596 3449">
     <span class='ocr_line' id='line_1_93' title="bbox 2014 3378 3596 3449; baseline -0.001 -15"><span class='ocrx_word' id='word_1_658' title='bbox 2014 3388 2125 3443; x_wconf 89' lang='lat' dir='ltr'><strong>tur,</strong></span> <span class='ocrx_word' id='word_1_659' title='bbox 2163 3378 2294 3435; x_wconf 74' lang='lat' dir='ltr'><strong>esse</strong></span> <span class='ocrx_word' id='word_1_660' title='bbox 2310 3378 2638 3437; x_wconf 87' lang='lat' dir='ltr'><strong>interfectus.</strong></span> <span class='ocrx_word' id='word_1_661' title='bbox 2682 3380 2780 3436; x_wconf 92' lang='lat' dir='ltr'><strong>Cui</strong></span> <span class='ocrx_word' id='word_1_662' title='bbox 2831 3378 3119 3449; x_wconf 67' lang='lat' dir='ltr'><strong>suffragari</strong></span> <span class='ocrx_word' id='word_1_663' title='bbox 3162 3378 3374 3449; x_wconf 86' lang='lat' dir='ltr'><strong>videtur</strong></span> <span class='ocrx_word' id='word_1_664' title='bbox 3410 3383 3596 3449; x_wconf 78' lang='lat' dir='ltr'><strong>Augu-</strong></span> 
     </span>
    </p>
   </div>
   <div class='ocr_carea' id='block_1_92' title="bbox 2014 3448 3597 3522">
    <p class='ocr_par' dir='ltr' id='par_1_92' title="bbox 2014 3448 3597 3522">
     <span class='ocr_line' id='line_1_94' title="bbox 2014 3448 3597 3522; baseline -0.001 -17"><span class='ocrx_word' id='word_1_665' title='bbox 2014 3450 2223 3517; x_wconf 90' lang='lat' dir='ltr'><strong>stinus,</strong></span> <span class='ocrx_word' id='word_1_666' title='bbox 2250 3465 2347 3522; x_wconf 83' lang='lat' dir='ltr'><strong>seu</strong></span> <span class='ocrx_word' id='word_1_667' title='bbox 2379 3451 2627 3522; x_wconf 87' lang='lat' dir='ltr'><strong>quisquis</strong></span> <span class='ocrx_word' id='word_1_668' title='bbox 2662 3460 2853 3506; x_wconf 88' lang='lat' dir='ltr'><strong>auctor</strong></span> <span class='ocrx_word' id='word_1_669' title='bbox 2875 3448 2968 3506; x_wconf 89' lang='lat' dir='ltr'><strong>lib.</strong></span> <span class='ocrx_word' id='word_1_670' title='bbox 3000 3448 3073 3506; x_wconf 87' lang='lat' dir='ltr'><strong>de</strong></span> <span class='ocrx_word' id='word_1_671' title='bbox 3098 3448 3427 3507; x_wconf 85' lang='lat' dir='ltr'><strong>Mirabilibus</strong></span> <span class='ocrx_word' id='word_1_672' title='bbox 3454 3448 3597 3522; x_wconf 76' lang='lat' dir='ltr'><strong>Scri-</strong></span> 
     </span>
    </p>
   </div>
   <div class='ocr_carea' id='block_1_93' title="bbox 2016 3520 3600 3591">
    <p class='ocr_par' dir='ltr' id='par_1_93' title="bbox 2016 3520 3600 3591">
     <span class='ocr_line' id='line_1_95' title="bbox 2016 3520 3600 3591; baseline 0 -16"><span class='ocrx_word' id='word_1_673' title='bbox 2016 3529 2217 3591; x_wconf 67' lang='lat' dir='ltr'><strong>pturaa.</strong></span> <span class='ocrx_word' id='word_1_674' title='bbox 2245 3520 2335 3575; x_wconf 88' lang='lat' dir='ltr'><strong>ubi</strong></span> <span class='ocrx_word' id='word_1_675' title='bbox 2376 3520 2449 3577; x_wconf 83' lang='lat' dir='ltr'><strong>ait</strong></span> <span class='ocrx_word' id='word_1_676' title='bbox 2468 3520 2550 3587; x_wconf 84' lang='lat' dir='ltr'><strong>(In</strong></span> <span class='ocrx_word' id='word_1_677' title='bbox 2576 3525 2681 3591; x_wconf 78' lang='lat' dir='ltr'><strong>ﬁne</strong></span> <span class='ocrx_word' id='word_1_678' title='bbox 2705 3522 2801 3577; x_wconf 87' lang='lat' dir='ltr'><strong>lib.</strong></span> <span class='ocrx_word' id='word_1_679' title='bbox 2829 3535 2902 3577; x_wconf 83' lang='grc' dir='ltr'>ιιι</span> <span class='ocrx_word' id='word_1_680' title='bbox 2923 3561 2938 3586; x_wconf 91' lang='lat'><strong>,</strong></span> <span class='ocrx_word' id='word_1_681' title='bbox 2970 3525 3095 3576; x_wconf 89' lang='lat' dir='ltr'><strong>tom.</strong></span> <span class='ocrx_word' id='word_1_682' title='bbox 3123 3523 3198 3577; x_wconf 85' lang='grc' dir='ltr'><strong>ΠΙ</strong></span> <span class='ocrx_word' id='word_1_683' title='bbox 3229 3523 3394 3590; x_wconf 87' lang='lat' dir='ltr'><strong>oper.)</strong></span> <span class='ocrx_word' id='word_1_684' title='bbox 3424 3538 3438 3573; x_wconf 88' lang='lat'>:</span> <span class='ocrx_word' id='word_1_685' title='bbox 3469 3521 3600 3575; x_wconf 86' lang='lat' dir='ltr'><strong>Ecce</strong></span> 
     </span>
    </p>
   </div>
   <div class='ocr_carea' id='block_1_94' title="bbox 2016 3593 3603 3661">
    <p class='ocr_par' dir='ltr' id='par_1_94' title="bbox 2016 3593 3603 3661">
     <span class='ocr_line' id='line_1_96' title="bbox 2016 3593 3603 3661; baseline 0.001 -16"><span class='ocrx_word' id='word_1_686' title='bbox 2016 3596 2223 3660; x_wconf 84' lang='lat' dir='ltr'><strong>quanta</strong></span> <span class='ocrx_word' id='word_1_687' title='bbox 2238 3597 2315 3645; x_wconf 89' lang='lat' dir='ltr'><strong>est</strong></span> <span class='ocrx_word' id='word_1_688' title='bbox 2325 3594 2615 3661; x_wconf 85' lang='lat' dir='ltr'><strong>apostolica</strong></span> <span class='ocrx_word' id='word_1_689' title='bbox 2624 3594 2792 3649; x_wconf 78' lang='lat' dir='ltr'><strong>virtus</strong></span> <span class='ocrx_word' id='word_1_690' title='bbox 2804 3595 2862 3646; x_wconf 84' lang='lat' dir='ltr'><strong>in</strong></span> <span class='ocrx_word' id='word_1_691' title='bbox 2874 3593 3081 3649; x_wconf 79' lang='lat' dir='ltr'><strong>Christo</strong></span> <span class='ocrx_word' id='word_1_692' title='bbox 3096 3610 3113 3646; x_wconf 85' lang='lat'><strong>:</strong></span> <span class='ocrx_word' id='word_1_693' title='bbox 3129 3607 3317 3646; x_wconf 85' lang='lat' dir='ltr'><strong>sanum</strong></span> <span class='ocrx_word' id='word_1_694' title='bbox 3325 3593 3603 3647; x_wconf 86' lang='lat' dir='ltr'><strong>Ananiam</strong></span> 
     </span>
    </p>
   </div>
   <div class='ocr_carea' id='block_1_95' title="bbox 2018 3664 3608 3732">
    <p class='ocr_par' dir='ltr' id='par_1_95' title="bbox 2018 3664 3608 3732">
     <span class='ocr_line' id='line_1_97' title="bbox 2018 3664 3608 3732; baseline 0 -16"><span class='ocrx_word' id='word_1_695' title='bbox 2018 3664 2208 3717; x_wconf 81' lang='lat' dir='ltr'><strong>Petrus</strong></span> <span class='ocrx_word' id='word_1_696' title='bbox 2222 3665 2423 3730; x_wconf 85' lang='lat' dir='ltr'><strong>arguit,</strong></span> <span class='ocrx_word' id='word_1_697' title='bbox 2446 3668 2496 3717; x_wconf 87' lang='lat' dir='ltr'><strong>et</strong></span> <span class='ocrx_word' id='word_1_698' title='bbox 2521 3666 2881 3732; x_wconf 85' lang='lat' dir='ltr'><strong>persermonis</strong></span> <span class='ocrx_word' id='word_1_699' title='bbox 2906 3666 3116 3717; x_wconf 85' lang='lat' dir='ltr'><strong>tantum</strong></span> <span class='ocrx_word' id='word_1_700' title='bbox 3138 3664 3420 3732; x_wconf 66' lang='lat' dir='ltr'><strong>imperiam:</strong></span> <span class='ocrx_word' id='word_1_701' title='bbox 3439 3668 3608 3716; x_wconf 84' lang='lat' dir='ltr'><strong>morte</strong></span> 
     </span>
    </p>
   </div>
   <div class='ocr_carea' id='block_1_96' title="bbox 2020 3733 3606 3803">
    <p class='ocr_par' dir='ltr' id='par_1_96' title="bbox 2020 3733 3606 3803">
     <span class='ocr_line' id='line_1_98' title="bbox 2020 3733 3606 3803; baseline 0.002 -18"><span class='ocrx_word' id='word_1_702' title='bbox 2020 3733 2239 3801; x_wconf 77' lang='lat' dir='ltr'><strong>ligavit;</strong></span> <span class='ocrx_word' id='word_1_703' title='bbox 2270 3738 2322 3788; x_wconf 87' lang='lat' dir='ltr'><strong>et</strong></span> <span class='ocrx_word' id='word_1_704' title='bbox 2349 3734 2633 3789; x_wconf 85' lang='lat' dir='ltr'><strong>Tabitham</strong></span> <span class='ocrx_word' id='word_1_705' title='bbox 2656 3736 2846 3789; x_wconf 80' lang='lat' dir='ltr'><strong>mortis</strong></span> <span class='ocrx_word' id='word_1_706' title='bbox 2874 3734 3081 3788; x_wconf 81' lang='lat' dir='ltr'><strong>vinculo</strong></span> <span class='ocrx_word' id='word_1_707' title='bbox 3109 3735 3394 3803; x_wconf 83' lang='lat' dir='ltr'><strong>alligatam</strong></span> <span class='ocrx_word' id='word_1_708' title='bbox 3420 3733 3606 3788; x_wconf 88' lang='lat' dir='ltr'><strong>eadem</strong></span> 
     </span>
    </p>
   </div>
   <div class='ocr_carea' id='block_1_97' title="bbox 2020 3803 3607 3875">
    <p class='ocr_par' dir='ltr' id='par_1_97' title="bbox 2020 3803 3607 3875">
     <span class='ocr_line' id='line_1_99' title="bbox 2020 3803 3607 3875; baseline 0 -17"><span class='ocrx_word' id='word_1_709' title='bbox 2020 3805 2235 3875; x_wconf 84' lang='lat' dir='ltr'><strong>imperii</strong></span> <span class='ocrx_word' id='word_1_710' title='bbox 2258 3804 2808 3875; x_wconf 67' lang='lat' dir='ltr'><strong>poiestatedissoluit.</strong></span> <span class='ocrx_word' id='word_1_711' title='bbox 2843 3807 2909 3861; x_wconf 83' lang='grc' dir='ltr'><strong>ι).</strong></span> <span class='ocrx_word' id='word_1_712' title='bbox 2942 3803 3241 3875; x_wconf 62' lang='lat' dir='ltr'><strong>Gregorius</strong></span> <span class='ocrx_word' id='word_1_713' title='bbox 3266 3803 3432 3859; x_wconf 89' lang='lat' dir='ltr'><strong>etiam</strong></span> <span class='ocrx_word' id='word_1_714' title='bbox 3459 3818 3607 3860; x_wconf 89' lang='lat' dir='ltr'><strong>eum-</strong></span> 
     </span>
    </p>
   </div>
   <div class='ocr_carea' id='block_1_98' title="bbox 2019 3872 3607 3943">
    <p class='ocr_par' dir='ltr' id='par_1_98' title="bbox 2019 3872 3607 3943">
     <span class='ocr_line' id='line_1_100' title="bbox 2019 3872 3607 3943; baseline 0.001 -15"><span class='ocrx_word' id='word_1_715' title='bbox 2019 3872 2147 3929; x_wconf 86' lang='lat' dir='ltr'><strong>dem</strong></span> <span class='ocrx_word' id='word_1_716' title='bbox 2186 3872 2574 3931; x_wconf 77' lang='lat' dir='ltr'><strong>interfectiouis</strong></span> <span class='ocrx_word' id='word_1_717' title='bbox 2610 3873 2838 3931; x_wconf 91' lang='lat' dir='ltr'><strong>modum</strong></span> <span class='ocrx_word' id='word_1_718' title='bbox 2874 3872 3115 3943; x_wconf 79' lang='lat' dir='ltr'><strong>indicat,</strong></span> <span class='ocrx_word' id='word_1_719' title='bbox 3145 3875 3331 3931; x_wconf 88' lang='lat' dir='ltr'><strong>dicens</strong></span> <span class='ocrx_word' id='word_1_720' title='bbox 3379 3875 3607 3930; x_wconf 89' lang='lat' dir='ltr'><strong>Petrum</strong></span> 
     </span>
    </p>
   </div>
   <div class='ocr_carea' id='block_1_99' title="bbox 2020 3943 3609 4017">
    <p class='ocr_par' dir='ltr' id='par_1_99' title="bbox 2020 3943 3609 4017">
     <span class='ocr_line' id='line_1_101' title="bbox 2020 3943 3609 4017; baseline 0.001 -20"><span class='ocrx_word' id='word_1_721' title='bbox 2020 3944 2351 4017; x_wconf 67' lang='lat' dir='ltr'><strong>increpandi)</strong></span> <span class='ocrx_word' id='word_1_722' title='bbox 2378 3945 2596 4017; x_wconf 86' lang='lat' dir='ltr'><strong>utrique</strong></span> <span class='ocrx_word' id='word_1_723' title='bbox 2618 3943 2851 4017; x_wconf 77' lang='lat' dir='ltr'><strong>coniugi</strong></span> <span class='ocrx_word' id='word_1_724' title='bbox 2868 3945 3032 4001; x_wconf 89' lang='lat' dir='ltr'><strong>vitam</strong></span> <span class='ocrx_word' id='word_1_725' title='bbox 3061 3943 3373 4012; x_wconf 80' lang='lat' dir='ltr'><strong>abstulisse,</strong></span> <span class='ocrx_word' id='word_1_726' title='bbox 3392 3945 3482 4015; x_wconf 90' lang='lat' dir='ltr'><strong>qui</strong></span> <span class='ocrx_word' id='word_1_727' title='bbox 3502 3945 3609 4000; x_wconf 83' lang='lat' dir='ltr'><strong>Ta-</strong></span> 
     </span>
    </p>
   </div>
   <div class='ocr_carea' id='block_1_100' title="bbox 2018 4013 3609 4080">
    <p class='ocr_par' dir='ltr' id='par_1_100' title="bbox 2018 4013 3609 4080">
     <span class='ocr_line' id='line_1_102' title="bbox 2018 4013 3609 4080; baseline 0 -10"><span class='ocrx_word' id='word_1_728' title='bbox 2018 4013 2189 4071; x_wconf 53' lang='lat' dir='ltr'><strong>bithm&#39;</strong></span> <span class='ocrx_word' id='word_1_729' title='bbox 2208 4015 2440 4073; x_wconf 85' lang='lat' dir='ltr'><strong>reddidit</strong></span> <span class='ocrx_word' id='word_1_730' title='bbox 2472 4013 2697 4073; x_wconf 78' lang='lat' dir='ltr'><strong>orando.</strong></span> <span class='ocrx_word' id='word_1_731' title='bbox 2726 4013 2890 4073; x_wconf 71' lang='lat' dir='ltr'><strong>Unde</strong></span> <span class='ocrx_word' id='word_1_732' title='bbox 2930 4017 3064 4080; x_wconf 88' lang='lat' dir='ltr'><strong>(Lib.</strong></span> <span class='ocrx_word' id='word_1_733' title='bbox 3094 4031 3145 4071; x_wconf 84' lang='grc' dir='ltr'>ιι</span> <span class='ocrx_word' id='word_1_734' title='bbox 3177 4017 3323 4072; x_wconf 86' lang='lat' dir='ltr'><strong>Dial.</strong></span> <span class='ocrx_word' id='word_1_735' title='bbox 3357 4013 3424 4069; x_wconf 56' lang='grc' dir='ltr'><strong>οἱ</strong></span> <span class='ocrx_word' id='word_1_736' title='bbox 3448 4019 3517 4075; x_wconf 81' lang='lat'><strong>30</strong></span> <span class='ocrx_word' id='word_1_737' title='bbox 3555 4021 3609 4070; x_wconf 91' lang='lat' dir='ltr'><strong>et</strong></span> 
     </span>
    </p>
   </div>
   <div class='ocr_carea' id='block_1_101' title="bbox 2019 4086 3608 4158">
    <p class='ocr_par' dir='ltr' id='par_1_101' title="bbox 2019 4086 3608 4158">
     <span class='ocr_line' id='line_1_103' title="bbox 2019 4086 3608 4158; baseline -0.007 -15"><span class='ocrx_word' id='word_1_738' title='bbox 2019 4090 2108 4152; x_wconf 87' lang='lat'><strong>31)</strong></span> <span class='ocrx_word' id='word_1_739' title='bbox 2133 4087 2362 4158; x_wconf 83' lang='lat' dir='ltr'><strong>colligit.</strong></span> <span class='ocrx_word' id='word_1_740' title='bbox 2390 4089 2606 4144; x_wconf 89' lang='lat' dir='ltr'><strong>Sanctos</strong></span> <span class='ocrx_word' id='word_1_741' title='bbox 2634 4089 2776 4142; x_wconf 88' lang='lat' dir='ltr'><strong>mira</strong></span> <span class='ocrx_word' id='word_1_742' title='bbox 2804 4090 3021 4157; x_wconf 83' lang='lat' dir='ltr'><strong>operari</strong></span> <span class='ocrx_word' id='word_1_743' title='bbox 3035 4088 3239 4155; x_wconf 83' lang='lat' dir='ltr'><strong>duobus</strong></span> <span class='ocrx_word' id='word_1_744' title='bbox 3266 4087 3437 4141; x_wconf 86' lang='lat' dir='ltr'><strong>modis</strong></span> <span class='ocrx_word' id='word_1_745' title='bbox 3464 4086 3608 4141; x_wconf 72' lang='lat' dir='ltr'><strong>:alt.</strong></span> 
     </span>
    </p>
   </div>
   <div class='ocr_carea' id='block_1_102' title="bbox 2017 4157 3607 4227">
    <p class='ocr_par' dir='ltr' id='par_1_102' title="bbox 2017 4157 3607 4227">
     <span class='ocr_line' id='line_1_104' title="bbox 2017 4157 3607 4227; baseline 0 -17"><span class='ocrx_word' id='word_1_746' title='bbox 2017 4157 2233 4227; x_wconf 87' lang='lat' dir='ltr'><strong>quando</strong></span> <span class='ocrx_word' id='word_1_747' title='bbox 2246 4158 2488 4212; x_wconf 82' lang='lat' dir='ltr'><strong>videlicet</strong></span> <span class='ocrx_word' id='word_1_748' title='bbox 2503 4174 2569 4213; x_wconf 79' lang='lat' dir='ltr'><strong>ea:</strong></span> <span class='ocrx_word' id='word_1_749' title='bbox 2582 4173 2757 4227; x_wconf 81' lang='lat' dir='ltr'><strong>prece,</strong></span> <span class='ocrx_word' id='word_1_750' title='bbox 2776 4158 3069 4227; x_wconf 87' lang='lat' dir='ltr'><strong>aliquando</strong></span> <span class='ocrx_word' id='word_1_751' title='bbox 3084 4174 3151 4214; x_wconf 75' lang='lat' dir='ltr'><strong>ea:</strong></span> <span class='ocrx_word' id='word_1_752' title='bbox 3164 4161 3441 4227; x_wconf 86' lang='lat' dir='ltr'><strong>potestate.</strong></span> <span class='ocrx_word' id='word_1_753' title='bbox 3465 4158 3607 4224; x_wconf 81' lang='lat' dir='ltr'><strong>Quia</strong></span> 
     </span>
    </p>
   </div>
   <div class='ocr_carea' id='block_1_103' title="bbox 2017 4227 3610 4297">
    <p class='ocr_par' dir='ltr' id='par_1_103' title="bbox 2017 4227 3610 4297">
     <span class='ocr_line' id='line_1_105' title="bbox 2017 4227 3610 4297; baseline -0.001 -16"><span class='ocrx_word' id='word_1_754' title='bbox 2017 4231 2176 4289; x_wconf 84' lang='lat' dir='ltr'><strong>enim,</strong></span> <span class='ocrx_word' id='word_1_755' title='bbox 2198 4227 2388 4297; x_wconf 90' lang='lat' dir='ltr'><strong>inquit,</strong></span> <span class='ocrx_word' id='word_1_756' title='bbox 2410 4233 2635 4297; x_wconf 85' lang='lat' dir='ltr'><strong>utroque</strong></span> <span class='ocrx_word' id='word_1_757' title='bbox 2653 4229 2808 4284; x_wconf 90' lang='lat' dir='ltr'><strong>modo</strong></span> <span class='ocrx_word' id='word_1_758' title='bbox 2829 4230 3095 4283; x_wconf 86' lang='lat' dir='ltr'><strong>miracula</strong></span> <span class='ocrx_word' id='word_1_759' title='bbox 3114 4229 3423 4290; x_wconf 70' lang='lat' dir='ltr'><strong>exhibeant,</strong></span> <span class='ocrx_word' id='word_1_760' title='bbox 3446 4231 3610 4283; x_wconf 85' lang='lat' dir='ltr'><strong>testa-</strong></span> 
     </span>
    </p>
   </div>
   <div class='ocr_carea' id='block_1_104' title="bbox 2019 4299 3601 4367">
    <p class='ocr_par' dir='ltr' id='par_1_104' title="bbox 2019 4299 3601 4367">
     <span class='ocr_line' id='line_1_106' title="bbox 2019 4299 3601 4367; baseline 0.001 -15"><span class='ocrx_word' id='word_1_761' title='bbox 2019 4303 2109 4352; x_wconf 85' lang='lat' dir='ltr'><strong>tur</strong></span> <span class='ocrx_word' id='word_1_762' title='bbox 2136 4302 2343 4363; x_wconf 77' lang='lat' dir='ltr'><strong>Petrus,</strong></span> <span class='ocrx_word' id='word_1_763' title='bbox 2363 4301 2459 4367; x_wconf 89' lang='lat' dir='ltr'><strong>qui</strong></span> <span class='ocrx_word' id='word_1_764' title='bbox 2482 4300 2765 4354; x_wconf 84' lang='lat' dir='ltr'><strong>Tabitham</strong></span> <span class='ocrx_word' id='word_1_765' title='bbox 2788 4305 3057 4354; x_wconf 86' lang='lat' dir='ltr'><strong>mortuam</strong></span> <span class='ocrx_word' id='word_1_766' title='bbox 3076 4299 3278 4354; x_wconf 82' lang='lat' dir='ltr'><strong>orando</strong></span> <span class='ocrx_word' id='word_1_767' title='bbox 3296 4301 3601 4357; x_wconf 78' lang='lat' dir='ltr'><strong>suscitauit.</strong></span> 
     </span>
    </p>
   </div>
   <div class='ocr_carea' id='block_1_105' title="bbox 390 4364 3609 4459">
    <p class='ocr_par' dir='ltr' id='par_1_105' title="bbox 390 4364 3609 4459">
     <span class='ocr_line' id='line_1_107' title="bbox 390 4364 3609 4459; baseline 0.001 -40"><span class='ocrx_word' id='word_1_768' title='bbox 390 4368 441 4459; x_wconf 44' lang='lat'><strong>:-</strong></span> <span class='ocrx_word' id='word_1_769' title='bbox 456 4369 533 4421; x_wconf 78' lang='lat' dir='ltr'><strong>D.‘</strong></span> <span class='ocrx_word' id='word_1_770' title='bbox 556 4364 937 4459; x_wconf 40' lang='lat' dir='ltr'><strong>H&#39;ierolnylmujs</strong></span> <span class='ocrx_word' id='word_1_771' title='bbox 949 4367 1006 4459; x_wconf 73' lang='lat' dir='ltr'><strong>in</strong></span> <span class='ocrx_word' id='word_1_772' title='bbox 1033 4366 1323 4459; x_wconf 75' lang='lat' dir='ltr'><strong>epitaphiol</strong></span> <span class='ocrx_word' id='word_1_773' title='bbox 1337 4366 1518 4459; x_wconf 57' lang='lat' dir='ltr'><strong>Paulae</strong></span> <span class='ocrx_word' id='word_1_774' title='bbox 1545 4386 1559 4422; x_wconf 89' lang='lat'><strong>:</strong></span> <span class='ocrx_word' id='word_1_775' title='bbox 1595 4371 1671 4459; x_wconf 71' lang='lat' dir='ltr'><strong>Aie</strong></span> <span class='ocrx_word' id='word_1_776' title='bbox 1681 4384 1908 4449; x_wconf 37' lang='lat' dir='ltr'><strong>.consue-</strong></span> <span class='ocrx_word' id='word_1_777' title='bbox 1937 4396 1988 4459; x_wconf 84' lang='lat' dir='ltr'><strong>D</strong></span> <span class='ocrx_word' id='word_1_778' title='bbox 2018 4367 2293 4459; x_wconf 64' lang='lat' dir='ltr'><strong>Aminiam</strong></span> <span class='ocrx_word' id='word_1_779' title='bbox 2305 4364 2426 4459; x_wconf 48' lang='lat' dir='ltr'><strong>gero</strong></span> <span class='ocrx_word' id='word_1_780' title='bbox 2439 4374 2487 4424; x_wconf 91' lang='lat' dir='ltr'><strong>et</strong></span> <span class='ocrx_word' id='word_1_781' title='bbox 2499 4371 2784 4452; x_wconf 81' lang='lat' dir='ltr'><strong>Saphiram</strong></span> <span class='ocrx_word' id='word_1_782' title='bbox 2796 4373 3102 4453; x_wconf 72' lang='lat' dir='ltr'><strong>mentientes</strong></span> <span class='ocrx_word' id='word_1_783' title='bbox 3116 4369 3609 4459; x_wconf 71' lang='lat' dir='ltr'><strong>mortiincrepanda</strong></span> 
     </span>
    </p>
   </div>
   <div class='ocr_carea' id='block_1_106' title="bbox 321 4422 1753 4505">
    <p class='ocr_par' dir='ltr' id='par_1_106' title="bbox 321 4422 1753 4505">
     <span class='ocr_line' id='line_1_108' title="bbox 321 4422 1753 4505; baseline 0.002 -18"><span class='ocrx_word' id='word_1_784' title='bbox 321 4435 508 4489; x_wconf 85' lang='lat' dir='ltr'><strong>tudine</strong></span> <span class='ocrx_word' id='word_1_785' title='bbox 548 4436 670 4504; x_wconf 85' lang='lat' dir='ltr'><strong>plus</strong></span> <span class='ocrx_word' id='word_1_786' title='bbox 709 4422 937 4491; x_wconf 75' lang='lat' dir='ltr'><strong>habendi</strong></span> <span class='ocrx_word' id='word_1_787' title='bbox 980 4422 1149 4490; x_wconf 76' lang='lat' dir='ltr'><strong>locum</strong></span> <span class='ocrx_word' id='word_1_788' title='bbox 1176 4422 1439 4505; x_wconf 68' lang='lat' dir='ltr'><strong>praeberet</strong></span> <span class='ocrx_word' id='word_1_789' title='bbox 1482 4422 1753 4499; x_wconf 79' lang='lat' dir='ltr'><strong>araritiee,</strong></span> 
     </span>
    </p>
   </div>
   <div class='ocr_carea' id='block_1_107' title="bbox 318 4505 1905 4576">
    <p class='ocr_par' dir='ltr' id='par_1_107' title="bbox 318 4505 1905 4576">
     <span class='ocr_line' id='line_1_109' title="bbox 318 4505 1905 4576; baseline 0.002 -17"><span class='ocrx_word' id='word_1_790' title='bbox 318 4505 484 4560; x_wconf 89' lang='lat' dir='ltr'><strong>nullis</strong></span> <span class='ocrx_word' id='word_1_791' title='bbox 512 4506 761 4574; x_wconf 70' lang='lat' dir='ltr'><strong>capietur</strong></span> <span class='ocrx_word' id='word_1_792' title='bbox 785 4507 1001 4576; x_wconf 83' lang='lat' dir='ltr'><strong>opibus;</strong></span> <span class='ocrx_word' id='word_1_793' title='bbox 1039 4511 1090 4561; x_wconf 90' lang='lat' dir='ltr'><strong>et</strong></span> <span class='ocrx_word' id='word_1_794' title='bbox 1121 4511 1318 4575; x_wconf 88' lang='lat' dir='ltr'><strong>quanto</strong></span> <span class='ocrx_word' id='word_1_795' title='bbox 1359 4508 1595 4574; x_wconf 88' lang='lat' dir='ltr'><strong>amplius</strong></span> <span class='ocrx_word' id='word_1_796' title='bbox 1628 4505 1905 4575; x_wconf 77' lang='lat' dir='ltr'><strong>habuerit,</strong></span> 
     </span>
    </p>
   </div>
   <div class='ocr_carea' id='block_1_108' title="bbox 314 4577 1905 4647">
    <p class='ocr_par' dir='ltr' id='par_1_108' title="bbox 314 4577 1905 4647">
     <span class='ocr_line' id='line_1_110' title="bbox 314 4577 1905 4647; baseline 0.001 -18"><span class='ocrx_word' id='word_1_797' title='bbox 314 4577 440 4645; x_wconf 89' lang='lat' dir='ltr'><strong>plus</strong></span> <span class='ocrx_word' id='word_1_798' title='bbox 460 4578 686 4646; x_wconf 82' lang='lat' dir='ltr'><strong>requirit</strong></span> <span class='ocrx_word' id='word_1_799' title='bbox 713 4595 729 4631; x_wconf 94' lang='lat'><strong><em>:</em></strong></span> <span class='ocrx_word' id='word_1_800' title='bbox 759 4582 810 4631; x_wconf 91' lang='lat' dir='ltr'><strong>et</strong></span> <span class='ocrx_word' id='word_1_801' title='bbox 832 4593 1001 4646; x_wconf 84' lang='lat' dir='ltr'><strong>neque</strong></span> <span class='ocrx_word' id='word_1_802' title='bbox 1017 4579 1185 4646; x_wconf 79' lang='lat' dir='ltr'><strong>copia,</strong></span> <span class='ocrx_word' id='word_1_803' title='bbox 1224 4593 1391 4645; x_wconf 84' lang='lat' dir='ltr'><strong>neque</strong></span> <span class='ocrx_word' id='word_1_804' title='bbox 1418 4580 1598 4647; x_wconf 85' lang='lat' dir='ltr'><strong>inopia</strong></span> <span class='ocrx_word' id='word_1_805' title='bbox 1621 4580 1905 4632; x_wconf 86' lang='lat' dir='ltr'><strong>minuitur.</strong></span> 
     </span>
    </p>
   </div>
   <div class='ocr_carea' id='block_1_109' title="bbox 327 4647 1905 4718">
    <p class='ocr_par' dir='ltr' id='par_1_109' title="bbox 327 4647 1905 4718">
     <span class='ocr_line' id='line_1_111' title="bbox 327 4647 1905 4718; baseline 0.002 -17"><span class='ocrx_word' id='word_1_806' title='bbox 327 4649 392 4701; x_wconf 82' lang='lat' dir='ltr'><strong>Et</strong></span> <span class='ocrx_word' id='word_1_807' title='bbox 417 4647 469 4703; x_wconf 90' lang='lat' dir='ltr'><strong>in</strong></span> <span class='ocrx_word' id='word_1_808' title='bbox 496 4647 719 4718; x_wconf 89' lang='lat' dir='ltr'><strong>epistola</strong></span> <span class='ocrx_word' id='word_1_809' title='bbox 755 4647 825 4702; x_wconf 91' lang='lat' dir='ltr'><strong>ad</strong></span> <span class='ocrx_word' id='word_1_810' title='bbox 854 4647 1140 4702; x_wconf 90' lang='lat' dir='ltr'><strong>Paulinum</strong></span> <span class='ocrx_word' id='word_1_811' title='bbox 1173 4668 1185 4703; x_wconf 90' lang='lat'>:</span> <span class='ocrx_word' id='word_1_812' title='bbox 1220 4649 1521 4717; x_wconf 77' lang='lat' dir='ltr'><strong>Antiquam</strong></span> <span class='ocrx_word' id='word_1_813' title='bbox 1550 4649 1754 4703; x_wconf 87' lang='lat' dir='ltr'><strong>dictum</strong></span> <span class='ocrx_word' id='word_1_814' title='bbox 1782 4655 1860 4704; x_wconf 88' lang='lat' dir='ltr'><strong>est</strong></span> <span class='ocrx_word' id='word_1_815' title='bbox 1891 4669 1905 4704; x_wconf 89' lang='lat'><strong><em>:</em></strong></span> 
     </span>
    </p>
   </div>
   <div class='ocr_carea' id='block_1_110' title="bbox 321 4718 1905 4790">
    <p class='ocr_par' dir='ltr' id='par_1_110' title="bbox 321 4718 1905 4790">
     <span class='ocr_line' id='line_1_112' title="bbox 321 4718 1905 4790; baseline -0.001 -17"><span class='ocrx_word' id='word_1_816' title='bbox 321 4720 502 4773; x_wconf 83' lang='lat' dir='ltr'><strong>Avaro</strong></span> <span class='ocrx_word' id='word_1_817' title='bbox 530 4723 641 4773; x_wconf 89' lang='lat' dir='ltr'><strong>tam</strong></span> <span class='ocrx_word' id='word_1_818' title='bbox 671 4718 816 4775; x_wconf 88' lang='lat' dir='ltr'><strong>deest</strong></span> <span class='ocrx_word' id='word_1_819' title='bbox 842 4719 987 4790; x_wconf 89' lang='lat' dir='ltr'><strong>quod</strong></span> <span class='ocrx_word' id='word_1_820' title='bbox 1024 4720 1182 4775; x_wconf 86' lang='lat' dir='ltr'><strong>habet</strong></span> <span class='ocrx_word' id='word_1_821' title='bbox 1221 4735 1385 4788; x_wconf 88' lang='lat' dir='ltr'><strong>quam</strong></span> <span class='ocrx_word' id='word_1_822' title='bbox 1420 4719 1562 4788; x_wconf 89' lang='lat' dir='ltr'><strong>quod</strong></span> <span class='ocrx_word' id='word_1_823' title='bbox 1602 4735 1707 4773; x_wconf 88' lang='lat' dir='ltr'><strong>non</strong></span> <span class='ocrx_word' id='word_1_824' title='bbox 1734 4720 1905 4775; x_wconf 85' lang='lat' dir='ltr'><strong>habet.</strong></span> 
     </span>
    </p>
   </div>
   <div class='ocr_carea' id='block_1_111' title="bbox 321 4790 1909 4861">
    <p class='ocr_par' dir='ltr' id='par_1_111' title="bbox 321 4790 1909 4861">
     <span class='ocr_line' id='line_1_113' title="bbox 321 4790 1909 4861; baseline 0.001 -16"><span class='ocrx_word' id='word_1_825' title='bbox 321 4791 571 4846; x_wconf 86' lang='lat' dir='ltr'><strong>Credenti</strong></span> <span class='ocrx_word' id='word_1_826' title='bbox 593 4796 733 4846; x_wconf 89' lang='lat' dir='ltr'><strong>totus</strong></span> <span class='ocrx_word' id='word_1_827' title='bbox 746 4792 976 4846; x_wconf 83' lang='lat' dir='ltr'><strong>mundus</strong></span> <span class='ocrx_word' id='word_1_828' title='bbox 995 4790 1318 4846; x_wconf 82' lang='lat' dir='ltr'><strong>divitiarum</strong></span> <span class='ocrx_word' id='word_1_829' title='bbox 1342 4795 1418 4846; x_wconf 88' lang='lat' dir='ltr'><strong>est</strong></span> <span class='ocrx_word' id='word_1_830' title='bbox 1443 4809 1459 4845; x_wconf 91' lang='lat'><strong><em>:</em></strong></span> <span class='ocrx_word' id='word_1_831' title='bbox 1479 4791 1708 4861; x_wconf 78' lang='lat' dir='ltr'><strong>infidelis</strong></span> <span class='ocrx_word' id='word_1_832' title='bbox 1730 4797 1909 4847; x_wconf 86' lang='lat' dir='ltr'><strong>autem</strong></span> 
     </span>
    </p>
   </div>
   <div class='ocr_carea' id='block_1_112' title="bbox 319 4863 925 4932">
    <p class='ocr_par' dir='ltr' id='par_1_112' title="bbox 319 4863 925 4932">
     <span class='ocr_line' id='line_1_114' title="bbox 319 4863 925 4932; baseline 0.01 -19"><span class='ocrx_word' id='word_1_833' title='bbox 319 4863 483 4932; x_wconf 77' lang='lat' dir='ltr'><strong>etiam</strong></span> <span class='ocrx_word' id='word_1_834' title='bbox 522 4863 670 4918; x_wconf 88' lang='lat' dir='ltr'><strong>obolo</strong></span> <span class='ocrx_word' id='word_1_835' title='bbox 699 4863 925 4932; x_wconf 83' lang='lat' dir='ltr'><strong>indiget.</strong></span> 
     </span>
    </p>
   </div>
   <div class='ocr_carea' id='block_1_113' title="bbox 390 4926 1905 5005">
    <p class='ocr_par' dir='ltr' id='par_1_113' title="bbox 390 4926 1905 5005">
     <span class='ocr_line' id='line_1_115' title="bbox 390 4926 1905 5005; baseline 0 -17"><span class='ocrx_word' id='word_1_836' title='bbox 390 4926 419 5005; x_wconf 16' lang='grc' dir='ltr'><strong>δν</strong></span> <span class='ocrx_word' id='word_1_837' title='bbox 443 4934 500 4989; x_wconf 89' lang='lat' dir='ltr'><strong>ld</strong></span> <span class='ocrx_word' id='word_1_838' title='bbox 525 4942 629 4999; x_wconf 90' lang='lat' dir='ltr'><strong>est,</strong></span> <span class='ocrx_word' id='word_1_839' title='bbox 662 4926 913 5005; x_wconf 71' lang='lat' dir='ltr'><strong>religiésa</strong></span> <span class='ocrx_word' id='word_1_840' title='bbox 938 4939 1280 5005; x_wconf 87' lang='lat' dir='ltr'><strong>paupertate,</strong></span> <span class='ocrx_word' id='word_1_841' title='bbox 1309 4939 1372 4988; x_wconf 91' lang='lat' dir='ltr'><strong>ut</strong></span> <span class='ocrx_word' id='word_1_842' title='bbox 1386 4931 1603 5005; x_wconf 83' lang='lat' dir='ltr'><strong>dictum</strong></span> <span class='ocrx_word' id='word_1_843' title='bbox 1632 4939 1717 4988; x_wconf 90' lang='lat' dir='ltr'><strong>est</strong></span> <span class='ocrx_word' id='word_1_844' title='bbox 1752 4934 1905 5005; x_wconf 74' lang='lat' dir='ltr'><strong>(cap.</strong></span> 
     </span>
    </p>
   </div>
   <div class='ocr_carea' id='block_1_114' title="bbox 319 5002 1911 5074">
    <p class='ocr_par' dir='ltr' id='par_1_114' title="bbox 319 5002 1911 5074">
     <span class='ocr_line' id='line_1_116' title="bbox 319 5002 1911 5074; baseline 0.001 -16"><span class='ocrx_word' id='word_1_845' title='bbox 319 5004 467 5074; x_wconf 81' lang='lat' dir='ltr'><strong>xu),</strong></span> <span class='ocrx_word' id='word_1_846' title='bbox 494 5018 588 5073; x_wconf 88' lang='lat' dir='ltr'><strong>per</strong></span> <span class='ocrx_word' id='word_1_847' title='bbox 616 5002 785 5074; x_wconf 80' lang='lat' dir='ltr'><strong>quam</strong></span> <span class='ocrx_word' id='word_1_848' title='bbox 802 5002 989 5074; x_wconf 83' lang='lat' dir='ltr'><strong>nudus</strong></span> <span class='ocrx_word' id='word_1_849' title='bbox 1016 5002 1351 5074; x_wconf 79' lang='lat' dir='ltr'><strong>monachus,</strong></span> <span class='ocrx_word' id='word_1_850' title='bbox 1385 5002 1492 5059; x_wconf 87' lang='lat' dir='ltr'><strong>hoc</strong></span> <span class='ocrx_word' id='word_1_851' title='bbox 1518 5013 1617 5073; x_wconf 88' lang='lat' dir='ltr'><strong>est,</strong></span> <span class='ocrx_word' id='word_1_852' title='bbox 1657 5002 1911 5059; x_wconf 75' lang='lat' dir='ltr'><strong>omnibhs</strong></span> 
     </span>
    </p>
   </div>
   <div class='ocr_carea' id='block_1_115' title="bbox 320 5073 1912 5143">
    <p class='ocr_par' dir='ltr' id='par_1_115' title="bbox 320 5073 1912 5143">
     <span class='ocr_line' id='line_1_117' title="bbox 320 5073 1912 5143; baseline 0.001 -15"><span class='ocrx_word' id='word_1_853' title='bbox 320 5073 485 5128; x_wconf 75' lang='lat' dir='ltr'><strong>bonis</strong></span> <span class='ocrx_word' id='word_1_854' title='bbox 509 5073 902 5143; x_wconf 88' lang='lat' dir='ltr'><strong>temporalibus</strong></span> <span class='ocrx_word' id='word_1_855' title='bbox 941 5082 997 5128; x_wconf 89' lang='lat' dir='ltr'><strong>et</strong></span> <span class='ocrx_word' id='word_1_856' title='bbox 1022 5089 1214 5129; x_wconf 90' lang='lat' dir='ltr'><strong>eorum</strong></span> <span class='ocrx_word' id='word_1_857' title='bbox 1254 5073 1541 5131; x_wconf 83' lang='lat' dir='ltr'><strong>affectibus</strong></span> <span class='ocrx_word' id='word_1_858' title='bbox 1577 5075 1814 5131; x_wconf 89' lang='lat' dir='ltr'><strong>nudatus</strong></span> <span class='ocrx_word' id='word_1_859' title='bbox 1857 5084 1912 5130; x_wconf 89' lang='lat' dir='ltr'><strong>et</strong></span> 
     </span>
    </p>
   </div>
   <div class='ocr_carea' id='block_1_116' title="bbox 320 5143 1911 5215">
    <p class='ocr_par' dir='ltr' id='par_1_116' title="bbox 320 5143 1911 5215">
     <span class='ocr_line' id='line_1_118' title="bbox 320 5143 1911 5215; baseline 0 -16"><span class='ocrx_word' id='word_1_860' title='bbox 320 5152 535 5206; x_wconf 85' lang='lat' dir='ltr'><strong>exutus,</strong></span> <span class='ocrx_word' id='word_1_861' title='bbox 560 5143 767 5198; x_wconf 90' lang='lat' dir='ltr'><strong>nudum</strong></span> <span class='ocrx_word' id='word_1_862' title='bbox 790 5143 1067 5215; x_wconf 82' lang='lat' dir='ltr'><strong>Christum</strong></span> <span class='ocrx_word' id='word_1_863' title='bbox 1092 5144 1351 5215; x_wconf 88' lang='lat' dir='ltr'><strong>sequitur,</strong></span> <span class='ocrx_word' id='word_1_864' title='bbox 1378 5154 1438 5201; x_wconf 89' lang='lat' dir='ltr'><strong>ut</strong></span> <span class='ocrx_word' id='word_1_865' title='bbox 1460 5146 1673 5201; x_wconf 88' lang='lat' dir='ltr'><strong>monuit</strong></span> <span class='ocrx_word' id='word_1_866' title='bbox 1699 5148 1763 5200; x_wconf 93' lang='lat' dir='ltr'><strong>D.</strong></span> <span class='ocrx_word' id='word_1_867' title='bbox 1792 5144 1911 5199; x_wconf 85' lang='lat' dir='ltr'><strong>Hie-</strong></span> 
     </span>
    </p>
   </div>
   <div class='ocr_carea' id='block_1_117' title="bbox 320 5212 1912 5285">
    <p class='ocr_par' dir='ltr' id='par_1_117' title="bbox 320 5212 1912 5285">
     <span class='ocr_line' id='line_1_119' title="bbox 320 5212 1912 5285; baseline 0 -16"><span class='ocrx_word' id='word_1_868' title='bbox 320 5228 584 5285; x_wconf 87' lang='lat' dir='ltr'><strong>ronymus</strong></span> <span class='ocrx_word' id='word_1_869' title='bbox 617 5229 776 5285; x_wconf 88' lang='lat' dir='ltr'><strong>suum</strong></span> <span class='ocrx_word' id='word_1_870' title='bbox 809 5212 1091 5268; x_wconf 84' lang='lat' dir='ltr'><strong>Rusticum</strong></span> <span class='ocrx_word' id='word_1_871' title='bbox 1120 5212 1450 5272; x_wconf 77' lang='lat' dir='ltr'><strong>monachum</strong></span> <span class='ocrx_word' id='word_1_872' title='bbox 1494 5216 1685 5285; x_wconf 85' lang='lat' dir='ltr'><strong>(Epist.</strong></span> <span class='ocrx_word' id='word_1_873' title='bbox 1719 5220 1795 5279; x_wconf 85' lang='lat'><strong>4).</strong></span> <span class='ocrx_word' id='word_1_874' title='bbox 1831 5218 1912 5269; x_wconf 89' lang='lat' dir='ltr'><strong>De</strong></span> 
     </span>
    </p>
   </div>
   <div class='ocr_carea' id='block_1_118' title="bbox 321 5283 1912 5354">
    <p class='ocr_par' dir='ltr' id='par_1_118' title="bbox 321 5283 1912 5354">
     <span class='ocr_line' id='line_1_120' title="bbox 321 5283 1912 5354; baseline 0 -15"><span class='ocrx_word' id='word_1_875' title='bbox 321 5283 436 5354; x_wconf 83' lang='lat' dir='ltr'><strong>qua</strong></span> <span class='ocrx_word' id='word_1_876' title='bbox 457 5283 619 5338; x_wconf 90' lang='lat' dir='ltr'><strong>etiam</strong></span> <span class='ocrx_word' id='word_1_877' title='bbox 645 5284 892 5339; x_wconf 88' lang='lat' dir='ltr'><strong>nuditate</strong></span> <span class='ocrx_word' id='word_1_878' title='bbox 915 5286 1150 5341; x_wconf 87' lang='lat' dir='ltr'><strong>Joannes</strong></span> <span class='ocrx_word' id='word_1_879' title='bbox 1181 5285 1450 5341; x_wconf 86' lang='lat' dir='ltr'><strong>Climacus</strong></span> <span class='ocrx_word' id='word_1_880' title='bbox 1474 5283 1641 5354; x_wconf 75' lang='lat' dir='ltr'><strong>gradu</strong></span> <span class='ocrx_word' id='word_1_881' title='bbox 1664 5292 1730 5340; x_wconf 81' lang='lat'><strong>16</strong></span> <span class='ocrx_word' id='word_1_882' title='bbox 1756 5305 1768 5340; x_wconf 87' lang='lat'><strong>:</strong></span> <span class='ocrx_word' id='word_1_883' title='bbox 1796 5287 1912 5340; x_wconf 88' lang='lat' dir='ltr'><strong>Nu-</strong></span> 
     </span>
    </p>
   </div>
   <div class='ocr_carea' id='block_1_119' title="bbox 321 5354 1913 5426">
    <p class='ocr_par' dir='ltr' id='par_1_119' title="bbox 321 5354 1913 5426">
     <span class='ocr_line' id='line_1_121' title="bbox 321 5354 1913 5426; baseline -0.001 -16"><span class='ocrx_word' id='word_1_884' title='bbox 321 5356 488 5422; x_wconf 84' lang='lat' dir='ltr'><strong>ditas,</strong></span> <span class='ocrx_word' id='word_1_885' title='bbox 516 5354 611 5422; x_wconf 89' lang='lat' dir='ltr'><strong>ait,</strong></span> <span class='ocrx_word' id='word_1_886' title='bbox 636 5371 815 5409; x_wconf 86' lang='lat' dir='ltr'><strong>rerum</strong></span> <span class='ocrx_word' id='word_1_887' title='bbox 835 5357 1066 5409; x_wconf 89' lang='lat' dir='ltr'><strong>omnium</strong></span> <span class='ocrx_word' id='word_1_888' title='bbox 1091 5372 1344 5410; x_wconf 88' lang='lat' dir='ltr'><strong>curarum</strong></span> <span class='ocrx_word' id='word_1_889' title='bbox 1363 5362 1441 5411; x_wconf 90' lang='lat' dir='ltr'><strong>est</strong></span> <span class='ocrx_word' id='word_1_890' title='bbox 1460 5354 1738 5426; x_wconf 84' lang='lat' dir='ltr'><strong>depositio,</strong></span> <span class='ocrx_word' id='word_1_891' title='bbox 1769 5370 1913 5409; x_wconf 87' lang='lat' dir='ltr'><strong>secu-</strong></span> 
     </span>
    </p>
   </div>
   <div class='ocr_carea' id='block_1_120' title="bbox 320 5426 1911 5496">
    <p class='ocr_par' dir='ltr' id='par_1_120' title="bbox 320 5426 1911 5496">
     <span class='ocr_line' id='line_1_122' title="bbox 320 5426 1911 5496; baseline -0.001 -16"><span class='ocrx_word' id='word_1_892' title='bbox 320 5429 459 5480; x_wconf 85' lang='lat' dir='ltr'><strong>ritas</strong></span> <span class='ocrx_word' id='word_1_893' title='bbox 476 5428 533 5480; x_wconf 83' lang='lat' dir='ltr'><strong>vi</strong></span> <span class='ocrx_word' id='word_1_894' title='bbox 537 5431 624 5487; x_wconf 69' lang='lat' dir='ltr'><strong>tle,</strong></span> <span class='ocrx_word' id='word_1_895' title='bbox 643 5428 821 5483; x_wconf 69' lang='lat' dir='ltr'><strong>viator</strong></span> <span class='ocrx_word' id='word_1_896' title='bbox 835 5426 1077 5481; x_wconf 89' lang='lat' dir='ltr'><strong>omnibus</strong></span> <span class='ocrx_word' id='word_1_897' title='bbox 1092 5428 1480 5496; x_wconf 85' lang='lat' dir='ltr'><strong>impedimentis</strong></span> <span class='ocrx_word' id='word_1_898' title='bbox 1496 5428 1648 5488; x_wconf 83' lang='lat' dir='ltr'><strong>liber,</strong></span> <span class='ocrx_word' id='word_1_899' title='bbox 1669 5427 1911 5480; x_wconf 73' lang='lat' dir='ltr'><strong>maeroris</strong></span> 
     </span>
    </p>
   </div>
   <div class='ocr_carea' id='block_1_121' title="bbox 321 5497 1911 5566">
    <p class='ocr_par' dir='ltr' id='par_1_121' title="bbox 321 5497 1911 5566">
     <span class='ocr_line' id='line_1_123' title="bbox 321 5497 1911 5566; baseline -0.001 -15"><span class='ocrx_word' id='word_1_900' title='bbox 321 5498 599 5559; x_wconf 83' lang='lat' dir='ltr'><strong>alienatio,</strong></span> <span class='ocrx_word' id='word_1_901' title='bbox 627 5497 1004 5552; x_wconf 86' lang='lat' dir='ltr'><strong>mandatorum</strong></span> <span class='ocrx_word' id='word_1_902' title='bbox 1031 5498 1196 5566; x_wconf 81' lang='lat' dir='ltr'><strong>ﬁdes;</strong></span> <span class='ocrx_word' id='word_1_903' title='bbox 1231 5498 1408 5554; x_wconf 82' lang='lat' dir='ltr'><strong>nudus</strong></span> <span class='ocrx_word' id='word_1_904' title='bbox 1436 5498 1721 5552; x_wconf 86' lang='lat' dir='ltr'><strong>monachus</strong></span> <span class='ocrx_word' id='word_1_905' title='bbox 1747 5497 1911 5550; x_wconf 86' lang='lat' dir='ltr'><strong>totius</strong></span> 
     </span>
    </p>
   </div>
   <div class='ocr_carea' id='block_1_122' title="bbox 320 5568 1626 5640">
    <p class='ocr_par' dir='ltr' id='par_1_122' title="bbox 320 5568 1626 5640">
     <span class='ocr_line' id='line_1_124' title="bbox 320 5568 1626 5640; baseline -0.001 -18"><span class='ocrx_word' id='word_1_906' title='bbox 320 5569 509 5623; x_wconf 85' lang='lat' dir='ltr'><strong>mundi</strong></span> <span class='ocrx_word' id='word_1_907' title='bbox 538 5574 615 5640; x_wconf 79' lang='lat' dir='ltr'><strong>est</strong></span> <span class='ocrx_word' id='word_1_908' title='bbox 639 5569 921 5631; x_wconf 86' lang='lat' dir='ltr'><strong>dominus;</strong></span> <span class='ocrx_word' id='word_1_909' title='bbox 948 5575 1002 5621; x_wconf 89' lang='lat' dir='ltr'><strong>et</strong></span> <span class='ocrx_word' id='word_1_910' title='bbox 1025 5568 1124 5622; x_wconf 89' lang='lat' dir='ltr'><strong>alia</strong></span> <span class='ocrx_word' id='word_1_911' title='bbox 1159 5583 1282 5638; x_wconf 72' lang='lat' dir='ltr'><strong>quae</strong></span> <span class='ocrx_word' id='word_1_912' title='bbox 1310 5577 1626 5640; x_wconf 87' lang='lat' dir='ltr'><strong>sequuntur.</strong></span> 
     </span>
    </p>
   </div>
   <div class='ocr_carea' id='block_1_123' title="bbox 391 5637 1906 5710">
    <p class='ocr_par' dir='ltr' id='par_1_123' title="bbox 391 5637 1906 5710">
     <span class='ocr_line' id='line_1_125' title="bbox 391 5637 1906 5710; baseline -0.001 -14"><span class='ocrx_word' id='word_1_913' title='bbox 391 5655 418 5710; x_wconf 61' lang='grc' dir='ltr'><strong>ς</strong></span> <span class='ocrx_word' id='word_1_914' title='bbox 442 5638 632 5696; x_wconf 79' lang='lat' dir='ltr'><strong>Refert</strong></span> <span class='ocrx_word' id='word_1_915' title='bbox 645 5641 698 5694; x_wconf 91' lang='lat' dir='ltr'><strong>S.</strong></span> <span class='ocrx_word' id='word_1_916' title='bbox 724 5641 900 5695; x_wconf 86' lang='lat' dir='ltr'><strong>Lucas</strong></span> <span class='ocrx_word' id='word_1_917' title='bbox 923 5640 1126 5702; x_wconf 83' lang='lat' dir='ltr'><strong>(Actor.</strong></span> <span class='ocrx_word' id='word_1_918' title='bbox 1157 5637 1215 5705; x_wconf 55' lang='grc' dir='ltr'><strong>ἡ)</strong></span> <span class='ocrx_word' id='word_1_919' title='bbox 1243 5637 1508 5695; x_wconf 81' lang='lat' dir='ltr'><strong>Ananiam</strong></span> <span class='ocrx_word' id='word_1_920' title='bbox 1530 5647 1585 5693; x_wconf 89' lang='lat' dir='ltr'><strong>et</strong></span> <span class='ocrx_word' id='word_1_921' title='bbox 1605 5637 1906 5710; x_wconf 84' lang='lat' dir='ltr'><strong>Saphiram,</strong></span> 
     </span>
    </p>
   </div>
   <div class='ocr_carea' id='block_1_124' title="bbox 319 5708 1907 5783">
    <p class='ocr_par' dir='ltr' id='par_1_124' title="bbox 319 5708 1907 5783">
     <span class='ocr_line' id='line_1_126' title="bbox 319 5708 1907 5783; baseline 0 -17"><span class='ocrx_word' id='word_1_922' title='bbox 319 5709 499 5767; x_wconf 89' lang='lat' dir='ltr'><strong>audita</strong></span> <span class='ocrx_word' id='word_1_923' title='bbox 526 5711 668 5768; x_wconf 88' lang='lat' dir='ltr'><strong>Petri</strong></span> <span class='ocrx_word' id='word_1_924' title='bbox 705 5710 952 5783; x_wconf 85' lang='lat' dir='ltr'><strong>Apostoli</strong></span> <span class='ocrx_word' id='word_1_925' title='bbox 983 5710 1351 5783; x_wconf 84' lang='lat' dir='ltr'><strong>increpatione</strong></span> <span class='ocrx_word' id='word_1_926' title='bbox 1376 5719 1430 5767; x_wconf 90' lang='lat' dir='ltr'><strong>et</strong></span> <span class='ocrx_word' id='word_1_927' title='bbox 1456 5708 1875 5783; x_wconf 76' lang='lat' dir='ltr'><strong>reprehensione</strong></span> <span class='ocrx_word' id='word_1_928' title='bbox 1892 5753 1907 5778; x_wconf 95' lang='lat'><strong>,</strong></span> 
     </span>
    </p>
   </div>
   <div class='ocr_carea' id='block_1_125' title="bbox 1794 4439 3612 4509">
    <p class='ocr_par' dir='ltr' id='par_1_125' title="bbox 1794 4439 3612 4509">
     <span class='ocr_line' id='line_1_127' title="bbox 1794 4439 3612 4509; baseline 0.001 -16"><span class='ocrx_word' id='word_1_929' title='bbox 1794 4455 1911 4507; x_wconf 75' lang='lat' dir='ltr'><strong>qua:</strong></span> <span class='ocrx_word' id='word_1_930' title='bbox 1938 4439 1987 4459; x_wconf 82' lang='lat'><strong><em>&quot;</em></strong></span> <span class='ocrx_word' id='word_1_931' title='bbox 2021 4439 2274 4493; x_wconf 87' lang='lat' dir='ltr'><strong>tradidit.</strong></span> <span class='ocrx_word' id='word_1_932' title='bbox 2297 4442 2476 4509; x_wconf 86' lang='lat' dir='ltr'><strong>Neque</strong></span> <span class='ocrx_word' id='word_1_933' title='bbox 2493 4443 2634 4495; x_wconf 87' lang='lat' dir='ltr'><strong>enim</strong></span> <span class='ocrx_word' id='word_1_934' title='bbox 2650 4456 2827 4496; x_wconf 88' lang='lat' dir='ltr'><strong>orasse</strong></span> <span class='ocrx_word' id='word_1_935' title='bbox 2843 4443 2902 4495; x_wconf 87' lang='lat' dir='ltr'><strong>in</strong></span> <span class='ocrx_word' id='word_1_936' title='bbox 2920 4457 3099 4496; x_wconf 88' lang='lat' dir='ltr'><strong>eorum</strong></span> <span class='ocrx_word' id='word_1_937' title='bbox 3116 4441 3467 4497; x_wconf 76' lang='lat' dir='ltr'><strong>emstinctione</strong></span> <span class='ocrx_word' id='word_1_938' title='bbox 3484 4441 3612 4509; x_wconf 86' lang='lat' dir='ltr'><strong>legi-</strong></span> 
     </span>
    </p>
   </div>
   <div class='ocr_carea' id='block_1_126' title="bbox 2013 4510 3613 4582">
    <p class='ocr_par' dir='ltr' id='par_1_126' title="bbox 2013 4510 3613 4582">
     <span class='ocr_line' id='line_1_128' title="bbox 2013 4510 3613 4582; baseline -0.001 -17"><span class='ocrx_word' id='word_1_939' title='bbox 2013 4515 2127 4572; x_wconf 87' lang='lat' dir='ltr'><strong>tur,</strong></span> <span class='ocrx_word' id='word_1_940' title='bbox 2144 4510 2236 4564; x_wconf 90' lang='lat' dir='ltr'><strong>sed</strong></span> <span class='ocrx_word' id='word_1_941' title='bbox 2250 4510 2573 4566; x_wconf 88' lang='lat' dir='ltr'><strong>solummodo</strong></span> <span class='ocrx_word' id='word_1_942' title='bbox 2592 4512 2802 4582; x_wconf 86' lang='lat' dir='ltr'><strong>culpam</strong></span> <span class='ocrx_word' id='word_1_943' title='bbox 2815 4528 2976 4581; x_wconf 84' lang='lat' dir='ltr'><strong>quam</strong></span> <span class='ocrx_word' id='word_1_944' title='bbox 2986 4514 3428 4582; x_wconf 75' lang='lat' dir='ltr'><strong>perp&#39;etraverant</strong></span> <span class='ocrx_word' id='word_1_945' title='bbox 3450 4512 3613 4565; x_wconf 65' lang='lat' dir='ltr'><strong>inore</strong></span> 
     </span>
    </p>
   </div>
   <div class='ocr_carea' id='block_1_127' title="bbox 2010 4582 3605 4652">
    <p class='ocr_par' dir='ltr' id='par_1_127' title="bbox 2010 4582 3605 4652">
     <span class='ocr_line' id='line_1_129' title="bbox 2010 4582 3605 4652; baseline 0.001 -19"><span class='ocrx_word' id='word_1_946' title='bbox 2010 4596 2186 4651; x_wconf 77' lang='lat' dir='ltr'><strong>passa.</strong></span> <span class='ocrx_word' id='word_1_947' title='bbox 2222 4582 2437 4637; x_wconf 89' lang='lat' dir='ltr'><strong>Constat</strong></span> <span class='ocrx_word' id='word_1_948' title='bbox 2465 4598 2587 4651; x_wconf 86' lang='lat' dir='ltr'><strong>ergo</strong></span> <span class='ocrx_word' id='word_1_949' title='bbox 2614 4584 2756 4651; x_wconf 90' lang='lat' dir='ltr'><strong>quod</strong></span> <span class='ocrx_word' id='word_1_950' title='bbox 2783 4583 3075 4652; x_wconf 84' lang='lat' dir='ltr'><strong>aliquando</strong></span> <span class='ocrx_word' id='word_1_951' title='bbox 3095 4584 3204 4637; x_wconf 60' lang='lat' dir='ltr'><strong>hac</strong></span> <span class='ocrx_word' id='word_1_952' title='bbox 3230 4598 3296 4637; x_wconf 76' lang='lat' dir='ltr'><strong>ea:</strong></span> <span class='ocrx_word' id='word_1_953' title='bbox 3315 4586 3605 4652; x_wconf 87' lang='lat' dir='ltr'><strong>potestate,</strong></span> 
     </span>
    </p>
   </div>
   <div class='ocr_carea' id='block_1_128' title="bbox 2015 4652 3605 4723">
    <p class='ocr_par' dir='ltr' id='par_1_128' title="bbox 2015 4652 3605 4723">
     <span class='ocr_line' id='line_1_130' title="bbox 2015 4652 3605 4723; baseline 0.001 -19"><span class='ocrx_word' id='word_1_954' title='bbox 2015 4652 2308 4721; x_wconf 87' lang='lat' dir='ltr'><strong>aliquando</strong></span> <span class='ocrx_word' id='word_1_955' title='bbox 2343 4668 2463 4708; x_wconf 81' lang='lat' dir='ltr'><strong>vero</strong></span> <span class='ocrx_word' id='word_1_956' title='bbox 2486 4654 2737 4709; x_wconf 67' lang='lat' dir='ltr'><strong>exhibent</strong></span> <span class='ocrx_word' id='word_1_957' title='bbox 2760 4669 2828 4708; x_wconf 77' lang='lat' dir='ltr'><strong>ea:</strong></span> <span class='ocrx_word' id='word_1_958' title='bbox 2847 4654 3204 4723; x_wconf 84' lang='lat' dir='ltr'><strong>postulatione</strong></span> <span class='ocrx_word' id='word_1_959' title='bbox 3229 4653 3392 4719; x_wconf 84' lang='lat' dir='ltr'><strong>(Vide</strong></span> <span class='ocrx_word' id='word_1_960' title='bbox 3415 4653 3475 4708; x_wconf 93' lang='lat' dir='ltr'><strong>S.</strong></span> <span class='ocrx_word' id='word_1_961' title='bbox 3508 4654 3605 4707; x_wconf 87' lang='lat' dir='ltr'><strong>Th.</strong></span> 
     </span>
    </p>
   </div>
   <div class='ocr_carea' id='block_1_129' title="bbox 2015 4724 3612 4805">
    <p class='ocr_par' dir='ltr' id='par_1_129' title="bbox 2015 4724 3612 4805">
     <span class='ocr_line' id='line_1_131' title="bbox 2015 4724 3612 4805; baseline -0.001 0"><span class='ocrx_word' id='word_1_962' title='bbox 2015 4728 2134 4805; x_wconf 62' lang='grc' dir='ltr'><strong>ως</strong></span> <span class='ocrx_word' id='word_1_963' title='bbox 2161 4740 2213 4792; x_wconf 73' lang='grc' dir='ltr'><strong>α·</strong></span> <span class='ocrx_word' id='word_1_964' title='bbox 2238 4729 2457 4805; x_wconf 63' lang='lat' dir='ltr'><strong>.178~.a-</strong></span> <span class='ocrx_word' id='word_1_965' title='bbox 2492 4730 2542 4789; x_wconf 69' lang='grc' dir='ltr'><strong>ιν</strong></span> <span class='ocrx_word' id='word_1_966' title='bbox 2562 4725 2641 4804; x_wconf 58' lang='lat' dir='ltr'><strong>ad</strong></span> <span class='ocrx_word' id='word_1_967' title='bbox 2668 4730 2740 4805; x_wconf 72' lang='lat'><strong>1).-</strong></span> <span class='ocrx_word' id='word_1_968' title='bbox 2765 4724 3345 4805; x_wconf 56' lang='grc' dir='ltr'><strong>ῌφεερτεβοτίυεςρξ</strong></span> <span class='ocrx_word' id='word_1_969' title='bbox 3370 4730 3612 4805; x_wconf 62' lang='lat'><strong>908391.9-</strong></span> 
     </span>
    </p>
   </div>
   <div class='ocr_carea' id='block_1_130' title="bbox 2016 4792 3611 4859">
    <p class='ocr_par' dir='ltr' id='par_1_130' title="bbox 2016 4792 3611 4859">
     <span class='ocr_line' id='line_1_132' title="bbox 2016 4792 3611 4859; baseline 0.001 -12"><span class='ocrx_word' id='word_1_970' title='bbox 2016 4795 2147 4848; x_wconf 90' lang='lat' dir='ltr'><strong>dum</strong></span> <span class='ocrx_word' id='word_1_971' title='bbox 2173 4792 2340 4849; x_wconf 87' lang='lat' dir='ltr'><strong>refert</strong></span> <span class='ocrx_word' id='word_1_972' title='bbox 2364 4794 2475 4850; x_wconf 91' lang='lat' dir='ltr'><strong>duo</strong></span> <span class='ocrx_word' id='word_1_973' title='bbox 2501 4793 2758 4850; x_wconf 88' lang='lat' dir='ltr'><strong>miracula</strong></span> <span class='ocrx_word' id='word_1_974' title='bbox 2779 4794 2887 4852; x_wconf 86' lang='lat' dir='ltr'><strong>divi</strong></span> <span class='ocrx_word' id='word_1_975' title='bbox 2911 4792 3086 4851; x_wconf 75' lang='lat' dir='ltr'><strong>Patris</strong></span> <span class='ocrx_word' id='word_1_976' title='bbox 3107 4794 3282 4851; x_wconf 84' lang='lat' dir='ltr'><strong>nostri</strong></span> <span class='ocrx_word' id='word_1_977' title='bbox 3308 4792 3611 4859; x_wconf 85' lang='lat' dir='ltr'><strong>Benedicti,</strong></span> 
     </span>
    </p>
   </div>
   <div class='ocr_carea' id='block_1_131' title="bbox 2017 4863 3608 4936">
    <p class='ocr_par' dir='ltr' id='par_1_131' title="bbox 2017 4863 3608 4936">
     <span class='ocr_line' id='line_1_133' title="bbox 2017 4863 3608 4936; baseline 0 -18"><span class='ocrx_word' id='word_1_978' title='bbox 2017 4865 2246 4936; x_wconf 88' lang='lat' dir='ltr'><strong>alterum</strong></span> <span class='ocrx_word' id='word_1_979' title='bbox 2282 4879 2349 4920; x_wconf 82' lang='lat' dir='ltr'><strong>ex</strong></span> <span class='ocrx_word' id='word_1_980' title='bbox 2390 4871 2653 4936; x_wconf 80' lang='lat' dir='ltr'><strong>potestate</strong></span> <span class='ocrx_word' id='word_1_981' title='bbox 2680 4863 2923 4931; x_wconf 86' lang='lat' dir='ltr'><strong>factum,</strong></span> <span class='ocrx_word' id='word_1_982' title='bbox 2966 4866 3203 4921; x_wconf 87' lang='lat' dir='ltr'><strong>alterum</strong></span> <span class='ocrx_word' id='word_1_983' title='bbox 3245 4878 3308 4936; x_wconf 63' lang='lat' dir='ltr'><strong>ex</strong></span> <span class='ocrx_word' id='word_1_984' title='bbox 3340 4864 3608 4936; x_wconf 79' lang='lat' dir='ltr'><strong>oratione.</strong></span> 
     </span>
    </p>
   </div>
   <div class='ocr_carea' id='block_1_132' title="bbox 2017 4933 3610 5007">
    <p class='ocr_par' dir='ltr' id='par_1_132' title="bbox 2017 4933 3610 5007">
     <span class='ocr_line' id='line_1_134' title="bbox 2017 4933 3610 5007; baseline 0 -18"><span class='ocrx_word' id='word_1_985' title='bbox 2017 4936 2098 5007; x_wconf 6' lang='lat' dir='ltr'><strong>Eax</strong></span> <span class='ocrx_word' id='word_1_986' title='bbox 2136 4935 2330 5007; x_wconf 87' lang='lat' dir='ltr'><strong>quibus</strong></span> <span class='ocrx_word' id='word_1_987' title='bbox 2353 4933 2703 5007; x_wconf 82' lang='lat' dir='ltr'><strong>manifestum</strong></span> <span class='ocrx_word' id='word_1_988' title='bbox 2734 4944 2817 5007; x_wconf 85' lang='lat' dir='ltr'><strong>est</strong></span> <span class='ocrx_word' id='word_1_989' title='bbox 2840 4944 3130 5007; x_wconf 87' lang='lat' dir='ltr'><strong>utrumque</strong></span> <span class='ocrx_word' id='word_1_990' title='bbox 3152 4943 3263 4991; x_wconf 89' lang='lat' dir='ltr'><strong>tam</strong></span> <span class='ocrx_word' id='word_1_991' title='bbox 3287 4933 3610 4991; x_wconf 79' lang='lat' dir='ltr'><strong>interfectio-</strong></span> 
     </span>
    </p>
   </div>
   <div class='ocr_carea' id='block_1_133' title="bbox 2017 5005 3615 5089">
    <p class='ocr_par' dir='ltr' id='par_1_133' title="bbox 2017 5005 3615 5089">
     <span class='ocr_line' id='line_1_135' title="bbox 2017 5005 3615 5089; baseline 0 -29"><span class='ocrx_word' id='word_1_992' title='bbox 2017 5005 2106 5061; x_wconf 90' lang='lat' dir='ltr'><strong>nis</strong></span> <span class='ocrx_word' id='word_1_993' title='bbox 2128 5005 2607 5089; x_wconf 62' lang='lat' dir='ltr'><strong>quamlocutionis</strong></span> <span class='ocrx_word' id='word_1_994' title='bbox 2627 5006 2857 5089; x_wconf 88' lang='lat' dir='ltr'><strong>modum</strong></span> <span class='ocrx_word' id='word_1_995' title='bbox 2879 5005 3097 5089; x_wconf 74' lang='lat' dir='ltr'><strong>admitti</strong></span> <span class='ocrx_word' id='word_1_996' title='bbox 3111 5021 3295 5089; x_wconf 80' lang='lat' dir='ltr'><strong>posse,</strong></span> <span class='ocrx_word' id='word_1_997' title='bbox 3317 5020 3453 5089; x_wconf 68' lang='lat' dir='ltr'><strong>cum</strong></span> <span class='ocrx_word' id='word_1_998' title='bbox 3475 5013 3615 5089; x_wconf 76' lang='lat' dir='ltr'><strong>uter-</strong></span> 
     </span>
    </p>
   </div>
   <div class='ocr_carea' id='block_1_134' title="bbox 2020 5077 3616 5148">
    <p class='ocr_par' dir='ltr' id='par_1_134' title="bbox 2020 5077 3616 5148">
     <span class='ocr_line' id='line_1_136' title="bbox 2020 5077 3616 5148; baseline 0 -17"><span class='ocrx_word' id='word_1_999' title='bbox 2020 5077 2340 5148; x_wconf 11' lang='lat' dir='ltr'><strong>queilirmis</strong></span> <span class='ocrx_word' id='word_1_1000' title='bbox 2381 5077 2686 5133; x_wconf 84' lang='lat' dir='ltr'><strong>rationibus</strong></span> <span class='ocrx_word' id='word_1_1001' title='bbox 2716 5086 2772 5133; x_wconf 90' lang='lat' dir='ltr'><strong>et</strong></span> <span class='ocrx_word' id='word_1_1002' title='bbox 2808 5077 3230 5134; x_wconf 87' lang='lat' dir='ltr'><strong>auctoritatibus</strong></span> <span class='ocrx_word' id='word_1_1003' title='bbox 3276 5077 3510 5148; x_wconf 82' lang='lat' dir='ltr'><strong>nitatur;</strong></span> <span class='ocrx_word' id='word_1_1004' title='bbox 3551 5085 3616 5131; x_wconf 91' lang='lat' dir='ltr'><strong>ut</strong></span> 
     </span>
    </p>
   </div>
   <div class='ocr_carea' id='block_1_135' title="bbox 2021 5146 3613 5220">
    <p class='ocr_par' dir='ltr' id='par_1_135' title="bbox 2021 5146 3613 5220">
     <span class='ocr_line' id='line_1_137' title="bbox 2021 5146 3613 5220; baseline 0.001 -20"><span class='ocrx_word' id='word_1_1005' title='bbox 2021 5146 2269 5220; x_wconf 80' lang='lat' dir='ltr'><strong>videlicet</strong></span> <span class='ocrx_word' id='word_1_1006' title='bbox 2290 5147 2501 5220; x_wconf 80' lang='lat' dir='ltr'><strong>dicatur</strong></span> <span class='ocrx_word' id='word_1_1007' title='bbox 2528 5150 2721 5220; x_wconf 89' lang='lat' dir='ltr'><strong>Petrus</strong></span> <span class='ocrx_word' id='word_1_1008' title='bbox 2744 5164 2959 5220; x_wconf 74' lang='lat' dir='ltr'><strong>poenam</strong></span> <span class='ocrx_word' id='word_1_1009' title='bbox 2987 5148 3181 5204; x_wconf 88' lang='lat' dir='ltr'><strong>mortis</strong></span> <span class='ocrx_word' id='word_1_1010' title='bbox 3207 5147 3468 5203; x_wconf 84' lang='lat' dir='ltr'><strong>iutlixisse</strong></span> <span class='ocrx_word' id='word_1_1011' title='bbox 3486 5188 3500 5211; x_wconf 94' lang='lat'><strong>,</strong></span> <span class='ocrx_word' id='word_1_1012' title='bbox 3516 5148 3613 5220; x_wconf 86' lang='lat' dir='ltr'><strong>_vel</strong></span> 
     </span>
    </p>
   </div>
   <div class='ocr_carea' id='block_1_136' title="bbox 2023 5216 3614 5291">
    <p class='ocr_par' dir='ltr' id='par_1_136' title="bbox 2023 5216 3614 5291">
     <span class='ocr_line' id='line_1_138' title="bbox 2023 5216 3614 5291; baseline 0.002 -21"><span class='ocrx_word' id='word_1_1013' title='bbox 2023 5216 2244 5288; x_wconf 85' lang='lat' dir='ltr'><strong>physice</strong></span> <span class='ocrx_word' id='word_1_1014' title='bbox 2270 5227 2325 5274; x_wconf 92' lang='lat' dir='ltr'><strong>et</strong></span> <span class='ocrx_word' id='word_1_1015' title='bbox 2353 5218 2648 5291; x_wconf 79' lang='lat' dir='ltr'><strong>efﬁcaciter</strong></span> <span class='ocrx_word' id='word_1_1016' title='bbox 2671 5216 2770 5291; x_wconf 78' lang='lat' dir='ltr'><strong>pre</strong></span> <span class='ocrx_word' id='word_1_1017' title='bbox 2811 5235 2910 5275; x_wconf 91' lang='lat' dir='ltr'><strong>suo</strong></span> <span class='ocrx_word' id='word_1_1018' title='bbox 2934 5220 3261 5291; x_wconf 84' lang='lat' dir='ltr'><strong>apostolico,</strong></span> <span class='ocrx_word' id='word_1_1019' title='bbox 3286 5234 3382 5275; x_wconf 89' lang='lat' dir='ltr'><strong>seu</strong></span> <span class='ocrx_word' id='word_1_1020' title='bbox 3423 5217 3614 5286; x_wconf 88' lang='lat' dir='ltr'><strong>verbo,</strong></span> 
     </span>
    </p>
   </div>
   <div class='ocr_carea' id='block_1_137' title="bbox 2021 5289 3616 5362">
    <p class='ocr_par' dir='ltr' id='par_1_137' title="bbox 2021 5289 3616 5362">
     <span class='ocr_line' id='line_1_139' title="bbox 2021 5289 3616 5362; baseline 0.001 -20"><span class='ocrx_word' id='word_1_1021' title='bbox 2021 5296 2300 5362; x_wconf 79' lang='lat' dir='ltr'><strong>tamquam</strong></span> <span class='ocrx_word' id='word_1_1022' title='bbox 2332 5289 2508 5359; x_wconf 82' lang='lat' dir='ltr'><strong>gladio</strong></span> <span class='ocrx_word' id='word_1_1023' title='bbox 2544 5289 2781 5362; x_wconf 88' lang='lat' dir='ltr'><strong>quodam</strong></span> <span class='ocrx_word' id='word_1_1024' title='bbox 2812 5289 3079 5362; x_wconf 82' lang='lat' dir='ltr'><strong>spirituali</strong></span> <span class='ocrx_word' id='word_1_1025' title='bbox 3098 5332 3114 5358; x_wconf 90' lang='lat'><strong>,</strong></span> <span class='ocrx_word' id='word_1_1026' title='bbox 3134 5306 3230 5347; x_wconf 87' lang='lat' dir='ltr'><strong>seu</strong></span> <span class='ocrx_word' id='word_1_1027' title='bbox 3251 5291 3616 5362; x_wconf 79' lang='lat' dir='ltr'><strong>instrumento</strong></span> 
     </span>
    </p>
   </div>
   <div class='ocr_carea' id='block_1_138' title="bbox 2023 5358 3617 5429">
    <p class='ocr_par' dir='ltr' id='par_1_138' title="bbox 2023 5358 3617 5429">
     <span class='ocr_line' id='line_1_140' title="bbox 2023 5358 3617 5429; baseline 0.001 -16"><span class='ocrx_word' id='word_1_1028' title='bbox 2023 5358 2250 5429; x_wconf 83' lang='lat' dir='ltr'><strong>ellicaci,</strong></span> <span class='ocrx_word' id='word_1_1029' title='bbox 2293 5375 2402 5429; x_wconf 92' lang='lat' dir='ltr'><strong>quo</strong></span> <span class='ocrx_word' id='word_1_1030' title='bbox 2428 5369 2487 5416; x_wconf 90' lang='lat' dir='ltr'><strong>ut</strong></span> <span class='ocrx_word' id='word_1_1031' title='bbox 2515 5358 2613 5416; x_wconf 80' lang='lat' dir='ltr'><strong>Dei</strong></span> <span class='ocrx_word' id='word_1_1032' title='bbox 2635 5358 2883 5417; x_wconf 78' lang='lat' dir='ltr'><strong>minister</strong></span> <span class='ocrx_word' id='word_1_1033' title='bbox 2898 5361 3173 5427; x_wconf 88' lang='lat' dir='ltr'><strong>utebatur,</strong></span> <span class='ocrx_word' id='word_1_1034' title='bbox 3194 5368 3256 5415; x_wconf 91' lang='lat' dir='ltr'><strong>ut</strong></span> <span class='ocrx_word' id='word_1_1035' title='bbox 3272 5359 3334 5415; x_wconf 84' lang='lat' dir='ltr'><strong>ﬁt</strong></span> <span class='ocrx_word' id='word_1_1036' title='bbox 3358 5361 3415 5416; x_wconf 88' lang='lat' dir='ltr'><strong>in</strong></span> <span class='ocrx_word' id='word_1_1037' title='bbox 3434 5361 3617 5417; x_wconf 87' lang='lat' dir='ltr'><strong>Sacra-</strong></span> 
     </span>
    </p>
   </div>
   <div class='ocr_carea' id='block_1_139' title="bbox 2022 5429 3615 5515">
    <p class='ocr_par' dir='ltr' id='par_1_139' title="bbox 2022 5429 3615 5515">
     <span class='ocr_line' id='line_1_141' title="bbox 2022 5429 3615 5515; baseline 0.002 -32"><span class='ocrx_word' id='word_1_1038' title='bbox 2022 5429 2228 5515; x_wconf 32' lang='lat' dir='ltr'><strong>mentis‘</strong></span> <span class='ocrx_word' id='word_1_1039' title='bbox 2266 5431 2554 5514; x_wconf 69' lang='lat' dir='ltr'><strong>Ecclesiae;</strong></span> <span class='ocrx_word' id='word_1_1040' title='bbox 2600 5434 2680 5515; x_wconf 77' lang='lat' dir='ltr'><strong>vel</strong></span> <span class='ocrx_word' id='word_1_1041' title='bbox 2714 5432 3010 5515; x_wconf 74' lang='lat' dir='ltr'><strong>improprie</strong></span> <span class='ocrx_word' id='word_1_1042' title='bbox 3045 5441 3098 5487; x_wconf 88' lang='lat' dir='ltr'><strong>et</strong></span> <span class='ocrx_word' id='word_1_1043' title='bbox 3123 5432 3417 5515; x_wconf 30' lang='lat' dir='ltr'><strong>-mpra‘lite&#39;r</strong></span> <span class='ocrx_word' id='word_1_1044' title='bbox 3456 5431 3615 5486; x_wconf 87' lang='lat' dir='ltr'><strong>dum-</strong></span> 
     </span>
    </p>
   </div>
   <div class='ocr_carea' id='block_1_140' title="bbox 2018 5502 3618 5575">
    <p class='ocr_par' dir='ltr' id='par_1_140' title="bbox 2018 5502 3618 5575">
     <span class='ocr_line' id='line_1_142' title="bbox 2018 5502 3618 5575; baseline 0.001 -21"><span class='ocrx_word' id='word_1_1045' title='bbox 2018 5506 2198 5575; x_wconf 79' lang='lat' dir='ltr'><strong>taxat,</strong></span> <span class='ocrx_word' id='word_1_1046' title='bbox 2214 5502 2477 5575; x_wconf 86' lang='lat' dir='ltr'><strong>tu_r_n_quia</strong></span> <span class='ocrx_word' id='word_1_1047' title='bbox 2503 5502 2816 5575; x_wconf 83' lang='lat' dir='ltr'><strong>prophetico</strong></span> <span class='ocrx_word' id='word_1_1048' title='bbox 2835 5502 3049 5575; x_wconf 84' lang='lat' dir='ltr'><strong>spiritu,</strong></span> <span class='ocrx_word' id='word_1_1049' title='bbox 3081 5510 3143 5559; x_wconf 91' lang='lat' dir='ltr'><strong>ut</strong></span> <span class='ocrx_word' id='word_1_1050' title='bbox 3159 5502 3237 5558; x_wconf 91' lang='lat' dir='ltr'><strong>ait</strong></span> <span class='ocrx_word' id='word_1_1051' title='bbox 3261 5506 3326 5560; x_wconf 92' lang='lat' dir='ltr'><strong>D.</strong></span> <span class='ocrx_word' id='word_1_1052' title='bbox 3356 5503 3618 5575; x_wconf 83' lang='lat' dir='ltr'><strong>Hierony-</strong></span> 
     </span>
    </p>
   </div>
   <div class='ocr_carea' id='block_1_141' title="bbox 2020 5570 3615 5647">
    <p class='ocr_par' dir='ltr' id='par_1_141' title="bbox 2020 5570 3615 5647">
     <span class='ocr_line' id='line_1_143' title="bbox 2020 5570 3615 5647; baseline 0.001 -22"><span class='ocrx_word' id='word_1_1053' title='bbox 2020 5586 2159 5647; x_wconf 86' lang='lat' dir='ltr'><strong>mus,</strong></span> <span class='ocrx_word' id='word_1_1054' title='bbox 2180 5570 2447 5647; x_wconf 85' lang='lat' dir='ltr'><strong>judicium</strong></span> <span class='ocrx_word' id='word_1_1055' title='bbox 2464 5570 2566 5647; x_wconf 81' lang='lat' dir='ltr'><strong>Dei</strong></span> <span class='ocrx_word' id='word_1_1056' title='bbox 2592 5570 2717 5629; x_wconf 86' lang='lat' dir='ltr'><strong>mox</strong></span> <span class='ocrx_word' id='word_1_1057' title='bbox 2736 5570 3051 5647; x_wconf 73' lang='lat' dir='ltr'><strong>secuturum</strong></span> <span class='ocrx_word' id='word_1_1058' title='bbox 3074 5573 3471 5647; x_wconf 77' lang='lat' dir='ltr'><strong>pronuntiavit;</strong></span> <span class='ocrx_word' id='word_1_1059' title='bbox 3494 5570 3615 5628; x_wconf 85' lang='lat' dir='ltr'><strong>tuin</strong></span> 
     </span>
    </p>
   </div>
   <div class='ocr_carea' id='block_1_142' title="bbox 2018 5642 3617 5716">
    <p class='ocr_par' dir='ltr' id='par_1_142' title="bbox 2018 5642 3617 5716">
     <span class='ocr_line' id='line_1_144' title="bbox 2018 5642 3617 5716; baseline -0.001 -18"><span class='ocrx_word' id='word_1_1060' title='bbox 2018 5642 2337 5716; x_wconf 41' lang='lat' dir='ltr'><strong>quiauDeus</strong></span> <span class='ocrx_word' id='word_1_1061' title='bbox 2377 5646 2521 5700; x_wconf 88' lang='lat' dir='ltr'><strong>Petri</strong></span> <span class='ocrx_word' id='word_1_1062' title='bbox 2568 5645 2852 5702; x_wconf 68' lang='lat' dir='ltr'><strong>sententiae</strong></span> <span class='ocrx_word' id='word_1_1063' title='bbox 2890 5642 3166 5713; x_wconf 76' lang='lat' dir='ltr'><strong>annuens,</strong></span> <span class='ocrx_word' id='word_1_1064' title='bbox 3208 5660 3345 5716; x_wconf 90' lang='lat' dir='ltr'><strong>quos</strong></span> <span class='ocrx_word' id='word_1_1065' title='bbox 3376 5643 3461 5699; x_wconf 89' lang='lat' dir='ltr'><strong>ille</strong></span> <span class='ocrx_word' id='word_1_1066' title='bbox 3489 5659 3617 5716; x_wconf 87' lang='lat' dir='ltr'><strong>reos</strong></span> 
     </span>
    </p>
   </div>
   <div class='ocr_carea' id='block_1_143' title="bbox 2018 5713 3613 5789">
    <p class='ocr_par' dir='ltr' id='par_1_143' title="bbox 2018 5713 3613 5789">
     <span class='ocr_line' id='line_1_145' title="bbox 2018 5713 3613 5789; baseline 0.001 -20"><span class='ocrx_word' id='word_1_1067' title='bbox 2018 5729 2082 5769; x_wconf 88' lang='lat' dir='ltr'><strong>ex</strong></span> <span class='ocrx_word' id='word_1_1068' title='bbox 2126 5713 2306 5772; x_wconf 90' lang='lat' dir='ltr'><strong>divina</strong></span> <span class='ocrx_word' id='word_1_1069' title='bbox 2359 5717 2688 5773; x_wconf 85' lang='lat' dir='ltr'><strong>revelatione</strong></span> <span class='ocrx_word' id='word_1_1070' title='bbox 2725 5717 3037 5789; x_wconf 81' lang='lat' dir='ltr'><strong>redarguit,</strong></span> <span class='ocrx_word' id='word_1_1071' title='bbox 3088 5713 3274 5775; x_wconf 83' lang='lat' dir='ltr'><strong>statim</strong></span> <span class='ocrx_word' id='word_1_1072' title='bbox 3333 5715 3613 5787; x_wconf 88' lang='lat' dir='ltr'><strong>repentina</strong></span> 
     </span>
    </p>
   </div>
  </div>
