3996 6198
314 230 413 283 317

811 227 899 286 DE
936 223 1412 288 C(ENOBIORUM
1451 229 1694 289 msm.
1736 231 1864 291 LIB.
1904 231 2021 287 vn.
2060 259 2133 279 .-
2168 231 2257 289 DE
2293 182 3112 289 SPIRITU‘PH'ILARGYRIJE.

3511 238 3616 293 3l8

314 349 545 409 fecimus
568 349 898 425 mentionem
919 393 937 423 ,
976 352 1103 431 quia
1146 352 1251 411 sibi
1294 354 1572 429 quippiam
1599 355 1667 417 de
1707 372 1804 427 sua
1834 356 1904 413 fa-
1929 360 1983 426 Α
2011 370 2199 411 coram
2233 354 2554 413 hominibus
2587 333 2955 427 praeferentes,
2993 353 3198 413 affectu
3227 359 3619 433 concupiscen-

314 446 517 506 cultate
543 456 904 533 servaverant,
930 456 1110 507 morte
1139 449 1419 507 mulctavit
1450 472 1474 533 ,:_
1509 460 1570 509 ut
1597 452 1901 521 interitum,

310 555 479 612 quem
501 539 586 599 ille
610 530 754 623 ultro
784 541 1016 616 sibi’pro
1054 550 1206 601 reatu
1240 530 1547 603 Dominicis
1580 544 1903 619 proditionis

310 630 600 705 intulerat,
649 633 707 692 bi
758 652 861 710 pro
908 637 1205 695 mendacior
1242 638 1553 711 cupiditatis
1598 640 1906 714 exciperent

311 727 510 799 (Actor.
543 732 627 796 ν).
676 731 892 802 Quanta
936 731 990 787 in
1016 730 1122 788 hoc
1150 747 1368 804 quoque
1394 731 1658 791 facinoris
1694 751 1757 791 ac
1786 751 1905 809 sup

309 823 450 899 plicii
474 824 778 883 similitudo
806 826 1112 884 concurrit!
1144 827 1226 884 Ibi
1254 844 1495 901 namque
1523 829 1902 904 philargyriam

308 916 572 991 proditio,
606 918 696 976 hic
723 918 928 977 falsitas
957 916 1251 979 subsecuta
1281 930 1383 980 est.
1429 921 1509 978 Ibi
1547 923 1743 979 veritas
1783 939 1907 995 pro-

305 1011 470 1079 ditur.
496 1013 587 1071 hic
620 1015 888 1091 mendacii
929 1016 1139 1074 crimen
1180 1015 1505 1076 admittitur.
1559 1018 1713 1074 Licet
1754 1018 1902 1074 enim

304 1108 482 1179 operis
515 1123 710 1166 eorum
754 1109 1032 1167 dissimilis
1078 1109 1321 1167 videatur
1355 1108 1609 1178 effectus,
1642 1126 1782 1166 unus
1831 1118 1902 1166 ta-

304 1215 451 1258 men.
475 1200 598 1258 ﬁnis
643 1202 702 1258 in
740 1210 976 1277 utroque
999 1200 1312 1259 'concurrit;
1338 1201 1451 1258 .Ille
1491 1216 1727 1285 namque
1763 1201 1902 1259 retu-

305 1293 463 1366 giens
486 1302 894 1366 paupertatem,
923 1307 1199 1351 rammers
1217 1332 1234 1360 ,
1283 1293 1708 1367 quarabjecerat
1728 1336 1743 1364 ,
1780 1310 1902 1351 con-

301 1387 512 1459 cupivit
527 1386 553 1456 ς’
580 1386 634 1445 hi
675 1403 745 1445 ne
770 1387 965 1445 ﬂerent
988 1403 1286 1461 pauperes,
1322 1388 1399 1445 de
1424 1388 1751 1446 substantia
1777 1404 1899 1455 sua,

301 1494 472 1551 quam
507 1488 603 1536 aut
631 1480 888 1552 apostolis
928 1479 1131 1537 offerre
1168 1471 1418 1550 ﬁdeliter,
1469 1489 1568 1537 aut
1606 1488 1780 1538 totam
1827 1481 1900 1538 di-

301 1585 555 1643 spergere
579 1571 842 1629 fratribus
865 1572 1196 1642 debuerant,
1238 1572 1499 1657 quiddam
1529 1574 1765 1631 retinere
1789 1581 1903 1630 ten-

302 1667 573 1716 taverunt.
619 1663 687 1717 Et
709 1661 830 1719 ideo
863 1662 1150 1736 utrobique
1177 1664 1423 1736 sequitur
1466 1664 1661 1721 mortis
1683 1664 1901 1721 damna-

2014 449 2107 507 tiae
2129 465 2315 507 coram
2342 452 2461 511 Deo
2486 449 2683 508 divites
2710 450 3177 523 comprobantur?

2567 554 2807 611 CAPUT
2844 555 3093 628 xxvr,

2016 650 2165 717 Quod
2198 651 2550 721 philargyria
2589 650 2795 720 lepram
2835 651 3029 704 anima:
3064 649 3269 716 inferat
3295 649 3611 719 spiritalem.

2085 745 2188 813 Qui
2230 746 2537 803 secundum
2578 744 2998 811 similitudinem
3042 745 3195 800 Giezi
3225 747 3344 811 (lV'
3374 748 3499 815 Reg.
3546 750 3616 813 γ)

2013 846 2038 873 ⁸
2063 839 2260 910 spiritu
2287 854 2352 894 ac
2376 847 2558 895 mente
2584 839 2784 911 leprosi
2809 848 2928 895 esse
2955 847 3278 902 noscuntur,
3307 839 3396 910 qui
3424 839 3617 896 mundi

2015 930 2175 1003 hujus
2206 932 2438 989 caducas
2465 934 2724 1005 pecunias
2766 933 3159 1003 concupiscens
3199 933 3498 989 immundae
3540 933 3643 990 le--

2014 1042 2127 1098 pra:
2162 1026 2485 1100 contagione
2524 1042 2802 1098 respersus
2828 1034 2932 1083 est.
2964 1028 3070 1082 Per
3097 1040 3265 1099 quam
3301 1024 3462 1083 nobis
3504 1028 3615 1083 cvi-

2014 1117 2151 1175 dens
2168 1121 2386 1193 reliquit
2406 1120 2747 1191 exemplum,
2778 1136 3003 1199 omnem
3024 1121 3267 1176 animam
3305 1119 3617 1190 cupiditatis

2011 1213 2131 1270 labe
2159 1214 2425 1285 pollutam
2459 1213 2685 1285 spiritali
2727 1214 2987 1270 vitiorum
3019 1214 3165 1285 lepra
3196 1214 3465 1285 respergi,
3504 1214 3617 1277 im-

2010 1305 2569 1379 mundamqueapud
2608 1307 2918 1363 Dominum
2962 1307 3185 1379 perenni
3236 1305 3617 1364 maledictione

2010 1401 2269 1473 reputari.

2532 1495 2791 1569 CAPUT
2828 1494 3067 1550 xxvu.

2012 1591 2327 1644 Testimonia
2347 1588 2412 1643 de
2432 1590 2729 1658 Scripturis
2748 1629 2763 1649 ,
2791 1588 2987 1655 quibus
3002 1588 3376 1657 perfectionem
3401 1587 3615 1641 deside-

2039 1676 2167 1715 rans
2183 1661 2430 1715 edocetur
2440 1676 2547 1713 non
2566 1674 2831 1713 resumere
2842 1674 2960 1727 qua:
2980 1660 3295 1712 renuntians
3319 1659 3610 1713 abdicavit.

301 1753 381 1809 tio
399 1794 416 1820 ,
440 1752 565 1825 quia
586 1760 890 1826 utrumque
919 1756 1219 1814 crimen'de
1248 1754 1603 1830 philargyriail
1627 1757 1901 1815 radicibus
1931 1774 1980 1836 Β
2079 1761 2252 1833 Igitur
2289 1760 2335 1816 si
2373 1759 2722 1831 perfectionis
2763 1757 3032 1815 desiderio
3078 1758 3364 1813 dimittens
3391 1758 3574 1813 omnia
3597 1798 3612 1826 ,

302 1840 601 1918 pullulavit.
637 1847 829 1920 Itaque
862 1847 999 1929 siin
1039 1864 1135 1905 eos
1178 1849 1270 1925 qui
1308 1865 1420 1905 non
1462 1849 1663 1906 alienas
1710 1865 1901 1906 concu-

2007 1862 2226 1911 secutus
2236 1868 2295 1910 es
2307 1852 2589 1911 Christum
2604 1852 2874 1907 dicentem
2889 1850 2990 1906 tibi
3013 1851 3231 1916 (Matth.
3246 1852 3377 1920 xxx)
3404 1867 3417 1904 :
3448 1850 3615 1919 Vade,

303 1937 519 2010 piewnt
564 1937 928 2008 subStantias,
971 1940 1067 1997 sed
1116 1941 1348 2014 propriis
1391 1958 1610 2014 parcere
1670 1947 1901 2000 tentave-
2008 1946 2180 2004 vende
2204 1947 2390 2003 omnia
2424 1961 2546 2017 qua:
2583 1943 2773 2012 babes,
2801 1950 2856 1998 et
2892 1943 2959 1998 da
2992 1942 3339 2014 pauperibus,
3369 1951 3424 1999 et
3447 1943 3612 1998 habe-

301 2040 450 2097 runt,
476 2046 577 2088 nec
614 2031 856 2089 habuere
888 2032 1221 2091 desiderium
1246 2034 1589 2107 acquirendi,
1614 2035 1713 2093 sed
1734 2051 1901 2093 reser—

260 2150 263 2153 -
300 2124 460 2183 vandi
485 2125 869 2185 tantummodo
895 2127 1253 2196 voluntatem,
1276 2130 1540 2201 processit
1566 2138 1681 2186 tam
1714 2144 1902 2185 severa

2009 2039 2093 2095 bis
2120 2038 2445 2096 thesaurum
2488 2038 2544 2093 in
2578 2038 2719 2092 caelo
2740 2078 2755 2104 ,
2791 2045 2845 2092 et
2875 2035 3028 2103 veni,
3065 2050 3295 2106 sequere
3326 2051 3451 2104 me;
3482 2035 3613 2106 quid

2010 2133 2175 2189 missa
2204 2147 2371 2204 super
2391 2139 2637 2189 aratrum
2666 2144 2834 2184 manu
2853 2128 3083 2200 respicis
3101 2135 3267 2194 retro,
3292 2135 3355 2182 ut
3371 2127 3615 2200 ejusdem

299 2220 570 2277 sententia
615 2239 628 2276 :
676 2219 810 2294 quid
850 2221 1191 2307 censendum
1226 2221 1297 2277 de
1342 2221 1426 2279 bis
1462 2223 1553 2295 qui
1595 2238 1899 2295 numquam
2007 2226 2229 2283 Domini
2261 2242 2391 2283 voce
2418 2226 2587 2298 (Luca:
2613 2240 2677 2280 rx
2706 2229 2757 2280 et
2785 2221 3337 2294 xv1t),pronuntieris
3360 2237 3470 2277 non
3499 2236 3616 2277 esse

302 2326 578 2387 possessas
604 2314 859 2391 pecunias
885 2302 1489 2390 cupiunt'congregarc,
1521 2325 1575 2374 et
1596 2316 1899 2374 nuditatem
2006 2329 2166 2393 aptus
2211 2335 2378 2393 regno
2430 2308 2773 2376 malorum?!)
2823 2316 2996 2388 super
3045 2322 3251 2371 tectum
3305 2314 3614 2387 Evangelici

1393 2432 1643 2489 ALARDI
1681 2434 1907 2489 GAZAZI
1946 2432 2508 2489 COMMENTARIUS.

300 2537 490 2606 morte
511 2530 740 2606 punivit.
768 2531 1046 2606 Caeterum
1086 2547 1154 2589 an
1184 2531 1287 2593 ista
1322 2548 1479 2606 mors
1510 2533 1755 2606 corporis
1793 2542 1907 2589 tan-

300 2611 420 2686 tum
467 2598 633 2660 fuerit
658 2610 715 2659 et
758 2601 1124 2686 temporalis,
1147 2619 1383 2686 angvero
1413 2605 1579 2686 etiam
1608 2598 1818 2686 anima:
1854 2613 1909 2660 et

298 2681 523 2745 aeterna,
550 2689 677 2745 non
722 2682 841 2745 una
876 2674 1064 2733 itidem
1096 2674 1483 2731 fuitfveterum
1530 2679 1909 2739 Patrumsen-

295 2743 483 2827 tentia.
522 2742 685 2817 ρυοά
726 2744 877 2827 enim
900 2746 1443 2827 sempiternam-grta
1479 2744 1727 2827 mulctati
1764 2746 1907 2827 sint,

298 2812 593 2893 gassiamis
623 2830 737 2893 prro
758 2831 817 2875 se
848 2812 956 2872 fert
971 2812 1071 2893 his
1095 2816 1274 2893 verbis
1309 2818 1626 2893 (Collatus
1659 2833 1787 2893 cap.
1813 2814 1865 2887 7)
1892 2812 1906 2879 ξ

295 2888 495 2942 Beatus
528 2886 800 2962 apOstolu‘s
828 2886 1118 2962 prtedictos
1146 2889 1272 2942 nari
1308 2889 1569 2962 facinoris
1603 2886 1907 2962 principes,

293 2973 404 3012 non
408 2960 750 3028 paenitentia,
771 2968 877 3012 non
892 2958 1006 3012 ulla
1018 2974 1210 3029 passus
1224 2962 1302 3013 est
1316 2961 1687 3027 satisfactione
1706 2958 1908 3021 curari,

293 3029 395 3082 sed
402 3030 746 3106 perniciosiss
754 3031 919 3106 imum
938 3046 1151 3106 germen
1163 3031 1323 3106 celeri
1328 3036 1491 3106 morte
1767 3029 1909 3086 Alibi

293 3106 492 3154 tamen
516 3099 727 3172 (Collat'.
748 3103 786 3172 β
798 3115 849 3154 c.
867 3104 888 3154 1
904 3098 963 3165 1)"
968 3100 1122 3156 aliter
1134 3100 1335 3172 sentire
1356 3109 1408 3155 et
1425 3100 1575 3172 loqui
1597 3098 1830 3172 videtur,
1853 3109 1914 3155 ut

294 3169 662 3240 postmodum
677 3167 996 3240 referemus.
1013 3174 1086 3226 D.
1108 3171 1347 3226 Basilius
1366 3179 1421 3226 et
1433 3167 1581 3227 Beda
1592 3171 1648 3225 in
1662 3170 1912 3227 eamdem

295 3238 635 3311 sententiam
648 3238 932 3311 inclinant,
946 3249 1007 3295 ut
1025 3241 1377 3310 putenteosiu
1392 3249 1657 3297 aeternum
1672 3242 1911 3311 periisse.

298 3307 500 3380 Basilii
512 3307 672 3364 verba
682 3307 964 3367 sunthaec:
980 3307 1121 3378 Quid
1130 3328 1252 3365 vero
1262 3312 1536 3367 Ananias?
1544 3307 1808 3380 numquid
1831 3313 1918 3372 ille

298 3379 474 3433 aliud
486 3380 674 3453 fecisse
696 3381 1014 3453 maleﬁcium
1028 3384 1314 3453 reperitur,
1334 3386 1530 3451 praeter
1545 3383 1605 3437 id
1624 3379 1922 3451 unum'pro-

295 3453 434 3520 pter
448 3450 599 3519 quod
611 3451 792 3524 acerbe
804 3452 933 3506 adeo
949 3450 1237 3524 mulctatus
1253 3456 1368 3508 est?
1389 3454 1493 3508 Ubi
1505 3455 1675 3522 igitur
1694 3450 1921 3524 apparet

299 3534 526 3593 gravem
561 3521 691 3577 adeo
725 3538 939 3593 pcenam
966 3525 1143 3593 fuisse
1177 3522 1329 3583 illum
1355 3521 1923 3580 contineritumVProe-

299 3591 461 3647 dium
484 3608 643 3667 suum
668 3591 1011 3667 vendiderat,
1034 3597 1274 3665 pretium
1298 3596 1577 3660 attulerat,
1607 3596 1769 3667 idque
1793 3601 1918 3651 ante

305 3663 668 3738 apostolorum
679 3666 844 3738 pedes
862 3663 1132 3722 statuerat
1155 3683 1168 3721 :
1196 3671 1437 3722 attamen
1460 3668 1603 3738 quod
1621 3663 1833 3737 partem
1851 3668 1917 3722 de

305 3748 371 3810 eo
395 3735 531 3789 clam
571 3735 838 3795 malitiose
870 3739 1236 3808 compilasset,
1262 3735 1552 3810 propterea
1590 3735 1767 3794 eodem
1799 3741 1916 3808 ipso

303 3809 536 3878 tempore
562 3822 673 3861 una
707 3824 825 3863 cum
863 3825 1030 3864 umore
1071 3812 1240 3864 morte
1278 3809 1532 3877 affieitur,
1571 3826 1676 3865 non
1708 3811 1912 3878 dignus

305 3874 538 3950 habitus
547 3879 645 3946 qui
663 3878 728 3933 de
742 3880 954 3948 agenda
967 3881 1032 3947 ob
1047 3874 1345 3934 admissum
1356 3885 1634 3949 peccatum
1654 3874 1912 3950 pamitcn-

301 3946 389 3999 tia
408 3948 703 4017 quidquam
724 3946 997 4003 inaudiret
1012 3992 1029 4011 ,
1052 3965 1158 4002 non
1183 3951 1282 4016 qui
1306 3946 1478 4017 spatii
1498 3946 1687 4004 saltem
1708 3956 1919 4005 tantum

299 4019 717 4080 nancisceretur,
754 4035 856 4089 per
882 4019 1027 4086 quod
1054 4019 1136 4071 uel
1167 4018 1352 4089 leuiter
1370 4019 1840 4089 animoindoleret
1869 4025 1920 4075 et

299 4085 904 4156 compungereturInon
914 4089 1015 4155 qui
1030 4085 1479 4156 moramldeniqae
1497 4087 1568 4140 ad
1586 4102 1642 4156 se
1663 4088 1923 4143 redeundi

295 4153 838 4236 ulldmimpetraret.
860 4153 997 4236 Haec
1014 4153 1266 4236 Basilius.
1292 4153 1499 4236 Yet-um
1523 4172 1553 4211 e
1570 4154 1920 4236 diversonon

296 4227 512 4307 desunt
532 4225 838 4307 aliigraves
857 4225 1254 4307 apctores,.qu_i
1278 4225 1438 4282 aliter
1464 4226 1736 4307 sentiant,
1766 4232 1921 4307 A_na-

296 4295 478 4370 niam_
504 4293 755 4370 videlicet
792 4304 847 4352 et
878 4293 1271 4370 Saphiram’de
1310 4306 1534 4370 peccato
1562 4313 1668 4355 suo
1710 4298 1768 4354 in
1797 4299 1918 4370 ipso

298 4365 509 4422 mortis
537 4365 768 4442 articulo
786 4365 1134 4442 paenituisse,
1160 4385 1224 4426 ac
1242 4365 1471 4442 proinde
1491 4377 1729 4426 mortem
1751 4365 1918 4427 du'm-

300 4446 458 4513 taxat
470 4435 703 4513 subiisse
713 4435 1069 4513 temporalem
1078 4481 1091 4506 ,
1104 4435 1275 4513 eaque
1287 4442 1533 4513 expiatos
1544 4450 1780 4513 mortem
1792 4457 1918 4498 eva-

301 4508 444 4585 sisse
459 4508 885 4585 sempiternam.
908 4511 1008 4585 rSic
1030 4508 1295 4585 origenes
1319 4508 1390 4567 de
1413 4511 1499 4569 his
1521 4508 1686 4585 agens
1706 4516 1911 4581 (Tract.

302 4524 444 4565 81888
477 4524 885 4633 sempiternam.
919 4524 1008 4567 διο
1030 4524 1295 4583 urigenes
1319 4524 1390 4567 de
1413 4524 1499 4569 ms
1521 4528 1686 4585 agens
1706 4524 1911 4581 (Iract.

302 4586 343 4634 8
367 4582 425 4633 in
451 4581 594 4635 Matt
636 4586 674 4647 .)
704 4599 721 4636 :
748 4583 934 4651 Digni,
961 4581 1155 4655 inquit,
1172 4587 1414 4655 erantin
1437 4585 1529 4640 hoc
1562 4586 1749 4640 saeculo
1773 4587 1912 4640 reci-

300 4664 435 4721 pere
447 4655 724 4720 peccatum
739 4667 914 4715 suum,
937 4657 998 4709 ut
1018 4654 1327 4713 mundiores
1352 4660 1539 4709 careant
1561 4657 1630 4709 ab
1649 4655 1748 4711 hac
1772 4659 1908 4719 vita,

2012 2541 2181 2590 sextio
2206 2548 2325 2604 cap.
2355 2539 2444 2604 tl,
2476 2530 2576 2587 sub
2602 2544 2829 2604 persona
2850 2529 3064 2604 abbatis
3103 2527 3373 2604 Theodori
3412 2547 3424 2583 :
3467 2531 3613 2604 Inre-

2012 2607 2213 2665 nimus,
2252 2602 2452 2674 inquit,
2483 2604 2646 2656 etiam
2682 2617 2782 2671 pro
2813 2603 3095 2655 lwioribus
3126 2602 3299 2669 culpis
3328 2602 3607 2655 nonnullos

2015 2676 2253 2729 eamdem
2274 2676 2467 2728 mortis.
2483 2673 2557 2726 ad
2581 2687 2815 2740 praesens
2843 2673 3107 2740 excepisse
3126 2673 3460 2733 semtentiam,
3498 2688 3605 2739 qua

2015 2688 2253 2729 eamdem
2274 2688 2467 2728 mortis.
2483 2688 2557 2726 aa
2581 2688 2815 2739 praesens
2843 2688 3107 2739 ϐωσθριεεε
3126 2688 3460 2733 sententiam,
3498 2688 3605 2739 qua

2017 2688 2253 2729 eamdem
2274 2688 2467 2728 mortis.
2483 2688 2557 2726 aa
2581 2688 2815 2742 praesens
2843 2688 3107 2740 earceptsse
3126 2688 3460 2733 sententiam,
3498 2688 3605 2739 qua

2017 2750 2146 2800 sunt
2163 2750 2212 2799 et
2227 2745 2316 2798 illi
2326 2745 2514 2815 puniti
2534 2758 2662 2812 quos
2680 2742 3041 2815 praediximus
3053 2743 3609 2815 exstitissesacrilegre

2013 2812 2491 2886 pi‘wcaﬁcationis
2511 2818 2747 2868 auctores
2764 2831 2781 2886 ξ
2802 2816 2864 2886 ut
2884 2813 3094 2886 factum
3111 2817 3186 2866 est
3204 2814 3266 2886 in,
3283 2812 3374 2886 illo
3392 2814 3488 2886 qui
3502 2812 3613 2886 sab-_

2021 2883 2142 2943 bato
2183 2888 2331 2955 ligna
2366 2886 2670 2953 collegerat;
2700 2884 2782 2938 vel
2816 2884 2878 2937 in
2905 2884 3129 2938 Anania
3150 2883 3493 2955 et‘Siaphira,
3520 2883 3615 2949 qui

2015 2974 2217 3028 parum
2226 2952 2371 3027 quid
2392 2952 2527 3011 clam
2547 2956 2613 3009 de
2629 2955 2935 3028 substantia
2959 2969 3064 3028 sua
3081 2952 3423 3028 inﬁdelitatis
3443 2967 3616 3007 errore

2020 3023 2362 3083 servaverant
2379 3046 2395 3093 ;
2415 3043 2520 3082 non
2537 3027 2680 3095 quod
2696 3026 2933 3095 aequalia
2951 3026 3164 3092 fuerint
3176 3023 3416 3093 pondera
3432 3037 3614 3091 pecca-

2022 3104 2214 3161 torum,
2241 3098 2334 3153 sed
2348 3100 2479 3167 quia
2496 3112 2640 3151 novae
2660 3097 3096 3164 transgressionis
3108 3098 3521 3167 praesumptor“
3534 3109 3616 3147 re-

2015 3173 2183 3240 perti,
2196 3165 2738 3238 debueiuntpra'bere
2752 3168 2974 3229 caeteris,
2988 3165 3433 3240 quemadmodum
3440 3180 3613 3240 pecca-

2024 3237 2086 3308 ti,
2108 3243 2191 3295 ita
2210 3242 2369 3295 etiam
2378 3237 2549 3309 parum
2559 3256 2621 3294 ac
2634 3240 2850 3294 terroris
2869 3239 3198 3307 exemplum;
3216 3241 3278 3291 ut
3290 3237 3537 3309 quisquis
3550 3252 3611 3288 ea

2025 3312 2266 3381 deinceps
2280 3308 2532 3380 affectare
2558 3314 2832 3371 tentasset,
2859 3313 3032 3381 nosset
3052 3309 3157 3363 sibi
3174 3308 3460 3381 secundum
3472 3322 3614 3381 eam:

1953 3367 1998 3431 C
2027 3382 2151 3436 dem
2166 3367 2419 3448 formam,
2432 3367 2539 3449 qua
2554 3381 2640 3434 illi
2652 3367 2898 3435 damnati
2910 3383 3053 3441 sunt,
3065 3381 3281 3433 etiamsi
3290 3380 3348 3431 in
3360 3379 3613 3446 praesenti

2025 3453 2352 3523 supplicium
2376 3452 2682 3523 differatur,
2714 3452 2771 3504 in
2797 3451 2983 3523 futuri
2988 3449 3192 3523 judicii
3215 3449 3621 3523 examinatione

2023 3519 2371 3585 reddendum.
2396 3519 2528 3579 Hinc
2547 3521 2640 3576 ibi.
2660 3528 2840 3590 Atque
2864 3520 2981 3590 haec
3001 3519 3218 3590 quidem
3240 3520 3525 3582 sententia,
3554 3526 3614 3573 ut

2064 3593 2532 3672 ietati_ac_d_ivinae
2570 3589 2961 3672 misericordia:
3001 3589 3198 3672 magis.
3223 3597 3611 3672 consentanea,
3722 3616 3738 3630 ι

2071 3667 2261 3722 aronio
2276 3665 2507 3737 aliisque
2528 3662 2883 3737 scriptoribus
2905 3660 3281 3737 ecclesiasticis
3302 3661 3473 3733 magis
3492 3675 3616 3731 pro-

2023 3736 2186 3793 batur
2214 3741 2358 3808 (Bar.
2389 3733 2525 3808 tom.
2549 3737 2595 3808 lg,
2623 3752 2715 3808 an.
2748 3733 3087 3808 Chris_ti_3_4).

2095 3811 2120 3840 ³
2149 3801 2233 3864 De
2262 3809 2409 3883 lepra
2449 3801 2720 3883 spirituali
2740 3805 2938 3877 juverit
2966 3801 3055 3883 hic
3088 3819 3154 3860 ex
3181 3801 3613 3883 Petro‘liercbo:

2024 3878 2109 3935 rio
2150 3874 2401 3950 quaedam
2438 3874 2630 3932 natatu
2667 3874 2831 3950 digna
2871 3875 3142 3950 ascribere
3179 3876 3410 3936 :Sicuti,
3436 3874 3614 3950 inquit

2025 3951 2109 4013 (In
2132 3943 2366 4006 Hiction.
2393 3949 2587 4005 Moral.
2620 3943 2759 4002 verb:
2789 3946 3012 4015 Lepra),
3046 3947 3195 4014 lepra
3224 3943 3518 4015 corporalis
3546 3958 3613 3995 ea:

2025 4021 2250 4074 diversis
2268 4022 2442 4075 causis
2461 4021 2670 4083 oritur;
2691 4020 2765 4072 sic
2778 4013 2931 4086 lepra
2949 4013 3614 4086 spiritualis,’scilicetpec-

2026 4095 2228 4151 catum,
2248 4090 2546 4144 rationibus
2564 4090 2733 4142 variis
2743 4085 3050 4155 generatur.
3067 4087 3255 4141 Oritur
3267 4085 3421 4155 lepra
3437 4098 3616 4155 quan-

2027 4160 2199 4227 doque
2223 4175 2289 4212 ea:
2311 4160 2647 4227 corruptione
2672 4153 2976 4223 sanguinis,
3001 4156 3346 4224 phlegmatis,
3375 4153 3612 4217 cholera,

2027 4229 2402 4282 melancholice.
2426 4232 2494 4283 Et
2517 4227 2803 4281 secundum
2822 4229 2954 4280 istas
2974 4230 3209 4293 quatuor
3231 4237 3417 4278 causas
3429 4238 3618 4293 possu-

2028 4314 2145 4353 mus
2167 4300 2464 4367 intelligere
2483 4301 2720 4368 quatuor
2730 4312 2920 4365 genera
2939 4296 3099 4365 leprte
3116 4295 3445 4368 spiritualis,
3464 4295 3617 4350 scili-

2027 4374 2106 4425 cet
2133 4366 2445 4433 simoniam,
2475 4366 2807 4438 superbiam,
2840 4366 3164 4429 avaritiam,
3193 4366 3614 4423 immunditiam.

2028 4443 2170 4508 Quia
2181 4441 2377 4495 scilicet
2386 4457 2483 4511 per
2501 4441 2707 4509 lepram
2717 4444 2891 4510 potest
2900 4440 3138 4508 intelligi
3145 4440 3336 4493 horror
3353 4441 3612 4511 εὐποπίας,

2024 4517 2201 4567 tumor
2242 4510 2534 4582 superbire,
2566 4512 2729 4567 ardor
2758 4514 3027 4574 avaritia,
3063 4513 3204 4578 fetor
3232 4510 3610 4582 immunditiaz.

2023 4583 2235 4639 Deinde
2257 4580 2376 4655 post
2394 4584 2594 4647 multa,
2624 4582 2690 4639 de
2710 4583 2853 4651 lepra
2879 4582 3143 4655 avaritiae,
3169 4582 3236 4638 de
3258 4597 3362 4653 qua
3388 4580 3479 4655 hic
3500 4582 3617 4655 agi-

2022 4663 2132 4721 tur,
2164 4655 2236 4710 ita
2257 4652 2468 4712 'subdit
2496 4674 2508 4708 :
2550 4657 2722 4711 Tertio
2751 4656 2869 4709 dico
2899 4654 3040 4723 quod
3067 4654 3219 4709 homo
3256 4652 3619 4722 spiritualiter

302 4721 562 4797 ἶπέέηάαίί
575 4724 919 4797 castigatione
933 4724 1207 4797 sibiillata
1220 4740 1321 4794 Ρθν
1342 4730 1561 4797 ηιονιεῖηι
1576 4742 1911 4782 communem.
1939 4727 1991 4789 D
2020 4730 2083 4795 ﬁt
2104 4728 2339 4797 lepra-cus
2348 4742 2449 4796 per
2471 4729 2722 4781 avaritia:
2744 4721 3085 4797 gravitatem.
3110 4725 3262 4781 Sicut
3289 4721 3433 4797 enim
3451 4722 3617 4797 lepro-

305 4790 562 4868 l_dipsum
585 4790 840 4868 etiam_l_)_.
871 4790 1440 4868 Augustinus'sentire
1463 4794 1675 4850 videtur
1697 4798 1915 4868 (Contra

304 4864 726 4937 Ifarmenianum
757 4864 849 4937 lib.
893 4864 1004 4937 ω’,
1049 4867 1301 4937 capt),
1320 4864 1454 4919 dum
1484 4881 1648 4937 agens
1688 4867 1756 4921 de
1804 4868 1911 4922 Co-

301 4933 548 5004 rinthio,
579 4949 742 5004 quem
781 4934 976 4991 Paulus
1018 4933 1252 4990 tradidit
1277 4935 1497 4991 Satanae
1522 4933 1600 4990 'in
1639 4938 1915 4991 interitum

300 5008 487 5077 carnis
519 5003 564 5075 (l
587 5003 706 5061 Cor.
730 5009 824 5072 v),
859 5005 933 5061 ita
952 5006 1194 5077 loquitur
1218 5024 1229 5059 :
1255 5007 1400 5072 Quid
1410 5021 1532 5075 ergo
1557 5007 1751 5074 agebat
1772 5008 1918 5076 Apo-

301 5076 496 5139 stolus,
521 5078 713 5131 nisiut
733 5092 829 5147 per
853 5078 1133 5133 interitum
1160 5078 1340 5131 carnis
1360 5077 1528 5131 saluti
1551 5078 1778 5146 spiritus
1797 5094 1917 5132 con-

302 5148 538 5212 suleret;
566 5152 627 5201 ut
643 5149 753 5202 sive
772 5149 963 5217 aliqua
981 5163 1163 5217 ptena,
1183 5147 1266 5201 vel
1285 5151 1452 5202 morte
1470 5148 1751 5217 corporali,
1776 5150 1917 5202 sicut

302 5220 562 5273 Ananias
588 5223 638 5272 et
655 5234 794 5272 umor
817 5219 933 5287 ejus
962 5222 1087 5272 ante
1105 5217 1266 5289 pedes
1295 5219 1524 5287 apostoli
1545 5217 1695 5274 Petri
1715 5219 1918 5277 cecide-

300 5292 462 5355 runt;
488 5291 602 5343 sire
626 5304 726 5360 per
743 5288 1135 5360 pwriitentiam,
1158 5290 1413 5358 quoniam
1435 5288 1655 5345 Satanae
1682 5289 1916 5343 traditus

302 5363 443 5422 erat,
472 5362 801 5415 interimeret
828 5363 883 5414 in
910 5375 965 5414 se
992 5360 1300 5415 sceleratam
1334 5362 1509 5415 carnis
1546 5361 1915 5429 concupiscen-

302 5433 465 5503 tiam,
480 5439 599 5503 etc.
641 5432 834 5503 Petrus
865 5430 1028 5486 etiam
1073 5430 1322 5487 Damiani
1361 5428 1451 5486 lib.
1492 5429 1559 5486 de
1585 5428 1913 5503 Contemth

301 5500 492 5574 πουιὶ
524 5501 597 5557 ita
615 5502 838 5574 scribit
869 5522 881 5556 :
907 5503 1156 5559 Ananias
1184 5506 1234 5557 et
1260 5504 1494 5574 Saphira
1520 5505 1653 5573 quia
1677 5502 1837 5557 rudes
1863 5507 1915 5557 et

300 5571 379 5625 ad
406 5572 563 5645 ﬁdem
590 5572 663 5645 de
685 5588 815 5628 nouo
850 5575 1148 5645 uenientes,
1180 5578 1231 5629 et
1267 5571 1473 5645 in—ipso
1512 5571 1641 5645 fidei
1669 5575 1913 5629 tirocinio

298 5643 695 5716 quodammodo
714 5644 1028 5715 simpliciter
1036 5643 1403 5716 peccaverunt,
1421 5643 1661 5701 distn’cto
1671 5645 1909 5716 quidem,

297 5713 400 5767 sed
408 5715 511 5788 pio
520 5713 757 5788 judicio,
776 5713 909 5777 sola,
935 5720 995 5769 ut
1019 5713 1304 5788 credimus,
1331 5722 1459 5788 sunt
1482 5713 1715 5788 corporis
1742 5720 1913 5788 morte

295 5786 573 5842 mulctati.
597 5787 659 5840 In
684 5787 940 5842 ea'mdem
960 5787 1289 5843 sententiam
1305 5786 1594 5844 Cassianus
1608 5787 1911 5843 collationis

2021 4791 2111 4852 sus
2141 4791 2219 4852 est
2248 4791 2425 4865 grauis
2457 4802 2507 4851 et
2530 4791 2878 4865 ponderosas,
2900 4801 2951 4848 et
2977 4796 3037 4847 in
3065 4808 3224 4865 carne
3251 4793 3413 4865 sentit
3434 4791 3618 4865 prun}

2023 4873 2138 4922 tum
2158 4871 2207 4921 et
2229 4859 2480 4922 drdorem
2496 4885 2511 4929 ;
2530 4859 2613 4920 sic
2631 4881 2833 4919 avarus
2851 4868 2931 4937 est
2950 4864 3163 4937 gravis,
3178 4864 3229 4937 _et
3247 4859 3322 4911 ad
3341 4863 3551 4937 terrena
3568 4863 3618 4909 et

2022 4937 2341 5006 temporalia
2358 4928 2668 5006 inclinatus,
2693 4939 2745 5006 et
2767 4928 3235 5006 ardoreavaritia:
3258 4928 3503 5006 continue
3518 4928 3616 5006 in-

2022 4998 2349 5074 ﬂammatus.
2380 5005 2527 5060 Unde
2539 4998 2757 5074 proprie
2777 5003 3013 5055 avaritia
3027 5003 3105 5053 est
3119 5000 3270 5067 lepra
3280 4998 3619 5074 qucrdicitur

2023 5070 2382 5145 "elephantina,
2401 5089 2519 5143 qua:
2539 5070 2613 5145 ea;
2628 5070 2844 5145 [iuniore
2863 5086 3040 5145 grosso
3056 5075 3222 5145 terrea
3243 5074 3294 5124 et
3312 5070 3615 5145 melancho-

2026 5142 2125 5200 lico
2144 5142 2448 5213 generatur,
2479 5148 2530 5198 et
2558 5144 2677 5197 ideo
2696 5143 2970 5212 elephanti
2991 5142 3240 5209 animali,
3270 5143 3448 5209 gravi,
3476 5157 3617 5213 pon-

2024 5216 2209 5271 deroso
2231 5219 2283 5294 et
2300 5215 2697 5294 melancholico,
2716 5214 2921 5294 quiscil
2926 5216 3034 5294 teet-
3035 5218 3328 5294 postquam
3346 5214 3614 5294 ceoidem't,

2025 5303 2132 5341 non
2157 5292 2330 5357 potest
2356 5302 2592 5357 surgere,
2620 5289 2980 5355 comparatur.
3012 5288 3143 5341 Hinc
3164 5284 3253 5339 ille
3277 5291 3335 5339 et
3360 5284 3465 5339 alia
3492 5299 3615 5354 qua:

2024 5366 2368 5507 ῗθὲῗηιίἓξξῖἰέ
2395 5426 2583 5507 allu‘sio
2612 5425 2691 5507 ad
2709 5426 2859 5507 illum
2890 5426 3071 5507 locum
3101 5427 3260 5507 Luca:
3287 5439 3421 5507 ξένῃ
3440 5440 3556 5496 cap.
3596 5444 3610 5479 ι

2023 5502 2085 5557 In
2110 5502 2211 5555 illa
2228 5502 2336 5568 die,
2358 5503 2457 5570 qui
2476 5502 2647 5569 fuerit
2669 5501 2728 5553 in
2747 5503 2898 5560 tecto,
2927 5504 2977 5553 et
2995 5514 3125 5553 vasa
3139 5498 3256 5567 ejus
3277 5500 3330 5551 in
3355 5498 3527 5570 domo,
3553 5513 3619 5549 ne

2024 5572 2310 5646 descendat
2345 5568 2525 5646 tollere
2553 5572 2671 5625 illa.
2706 5573 2776 5646 _Et
2804 5572 2979 5646 q_ui_in
3015 5585 3191 5646 agro,
3223 5568 3474 5646 similiter
3507 5582 3616 5646 pou

2020 5644 2207 5698 redeat
2233 5647 2394 5698 retro.
2422 5644 2542 5697 Hoc
2572 5649 2674 5709 est,
2703 5636 2881 5714 inquit
2900 5644 2970 5696 D.
2993 5636 3322 5714 Ambrosius
3341 5636 3475 5714 (Lib.
3503 5640 3536 5687 8
3563 5637 3618 5686 in

2020 5717 2219 5771 Lucam
2234 5713 2272 5782 ),
2294 5715 2497 5787 Siquis
2516 5709 2793 5787 superiora
3027 5726 3140 5764 suae
3163 5709 3618 5787 eminentiumquc

2017 5776 2278 5842 virtutum
2290 5776 2492 5841 culmen
2503 5776 2763 5851 aséendit,
2777 5784 2850 5839 ad
2861 5789 3067 5838 terrena
3080 5776 3271 5833 mundi
3280 5776 3441 5839 hujus
3455 5781 3615 5836 opera
