4048 6200
363 197 466 250 319

1698 184 1977 242 JOANNIS
2013 180 2315 239 CASSIANI

3547 163 3653 220 320

364 316 621 375 culminis
652 316 946 384 stabilitas,
971 313 1101 387 quid
1121 312 1408 372 descendis
1436 305 1628 369 tollere
1664 308 1867 382 aliquid
1891 308 1959 366 de
1985 313 2039 379 Α
2068 304 2405 381 parvissimm
2433 298 2725 375 cujuslibet
2751 288 2908 369 stipis
2929 295 2988 351 in
3008 289 3178 350 corde
3204 281 3658 387 nosti-oresidere

365 411 534 468 domo
563 420 683 479 tua,
715 426 781 466 ex
810 409 896 465 bis
925 380 1172 468 videlicet
1194 423 1324 491 qua:
1360 415 1519 463 antea
1545 380 1960 478 contempsisti?
2065 380 2178 462 non
2228 403 2476 460 sinamus
2528 395 2884 491 igniculum,-
2904 392 3037 491 certi
3090 386 3239 491 quod
3260 484 3263 491 1
3283 380 3656 491 restinguendi

369 505 709 563 Constitutus
739 506 795 560 in
826 520 957 576 agro
985 510 1149 575 atque
1173 500 1491 574 operatione
1514 499 1804 568 virtutum,
1834 497 1959 554 sub-

369 599 569 656 stantia
598 596 821 664 mundi,
849 612 954 668 qua
983 604 1039 651 te
1066 594 1383 651 renuntians
1409 592 1678 665 spoliasti,
1709 591 1843 665 quid
1870 605 1960 648 re-

369 707 593 749 currens
623 692 810 748 niteris
832 689 1114 746 revestiri?
1135 687 1191 744 Si
1218 702 1349 744 vero
1381 694 1697 759 paupertate
1721 700 1962 757 praeven-

372 796 463 844 tus
477 786 614 842 nihil
634 784 781 857 quod
797 784 1108 841 dimitteres
1123 780 1383 849 habuisti,
1395 779 1572 837 multo
1589 780 1771 836 minus
1785 779 1968 852 acqui-

374 896 494 937 rere
518 879 682 935 debes
701 878 849 950 quod
873 886 1037 935 antea
1053 891 1168 932 non
1187 874 1500 949 possedisti.
1528 874 1617 932 Ob
1638 873 1692 931 id
1716 875 1868 931 enim
1890 874 1965 932 ita

378 974 597 1034 Domini
638 972 904 1029 beneﬁcio
943 970 1278 1045 preparatus
1318 984 1409 1035 es,
1456 978 1517 1026 ut
1558 968 1859 1042 expeditior
1897 968 1967 1026 ad

377 1084 506 1124 eum
524 1066 690 1123 nullis
705 1066 1058 1138 pecuniarum
1085 1065 1291 1137 laqueis
1316 1063 1615 1136 impeditus
1634 1077 1964 1121 accurreres.

378 1163 773 1216 Verumtamen
809 1158 989 1214 nullus
1022 1158 1081 1212 in
1101 1156 1207 1213 hoc
1228 1172 1393 1229 egens
1418 1155 1732 1229 frangatur;
1752 1159 1779 1189 ³
1801 1171 1968 1213 nemo

376 1261 463 1309 est
493 1254 671 1321 enim,
710 1251 802 1323 qui
843 1266 956 1307 non
985 1250 1182 1307 habeat
1210 1249 1358 1325 quod
1386 1249 1642 1306 dimittat.
1682 1248 1970 1305 Universis

381 1347 711 1404 renuntiavit
752 1345 1102 1402 facultatibus
1149 1344 1372 1412 mundi,
1414 1342 1656 1418 quisquis
1705 1342 1969 1401 affectum

384 1439 691 1514 possidendi
720 1454 812 1496 eas
833 1439 1094 1496 radicitus
1120 1423 1437 1511 amp'utavit.
1546 1510 1553 1516 ι

880 1535 909 1574 ¹³
927 1543 1170 1599 CAPUT
1205 1542 1478 1599 XXVIII.

458 1640 608 1710 Quod
634 1640 890 1695 adversus
916 1641 1325 1711 philargyriam
1352 1638 1583 1694 victoria
1616 1654 1720 1695 non
1748 1639 1909 1695 aliter

472 1728 475 1731 ·
736 1713 908 1781 possit
934 1712 1047 1766 nisi
1071 1711 1322 1766 nuditate
1348 1711 1612 1781 conquiri.

456 1816 592 1873 Haec
617 1821 701 1872 est
726 1814 894 1888 igitur
924 1813 990 1872 de
1015 1813 1341 1889 philargyria
1364 1811 1608 1888 perfecta
1644 1812 1899 1879 victoria,
1921 1819 1983 1869 ut

2006 1732 2055 1797 B

2068 513 2197 555 eum
2227 511 2339 552 non
2362 492 2690 551 habebimus
2726 487 2955 546 ulterius
2978 483 3315 550 facultatem,
3338 479 3386 536 si
3416 480 3659 551 quantu-
3691 547 3699 555 υ

2069 591 2418 663 lameumque
2440 584 2694 649 scintillae
2719 580 2881 660 hujus
2910 580 2969 641 in
2992 576 3155 638 nobis
3189 571 3479 634 materiam
3505 567 3660 630 fove-

2070 685 2268 743 rimus.

2605 821 2847 879 CAPUT
2889 817 3113 875 XXIX.

2322 969 2385 1023 In
2417 979 2520 1036 quo
2549 962 2841 1018 monastica
2881 957 3103 1016 auditas
3142 956 3418 1013 consistat.

2143 1112 2324 1182 Quam
2360 1107 2618 1165 virtutem
2646 1118 2760 1161 non
2784 1102 2925 1160 alias
2950 1099 3187 1159 retinere
3218 1095 3519 1155 valebimus
3562 1093 3671 1152 ilh-

2074 1205 2285 1272 batam,
2329 1201 2434 1258 nisi
2474 1198 2530 1256 in
2567 1198 2906 1257 monasterio
2936 1194 3340 1262 consistentes;
3368 1189 3674 1251 secundum

2075 1295 2426 1371 Apostolum,
2447 1297 2472 1328 ο
2499 1292 2771 1350 habentes
2794 1291 3005 1350 victum
3029 1297 3089 1347 et
3113 1288 3394 1354 vestitum,
3422 1284 3511 1345 bis
3539 1301 3677 1344 con-

2077 1392 2213 1451 tenti
2243 1388 2510 1451 fuerimus
2536 1388 2613 1456 (II
2804 1385 2912 1457 Vl).

2650 1522 2891 1591 CAPUT
2920 1530 3112 1613 xxx.

2317 1672 2571 1730 Remedia
2593 1675 2779 1728 contra
2796 1671 3039 1727 morbum
3057 1668 3440 1743 philargyria.

2158 1800 2187 1845 ἀ
2211 1812 2634 1872 Damnationem
2657 1827 2787 1889 ergo
2806 1809 3041 1871 Ananiae
3065 1818 3122 1868 et
3142 1807 3385 1886 Saphira.:
3407 1784 3603 1880 (Actor.
3622 1806 3680 1880 γ)

1482 1938 1740 1994 ALARDI
1775 1938 2003 1994 eam
2040 1908 2597 1996 COMMENTARIUS.

386 2069 494 2109 non
517 2053 751 2108 accedat.
792 2054 864 2109 Et
891 2052 1229 2125 Augustinus
1265 2050 1360 2107 lib.
1383 2065 1447 2125 in
1476 2050 1689 2125 Quaest.
1721 2049 1977 2125 Evangel.

391 2128 455 2188 (c.
482 2131 575 2189 41)
604 2144 619 2179 :
660 2126 724 2179 In
760 2128 891 2179 tecto
920 2121 1031 2187 est,
1060 2122 1263 2194 inquit,
1292 2124 1391 2192 qui
1420 2121 1672 2177 excedens
1709 2121 1980 2185 carnalia,

391 2202 666 2265 tamquam
680 2197 737 2249 in
747 2212 884 2249 aura
897 2196 1073 2250 libera
1091 2194 1416 2265 spiritaliter
1425 2195 1580 2257 vivit;
1591 2208 1722 2247 vasa
1737 2194 1797 2248 in
1806 2194 1980 2260 domo,

391 2263 528 2321 sunt
540 2280 721 2321 sensus
743 2266 1002 2331 carnales,
1023 2263 1219 2335 quibus
1239 2263 1313 2319 ad
1338 2265 1769 2331 investigandum
1792 2266 1987 2319 verita-

395 2344 521 2405 tem,
548 2353 668 2407 qua:
691 2338 964 2392 intellectu
977 2339 1210 2407 capitur,
1232 2336 1395 2390 multi
1402 2339 1608 2390 utentes
1616 2336 1832 2407 penitus
1843 2350 1988 2407 erra-

392 2405 812 2466 verun_t.Caveat
839 2424 959 2476 ergo
986 2405 1256 2477 spiritalis
1285 2408 1464 2469 homo,
1500 2421 1568 2460 ne
1604 2408 1662 2458 in
1700 2405 1790 2459 die
1817 2405 1990 2459 tribu-

396 2481 634 2541 lationis,
664 2494 853 2534 rursus
869 2481 984 2533 vita
998 2479 1241 2540 carnali,
1266 2492 1388 2547 qute
1401 2492 1501 2546 per
1529 2491 1712 2531 sensus
1723 2478 1988 2546 pascitur,

398 2552 708 2613 delectatus,
741 2550 816 2605 ad
832 2565 965 2604 vasa
984 2549 1144 2619 hujus
1182 2548 1378 2602 mundi
1397 2547 1705 2619 descendat.

466 2631 493 2656 ι
513 2621 657 2677 Scite
686 2620 741 2676 id
770 2620 1002 2691 esplicat
1022 2617 1093 2675 Ι).
1116 2618 1455 2691 Augustinus
1482 2617 1539 2673 in
1560 2617 1836 2691 psalmum
1853 2630 1991 2684 cm,

398 2691 668 2763 docetque
699 2686 977 2747 neminem
1005 2706 1125 2763 esse
1160 2686 1295 2763 adeo
1336 2686 1631 2763 pauperem
1659 2697 1715 2745 et
1744 2687 1990 2759 inopem,

372 2765 491 2835 —qui
518 2760 635 2835 non
661 2764 833 2818 multa
862 2778 962 2835 pro
995 2761 1223 2835 Christo
1237 2760 1588 2835 dimittatlsi
1618 2767 1994 2835 paupertatem

400 2829 763 2907 evangelicam
782 2829 1163 2907 amplectatur.
1185 2831 1284 2907 Sic
1304 2831 1450 2907 enim
1468 2829 1636 2907 illum
1659 2829 1853 2901 psalmi
1875 2844 1993 2907 ver-_

400 2902 637 2960 Siculum
661 2925 673 2960 :
696 2906 811 2960 Illic
833 2902 1076 2973 passeres
1098 2902 1473 2971 nidiﬁcabunt,
1501 2902 1908 2973 interpretatur,
1932 2904 1997 2954 ut

400 2976 664 3043 ejusmodi
677 2972 939 3043 passeres,
965 2976 1384 3043 utpoteminuta:
1401 2972 1645 3033 aviculae,
1662 2973 1773 3043 sint
1788 2985 1997 3040 paupe-

404 3041 490 3099 res
509 3050 560 3098 et
574 3041 759 3113 parvi,
781 3047 879 3112 qui
895 3041 1170 3099 audientes
1192 3046 1249 3096 in
1265 3043 1554 3113 Evangelia
1574 3041 1788 3111 (Matth.
1820 3043 1956 3113 xix)
1978 3059 1995 3095 :

412 3112 591 3176 Vade,
628 3114 796 3168 vende
833 3116 1013 3168 omnia
1049 3129 1169 3183 quae
1197 3113 1388 3179 habes,
1431 3116 1484 3166 et
1522 3112 1596 3166 da
1634 3112 1995 3183 pauperibus,

406 3190 459 3239 et
483 3187 637 3247 veni,
662 3200 877 3253 sequere
900 3199 1016 3251 me,
1045 3182 1152 3239 toto
1177 3184 1237 3238 id
1260 3186 1441 3238 animo
1467 3185 1728 3253 amplexi,
1758 3182 1998 3238 decreve-

405 3260 539 3309 runt
556 3272 660 3309 non
671 3256 840 3325 jungi
859 3256 1120 3309 umoribus
1133 3297 1149 3317 ,
1181 3270 1287 3309 non
1309 3257 1569 3309 macerari
1589 3271 1722 3309 cura
1740 3254 1996 3323 ﬁliorum,

2089 2050 2320 2106 limusin
2339 2052 2477 2106 hunc
2498 2050 2789 2117 mundum;
2807 2047 2934 2105 Job.
2957 2061 2983 2104 ι
3000 2066 3015 2103 :
3035 2048 3225 2106 Nudus
3241 2043 3690 2116 egressuesumde

2087 2126 2238 2178 utero
2252 2125 2445 2177 matris
2463 2138 2621 2189 mea;
2641 2119 2912 2193 quantum
2924 2118 2994 2177 ad
3004 2119 3196 2187 tinem,

2091 2193 2225 2263 quid
2250 2208 2551 2263 possumus.
2584 2192 2805 2249 Psalmo
2840 2205 3007 2248 Lxxv
3037 2208 3052 2243 :
3451 2201 3689 2263 somnum

2094 2260 2273 2327 suum:
2295 2269 2347 2318 et
2363 2266 2503 2318 nihil
2510 2266 2827 2319 invenerunt
2843 2276 3022 2316 omnes
3036 2262 3148 2315 viri
3166 2261 3494 2316 divitiarum
3511 2260 3569 2312 in
3586 2272 3692 2311 ma-

2096 2335 2259 2389 nibus
2275 2337 2408 2389 suis.
2431 2334 2558 2391 Job.
2583 2348 2762 2391 xxvrr
2782 2352 2794 2388 :
2816 2335 2974 2390 Dives
2993 2347 3111 2387 cum
3132 2332 3434 2394 dormierit,
3454 2329 3594 2384 nihil
3615 2342 3695 2383 se-

2099 2421 2219 2476 cum
2241 2408 2483 2476 auferet;
2504 2407 2709 2476 aperiet
2726 2404 3067 2469 oculosfsuos,
3093 2407 3148 2476 et
3171 2404 3314 2461 nihil
3330 2403 3579 2457 inveniet.

2169 2463 2198 2507 εί
2216 2463 2645 2531 Damnationem
2662 2474 2776 2531 sive
2802 2463 3085 2542 aeternam,
3105 2473 3221 2529 sive
3243 2478 3689 2545 temper-eaeam;

2100 2544 2169 2625 de
2198 2561 2305 2625 qua
2328 2560 2491 2625 supra
2517 2548 2667 2625 (gap.
2694 2546 2802 2615 25).
2839 2545 3025 2625 Solent
3182 2542 3389 2625 Patres,
3419 2542 3696 2625 proposito

2101 2613 2334 2688 Ananiae
2356 2613 2413 2672 et
2429 2613 2677 2688 Sapbifae
2705 2613 2953 2688 exemplo
2975 2623 3029 2672 et
3056 2613 3332 2688 horrendo
3356 2613 3542 2688 exitio,
3569 2627 3699 2668 mo-

2103 2687 2310 2760 nachos
2354 2703 2384 2743 a
2404 2683 2780 2760 .proprietatis
2820 2683 2899 2760 et_
2923 2684 3203 2760 peculatus
3238 2684 3365 2741 vitio
3403 2683 3697 2760 deterrere.

2102 2758 2191 2815 Sic
2235 2761 2306 2815 D.
2344 2753 2578 2815 Basilius
2612 2773 2777 2814 serm.
2808 2764 2833 2813 1
2867 2753 2939 2813 de
2966 2757 3205 2813 Institut.
3245 2753 3646 2811 monachorum
3682 2772 3696 2808 :

2102 2831 2185 2897 Si,
2216 2828 2415 2900 inquit,
2440 2845 2542 2900 per
2564 2832 2817 2884 vitiorum
2841 2830 3256 2890 evacuationem,
3288 2826 3364 2881 ad
3386 2827 3487 2883 Dei
3504 2826 3697 2900 simili-

2106 2896 2346 2955 tudinem
2376 2896 2575 2955 animos
2601 2905 2797 2955 nostra:
2834 2900 3192 2953 characterem
3225 2912 3529 2968 comportare
3553 2896 3702 2953 nobis

2106 2973 2165 3025 in
2187 2973 2364 3026 animo
2392 2975 2489 3039 est,
2520 2976 2570 3025 et
2593 2971 2693 3025 hac
2718 2972 2928 3026 ratione
2954 2971 3334 3039 sempiternam
3355 2970 3506 3024 nobis
3533 2972 3701 3023 vitam

2108 3044 2379 3111 acquirere
2394 3082 2412 3109 ,
2440 3041 2627 3097 danda
2663 3043 2877 3096 omnino
2913 3041 3063 3095 nobis
3100 3040 3284 3096 sedulo
3312 3054 3475 3110 opera
3501 3043 3605 3103 est,
3637 3052 3704 3092 ne

2107 3113 2246 3183 quid
2262 3114 2598 3183 professione
2623 3117 2810 3168 nostra
2836 3111 3125 3180 indignum
3150 3113 3443 3183 faciamus,
3474 3125 3600 3183 neve
3614 3111 3702 3183 _si-

2106 3179 2228 3238 mili
2249 3179 2409 3253 atque
2428 3184 2676 3239 Ananias
2688 3184 2899 3253 judicio
2918 3179 3208 3250 eﬂiciamur
3226 3182 3466 3237 obnoaii.
3489 3179 3703 3236 Licebat

2108 3257 2251 3309 enim
2294 3256 2452 3310 initio
2490 3256 2722 3311 Ananiae
2756 3253 3236 3325 possessiunculam
3271 3268 3429 3308 suam
3452 3255 3563 3325 Deo
3598 3266 3706 3305 non

401 3341 506 3403 non
520 3327 709 3403 habere
715 3329 966 3403 prbprias
985 3327 1154 3393 sedes,
1171 3326 1366 3396 quibus
1376 3326 1793 3403 deligarentur;
1814 3326 1907 3403 sed
1921 3328 2003 3403 ire
2035 3339 2080 3403 α
2103 3326 2347 3403 polliceri
2369 3341 2672 3403 ac_vovere;
2701 3324 2796 3403 sed
2814 3329 3104 3403 postquam
3131 3325 3378 3403 humana:
3407 3324 3589 3403 gloria:
3607 3336 3703 3377 cu-

408 3399 671 3479 in_vitam_
685 3395 975 3479 quamdam
1366 3397 1470 3479 Sed
1492 3398 1878 3479 quid,_inquit,
1912 3397 2003 3451 di-
2041 3395 2080 3403 '
2104 3395 2342 3479 piditate
2358 3397 2634 3479 inductus,
2654 3397 2930 3479 quidquid
2952 3397 3011 3449 in
3030 3395 3445 3479 bonishabebat,

409 3470 675 3522 mismmt
699 3472 798 3523 isti
816 3483 1063 3538 passeres
1077 3473 1105 3523 ?
1122 3469 1326 3524 Minuti
1345 3470 1485 3521 enim
1511 3469 1695 3522 seaculi
1712 3469 1876 3537 hujus
1886 3483 2007 3537 pas—

410 3553 550 3592 seres
573 3540 843 3594 videntur.
867 3540 1009 3606 Quid
1026 3540 1381 3593 dimiserunt?
1404 3538 1548 3605 Quid
1564 3553 1823 3606 magnum
1840 3538 2009 3592 dimi-

388 3613 633 3665 serunt?
660 3611 823 3666 Alius
851 3624 913 3664 se
935 3611 1192 3664 convertit
1222 3628 1238 3663 :
1270 3609 1481 3663 dimisit
1505 3609 1693 3663 cellam
1714 3611 1895 3679 patris
1924 3609 2014 3662 sui
2112 3610 2286 3680 pretio
2325 3613 2503 3662 autem
2533 3609 2728 3663 callide
2766 3613 2955 3678 postea
2993 3611 3165 3663 nescio

384 3683 657 3750 ‘inopem,
688 3683 783 3734 vita
824 3696 991 3734 unum
1032 3681 1221 3734 lectum
1256 3683 1307 3734 et
1347 3694 1516 3750 unam
1544 3694 1743 3735 arcam.
1788 3682 1903 3735 Non
1930 3680 2018 3733 illi
2119 3680 2380 3749 ejusmodi
2406 3680 2685 3734 adversum
2715 3694 2771 3733 se
2797 3681 2821 3732 i:

415 3748 769 3817 insultemus;
789 3766 895 3805 non
915 3752 1161 3806 dicamus
1171 3752 1261 3805 illi
1277 3769 1294 3803 :
1314 3748 1470 3807 Nihil
1488 3750 1768 3817 dimisisti.
1792 3753 1907 3807 Non
1924 3765 2015 3804 su-

412 3823 627 3891 perbiat
639 3864 655 3885 ,
673 3812 769 3891 qui
788 3824 959 3876 multa
980 3822 1208 3877 dimisit.
1227 3825 1413 3877 Petrus
1431 3825 1494 3875 ut
1516 3812 1820 3889 sequeretur
1837 3823 2018 3876 Domi-

415 3909 577 3960 num,
604 3896 845 3947 novimus
864 3893 1010 3963 quod
1026 3895 1271 3963 piscator
1301 3896 1449 3956 erat;
1475 3892 1612 3962 quid
1635 3894 1815 3961 potuit
1833 3892 2017 3946 dimit-

420 3968 570 4019 tere?
596 3965 680 4018 vel
703 3967 881 4032 frater
908 3964 1022 4033 ejus
1051 3965 1337 4025 Andreas,
1358 3964 1443 4017 vel
1460 3964 1565 4032 ﬁlii
1598 3963 1835 4031 Zebedtei
1853 3966 2016 4018 Joan-

415 4050 508 4089 nes
534 4039 586 4089 et
612 4036 836 4090 Jacobus
855 4077 870 4099 ,
911 4038 1073 4089 etiam
1099 4037 1207 4106 ipsi
1228 4037 1553 4105 piscatores;
1584 4038 1636 4088 et
1664 4038 1844 4088 tamen
1883 4033 2018 4103 quid

418 4106 718 4162 diaerunt?
746 4109 873 4162 Ecce
894 4121 988 4160 nos
1014 4107 1321 4162 dimisimus
1349 4106 1548 4168 omnia,
1575 4109 1626 4159 et
1652 4107 1821 4159 secuti
1835 4119 2019 4159 sumus

421 4181 489 4231 te.
524 4179 643 4233 Non
671 4181 723 4231 ei
758 4178 907 4232 diuit
950 4180 1206 4233 Dominus
1253 4195 1265 4231 :
1302 4177 1509 4234 Oblitus
1551 4191 1605 4231 es
1641 4180 2020 4247 paupertatem

421 4251 608 4300 tuam?
642 4249 774 4315 quid
808 4249 1095 4310 dimisisti,
1127 4255 1190 4303 ut
1224 4252 1394 4303 totum
1420 4248 1681 4302 mundum
1710 4249 1975 4317 acciperes
1990 4249 2019 4301 ?

418 4317 648 4368 multum
659 4318 888 4377 dimisit,
902 4319 1105 4382 fratres
1115 4320 1469 4379 mei,multum
1484 4319 1717 4380 dimisit,
1729 4334 1836 4372 non
1849 4319 2020 4373 solum

423 4385 631 4456 dimisit
659 4385 932 4456 quidquid
952 4387 1204 4451 habebat,
1230 4388 1323 4440 sed
1344 4390 1509 4447 etiam
1530 4388 1803 4456 quidquid
1826 4389 2022 4442 habere

423 4450 690 4526 cupiebat:
718 4450 850 4520 Quis
869 4458 1008 4508 enim
1023 4450 1234 4525 pauper
1248 4472 1353 4509 non
1381 4450 1624 4510 tumescit
1650 4450 1708 4510 in
1726 4472 1820 4526 spe
1839 4458 2026 4512 steculi

425 4524 625 4593 hujus?
662 4526 791 4590 Quis
818 4540 924 4579 non
959 4524 1202 4595 quotidie
1243 4528 1394 4594 cupit
1422 4541 1623 4593 augere
1648 4524 1791 4595 quod
1820 4528 2023 4581 habet?

398 4598 535 4651 ~Ista
561 4596 835 4664 cupiditas
856 4598 1084 4665 pracisa
1112 4601 1206 4651 est.
1234 4596 1353 4651 Ibat
1382 4598 1441 4649 in
1469 4597 1801 4659 immensum,
1825 4600 2027 4667 accepit

425 4667 669 4729 modum,
710 4670 761 4720 et
798 4667 939 4721 nihil
967 4668 1250 4726 dimissum
1272 4670 1392 4721 est?
1418 4669 1646 4722 Prorsus
1675 4671 1844 4722 totum
1862 4682 2025 4721 mun-

2113 3408 2342 3468 piaitate
2358 3408 2634 3464 inductus,
2654 3408 2929 3467 quiaquia
2952 3411 3011 3449 in
3030 3408 3176 3450 oonis
3197 3408 3445 3457 naocoat,
3466 3408 3567 3477 per
3582 3408 3710 3476 pro-

2113 3468 2394 3536 fessionem
2418 3470 2522 3522 Deo
2547 3469 2888 3530 consecravit,
2911 3482 3012 3536 quo
3025 3467 3270 3521 videlicet
3292 3480 3502 3536 egregio
3518 3469 3708 3536 istius-

2287 3539 2435 3620 factc
2455 3539 2730 3620 hominum
2749 3538 2816 3593 de
2833 3553 2888 3620 se
2911 3534 3709 3620 admirationemlemdtaretﬁl‘e

2119 3610 2286 3680 pretio
2325 3613 2503 3662 autem
2533 3609 2728 3663 callide
2766 3613 2955 3678 postea
2993 3611 3165 3663 nescio
3206 3609 3350 3679 quod
3386 3609 3709 3669 intervertit,

2119 3680 2380 3749 ejusmodi
2406 3680 2685 3734 adversum
2715 3694 2771 3733 se
2797 3680 3226 3748 indignationem
3254 3680 3355 3735 Dei
3377 3679 3707 3749 prmgocavit,

2120 3745 2268 3820 cujus
2296 3753 2485 3805 Petrus
2521 3752 2765 3805 minister
2790 3745 2938 3818 fuit,
2984 3758 3088 3806 etc.
3134 3749 3225 3806 Sic
3270 3751 3341 3804 D.
3378 3745 3714 3820 ’Ambrosius

2120 3819 2289 3877 serm.
2320 3825 2389 3874 59
2413 3839 2425 3874 :
2457 3822 2795 3891 Exemplum,
2821 3821 2917 3889 ait,
2941 3822 3120 3876 avaris
3147 3821 3390 3876 omnibus
3413 3821 3472 3873 in
3495 3819 3717 3891 Anania

2116 3894 2456 3963 propositum
2475 3897 2580 3955 est,
2609 3890 2670 3946 ut
2692 3894 2792 3962 qui
3084 3893 3326 3946 criminis
3351 3905 3489 3963 reus
3518 3890 3714 3963 fuerit,

2123 3961 2359 4032 ejusdem
2404 3964 2664 4034 supplicii
2699 3965 2756 4016 in
2794 3962 2996 4032 judicii
3037 3963 3126 4017 die
3160 3963 3439 4034 sententia,
3458 3961 3713 4028 feriatur.

2124 4034 2341 4091 Grande
2358 4033 2528 4103 igitur
2545 4034 2751 4088 malum
2774 4039 2853 4088 est
2872 4034 3131 4094 avaritia,
3148 4035 3307 4088 immo
3327 4033 3592 4087 malorum
3611 4046 3719 4085 om-

2127 4262 2250 4328 cap.
2299 4252 2366 4328 ῥ’]
2410 4243 2673 4325 iugulat,
2706 4244 2776 4328 de
2815 4243 3115 4301 artiﬁcibus
3150 4243 3469 4301 monasterii
3499 4256 3666 4315 agens
3697 4260 3710 4297 :

2128 4318 2189 4373 Si
2217 4317 2370 4373 quid.
2397 4324 2493 4373 ait.
2524 4331 2591 4370 em
2608 4317 2855 4373 onmbus
2880 4319 3147 4373 artiﬁcum
3169 4314 3609 4371 venumdandum
3622 4315 3710 4373 est,

2128 4320 2191 4373 Si
2217 4320 2370 4385 quid,
2397 4320 2493 4380 ait,
2524 4331 2591 4370 ea
2608 4320 2855 4386 operibus
2880 4320 3147 4387 artiﬁcum
3169 4320 3609 4371 venumdandum
3622 4320 3719 4378 est,

2126 4387 2347 4443 videant
2372 4388 2484 4456 ipsi
2507 4402 2608 4457 per
2633 4403 2858 4456 quorum
2883 4402 3074 4442 manus
3101 4386 3457 4455 transigenda
3482 4388 3628 4447 sunt,
3655 4398 3720 4437 ne

2128 4458 2372 4526 aliquam
2397 4457 2648 4524 fraudem
2665 4464 3000 4528 prwsumant
3026 4459 3252 4526 inferre;
3270 4459 3723 4528 memoraduqu

2130 4525 2335 4597 seraper
2354 4529 2585 4584 Ananiae
2604 4533 2655 4584 et
2665 4525 2941 4599 'Saphiraz,
2965 4545 3032 4583 ne
3052 4525 3192 4597 ferte
3213 4534 3435 4583 mortem
3452 4540 3619 4597 quam
3642 4525 3726 4599 illi

2131 4600 2190 4652 in
2219 4595 2432 4669 corpore
2454 4595 2826 4669 pertulerunt,
2857 4595 2995 4655 hanc
3020 4595 3143 4667 isti,
3168 4601 3251 4653 vel
3276 4595 3589 4667 omnes‘qui
3613 4595 3719 4650 ali-

2133 4684 2299 4739 quam
2321 4670 2575 4739 fraudem
2592 4671 2659 4725 de
2681 4671 2837 4726 rebus
2863 4672 3177 4727 monasterii
3191 4672 3435 4737 fecerint,
3459 4670 3519 4722 in
3537 4669 3722 4722 anima

428 4716 1575 4812 summaiaminaauauam
1588 4716 2021 4812 "plagusias.
2053 4716 2104 4778 D
2126 4716 3726 4812 ῥᾱᾱῡιάίιῖῖιῑιῑιῖέιῑινῑδέίὶἵοῑέιίξιςειῑξέὶξϊίίιξέεεξέξ
3802 4784 3817 4789 _

430 4811 598 4891 Quasi
612 4810 753 4891 nihil
772 4809 1042 4891 habentes,
1068 4809 1657 4891 etvmniapossidgtes
1684 4810 1753 4891 (1]
1773 4810 1890 4891 Cor.
1913 4810 2026 4891 1}).

434 4883 511 4935 Ita
542 4880 731 4935 beatus
757 4881 1119 4937 Auzustinus.
1157 4880 1367 4936 Similia
1398 4883 1469 4935 D.
1505 4880 1813 4936 Bernardus
1838 4881 1895 4936 in
1922 4884 2030 4937 De-

427 4952 647 5021 cla_mat.
667 4966 828 5019 super
844 4952 975 5007 illud
997 4968 1010 5004 :
1042 4955 1170 5009 Ecce
1187 4966 1280 5006 nos
1303 4952 1622 5021 reliquimus
1643 4954 1843 5007 omnia.

500 5015 528 5052 ¹¹
552 5022 673 5075 Hoc
699 5015 861 5094 caput
894 5038 1018 5076 cum
1045 5023 1219 5076 tribus
1254 5015 1636 5094 sequentibus,
1672 5023 1819 5094 quod
1846 5023 2024 5094 brevia

428 5093 561 5152 sint,
588 5093 749 5163 simul
777 5097 828 5145 et
860 5107 966 5146 uno
995 5097 1242 5163 cmitemtu
1259 5093 1450 5162 jungit
1476 5093 1786 5163 Dionysius.
1814 5096 1897 5149 De
1922 5093 2026 5149 hac

432 5162 896 5246 porro_nuditate,
931 5178 1030 5246 seu
1052 5162 1309 5246 religiosa
1320 5162 1667 5246 paupertate,
1692 5174 1899 5246 praeter
1916 5166 2023 5246 alia

433 5231 681 5358 ἣρω-ξω
708 5233 882 5359 ,δὲιθῖἓ
898 5312 910 5356 1
929 5231 1112 5289 videre
1152 5231 1348 5289 licebit
1376 5231 1649 5291 lsidorum
1692 5231 2025 5291 Pelusiotem

456 5320 470 5357 ι
519 5344 531 5357 .
563 5318 608 5358 n
636 5319 752 5373 epis
782 5344 795 5357 .
928 5344 943 5359 .

505 5344 531 5405 ί
559 5344 1064 5447 ἕθῖιᾛῖἓιίῶίιίὶδω
1098 5375 1235 5447 alibi
1265 5374 1622 5447 expendimus
1648 5376 1782 5440 (Lib.
1815 5389 1907 5447 Ic.
1949 5379 2026 5441 3).

436 5444 733 5500 Annotavit
769 5453 1026 5517 praeterea
1069 5449 1138 5500 D.
1178 5444 1419 5502 Thomas
1454 5447 1727 5517 duplicem
1759 5445 2027 5517 rationem

416 5517 504 5597 'ab
538 5517 808 5597 Apostolo
834 5516 1063 5597 allatam
1086 5516 1142 5572 in
1175 5518 1493 5597 Comment.
1528 5516 1747 5597 cunnis
1780 5516 2026 5597 duobus,

437 5601 635 5657 nempe
662 5587 803 5641 victu
829 5594 883 5642 et
913 5587 1133 5652 vestitu,
1157 5588 1396 5643 contenti
1427 5603 1545 5643 esse
1570 5587 1864 5644 debeamus
1903 5605 1916 5642 :
1948 5588 2031 5643 al-

438 5665 611 5730 teram
626 5672 655 5711 a
677 5658 1086 5730 principiorvitae
1100 5666 1155 5730 et
1170 5658 1500 5730 conditionis
1511 5666 1735 5730 nostra,
1752 5659 1981 5714 alteram
2001 5674 2032 5714 a

440 5728 549 5784 line
575 5750 587 5784 :
615 5728 878 5799 quantum
899 5729 966 5786 ad
980 5729 1326 5801 principium,
1354 5730 1552 5802 inquit,
1569 5728 1696 5802 quia
1719 5731 1857 5786 nihil
1879 5733 2029 5785 intu-

2134 4808 2317 4866 inatus
2347 4831 2359 4868 :
2390 4814 2535 4875 Hac,
2572 4808 2768 4883 inquit,
2794 4813 2965 4882 plana
2986 4817 3134 4874 sunt,
3160 4817 3212 4866 et
3246 4810 3579 4866 advertenda
3601 4808 3725 4883 plu:

2134 4885 2334 4937 rimam
2360 4883 2427 4937 ab
2456 4884 2543 4937 his
2568 4882 2664 4952 qui
2685 4898 2768 4937 res
2796 4884 3240 4938 monasteriorum
3260 4884 3604 4952 pertractant
3613 4922 3639 4952 ,_
3658 4882 3717 4933 ut

2131 4949 2715 5024 cognoscantquantum
2724 4954 3025 5024 periculum
3031 4956 3105 5009 sit
3112 4949 3400 5022 inﬁdeliter
3406 4949 3726 5024 fraudulenj

2136 5020 2323 5094 terque
2340 5038 2422 5078 res
2449 5020 2763 5079 monasterii
2775 5028 3011 5080 tractare
3027 5044 3043 5078 :
3060 5020 3265 5091 infelix
3276 5024 3461 5095 plane,
3479 5024 3577 5093 qui
3588 5020 3727 5095 tanti

2133 5090 2375 5166 fulguris
2396 5096 2690 5149 tonitruum
2709 5110 2836 5166 aure
2848 5095 3013 5166 surda
3025 5090 3296 5166 praeterit:
3312 5096 3382 5149 Et
3401 5090 3730 5162 Sniaragdus

2135 5165 2339 5221 ibidem
2364 5185 2377 5220 :
2402 5166 2557 5236 Pejor
2581 5168 2740 5228 enim,
2774 5165 2972 5237 inquit,
3004 5165 3056 5221 et
3080 5166 3271 5220 durior
3297 5170 3376 5219 est
3398 5178 3541 5219 mors
3565 5177 3728 5233 quam

2135 5237 2393 5305 fraudem
2420 5237 2670 5304 faciendo
2689 5237 2933 5291 monachi
2952 5238 3242 5307 patiuntur
3260 5238 3319 5290 in
3342 5238 3547 5298 anima,
3567 5247 3728 5307 quam

2134 5322 2275 5361 mors
2291 5310 2523 5376 corporis
2534 5324 2698 5376 quam
2704 5310 2856 5377 passi
2863 5305 2988 5362 sunt
2996 5309 3245 5363 Ananias
3258 5312 3309 5362 et
3320 5307 3582 5377 Saphira.
3590 5305 3728 5377 Mors

2139 5380 2281 5433 enim
2310 5374 2601 5447 corporalis
2630 5374 2863 5432 omnium
2894 5385 2970 5433 est
2995 5380 3287 5433 communis
3315 5381 3367 5432 et
3394 5374 3728 5447 temporalis.

2137 5462 2277 5520 mors
2294 5463 2419 5503 vero
2439 5451 2635 5503 anima:
2647 5450 2936 5520 impiorum
2950 5454 3028 5505 est
3044 5453 3095 5504 et
3113 5454 3312 5505 (eterna
3328 5467 3343 5513 ;
3366 5448 3477 5502 haec
3493 5448 3729 5520 anienem

2140 5518 2412 5587 disiungit
2430 5535 2465 5572 α
2488 5517 2845 5590 oorpore—illa
2866 5535 2987 5575 vero
3014 5525 3229 5590 separat
3256 5536 3291 5573 a
3320 5520 3596 5583 Creatore;
3623 5517 3733 5590 hac

2142 5586 2333 5659 corpus
2354 5591 2415 5643 in
2435 5586 2763 5659 sepulcrum,
2791 5591 2888 5645 illa
2905 5606 3026 5645 vero
3047 5586 3217 5645 mittit
3233 5592 3471 5645 animam
3489 5590 3546 5642 in
3564 5586 3737 5659 infer-

2141 5657 2296 5733 num.
2327 5662 2406 5714 Ita
2450 5657 2557 5716 ille.
2600 5657 2771 5716 Porro
2807 5663 2873 5716 ad
2901 5661 3235 5733 ampliorem
3272 5659 3436 5733 hujus
3472 5658 3575 5714 loci
3616 5657 3736 5733 illu-

2143 5730 2467 5787 strationem
2526 5741 2836 5804 opportune
2900 5730 2989 5788 bic
3012 5727 3025 5733 “
3048 5727 3405 5804 subjicientur
3472 5727 3734 5786 nonnulla
