4048 6200
404 308 503 362 321

1070 304 1158 360 DE
1193 301 1669 361 C(ENOBIORUM
1706 302 1948 361 INSTIT.
1987 301 2113 362 LIB.
2154 304 2306 363 VIII.
2346 337 2417 349 —
2456 304 2545 365 DE
2581 304 2851 367 SPIRITU
2894 306 3050 368 IRzE.

3601 316 3705 373 3'22

403 427 725 486 memoriter
762 426 1091 498 retinentes,
1135 427 1515 487 horrescamns
1555 428 1765 500 aliquid
1808 444 1876 487 ex
1919 428 2004 488 his
2030 434 2085 498 Α
2114 432 2406 490 Dominica
2444 432 2642 507 dirigi:
2672 438 2697 469 ³
2722 436 2923 507 Stulte,
2963 436 3064 493 hac
3098 445 3260 493 nocte
3284 414 3531 499 animam
3552 446 3704 495 tuam

404 536 685 593 reservare
719 536 846 594 quae
876 522 1259 594 renuntiantes
1299 523 1519 594 penitus
1553 521 1809 601 abdicare
1835 523 2007 582 devo-

406 619 608 675 vimus.
656 617 814 675 Giezi
856 632 1075 691 quoque
1111 619 1216 685 (IV
1261 621 1389 687 Reg.
1436 623 1509 686 ν)
1556 618 2008 690 pertimescamus

402 712 743 786 exemplum,
768 712 862 785 qui
888 711 960 768 ob
983 712 1331 786 philargyriaa
1355 712 1571 785 culpam
1595 721 1815 770 aeternae
1839 717 2008 782 [aeter-

403 809 499 875 no]
531 805 802 879 supplicio
831 803 997 878 leprx
1026 805 1359 874 mulctatur;
1391 821 1457 863 ex
1493 806 1579 862 his
1611 820 1735 878 quae
1758 822 1859 863 nec
1885 816 2009 865 ante

403 899 774 974 possedimus,
802 914 1090 956 caveamus
1117 899 1419 980 acquirere.
1447 902 1679 957 Necnon
1714 900 1880 957 etiam
1905 903 2009 958 Ju-

405 994 514 1062 daa,
538 993 621 1050 vel
645 994 927 1062 meritum,
946 992 1031 1050 vel
1056 993 1271 1050 exitum
1297 990 1683 1058 formidantes,
1708 994 2008 1066 quidquam

342 1112 347 1115 ι
408 1085 653 1158 pecunia:
676 1100 957 1143 resumere
985 1084 1172 1158 (quam
1210 1085 1382 1143 semel
1419 1101 1451 1142 a
1487 1085 1645 1143 nobis
1682 1086 2007 1158 abjecimus)

407 1186 527 1237 tota
547 1179 751 1237 virtute
773 1179 1030 1236 vitemus.
1057 1180 1232 1251 Super
1251 1177 1371 1235 haec
1393 1179 1580 1237 omnia
1596 1179 2010 1239 considerantes

407 1273 784 1331 conditionem
818 1272 1022 1347 fragilis
1050 1273 1383 1346 incertaeque
1413 1282 1624 1332 naturae
1660 1284 1890 1345 nostrae,
1918 1292 2010 1333 ca-

410 1381 637 1425 veamus
659 1382 732 1424 ne
757 1366 876 1424 dies
912 1367 1138 1424 Domini
1162 1367 1308 1425 sicut
1342 1366 1437 1425 fur
1471 1367 1527 1424 in
1555 1376 1716 1425 nocte
1755 1384 2011 1441 superve-

410 1460 590 1531 niens,
615 1460 967 1530 maculatam,
999 1462 1084 1518 vel
1106 1476 1217 1518 uno
1246 1460 1431 1530 obolo,
1456 1470 1704 1519 nostram
1731 1462 2013 1521 conscien-

2112 534 2369 597 repetunt
2405 542 2435 581 a
2464 533 2550 594 te;
2591 544 2732 600 qnar
2753 536 2941 585 autem
2982 530 3324 602 praeparasti,
3364 530 3521 603 cujus
3550 520 3712 588 erunt

2113 622 2291 682 (Lucra
2321 621 2469 691 xu)?
2510 622 2770 694 Nihilque
2798 622 2866 678 de
2905 624 3146 679 crastino
3176 624 3499 697 cogitantes,
3536 640 3707 681 num-

2115 728 2280 784 quam
2311 729 2414 770 nos
2441 714 2511 771 de
2548 715 2785 772 camohii
2814 715 3095 787 disciplina
3126 718 3399 789 patiamur
3426 718 3600 774 avelli.

2661 828 2906 886 CAPUT
2942 828 3162 885 XXXI.

2118 927 2269 994 Quod
2300 931 2608 998 nonpossit
2647 932 2770 998 quis
2800 932 3207 1000 phila-rgyriam
3242 935 3469 994 vincere,
3502 935 3614 988 nisi
3658 935 3713 987 in

2183 1000 2413 1073 cgenobio
2434 1015 2811 1068 perseverans;
2840 1008 2889 1057 et
2915 1005 3372 1071 quemadmodum
3394 1007 3568 1073 possit
3602 1006 3712 1059 ibi-

2187 1069 2308 1124 dem
2325 1086 2656 1140 permanere.

2188 1180 2349 1253 Quod
2372 1182 2495 1238 sine
2513 1181 2683 1239 dubio
2703 1198 3049 1257 nequaquam
3073 1186 3443 1257 permittimur
3463 1186 3710 1259 implere,

2117 1274 2211 1332 sed
2256 1290 2328 1331 ne
2359 1275 2462 1332 sub
2490 1275 2846 1333 institutionis
2891 1278 3116 1349 quidem
3148 1280 3334 1351 regula
3376 1296 3715 1350 permanere,

2118 1368 2221 1424 nisi
2252 1369 2403 1440 prius
2429 1369 2701 1441 patientiae
2734 1370 2934 1439 virtus,
2970 1388 3095 1443 quas
3138 1387 3252 1427 non
3296 1372 3511 1428 aliunde
3547 1389 3714 1443 quam

2122 1460 2190 1518 de
2218 1460 2543 1518 humilitatis
2581 1462 2735 1519 fonte
2764 1464 3032 1535 procedit,
3064 1464 3118 1520 in
3156 1464 3316 1521 nobis
3356 1464 3524 1521 luerit
3559 1464 3718 1520 ﬁrma

336 4102 341 4113 κ
427 4068 683 4126 haberent
704 4071 787 4125 vel
814 4075 1150 4140 sumptum,
1174 4068 1257 4122 vel
1281 4068 1526 4128 vestitus,
1552 4072 1651 4121 aut
1676 4070 1907 4139 alicujus
1934 4086 2028 4123 ea-

409 1555 548 1611 tiam
588 1552 957 1626 deprehendat
997 1555 1045 1620 (I
1088 1555 1263 1610 Thess.
1296 1557 1393 1623 v);
1439 1554 1532 1627 qui
1570 1571 1763 1613 omnes
1798 1554 2015 1614 fructus
2123 1554 2394 1612 soliditate
2437 1554 2683 1612 fundata.
2723 1557 2820 1612 Illa
2859 1573 3097 1630 namque
3141 1558 3277 1614 nulli
3315 1558 3723 1614 commotiones

410 1655 616 1705 nostra;
641 1646 1062 1705 renuntiationis
1088 1661 1376 1717 evacuans,
1408 1646 1539 1705 illud
1565 1648 1712 1720 quod
1743 1649 1797 1706 in
1829 1652 2017 1708 Evan-
2122 1649 2277 1706 novit
2314 1648 2542 1718 inferre,
2592 1649 2710 1707 haec
2747 1666 2876 1709 vero
2912 1652 3019 1709 sibi
3066 1651 3247 1708 illatas
3288 1652 3721 1725 magnanimiter

411 1740 553 1814 gelio
597 1740 750 1813 diviti
785 1739 995 1798 dictum
1040 1748 1146 1811 est,
1192 1740 1263 1799 ad
1290 1756 1394 1799 nos
1421 1757 1639 1815 quoque
1684 1742 1846 1802 faciat
1884 1761 2017 1803 voce
2122 1743 2376 1802 tolerare.

1511 1851 1765 1907 ALARDI
1804 1853 2028 1911 GAZABI
2062 1852 2625 1912 COMMENTARIUS.

411 1944 509 2004 SS.
540 1948 763 2021 Patrum
798 1944 982 2021 elogia
1009 1954 1064 2003 et
1099 1947 1371 2021 exempla,
1406 1947 1601 2021 quibus
1630 1949 1765 2007 illud
1805 1952 2002 2008 vitium
2035 1958 2083 2020 B
2114 1955 2286 2021 igitur
2308 1953 2397 2007 die
2416 1945 2602 2006 ciceris
2629 1953 2833 2019 fascem
2860 1953 3106 2017 virentis,
3138 1955 3276 2009 sicut
3298 1955 3355 2009 in
3383 1954 3557 2011 herbis
3581 1960 3717 2018 erat.

410 2017 761 2095 proprietatis
791 2024 847 2073 et
873 2017 1227 2095 philargyrix
1247 2017 1623 2095 inmonachis
1650 2036 2008 2095 summopere
2037 2017 2074 2020 ⁷
2115 2017 2340 2090 detulit;
2372 2017 2683 2095 quemicum
2723 2026 3018 2091 Hesychius
3051 2029 3317 2094 posuisset
3352 2029 3408 2082 in
3435 2044 3617 2083 mensa
3647 2029 3723 2082 ad

410 2088 665 2166 deiéstati
683 2088 1146 2166 Δθο-ζιιιγιίοὶξειςιῶι·.
1167 2159 1177 2166 ι
1188 2088 1397 2166 Scribit
1419 2093 1505 2166 7D.
1542 2088 1911 2166 Hieronymus
1952 2093 2007 2149 in
2115 2088 2411 2166 vesperam,
2435 2094 2757 2166 exclamavit
2776 2088 2938 2148 senex
2960 2111 3014 2149 se
3030 2088 3280 2163 putorem
3308 2098 3423 2165 ejus
3451 2099 3593 2163 ferre
3615 2115 3722 2153 non

411 2159 604 2236 epist._
632 2159 700 2236 ad
751 2159 1110 2236 Eustochium
1160 2159 1482 2236 (Epistyn
1537 2178 1658 2233 cap.
1718 2159 1824 2231 ιλ),
1882 2166 2008 2221 Ali—
2113 2159 2287 2236 posse,
2314 2164 2581 2232 simulque
2608 2164 2751 2236 unde
2778 2168 2930 2226 esset,
2963 2159 3177 2232 rogavit
3207 2184 3223 2218 :
3251 2159 3593 2235 respondente
3615 2186 3723 2222 au—

414 2229 636 2305 quando
656 2233 714 2284 in
740 2230 970 2305 quodam
991 2229 1313 2305 monasterio
1332 2233 1525 2289 Nitrix
1546 2229 1818 2305 repertum
1839 2236 2011 2302 fuisse
2113 2229 2227 2292 tem
2255 2229 2515 2305 Hesychia
2534 2234 2680 2302 quod
2702 2236 2880 2300 frater
2902 2229 3125 2303 quidam
3144 2229 3427 2304 primitias
3453 2239 3620 2305 agelli
3636 2242 3727 2291 sui

420 2302 733 2376 monachum
783 2302 880 2371 qui
923 2305 1125 2376 centrim
1164 2302 1394 2376 solidos,
1443 2319 1574 2373 quos
1598 2302 1737 2359 ’lina
1783 2306 2010 2362 texendo
2118 2302 2391 2376 fratribus
2413 2304 2711 2366 detulisset,
2736 2306 2852 2359 Non
2874 2307 3057 2368 sentis,
3084 2302 3282 2374 inquit,
3309 2302 3550 2373 putorem
3571 2312 3726 2361 teter-

421 2374 764 2442 acquisierat,
799 2374 1032 2427 moriens
1066 2372 1351 2442 dereliquit
1379 2392 1395 2427 :
1425 2372 1678 2443 quocirca
1701 2377 1846 2431 inito
1872 2380 2012 2431 inter
2119 2372 2340 2439 rimum,
2358 2381 2408 2430 et
2422 2377 2482 2428 in
2499 2377 2663 2429 cicere
2677 2376 2843 2441 fetere
2860 2372 3189 2430 avaritiam?
3205 2372 3359 2432 Mitte
3370 2378 3553 2439 bobus,
3572 2381 3727 2431 mitte

416 2443 935 2518 consilio
953 2443 1178 2518 (nam
1206 2444 1387 2518 eodem
1416 2443 1526 2518 loco
1548 2446 1756 2501 circiter
1774 2449 2012 2518 quinque
2124 2448 2295 2502 brutis
2327 2446 2674 2518 animalibus,
2722 2450 2773 2499 et
2811 2446 2933 2499 vide
2962 2462 3035 2500 an
3069 2447 3364 2502 comedunt.
3416 2448 3568 2514 Quod
3605 2464 3726 2502 cum

412 2514 589 2588 milita
812 2514 1014 2588 cellulis
1029 2514 1375 2588 habitabant)
1393 2515 1690 2588 quidfacto
1706 2513 1836 2588 opus
1855 2513 2007 2580 esset,
2122 2520 2233 2580 ille,
2254 2519 2427 2588 juxta
2450 2516 2797 2588 praeceptum,
2825 2518 2882 2569 in
2908 2532 3145 2588 praesepe
3168 2513 3450 2587 posuisset,
3477 2521 3727 2573 exterriti

413 2584 518 2659 alii
522 2585 855 2659 pauperibus
873 2585 1265 2659 distribuendos
1285 2584 1672 2659 essedicebant.
1694 2584 1796 2642 alii
1808 2588 2012 2642 dandos
2126 2584 2295 2651 bores,
2332 2592 2383 2643 et
2409 2584 2532 2657 plus
2568 2584 2721 2659 solito
2746 2584 3059 2656 mugientes,
3077 2584 3272 2659 ’ruptis
3297 2590 3526 2643 vinculis
3551 2591 3609 2644 in
3635 2590 3724 2644 di-

537 2655 966 2740 esiiegnonnulli
987 2656 1302 2740 parentibus
1336 2657 1717 2740 remittendos;
1744 2661 2013 2740 Macarius
2122 2674 2278 2740 rersa
2316 2655 2598 2740 fugerunt.
2642 2655 2919 2740 Hactenus
2958 2660 3028 2713 D.
3060 2655 3453 2740 Hieronymus.
3486 2658 3619 2740 Vide
3648 2662 3719 2714 D.

414 2740 560 2800 sero,
586 2730 644 2800 et_
670 2725 888 2800 Pambo,
917 2725 1263 2800 etilsidorus,
1299 2731 1352 2782 et
1380 2729 1563 2781 exteri
1595 2730 1803 2792 Patres,
1832 2734 2015 2783 sancto
2124 2725 2494 2800 Augustinum
2522 2741 2689 2800 serm.
2738 2732 2760 2781 ι
2800 2726 3185 2800 de_communi
3229 2725 3342 2800 vita
3372 2730 3723 2793 clericorum,

415 2798 474 2849 in
509 2798 604 2879 eis.
625 2796 870 2881 loquente
1170 2798 1512 2881 decreuerunt
1551 2801 1631 2881 ut“
1654 2814 1773 2853 cum
1791 2804 2016 2881 _mortuo
2125 2795 2362 2881 ubi'agit
2387 2799 2456 2853 de
2482 2795 3070 2881 quodampresbytero
3099 2814 3237 2881 suo,
3256 2798 3363 2881 qui.
3378 2809 3569 2881 contra
3601 2817 3724 2871 pro-

409 2868 647 2936 pecunix
666 2867 1058 2939 infoderentur,
1084 2867 1443 2923 clamantibus
1466 2870 1709 2924 omnibus
1738 2888 1756 2924 :
1785 2871 2019 2926 Pecunia
2127 2867 2427 2925 fessionem
2456 2867 2663 2939 aliquid
2696 2867 2797 2923 sibi
2820 2867 3160 2939 _retiuuerat,
3190 2877 3247 2925 et
3272 2867 3399 2926 inde
3427 2867 3728 2926 testamen-

416 2935 513 2991 tua
532 2941 704 3011 tecum
721 2940 795 2992 sit
814 2940 873 3011 in
891 2938 1428 3011 perditionem(Vide
1447 2953 1606 2995 serm.
1636 2945 1690 3008 5,
1707 2943 2017 3011 Augustino
2127 2949 2270 3004 tum,
2302 2954 2426 2995 cum
2459 2935 2785 3001 moreretur,
2809 2935 3036 3011 fecerat.
3093 3009 3101 3011 _
3149 2935 3155 2937 ⁷
3326 3009 3334 3011 Α
3578 2946 3585 2953 ’

417 3010 736 3077 ascriptum,
768 3007 842 3062 ad
868 3007 1073 3077 fratres
1096 3011 1157 3063 in
1194 3026 1392 3076 eremo;
1420 3014 1472 3065 et
1503 3007 1915 3067 stan’um'lib.
1950 3026 2016 3069 ιχ
2195 3015 2220 3044 ⁸
2262 3012 2500 3067 Vocatur
2522 3024 2720 3065 avarus
2747 3008 2969 3075 stultus,
3004 3019 3064 3065 ut
3089 3009 3144 3065 in
3173 3009 3337 3067 veteri
3367 3013 3724 3067 Testamento

418 3080 614 3162 Πίναξ.
656 3094 776 3159 cap.
801 3083 938 3162 35);
978 3083 1163 3162 Atque
1204 3080 1311 3137 hoc
1344 3081 1500 3162 idem
1527 3089 1719 3152 postea
1737 3081 1815 3162 in
1851 3081 2016 3138 simili
2125 3081 2296 3162 Nabal
2335 3080 2422 3162 ille
2446 3079 2546 3162 qui
2582 3080 2763 3161 egenti
2804 3079 2998 3162 pavidi
3027 3080 3421 3162 de_sup‘erlluis
3455 3082 3569 3162 suis
3596 3081 3728 3138 dare

416 3164 549 3223 casn
577 3147 765 3205 fecisse
792 3151 867 3223 l3.
896 3147 1225 3223 Gregorium
1254 3150 1445 3223 scribit
1470 3147 2018 3223 JoannesDiaconus
2124 3153 2323 3209 noluit.
2378 3147 2549 3223 Nabal
2608 3147 2755 3223 enim
2801 3147 3381 3223 stultum_signiﬂcat;
3435 3161 3491 3208 et
3536 3167 3727 3209 revera

421 3219 570 3295 |_il_)._1
588 3234 638 3275 c.
670 3220 898 3277 ls-Vitaa
921 3219 1073 3293 ejus;
1096 3221 1287 3295 etipse
1310 3222 1477 3295 etiam
1501 3222 1800 3295 Gregorius
1823 3223 1918 3295 lib.
1951 3238 2019 3295 ιν
2124 3238 2321 3295 magna
2348 3220 2493 3278 avari
2521 3221 2756 3295 stultitia
2783 3228 2891 3287 est,
2923 3221 3073 3294 quod
3092 3219 3359 3295 improbo
3370 3219 3567 3295 labore
3595 3238 3727 3279 con-
3808 3282 3813 3285 μ

425 3289 965 3373 Dia|_ogor_i_1m_cap._'
984 3289 1378 3373 δαμῶς-ετ
1426 3289 1923 3373 Innoce'ntiusdll,
1964 3292 2021 3373 in
2052 3349 2093 3373 η
2127 3289 2281 3373 gerat
2322 3307 2385 3348 ea
2442 3291 2640 3373 quibus
2681 3290 2817 3373 forte
2856 3289 3159 3373 numquam
3182 3289 3289 3373 fest
3330 3293 3615 3373 fruiturus.
3662 3297 3730 3348 Et

425 3349 637 3434 celebri
656 3360 747 3418 illo
771 3349 994 3434 decreto
1026 3379 1042 3416 :
1071 3364 1203 3434 cum
1227 3364 1302 3417 ad
1336 3365 1742 3434 monasterium,
1780 3362 1848 3419 de
1875 3349 2024 3419 statu
2050 3349 2097 3413 C
2127 3349 2598 3434 ErOptereaqnasi
2639 3366 2953 3433 perpetuam
2991 3349 3047 3434 et
3087 3349 3293 3419 certam
3324 3364 3470 3419 hanc
3508 3378 3728 3434 plenam

424 3432 820 3506 monachorum
856 3432 931 3489 ita
972 3433 1169 3489 statuit
1207 3452 1229 3506 εΔ
1263 3433 1415 3502 Quod
1450 3435 1502 3489 si
1530 3435 1836 3504 proprietas
1875 3436 2025 3505 apud
2128 3430 2300 3490 avaris
2324 3430 2679 3506 inﬂigendam
2713 3430 2874 3506 notat
2910 3432 3144 3506 Spiritus
3171 3435 3254 3501 S.,
3279 3442 3341 3490 ut
3366 3430 3730 3506 exspectatio-

421 3518 742 3575 quemquam
770 3505 990 3560 inventa
1014 3506 1184 3573 fuerit
1206 3504 1264 3559 in
1289 3509 1475 3573 morte,
1501 3503 1766 3575 ipsa’cum
1794 3520 1851 3561 eo
1876 3503 1933 3559 in
1958 3508 2024 3559 si-
2052 3508 2055 3511 ’
2128 3520 2199 3561 ne
2224 3519 2320 3561 sua
2352 3503 2795 3575 frustrentur,put
2821 3504 2909 3558 hic
2937 3503 3136 3560 dicitur
3176 3523 3189 3557 :
3224 3507 3352 3573 Qua
3370 3503 3606 3575 parasti,
3636 3521 3731 3560 cu-

423 3573 916 3646 gnumperditionis
929 3581 1090 3631 extra
1100 3578 1485 3631 monasterium
1495 3573 1895 3646 insterquilinio
1907 3577 2024 3631 sub-
2119 3578 2215 3647 jus
2242 3579 2437 3631 erunt?
2469 3573 2561 3629 Sic
2590 3573 2763 3630 David
2790 3593 2806 3630 :
2836 3576 3116 3645 Relinquat
3137 3576 3328 3631 alienis
3353 3573 3577 3633 divitias
3604 3592 3731 3632 suas

421 3648 999 3712 terretur;-secundum
1026 3648 1171 3717 quod
1195 3647 1381 3704 beatus
1403 3649 1694 3717 Gregorius
1717 3648 1931 3715 dialogo
1961 3662 2017 3701 se
2124 3646 2346 3715 (Psalm.
2372 3646 2611 3713 XLVIII).
2639 3647 2711 3700 Et
2734 3662 2956 3703 rursum
2989 3665 3001 3701 :
3032 3649 3407 3711 Thesaurizat,
3437 3652 3488 3702 et
3515 3651 3732 3717 ignorat

423 3718 613 3783 fecisse
629 3722 843 3773 narrat.
868 3719 1004 3774 Haec
1030 3718 1106 3774 ibi
1132 3719 1266 3787 (Lib.
1293 3720 1674 3786 mDecretal.,
1695 3726 1825 3782 etc.,
1849 3720 2022 3787 Super
2126 3721 2215 3773 cui
2240 3718 2582 3787 congregabit
2615 3732 2676 3771 ea
2710 3719 2933 3783 (Psalm.
2967 3724 3257 3780 xxxvm).
3302 3718 3392 3775 Sic
3414 3719 3676 3774 Salomon
3714 3735 3728 3771 :

425 3789 681 3870 quodam,
922 3788 1253 3872 tit.)..Aliud
1280 3788 1490 3871 insigne
1517 3789 1831 3871 exemplum
1856 3788 2025 3844 refert
2138 3789 3382 3871 Vidistultitiammultam,etgravem,divitias
3397 3793 3732 3844 conservatas

424 3857 572 3930 idem
589 3860 661 3914 Ι).
683 3860 1116 3930 Hieronymusm
1131 3862 1256 3915 Vita
1276 3859 1573 3915 Hilarionis
1595 3860 2021 3923 :Detestabatur,
2131 3863 2193 3914 in
2223 3861 2424 3914 malum
2458 3862 2673 3914 Domzm
2700 3863 2786 3914 sui
2808 3860 3026 3926 (Eccles.
3057 3860 3135 3928 ν).
3169 3859 3326 3930 Quod
3352 3868 3407 3913 et.
3435 3859 3541 3913 Joh
3571 3867 3731 3930 nota-

427 3874 571 3914 iaem
590 3874 661 3914 υ.
683 3874 1116 3932 meronymnsm
1138 3874 1256 3915 vna
1278 3874 1573 3915 ﬂllal'lonls
1595 3874 2021 3923 :uetestaoatur,
2131 3874 2193 3914 in
2223 3874 2424 3914 malum
2458 3874 2673 3914 uomuit
2700 3874 2785 3914 sui
2808 3874 3026 3926 (nectes.
3057 3874 3135 3928 ν).
3169 3874 3326 3930 quoa
3352 3874 3407 3913 et.
3435 3874 3541 3913 .Ion
3571 3874 3731 3911 nora-

427 3928 619 4000 inqnit,
642 3931 701 3986 S.
728 3931 977 3986 Hilarion
994 3932 1267 4000 prcecipue
1283 3930 1566 3984 monachos
1590 3932 1686 3999 qui
1707 3930 2026 4000 infidelitate
2132 3931 2211 3985 vit
2241 3949 2252 3985 :
2282 3931 2413 3987 Cum
2442 3930 2694 4000 habuerit
2720 3945 3060 4000 qmemlmque
3088 3930 3435 4000 concupierit,
3460 3929 3734 4000 possidere

423 3997 665 4069 quadam
693 4002 752 4054 in
777 3997 1031 4068 futurum
1066 3997 1557 4071 reservarent‘sua,
1587 3997 1639 4053 et
1680 3997 2023 4071 diligentiam
2133 4017 2236 4071 non
2266 4002 2471 4071 poterit
2500 3999 2630 4069 (Job.
2669 3997 2793 4066 xi).
2835 3997 3087 4071 HinéD.
3125 3998 3452 4055 Ambrosius
3476 3997 3545 4054 ad
3575 3997 3733 4053 illum

2137 4069 2320 4125 locum
2359 4072 2525 4125 Luca:
2564 4086 2579 4123 :
2614 4072 2861 4133 Frustra,
2906 4070 3103 4139 inquit,
3134 4073 3418 4138 congregat
3451 4083 3592 4139 opes,
3632 4071 3732 4137 qui

425 4157 547 4196 rum
569 4156 751 4195 rerum
773 4156 893 4210 quae
913 4155 1035 4195 cum
1060 4140 1252 4193 saeculo
1274 4141 1574 4194 transeunt.
1598 4141 1838 4208 Denique
1862 4155 2029 4194 unum
2136 4154 2190 4193 se
2218 4141 2303 4193 his
2322 4143 2496 4210 nescit
2509 4154 2754 4194 usurum.
2781 4142 2931 4196 Sicut
2951 4140 3041 4193 ille
3066 4142 3167 4210 qui
3182 4155 3300 4193 cum
3319 4141 3523 4209 repleta
3543 4140 3737 4191 horrea

423 4212 493 4266 de
519 4211 812 4278 fratribus,
842 4212 902 4265 in
929 4212 1119 4281 quinto
1139 4210 1258 4277 fere
1280 4226 1315 4264 a
1342 4224 1398 4264 se
1418 4210 1677 4263 milliaria
1703 4213 2027 4281 manentem,
2137 4212 2290 4263 noris
2321 4209 2576 4264 messibus
2610 4214 3005 4281 rumperentur,
3033 4209 3445 4264 exuberantiam
3477 4210 3583 4263 sibi
3605 4210 3736 4276 fru-

422 4283 562 4351 quia
591 4279 956 4350 comperiebatﬁ
971 4281 1176 4336 hortuli
1197 4283 1289 4336 sui
1312 4281 1473 4335 nimis
1507 4284 1723 4335 cunmm
1752 4279 2032 4335 timidum-
2140 4284 2319 4333 ctuum
2330 4279 3734 4350 receptaculaprceparabat,cuicongregaretignarus.

424 4367 532 4422 que
574 4352 860 4415 custodem,
900 4356 953 4407 et
984 4351 1298 4422 pauxillum
1338 4351 1534 4407 habere
1569 4366 1929 4413 nummorum,
1962 4352 2032 4405 ab
2140 4352 2320 4422 Neque
2357 4352 2503 4422 em'm
2524 4353 2709 4422 nostra
2748 4353 2875 4405 sunt
2908 4366 3026 4421 qua
3054 4366 3160 4405 non

425 4367 532 4422 que
574 4366 860 4415 custoaem,
900 4366 953 4407 et
984 4366 1298 4422 pauxillum
1338 4366 1534 4407 nabere
1569 4366 1929 4413 nummorum,
1962 4366 2032 4405 ao
2140 4366 2289 4475 negti;

425 4422 598 4478 oculis
642 4423 918 4492 abcgerat;
966 4425 1065 4493 qui
1098 4424 1277 4479 volens
1318 4424 1430 4478 sibi
1460 4424 1803 4478 reconciliari
1836 4437 2029 4484 senem,
2139 4437 2206 4475 no
2257 4423 2267 4433 '

425 4497 733 4563 frequenter
756 4495 1003 4549 veniebat
1033 4494 1111 4548 ad
1134 4496 1360 4561 fratres,
1401 4497 1453 4549 et
1476 4496 1714 4549 maxime
1745 4493 1821 4549 ad
1858 4496 2032 4561 Hesy-

427 4566 605 4619 chium
627 4579 732 4635 quo
767 4565 858 4621 ille
881 4566 1338 4621 vehementissime
1363 4564 1749 4620 delectabatur.
1784 4564 2035 4632 Quadam

1066 4003 1398 4053 reservarent
1438 4011 1557 4059 sua,
1587 4004 1639 4053 et
1680 4000 2023 4068 diligentiam

3265 4366 3474 4407 ssumus
3515 4352 3737 4418 auferre

2292 4435 2426 4475 cum.
2478 4420 2605 4476 Sola
2643 4424 2818 4475 virtus
2853 4437 3017 4478 comes
3060 4427 3138 4477 est
3179 4420 3584 4490 defunctorum;
3623 4422 3739 4475 sola

2140 4506 2234 4545 nos
2260 4493 2501 4561 sequitur
2526 4492 2917 4555 misericordia,
2949 4509 3068 4564 quce
3093 4493 3438 4549 tabernacula
3465 4493 3737 4561 defunctis

2140 4565 2379 4633 acquirit
2406 4568 2629 4618 aeterna.
2671 4564 2808 4620 Haec
2849 4566 2922 4619 D.
2961 4564 3306 4622 Ambrosius.

1364 4810 1961 4919 ΙΑΙΒΕΒ
2042 4821 2760 4920 OCTAVUS.

1809 4974 1892 5027 DE
1927 4973 2179 5027 SPlRITU
2214 4973 2363 5025 ΙΒᾹΞ.

1868 5096 2297 5111 wn—

925 5205 1168 5266 CAPUT
1216 5200 1537 5263 PRIMUM.
2148 5196 2296 5257 virus
2326 5193 2395 5257 de
2434 5191 2735 5259 recessibus
2771 5194 2973 5259 animae
3006 5206 3211 5260 nostrae
3255 5196 3499 5261 funditus
3542 5214 3733 5262 eruen-

511 5302 720 5373 Quarto
767 5301 794 5333 ³
839 5314 1058 5374 quoque
1102 5298 1403 5359 certamine
1438 5300 1524 5356 est
1561 5296 1658 5355 irae
1693 5290 2038 5355 mortiferum
2146 5295 2304 5353 dum.
2347 5292 2467 5353 Hac
2510 5297 2661 5353 enim
2701 5295 2759 5353 in
2797 5296 3058 5354 cordibus
3096 5292 3296 5355 nostris
3336 5297 3637 5369 insidente,
3680 5306 3736 5355 et

1540 5406 1796 5462 ALARDI
1832 5401 2056 5461 GAZIEI
2092 5399 2651 5460 COMMENTARIUS.

514 5501 743 5563 'Nostri
766 5515 898 5563 mss.
926 5518 938 5560 :
969 5504 1171 5575 Quarto
1195 5503 1301 5562 loco
1320 5502 1607 5562 certamini
1625 5504 1778 5561 adest
1794 5505 1889 5559 ira
1906 5517 2048 5559 mor-
2073 5502 2125 5569 D
2155 5501 2274 5577 loco
2310 5499 2368 5559 in
2404 5501 2596 5577 ordine
2622 5497 2938 5577 capitalium
2976 5498 3255 5577 vitiorum,
3286 5510 3342 5562 et
3378 5511 3499 5577 post
3539 5501 3739 5576 philar-

444 5575 668 5643 tiferum
687 5578 859 5641 virus,
882 5566 1358 5647 etcTBasileensis:
1381 5580 1646 5646 Quartum
1666 5593 1872 5647 quoque
1885 5579 2046 5631 certa-
2074 5566 2111 5569 "
2153 5568 2369 5647 gyriam
2395 5573 2659 5647 proxime,
2687 5566 3073 5647 substituatm‘,
3106 5566 3325 5632 alibi'ex
3357 5566 3477 5647 ipso
3502 5566 3742 5632 Xuctore

446 5640 654 5719 menest
668 5650 786 5710 ἐγω,
805 5645 952 5719 quod
963 5649 1301 5719 mortiferum
1320 5640 1492 5719 virus,
1510 5651 1615 5703 etc.
1640 5640 2047 5719 Uien'ysinspa-
2152 5640 2439 5719 ictulimiis
2475 5640 2610 5719 (Lib.
2649 5659 2687 5697 γ
2714 5662 2758 5701 c.
2793 5645 2871 5716 l);
2902 5645 2972 5703 de
3001 5640 3107 5718 qua
3141 5656 3328 5719 tamen
3355 5640 3468 5719 rion
3507 5655 3740 5719 magni;-

448 5717 765 5790 raphrastes‘
788 5713 1025 5788 {Quarto
1035 5713 1330 5790 certamine
1350 5716 1595 5774 debemus
1617 5713 2046 5790 deinterioribus
2156 5731 2281 5790 pere
2327 5713 2707 5790 laborandum,
2743 5713 2880 5790 cum
2916 5713 3131 5790 neciD.
3177 5716 3493 5790 Gregorius,
3540 5713 3643 5769 nec
3677 5714 3735 5790 ξ’».

448 5731 757 5788 rapnrastes
788 5731 1025 5788 :Quarto
1042 5731 1330 5775 certamine
1350 5731 2046 5774 aeoernmaemteriorious
2155 5731 2281 5842 pere
2327 5731 2707 5781 laborandum,
2752 5733 2880 5773 cum
2916 5734 3015 5774 nec
3066 5731 3131 5773 υ.
3177 5731 3493 5788 uregonus,
3540 5731 3643 5769 nec
3677 5731 3735 5790 φ.

445 5786 1832 5885 Samaritanus“:redemerunt?
1852 5786 2046 5885 eius;
2155 5784 3586 5885 -I‘.‘?.."1“£.~..Il.°f_f’“i..E‘Pﬁﬁﬁr‘lia‘iﬂﬂllseélﬁnﬁx.
3608 5793 3740 5885 ῖιυηι

445 5866 554 5915 etc.
605 5858 779 5918 Porro
818 5853 1089 5921 rationem
1130 5859 1294 5934 hujus
1339 5859 1570 5931 ordinis,
1612 5853 1710 5917 cur
1745 5860 1822 5917 ira
1849 5867 2048 5932 quarto
2155 5857 2334 5930 potius
2360 5853 2649 5927 invertant,
2679 5856 2800 5916 aliis
2822 5858 2971 5916 ducti
3004 5856 3327 5914 rationibus.
3353 5854 3459 5910 Sed
3483 5853 3611 5909 hoc.
