4048 6200
314 315 416 367 323

1650 300 1929 358 JOANNIS
1967 300 2267 357 CASSIANI

3505 262 3610 351 32‘s

314 432 537 490 oculum
567 431 768 488 mentis
797 428 975 487 noxiis
1000 427 1238 485 tenebris
1266 430 1291 459 ³
1332 400 1663 495 οὺὸωοθυῐε,
1692 441 1794 481 nec
1810 425 1905 497 ju-
1932 429 1985 491 Α
2012 424 2254 481 tionibus
2280 423 2636 490 aestimemur,
2666 419 2795 492 quia
2824 418 2905 474 ira
2932 415 3030 473 viri
3056 414 3328 489 justitiam
3362 414 3465 472 Dei
3494 431 3609 473 non

312 527 524 583 dicium
565 535 731 583 rectae
777 521 1123 581 discretionis
1166 516 1464 593 acquirere,
1514 534 1618 576 nec
1658 519 1905 577 honestae

313 619 786 693 contemplationis
822 617 1107 685 intuitum,
1141 632 1243 672 nec
1281 615 1660 670 maturitatem
1690 612 1902 669 consilii

313 715 609 788 possidere,
643 729 741 769 nec
777 712 900 767 vita:
929 711 1241 783 participes,
1278 724 1380 764 nec
1408 708 1632 781 justitiaa
1666 715 1902 773 tenaces,

311 807 409 864 sed
440 823 510 863 ne
530 806 790 878 spiritalis
825 803 1048 875 quidem
1076 818 1139 858 ac
1165 801 1276 857 veri
1308 801 1527 858 luminis
1550 816 1775 873 capaces
1802 815 1904 871 po-

312 902 544 957 terimus
572 898 825 964 existere,
855 898 982 967 quia
1024 896 1279 952 turbatus
1307 904 1411 963 est,
1448 895 1644 967 inquit,
1678 909 1789 966 prae
1823 893 1903 949 ira

311 992 501 1050 oculus
536 1007 699 1048 meus
741 992 907 1061 (Psal.
950 992 1116 1059 xxx).
1157 991 1271 1045 Nec
1306 988 1586 1061 sapientia:
1616 988 1906 1060 participes

309 1087 472 1155 efﬁci,
504 1086 720 1142 tametsi
746 1086 1017 1157 sapientes
1042 1083 1288 1139 omnium
1313 1083 1655 1155 pronuntiari
1687 1082 1905 1154 Opinio-

308 1197 377 1236 ne
404 1178 712 1247 videamur,
734 1178 865 1249 quia
890 1177 969 1232 ira
989 1176 1044 1231 in
1071 1176 1191 1232 sinu
1215 1175 1586 1247 insipientium
1611 1175 1906 1247 requiescit

307 1276 526 1342 (Eccles.
568 1278 700 1340 vn).
746 1269 850 1327 Sed
880 1286 949 1325 ne
993 1269 1162 1325 vitam
1204 1270 1424 1342 quidem
1472 1261 1905 1325 immortalitatis

309 1366 567 1439 consequi
614 1364 935 1437 poterimus,
982 1362 1235 1435 quamvis
1286 1363 1577 1435 prudentes
1623 1362 1906 1419 videamur

310 1459 628 1517 deﬁnitione
656 1456 947 1512 hominum
970 1454 1231 1527 judicari,
1260 1454 1386 1527 quia
1420 1455 1498 1510 ira
1537 1454 1715 1528 perdit
1741 1455 1904 1511 etiam

311 1552 599 1625 prudentes
623 1551 891 1619 (Proverb.
917 1564 1023 1617 xv,
1044 1564 1142 1603 sec.
1176 1549 1384 1613 LXX).
1409 1549 1520 1603 Nec
1536 1545 1766 1619 justitim
1790 1563 1901 1605 ma

309 1645 593 1702 deramina
641 1642 932 1715 perSpicaci
985 1641 1312 1697 discretione
1364 1640 1548 1698 cordis
1599 1642 1901 1698 valebimus

309 1738 575 1805 obtinere,
617 1736 739 1792 licet
768 1733 990 1806 perfecti
1021 1733 1301 1805 sanctique
1339 1742 1666 1790 cunctorum
1704 1734 1899 1807 opina-

2012 527 2272 590 operatur
2308 517 2508 586 (Iacob.
2548 520 2613 583 ι).
2663 516 2843 586 Ipsam
2886 525 3100 583 quoque
3138 508 3438 566 honestatis
3478 524 3608 582 grn-

2015 611 2260 676 vitatem,
2293 624 2414 682 quae
2450 609 2614 665 etiam
2644 606 2774 663 viris
2796 602 2981 662 saeculi
3015 602 3179 676 hujus
3200 601 3339 660 solet
3372 601 3608 661 familia-

2012 704 2089 760 ris
2124 702 2374 770 existere,
2410 700 2565 757 nullo
2604 698 2770 756 modo
2806 696 3085 771 possidere
3126 695 3445 769 poterimus,
3484 696 3612 753 licet

2011 797 2224 854 nobiles
2275 804 2330 853 et
2371 794 2585 852 honesti
2622 794 2890 851 natalium
2931 791 3289 866 praarogativa
3330 800 3639 865 putemur,'

2013 892 2137 962 quia
2176 891 2260 946 vir
2285 887 2583 945 iracundus
2613 886 2937 943 inhonestus
2965 895 3049 942 est
3076 886 3344 953 (Proeerb.
3382 899 3473 958 xl,
3503 901 3607 942 sec.

2011 984 2220 1052 LXX).
2258 979 2479 1038 Consilii
2521 980 2687 1036 etiam
2723 977 3093 1033 maturitatem
3125 976 3435 1033 nullatenus
3469 977 3611 1034 vale-

2013 1077 2195 1133 bimus
2226 1077 2496 1143 obtinere,
2530 1072 2783 1147 quamvis
2818 1086 3007 1145 graves
3037 1079 3092 1127 et
3127 1086 3347 1127 summa
3383 1070 3611 1129 scientia

2014 1169 2225 1243 praediti
2262 1169 2566 1239 videamur,
2592 1165 2716 1240 quia
2744 1166 2831 1222 vir
2853 1164 3142 1222 iracundus
3175 1163 3286 1237 agit
3320 1163 3439 1221 sine
3476 1179 3610 1220 con-

2011 1265 2129 1322 silio
2162 1264 2427 1333 (Proverb.
2467 1277 2600 1331 xiv,
2643 1278 2743 1323 sec.
2777 1258 2982 1327 LXX).
3014 1259 3121 1335 Sed
3148 1274 3251 1316 nec
3292 1258 3459 1332 quieti
3490 1274 3611 1316 esse

1986 1368 2065 1415 'a-
2106 1355 2602 1432 perturbationibus
2661 1355 2867 1423 noxiis,
2916 1370 3017 1411 nec
3071 1355 3371 1427 poterimus
3421 1368 3609 1411 carere

2013 1453 2273 1525 peccatis,
2302 1452 2520 1509 tametsi
2550 1464 2889 1522 nequaquam
2928 1448 3085 1505 nobis
3112 1446 3512 1520 inquietudines
3538 1446 3609 1503 ab

2014 1545 2130 1601 aliis
2173 1544 2496 1621 inferantur,
2537 1544 2666 1619 quia
2704 1541 2786 1598 vir
2832 1541 3111 1597 animosus
3147 1540 3288 1613 parit
3322 1538 3485 1606 rixas,
3528 1539 3609 1596 vir

2006 1649 2191 1697 autem
2219 1640 2519 1697 iracundus
2540 1631 2567 1672 ³³
2595 1634 2786 1695 effodit
2807 1642 3024 1709 peccata
3048 1636 3228 1703 (Prov.
3250 1648 3332 1692 xv
3356 1637 3409 1691 et
3424 1648 3606 1703 XXIX,

2006 1751 2107 1791 sec.
2141 1734 2347 1805 LXX).

1401 1888 1655 1945 ALARDI
1694 1890 1917 1946 GAZrEl
1955 1888 2509 1948 COMMENTARIUS.

306 2027 683 2158 exlplicandum
712 2026 893 2100 primo
921 2027 1053 2101 quid
1080 2027 1149 2085 sit
1176 2025 1274 2095 ira,
1316 2035 1369 2085 et
1402 2028 1494 2100 qui
1523 2028 1589 2085 ab
1622 2029 1900 2088 iracundia
1928 2037 1976 2100 Β
2008 2030 2140 2088 alias
2168 2030 2375 2089 dictum
2413 2037 2524 2097 est;
2569 2036 2624 2084 et
2662 2026 2858 2109 merito
2895 2023 3137 2100 quidem.
3182 2022 3606 2109 Quamplurima

306 2103 360 2159 di
393 2101 560 2159 ferat:
591 2100 831 2158 secundo
860 2116 929 2155 an
964 2099 1038 2156 sit
1066 2101 1257 2156 vitium
1291 2099 1551 2159 capitale:
1589 2101 1750 2159 tertio
1779 2118 1901 2159 quae
2010 2103 2156 2158 enim
2185 2102 2284 2157 alia
2314 2100 2437 2157 vitia
2466 2110 2523 2156 et
2549 2099 2693 2156 mala
2723 2115 2788 2156 ex
2826 2114 2903 2155 Ira
2932 2106 3221 2159 tamquam
3250 2113 3314 2153 ex
3344 2108 3520 2159 capite
3549 2108 3605 2155 et

349 2099 560 2174 ifferat;
591 2099 1038 2174 secundam—sit
1066 2101 1257 2174 vitium
1285 2099 1574 2174 _capitale;_
1589 2101 1901 2174 tertiosqua’.

307 2175 425 2245 ejus
464 2172 678 2245 soboles
712 2179 766 2227 et
800 2171 943 2245 ﬁliae.
989 2171 1184 2245 Quoad
1216 2170 1481 2245 primum,
1512 2171 1730 2228 adverte
1752 2170 1898 2245 ir‘am

307 2241 365 2300 in
392 2242 617 2300 homine
645 2257 762 2327 esse
783 2241 1079 2327 duplicem,
1100 2241 1330 2327 alteram
1356 2241 1411 2297 in
1444 2250 1596 2313 parte
1618 2243 1898 2327 sensitive,

306 2332 339 2371 a
365 2328 473 2395 qus
498 2314 770 2395 appetitus
798 2312 1089 2395 irascibilis
1113 2312 1520 2395 denominatur,
1538 2329 1663 2395 qua:
1689 2312 1900 2395 homini

306 2383 431 2442 cum
457 2383 628 2441 brutis
650 2392 734 2439 est
754 2384 1098 2456 communis;
1122 2384 1349 2456 alteram
1368 2383 1579 2440 homini
1601 2384 1899 2456 propriam,

305 2472 430 2529 quae
460 2456 515 2511 in
555 2463 723 2529 parte
744 2454 1018 2529 rationali,
1053 2454 1157 2511 hoc
1192 2464 1294 2522 est,
1322 2454 1375 2510 in
1414 2454 1685 2529 voluntate
1704 2454 1899 2529 consi-

303 2525 418 2595 stit,
445 2525 569 2599 quin
594 2525 725 2581 nihil
746 2525 895 2599 aliud
917 2534 999 2582 est
1016 2541 1181 2598 quam
1205 2535 1388 2599 motus
1407 2525 1576 2599 animi
1603 2525 1897 2599 vindictam

304 2596 604 2670 appetentis
635 2618 647 2653 :
692 2596 836 2670 unde
870 2613 997 2670 eam!
1022 2596 1594 2670 veteresdeﬁnierunt
1620 2596 1898 2654 libidinem

306 2666 628 2738 ulciscendi,
674 2668 749 2723 vel
778 2668 1166 2739 appetitionem
1206 2666 1464 2723 vindicta:
1499 2670 1753 2737 (August.
1799 2684 1899 2724 xtv

305 2742 371 2795 de
396 2743 546 2797 Cant.
580 2756 624 2795 c.
659 2744 753 2805 15;
783 2740 840 2795 S.
874 2741 1058 2799 Thom.
1089 2744 1183 2794 2-2
1214 2756 1266 2809 q.
1295 2743 1418 2807 158,
1441 2755 1486 2792 c.
1520 2745 1574 2803 ις
1599 2741 1771 2794 Arist.
1803 2740 1838 2793 ι.
1875 2754 1897 2795 I

308 2812 523 2868 Rhetor.
563 2828 607 2866 c.
641 2818 709 2879 2;
740 2812 916 2867 Senec.
950 2811 987 2864 l.
1024 2812 1089 2865 de
1123 2812 1213 2865 Ira
1249 2826 1294 2863 c.
1340 2817 1391 2864 3.
1444 2811 1579 2865 Vide
1615 2813 1763 2866 Lact.
1798 2810 1893 2865 lib.

306 2883 371 2937 de
413 2886 503 2938 Ira
539 2883 635 2937 Dei
666 2899 708 2937 c.
757 2883 864 2946 l7).
907 2884 1042 2951 Qua:
1080 2880 1301 2952 quidem
1336 2880 1436 2952 ira,
1474 2888 1535 2933 ut
1572 2880 1895 2952 plurimum,

305 2955 721 3025 conjunctaest
758 2967 885 3025 cum
923 2949 1002 3007 ira
1043 2949 1214 3022 partis
1255 2949 1523 3006 sensitiva:
1554 2949 1617 3025 et
1654 2949 1922 3025 motione

304 3018 568 3092 corporis.
600 3024 750 3076 Raro
776 3022 919 3092 enim
950 3018 1203 3077 movetur
1233 3034 1357 3092 pars
1381 3018 1658 3090 superior,
1688 3020 1821 3091 quin
1844 3028 1900 3092 et

308 3090 536 3148 inferior
564 3100 619 3146 et
645 3090 905 3146 seusitiva
937 3090 1244 3147 moveatur.
1279 3091 1366 3144 Ira
1398 3097 1606 3157 autem,
1636 3097 1695 3143 ut
1710 3090 1797 3145 est
1817 3090 1896 3145 vi-

307 3162 443 3218 tium
471 3177 567 3217 seu
598 3167 909 3230 peccatum,
940 3168 1029 3214 est
1067 3158 1433 3230 immoderata
1459 3175 1555 3215 seu
1594 3159 1897 3217 inordinata

306 3233 555 3288 vindicta:
600 3229 887 3302 cupiditas.
941 3232 1127 3302 Neque
1166 3229 1312 3284 enim
1339 3230 1671 3302 simpliciter
1716 3232 1896 3287 omnis

304 3303 573 3375 cupiditas
614 3300 862 3375 vindicta:
899 3300 1087 3375 illicita
1128 3309 1234 3375 est,
1258 3301 1350 3356 sed
1388 3300 1749 3375 immoderata
1778 3310 1899 3358 tan-

303 3371 442 3439 tum,
488 3374 597 3430 sive
630 3373 685 3429 in
722 3389 883 3428 causa
915 3372 1063 3444 justa
1108 3371 1354 3444 modum
1380 3371 1788 3444 excedat,gsive
1831 3389 1896 3429 ex

2010 2103 2156 2179 enim
2185 2102 2284 2179 alia
2307 2100 2437 2179 .vitia
2460 2099 2693 2179 etmala
2723 2115 2788 2156 ex
2806 2098 3221 2179 iira'Atamqu-am
3250 2098 3520 2179 ex_capite
3549 2108 3605 2155 et

2011 2169 2164 2230 fonte
2193 2170 2320 2229 oriri
2355 2170 2708 2241 notissimum
2739 2178 2826 2227 est
2862 2188 2875 2224 :
2908 2171 3028 2239 Qua
3056 2169 3269 2225 ratione
3296 2171 3367 2241 D.
3403 2171 3604 2241 Grego-

2011 2247 2125 2301 rius
2149 2243 2386 2306 soboles,
2418 2258 2513 2299 seu
2537 2238 2677 2298 ﬁlias
2702 2244 2806 2299 Irae
2833 2238 3196 2296 sex’recenset
3220 2240 3358 2305 (Lib.
3388 2254 3423 2293 ν
3450 2257 3496 2295 c.
3519 2238 3598 2311 ⁷1).

2009 2320 2085 2371 De
2114 2318 2217 2378 ira,
2248 2314 2443 2386 inquit,
2474 2317 2631 2386 mare,
2665 2317 2841 2368 tumor
2872 2311 3087 2386 mentis,
3123 2312 3469 2386 contumelia,
3491 2313 3602 2386 cla:

2008 2403 2143 2449 mor,
2175 2381 2502 2454 indignatio,
2530 2385 2858 2453 blasphemia
2872 2383 3251 2454 proferuntur.
3276 2383 3359 2454 Ira
3384 2381 3528 2454 enim
3551 2383 3599 2439 si

2009 2464 2092 2533 est
2119 2451 2355 2533 interna,
2392 2455 2527 2511 ﬁlias
2554 2451 2723 2533 gignit
2745 2451 3022 2533 tumorem
3050 2452 3248 2533 mentis
3265 2460 3321 2509 et
3344 2451 3599 2533 indigna-

2008 2528 2251 2594 tionem;
2280 2523 2721 2592 siexterna'fvel
2751 2532 2836 2581 est
2868 2524 3072 2594 inore,
3094 2531 3152 2578 et
3189 2523 3271 2579 sic
3302 2523 3448 2594 parit
3469 2523 3598 2579 'cla-

2009 2592 2245 2665 morem,
2273 2595 2660 2653 contumeliam
2689 2604 2744 2652 et
2771 2592 3199 2665 blasphemiam;
3231 2592 3327 2649 vel
3352 2594 3412 2650 in
3438 2610 3605 2665 opere

2008 2676 2064 2724 et
2100 2664 2266 2734 facto,
2293 2677 2348 2724 et
2364 2668 2450 2725 sic
2476 2682 2541 2723 ex
2568 2666 2648 2722 ira
2676 2664 2933 2746 oriuntur
2960 2664 3121 2735 rixa),
3140 2672 3195 2721 et
3221 2679 3344 2746 qua:
3360 2664 3602 2746 \ex__rixis

2005 2733 2310 2811 sequuntur
2341 2746 2692 2811 nocumenta
2718 2734 2930 2811 _'omnia
2982 2733 3121 2811 quae
3150 2733 3415 2811 prdximis
3457 2735 3599 2811 utie-

2007 2805 2222 2865 runtur.
2253 2808 2359 2866 Sed
2392 2808 2509 2866 haec
2532 2807 2653 2865 vide
2682 2807 2890 2878 plenius
2913 2805 3175 2878 explicata
3197 2805 3342 2877 apud
3372 2806 3433 2864 S.
3456 2806 3603 2865 Tho-

2006 2896 2156 2936 mam
2185 2883 2459 2947 (Leonar.;
2490 2882 2630 2936 Less.
2662 2877 2754 2934 lib.
2783 2894 2852 2935 tv
2883 2895 2929 2934 c.
2961 2884 2995 2933 4
3023 2877 3089 2947 de
3111 2881 3294 2943 Just.).

2077 2955 2101 2982 "
2132 2953 2291 3006 Hunc
2311 2948 2493 3006 locum
2521 2951 2676 3021 plane
2696 2949 2939 3021 imitatus
2964 2946 3175 3021 videtur
3200 2950 3274 3021 D.
3303 2947 3600 3021 Gregorius

2006 3019 2099 3076 lib.
2144 3036 2179 3074 v
2210 3021 2500 3077 Moralium
2523 3017 2581 3077 ‘c.
2622 3027 2712 3089 3|,
2742 3020 2837 3081 ubi
2882 3019 3007 3089 haec
3038 3017 3227 3077 eadem
3259 3017 3357 3076 irae
3388 3017 3597 3077 incom-

2006 3090 2170 3148 moda
2216 3101 2481 3160 recenset,
2527 3100 2582 3147 et
2624 3087 2708 3146 ex
2734 3090 2940 3148 eisdem
2981 3087 3099 3149 fere
3137 3090 3428 3161 Scriptura:
3464 3092 3599 3149 locis

2006 3162 2153 3227 (aliis.
2183 3163 2411 3227 subinde
2446 3162 2662 3231 additis)
2692 3160 3004 3219 conlirmat.
3046 3163 3147 3216 Per
3189 3160 3351 3233 iram,
3392 3160 3595 3233 inquit,

2004 3236 2271 3303 sapientia
2304 3234 2581 3304 perditur,
2616 3236 2676 3287 ut
2712 3233 2868 3303 quid,
2902 3248 3068 3302 quove
3107 3232 3294 3288 ordine
3328 3232 3597 3301 agendum

2005 3307 2096 3367 sit,
2127 3306 2418 3368 nesciatur,
2459 3307 2594 3360 sicut
2621 3306 2881 3374 scriptum
2919 3307 2996 3358 est
3027 3321 3043 3357 :
3075 3305 3167 3359 Ira
3194 3305 3253 3357 in
3287 3304 3413 3358 sinu
3438 3306 3598 3360 stulti

2006 3378 2286 3444 requiescit
2305 3377 2524 3443 (Eccles.
2546 3374 2686 3447 vn);
2707 3377 2842 3444 quia
2860 3376 3117 3430 nimirum
3133 3374 3502 3447 intelligentia:
3516 3377 3596 3431 Iu-

301 3435 465 3501 causa
504 3446 703 3517 injusta
748 3435 1027 3525 procedat:
1066 3443 1256 3525 Causa.
1282 3441 1480 3525 injusts
1520 3435 1897 3525 est'injuriam
1932 3435 1976 3498 C
2004 3435 2113 3525 cem
2136 3435 2450 3525 subtrahit,
2493 3435 2871 3525 cum
3285 3435 3591 3525 Mutua.

302 3531 460 3573 suam
506 3513 572 3573 et'
606 3513 886 3587 propriam
929 3514 1065 3583 velle
1112 3513 1412 3587 vindicare;
1464 3513 1581 3587 haec
1615 3513 1783 3587 enim,
1838 3524 1897 3571 ut

302 3587 544 3660 propria,
589 3584 894 3657 numquam
950 3594 1034 3641 est
1072 3584 1421 3660 _vipdicapda.
1476 3584 1581 3642 Sed
1612 3584 1759 3660 justa
1815 3594 1897 3640 est

304 3653 554 3714 vindicta
597 3653 783 3724 causa,
828 3671 955 3711 cum
1006 3653 1086 3709 vel
1136 3653 1239 3711 Dei
1283 3654 1459 3710 honor
1507 3653 1786 3720 asséritur,
1833 3665 1894 3711 ut

302 3729 535 3785 Phinees
569 3736 623 3783 et
665 3729 880 3798 Moyses
916 3725 1041 3798 irati
1076 3733 1223 3791 sunt,
1264 3725 1345 3798 vel
1387 3724 1517 3798 ipsis
1564 3725 1638 3780 ita
1679 3726 1897 3798 expedit

300 3800 496 3870 quibus
524 3796 1104 3870 irascimur.,Elﬁcitur
1134 3812 1266 3870 ergo
1298 3796 1376 3853 ira
1409 3796 1602 3870 vitiosa
1630 3804 1684 3852 et
1722 3796 1888 3865 mala,

298 3867 344 3926 si
376 3871 623 3926 ordinem
654 3867 883 3923 rationis
913 3868 1189 3934 excludat,
1216 3868 1290 3922 ait
1314 3870 1371 3924 S.
1402 3868 1644 3925 Thomas
1664 3870 1811 3933 (Art.
1833 3873 1891 3936 2,

299 3943 395 3997 ubi
415 3947 622 4012 supra),
649 3939 755 3995 hoc
778 3939 953 4012 est,_si
976 3937 1201 4012 modum
1227 3954 1259 4012 a_
1283 3938 1494 4012 ratione
1515 3939 1893 4012 praascriptum

298 4030 407 4069 non
445 4009 673 4083 servet;
691 4009 843 4083 quod
866 4010 1079 4066 duobus
1112 4009 1291 4083 modis
1315 4010 1621 4083 contingit;
1644 4010 1891 4083 primum

298 4100 362 4139 ex
399 4092 551 4155 parte
587 4079 812 4155 objecti,
835 4096 969 4137 cum
995 4080 1277 4155 appetitur
1305 4079 1542 4155 vindicta
1582 4079 1801 4155 injusta,
1831 4090 1893 4138 ut

296 4156 341 4210 si
372 4151 495 4225 quis
521 4151 668 4211 velit'
686 4152 899 4225 punire,
928 4151 1009 4207 vel
1043 4151 1267 4225 appetat
1292 4151 1469 4225 puniri
1498 4151 1742 4224 eumqui
1773 4168 1890 4225 non

300 4222 525 4293 meruit,
553 4225 633 4281 vel
674 4222 814 4279 ultra
840 4239 1020 4295 .quam
1055 4222 1399 4291 meruit,'vel
1434 4240 1551 4295 non
1586 4222 1886 4295 secundum

298 4296 600 4367 legitimum
632 4293 904 4367 ordinem,
930 4294 1013 4367 vel
1036 4310 1147 4367 non
1171 4303 1392 4366 propter
1419 4294 1667 4367 debitum
1695 4293 1889 4362 ﬁnem,

299 4363 391 4435 qui
431 4373 515 4420 est
542 4364 895 4435 conservatio
931 4363 1252 4433 justitiaa'et
1276 4363 1552 4429 correctio
1586 4366 1792 4435 culpat;
1835 4374 1889 4420 et

299 4432 404 4490 hoc
430 4432 596 4491 modo
634 4432 1025 4506 peccatum_’est
1050 4448 1113 4486 ex
1130 4448 1449 4506 generesuo
1480 4432 1888 4506 mortale,_quia

298 4512 491 4580 contra
524 4502 755 4580 proximi
772 4500 1101 4580 claritatem
1129 4500 1188 4580 et
1203 4501 1474 4580 justitiam
1511 4520 1525 4580 ς
1555 4500 1794 4580 secundd
1823 4520 1885 4580 ex

301 4570 649 4650 parteipsius
670 4578 875 4650 motus,
902 4585 1029 4650 cum
1052 4570 1171 4650 quis
1200 4570 1562 4650 immoderate
1586 4572 1889 4650 effervescit

297 4640 414 4703 sive
459 4640 723 4708 interius,
762 4642 879 4713 sive
918 4640 1183 4713 exteriore
1223 4640 1404 4713 aliquo
1446 4642 1632 4713 signo,
1674 4644 1885 4700 etiamsi

298 4716 495 4790 alioqui
521 4721 739 4790 appetat
756 4712 972 4790 justam
997 4711 1443 4790 vindictam—His
1470 4711 1686 4790 duobus
1708 4715 1885 4771 modis

2004 3519 2106 3571 Per
2124 3518 2270 3573 iram
2286 3519 2403 3572 cita
2421 3519 2716 3582 amittitur,
2734 3519 2837 3571 etsi
2851 3518 3118 3586 sapientia
3139 3517 3311 3571 teneri
3320 3516 3591 3581 videatur,

2002 3589 2141 3642 sicut
2168 3590 2431 3657 scriptum
2453 3593 2531 3642 est
2562 3606 2579 3642 :
2610 3591 2703 3642 Ira
2723 3588 2907 3658 perdit
2936 3589 3097 3642 etiam
3118 3586 3434 3655 prudentes,
3460 3591 3593 3658 quia

2002 3659 2201 3713 scilicet
2230 3660 2484 3725 confusus
2519 3661 2729 3713 animus
2756 3673 3099 3727 nequaquam
3125 3658 3323 3727 explet,
3355 3660 3517 3713 etiam
3544 3660 3595 3714 si

2001 3730 2136 3797 quid
2168 3730 2455 3798 intelligere
2478 3730 2772 3799 prudenter
2794 3730 2956 3783 valet.
2984 3731 3085 3783 Per
3113 3729 3250 3783 iram
3267 3728 3491 3797 justitia
3519 3747 3596 3785 re-

2003 3800 2287 3869 linquitur,
2325 3802 2463 3855 sicut
2488 3801 2744 3871 scriptwn
2773 3805 2853 3854 est
2884 3817 2901 3871 ς
2932 3803 3025 3856 Ira
3054 3801 3168 3854 viri
3183 3799 3467 3868 justitiam
3491 3803 3590 3857 Dei

2000 3885 2104 3942 non
2123 3876 2377 3941 operatur
2389 3869 2655 3942 (Jacobft)
2676 3889 2693 3937 ;
2714 3872 2847 3940 quia
2864 3869 2994 3926 dum
3007 3871 3335 3942 perturbata
3347 3886 3492 3927 mens
3496 3872 3592 3941 ju-

2001 3941 2204 3999 ditium
2229 3958 2341 3998 sua:
2366 3944 2592 3998 rationis
2618 3946 2939 4011 exasperat,
2964 3957 3114 3996 omne
3137 3941 3281 4010 quod
3300 3943 3458 4008 furor
3473 3959 3591 4011 sug-

1997 4015 2159 4080 gerit.
2209 4017 2408 4068 rcctum
2437 4018 2628 4084 putat.
2663 4016 2763 4070 Per
2801 4014 2946 4067 iram
2990 4014 3177 4084 gratia
3215 4015 3343 4067 vitas
3376 4015 3587 4070 socialis

1998 4086 2291 4147 amittitur,
2318 4083 2457 4140 sicut
2480 4087 2737 4154 scriptum
2758 4088 2837 4139 est
2866 4101 2882 4138 :
2907 4083 3032 4142 Noli
3055 4084 3441 4154 assesassiduus
3467 4100 3587 4139 cum

2000 4154 2209 4210 homine
2242 4155 2528 4221 iracundo;
2565 4153 2631 4208 ne
2670 4155 2847 4210 discas
2885 4156 3103 4209 semitas
3134 4153 3271 4222 ejus,
3315 4161 3365 4210 et
3403 4169 3587 4210 sumas

1996 4226 2313 4280 scandalum
2333 4228 2527 4283 anima:
2550 4229 2677 4280 tuae.
2706 4226 2776 4280 Et
2792 4223 2955 4279 idem.
2983 4226 3111 4291 Quis
3132 4227 3329 4293 poterit
3348 4226 3589 4282 habitare

1996 4312 2116 4349 cum
2144 4297 2355 4350 homine
2382 4296 2535 4365 cujus
2562 4297 2791 4365 spiritus
2822 4297 3008 4362 faa'lis
3038 4300 3117 4351 est
3149 4296 3225 4351 ad
3252 4297 3585 4352 irascendum

1995 4366 2269 4430 (Proverb.
2299 4369 2500 4432 XXII)?
2530 4367 2661 4435 quia
2691 4367 2789 4434 qui
2811 4381 2869 4420 se
2895 4381 2962 4421 ea:
2989 4365 3229 4422 humana
3251 4369 3456 4423 ratione
3481 4384 3585 4423 non

1996 4440 2274 4506 tempemt,
2288 4450 2488 4491 necesse
2501 4441 2579 4491 est
2594 4440 2655 4491 ut
2675 4436 2972 4492 bestialiter
2988 4438 3132 4493 salus
3150 4440 3317 4495 vivat.
3332 4440 3436 4495 Per
3444 4439 3586 4494 iram

1995 4506 2275 4561 concordia
2298 4509 2591 4578 rumpitur,
2607 4508 2745 4562 sicut
2762 4508 3023 4578 scriptum
3044 4512 3123 4564 est
3148 4528 3163 4563 :
3184 4511 3294 4566 'Vir
3312 4511 3584 4566 animosus

1990 4579 2145 4650 parit
2178 4580 2349 4640 miras,
2388 4572 2439 4633 et
2472 4580 2559 4633 vir
2598 4572 2890 4650 iracundus
2923 4572 3156 4648 effundit
3184 4583 3404 4650 peccata
3441 4582 3585 4646 (Pra

1994 4648 2132 4702 verb.
2171 4654 2368 4714 χχιχ).
2396 4649 2698 4705 Iracundus
2718 4652 2917 4720 quippe
2939 4654 3157 4720 peccata
3175 4648 3423 4719 eﬂ‘widit,
3452 4654 3584 4720 quia

1992 4721 2155 4792 etiam
2194 4721 2379 4792 malos,
2415 4737 2557 4792 quos
2590 4722 2802 4775 incaute
2841 4721 2916 4775 ad
2951 4721 3278 4776 discordiam
3312 4728 3580 4792 provocat,

298 4782 569 4871 genericis
595 4782 794 4871 transit
820 4784 900 4871 ira
933 4782 1635 4871 in‘v'itiummansttetuQini
1671 4790 1893 4871 cun‘traa
1915 4796 1966 4869 θ
1988 4788 2196 4871 peiuras
2222 4782 2388 4871 facit.
2415 4782 2691 4871 Perfiram
2719 4792 3094 4871 Integritatis
3121 4782 3414 4871 umittitur,
3445 4782 3582 4848 sicut

302 4853 444 4915 Fium
493 4856 642 4926 quod
687 4855 758 4911 ab
803 4854 1096 4926 Aristotele
1138 4853 1333 4926 dicitur
1377 4853 1662 4926 ὀργιλδτης,
1716 4856 1883 4914 latine

302 4876 444 4915 num
532 4875 642 4913 υοα
687 4875 758 4911 δυ
803 4875 1096 4911 Ληδῐοῐθιϐ
1138 4875 1333 4910 αιειωι·
1377 4875 1662 4926 οργιΛστης,
1716 4875 1883 4914 mune

301 4875 609 4994 iracundia;
635 4935 961 4999 quietamen
990 4925 1322 4999 frequentius
1351 4942 1451 4999 pro
1476 4927 1661 4999 habitu
1692 4927 1883 4986 vitioso

301 4999 566 5057 irascendi
598 4996 881 5070 accipitur,
910 4996 1370 5070 distinguiturque
1401 4996 1615 5070 abipso
1641 5007 1764 5055 actu
1787 5015 1882 5056 seu

301 5082 458 5149 moui
493 5071 611 5149 iraa,
650 5066 743 5149 qui
775 5068 962 5149 (ξηροῦ
992 5066 1565 5149 ῥργῆγοοεῄιιτκῐιξιὶο
1600 5070 1791 5149 (licere
1832 5071 1887 5149 in

302 5158 361 5198 ιν
398 5137 691 5198 Tusculani
734 5156 746 5191 :
788 5138 1099 5211 Iracundia,
1136 5137 1333 5211 inquit,
1363 5141 1432 5194 ab
1468 5142 1555 5195 ira
1591 5142 1797 5211 differt,
1828 5148 1897 5197 ut

298 5216 546 5267 mucietas
571 5210 640 5264 ab
663 5224 875 5281 angore.
901 5209 1075 5277 Neque
1096 5209 1235 5261 enim
1255 5224 1430 5265 omnes
1456 5216 1583 5265 sunt
1610 5209 1771 5266 aiurii
1794 5215 1892 5281 qui

297 5290 572 5353 anguntur
586 5280 1082 5353 aliquando,_neque
1097 5281 1258 5333 anxii
1272 5294 1476 5351 semper
1496 5287 1774 5350 anguntur
1799 5280 1815 5335 Ξ
1836 5289 1887 5337 et

302 5351 442 5410 inter
468 5354 769 5407 ebrietatem
791 5356 841 5404 et
863 5351 1219 5422 ebriositatem
1244 5353 1493 5417 interest;
1510 5353 1783 5422 aliudque
1809 5358 1886 5407 est

300 5442 409 5481 esse
440 5428 746 5484 amatorem,
784 5421 940 5474 aliud
977 5426 1264 5476 amantem.
1307 5424 1379 5477 Et
1414 5424 1614 5478 Seneca
1653 5422 1788 5490 (Lib.
1820 5422 1885 5477 de

299 5500 394 5553 Ira
433 5513 551 5567 cap.
585 5498 639 5567 4)
674 5506 807 5564 pene
835 5489 1033 5567 iisdem
1058 5491 1238 5567 verbis
1266 5492 1402 5567 iram
1427 5491 1560 5547 dicit
1592 5489 1883 5567 eodistare

297 5568 367 5624 ab
396 5560 695 5627 iracundia}
731 5577 841 5634 quo
881 5560 1096 5617 ebrium
1125 5562 1196 5617 ab
1234 5563 1475 5630 ebrioso,
1517 5572 1570 5617 et
1596 5562 1880 5620 timentem

296 5655 326 5694 a
352 5638 565 5694 timido.
595 5638 773 5691 Iratus
795 5634 933 5688 enim
956 5638 1128 5702 potest
1153 5649 1259 5687 non
1283 5649 1391 5689 esse
1416 5634 1731 5698 iracundus,
1761 5636 1880 5690 ira-

295 5711 499 5766 cunctus
524 5710 697 5779 potest
719 5703 1016 5779 aliquando
1042 5718 1146 5779 non
1169 5706 1344 5779 iratus
1363 5719 1490 5779 esse.
1516 5707 1688 5779 Porro
1717 5707 1877 5776 iram,

294 5798 390 5838 seu
416 5774 744 5836 iracundiam
770 5776 821 5830 in
843 5789 1079 5829 numero
1101 5774 1354 5849 vitiorum
1373 5775 1703 5849 capitalium,
1732 5774 1877 5849 pra»;

295 5861 378 5910 ter
436 5849 776 5918 Cassianum,
824 5853 1069 5903 recenset
1112 5843 1278 5902 etiam
1333 5848 1401 5901 D.
1441 5843 1766 5919 Gregorius,
1815 5858 1878 5906 ut

1991 4860 2259 4929 scriptum
2285 4860 2417 4916 est":
2454 4860 2544 4918 Sol
2568 4864 2675 4916 non
2701 4861 2908 4917 occidat
2938 4878 3098 4932 super
3124 4863 3464 4918 iracundiam
3488 4880 3579 4919 ve-

1990 4936 2158 4986 stram
2180 4934 2390 5001 (Ephes.
2414 4932 2501 5003 1v)
2520 4951 2535 4995 ς
2557 4935 2690 5002 quia
2708 4949 2824 4987 cum
2839 4937 3004 4987 menti
3018 4933 3303 4988 iracundia
3322 4936 3581 5001 confusio-

1990 5004 2072 5073 nis
2100 5004 2336 5058 tenebras
2358 5005 2567 5066 incutit,
2589 5004 2712 5057 huic
2730 5007 2869 5060 Deus
2885 5004 3103 5058 radium
3122 5020 3233 5059 sure
3260 5006 3578 5073 cognitionis

1995 5072 2287 5145 abscondit.
2329 5074 2463 5129 Haec
2504 5076 2571 5127 D.
2615 5072 2940 5145 Gregorius,
2981 5088 3104 5144 qua:
3149 5074 3219 5130 ad
3262 5072 3578 5132 illustranda

1992 5144 2248 5219 quaedam
2289 5146 2582 5219 Scriptura:
2616 5143 2755 5219 loca?
2779 5143 3083 5219 proderunt
3117 5159 3239 5218 quae
3275 5145 3480 5217 passim
3519 5145 3577 5202 in

1994 5212 2098 5269 hoc
2127 5214 2266 5270 libro
2295 5212 2551 5269 citantur.
2738 5216 2743 5221 ’
2779 5212 2800 5219 ’
2934 5212 2937 5213 ⁷
3130 5212 3150 5218 “
3228 5274 3231 5277 .

2062 5278 2090 5316 δ
2113 5286 2340 5359 Εποάίτ.
2382 5286 2464 5359 Ita
2492 5284 2655 5341 etiam
2683 5284 3033 5359 manuscripti
3061 5283 3171 5359 duo
3201 5284 3345 5359 apud
3374 5302 3486 5357 me,
3518 5295 3574 5345 et

1991 5353 2233 5430 plerique
2268 5356 2502 5430 excusis
2528 5360 2783 5430 Attamen
2812 5372 2880 5430 ex
2906 5353 3032 5430 divo
3056 5353 3321 5430 Gregorio
3336 5353 3575 5430 omnino

1990 5425 2379 5502 restituendum
2420 5425 2655 5502 videtur}
2695 5426 2946 5498 emuidit,
2989 5425 3132 5484 sicut
3170 5425 3231 5484 Et
3275 5428 3574 5502 Dionysius

1990 5495 2243 5573 reddidit,
2268 5504 2322 5573 e_t
2341 5499 2585 5573 Joannes
2600 5495 3048 5573 Iurrecrematus
3060 5505 3290 5573 tractatu
3309 5495 3572 5573 vigesimo

1988 5568 2174 5638 quinto
2204 5568 2258 5623 in
2274 5566 2556 5641 Regulam
2581 5566 2691 5626 divi
2722 5569 3015 5641 Benedicti,
3046 5569 3141 5624 ubi
3170 5568 3273 5641 hoc
3299 5566 3465 5641 caput
3492 5572 3572 5629 in-

1987 5645 2200 5711 tegrum
2240 5638 2919 5711 citat'indetestationem
2961 5639 3125 5705 huius
3167 5640 3297 5697 vitii.
3330 5638 3411 5699 Et
3452 5642 3571 5701 haec

1986 5709 2214 5786 quidem
2241 5725 2305 5786 ex
2347 5709 2595 5786 versione
2636 5712 3004 5786 Septuaginta.
3039 5713 3180 5786 Nam
3219 5713 3432 5786 vulgata
3469 5713 3570 5770 ha-

1985 5778 2078 5855 bet
2103 5798 2114 5833 :
2143 5782 2243 5836 i'ir
2256 5782 2546 5855 iracundus
2558 5778 2807 5853 prora-cat
2826 5778 2995 5855 Heras,
3017 5786 3068 5837 et
3083 5782 3271 5855 ιμήν(ιᾴ
3291 5778 3569 5855 ι’ἷιιιίθηαη-

1984 5850 2111 5905 dum
2145 5852 2331 5919 facilis
2370 5860 2467 5918 est,
2504 5850 2608 5909 erit
2645 5850 3429 5926 mt'peccandum'pmclit'iorf
3456 5855 3565 5915 Ubi
