3996 6198
378 264 389 278 ,_
418 210 515 265 331

1764 191 2043 250 JOANNIS
2080 192 2384 250 CASSIANI

3625 197 3731 271 332

420 328 606 388 omnis
633 329 714 386 ira
738 325 959 384 tollatur
994 341 1026 382 a
1063 322 1241 394 vobis,
1265 321 1479 380 nullam
1502 319 1723 393 penitus
1750 318 1897 376 velut
1918 334 2020 376 nc-
2049 321 2103 385 Α
2129 319 2425 376 cessariam
2458 324 2514 374 et
2541 315 2731 375 utilem
2756 315 2920 374 nobis
2960 315 3184 388 excepit.
3214 318 3239 375 β
3264 314 3726 388 Delinquentem-

1519 426 1777 482 ALARDI
1812 426 2041 482 GAZEI
2076 422 2638 481 COMMENTARIUS.

425 524 787 595 linquentibus
810 522 1014 577 volunt.
1044 520 1119 595 Si
1133 521 1272 574 enim
1292 517 1592 595 pronimos,
1620 519 1682 569 ut
1704 530 1817 595 nos,
1845 530 2029 595 amare

408 588 800 668 ‘précipimur;
818 592 1147 668 restat__utsic
1165 605 1342 668 eorum
1362 588 1655 668 erratibus,
1668 590 1809 668 sicui
1830 588 2030 642 nostris

424 657 607 730 bitiis:
623 657 939 720 irascamur.
973 663 1098 723 llaec
1125 668 1178 716 et
1218 660 1322 715 alia
1359 662 1427 713 D.
1456 657 1749 730 Gregorius
1787 657 1845 712 in
1882 671 2029 712 eam-

425 736 554 795 dem
578 729 921 793 Sententiam.
948 733 1058 789 Ubi
1087 731 1327 803 primum
1353 730 1603 803 observet
1624 729 1792 784 lector
1815 736 2026 803 postre-

425 810 535 865 mis
563 808 740 863 verbis
768 804 1010 861 recitatis
1048 799 1207 858 tacite
1233 799 1556 873 reprehendi
1590 799 1846 873 nostrum
1887 800 2022 855 Cas-

427 880 666 945 sianum,
705 885 800 933 aut
840 878 933 946 qui
964 871 1438 946 Cassianum—non
1472 880 1618 946 recte
1660 871 2023 946 intelligentes

427 956 623 1021 putant
642 942 1022 1021 tantummodo
1042 944 1223 1021 nobis,
1250 957 1346 999 seu
1367 942 1568 1021 nostris
1596 943 1892 1021 erratibus,
1904 956 2022 997 non

429 1013 597 1076 etiam
635 1018 902 1091 proximis
943 1015 1252 1091 errantibus
1290 1022 1345 1091 et
1383 1013 1838 1091 delinquentibus
1859 1013 2020 1091 licere

430 1091 588 1147 irasci
611 1082 776 1157 {cum
802 1088 873 1143 sit
901 1086 1189 1157 utrobique
1216 1084 1409 1141 eadem
1441 1082 1598 1141 ratio.
1626 1087 1767 1141 Nam
1794 1083 1840 1157 si
1862 1082 2024 1140 nobis

429 1155 719 1217 irascimur
742 1168 960 1229 pr0pter
990 1155 1257 1229 offensam
1281 1156 1416 1229 _Dei,
1446 1171 1683 1229 cur_non
1712 1155 1903 1229 eadem
1933 1170 2028 1229 ra-

432 1233 582 1288 tione
609 1225 1083 1303 proximisDeum
1108 1225 1522 1303 offendentibus
1548 1226 1889 1303 irascamur?
1925 1226 2029 1282 Se-

433 1296 627 1359 cundo’
644 1318 710 1357 ex
748 1300 930 1370 verbis
961 1297 1405 1355 antecedentibus
1440 1297 1705 1370 discimus
1730 1296 1869 1352 iram
1911 1311 2039 1357 esse.

432 1373 701 1445 duplicem
722 1415 737 1441 ,
766 1373 997 1445 alteram
1022 1370 1228 1445 bonam
1263 1371 1332 1440 et:
1362 1369 1561 1445 rationi
1587 1376 2027 1445 consentaneam,

432 1438 662 1500 alteram
707 1438 912 1499 malam
963 1449 1021 1497 et
1070 1438 1345 1496 vitiosam.
1403 1442 1502 1495 Est
1557 1439 1704 1495 enim
1750 1438 1829 1494 ira
1886 1438 2028 1495 bona

434 1523 489 1571 et
541 1514 855 1592 laudabilis,
906 1513 1083 1592 primo
1130 1527 1258 1592 cum
1313 1510 1564 1592 diabolo,
1628 1510 1854 1592 ejusque
1885 1525 2031 1592 ‘sug-

436 1586 774 1669 gestionibus
802 1580 1367 1669 foriiterDresistimus,
1398 1590 1465 1669 et
1495 1580 2035 1669 caput’iserpentisin

434 1652 563 1729 ipso,
592 1665 814 1723 exortu,
859 1664 922 1711 ut
965 1654 1096 1729 alias
1138 1652 1347 1709 dictum
1377 1661 1524 1729 _est,_
1548 1652 1886 1729 Conterimus
1918 1668 1933 1705 :
1961 1652 2039 1729 sic

438 1723 690 1785 Christus
705 1734 1031 1782 tentatorem
1047 1726 1221 1780 iratus
1238 1723 1459 1796 repulit,
1471 1723 1658 1780 dicens
1671 1724 1888 1796 (Matth.
1909 1726 2005 1789 ιιι)
2025 1742 2037 1777 :

2135 512 2189 569 id
2216 520 2321 579 est,
2350 510 2715 579 ulciscentes),
2760 508 3114 575 Charissimi;
3140 510 3233 565 sed
3271 510 3398 566 date
3423 511 3595 567 locum
3634 515 3730 570 ira

2134 583 2411 652 Scriptum
2432 591 2514 638 est
2529 583 2677 639 enim
2701 603 2713 638 :
2739 584 2876 639 Mihi
2884 582 3196 645 vindictam,
3220 585 3271 635 et
3290 598 3384 651 ego
3404 585 3727 643 retribuam.

2136 660 2197 710 4ο
2246 655 2451 725 Sinon
2505 663 2650 710 recta
2690 653 3285 725 intentione,_nempe
3338 660 3397 708 ut
3453 656 3733 725 proximus
3793 665 3809 676 ‘

2131 724 2480 798 emendetur,
2523 724 2735 798 justitia
2779 733 2833 780 et
2878 723 3165 798 disciplina
3208 723 3475 798 servetur,
3510 735 3573 783 et
3612 736 3728 786 tam

2132 797 2223 869 qui
2251 796 2392 869 laesit
2413 794 2588 869 quam
2601 796 2697 869 alii
2723 796 2775 850 in
2808 794 3086 869 posterum
3099 795 3178 869 ab
3200 794 3407 869 injuria
3434 812 3733 858 coercean-

2130 864 2249 935 t'ur;
2295 866 2394 924 sed
2429 864 2495 924 ex
2521 866 2650 923 odio
2681 874 2736 922 et
2764 864 3167 935 malevolentia,
3200 864 3307 922 hoc
3337 875 3440 935 est,
3460 883 3524 925 ea
3548 870 3730 928 inten-

2130 940 2300 1005 tione,
2327 946 2389 994 ut
2419 938 2468 994 ei
2493 937 2636 994 male
2664 938 2754 1003 sit,
2784 937 2864 993 sic
2887 937 3034 993 enim
3065 946 3147 993 est
3172 945 3328 993 actus
3358 938 3493 1009 odii,
3519 948 3571 996 et
3597 958 3732 999 cou-

2131 1019 2214 1067 tra
2260 1009 2580 1066 charitatem
2606 1008 2915 1081 proximi;
2940 1023 3049 1079 quo
3078 1009 3258 1081 modo,
3276 1008 3345 1064 de
3380 1010 3458 1065 ira
3493 1012 3737 1071 solemus

2132 1081 2311 1148 loqui,
2345 1096 2473 1136 cum
2512 1079 2747 1137 dicimus
2787 1080 3042 1135 illicitum
3084 1094 3203 1137 esse
3244 1080 3442 1148 irasci,
3491 1084 3639 1141 unde
3681 1094 3735 1143 et

2136 1097 2186 1137 ιο
2227 1098 2311 1148 ω,
2345 1097 2473 1136 cum
2512 1097 2747 1137 uicimus
2787 1097 3042 1135 nucttum
3084 1097 3203 1137 esse
3244 1097 3442 1148 irasci,
3491 1097 3639 1141 unde
3681 1097 3733 1143 et

2136 1097 2381 1224 viﬂgaris
2401 1152 2478 1224 ira
2507 1151 2708 1224 dicitur
2730 1159 2917 1206 motus
2946 1149 3155 1208 scilicet
3177 1150 3346 1224 animi
3382 1153 3523 1211 male
3548 1156 3733 1213 volen-

2136 1223 2205 1279 tis
2232 1221 2485 1294 alteriiob
2516 1221 2771 1294 injuriam
2807 1230 3115 1294 acceptam,
3149 1231 3201 1278 et
3227 1222 3433 1280 doloris
3461 1224 3730 1284 ultionem

2138 1293 2455 1369 expetentis.
2623 1301 2677 1350 et
2710 1309 2774 1349 ex
2807 1293 2963 1369 parte
2986 1293 3156 1365 ipsius
3180 1302 3365 1369 motus
3382 1310 3483 1369 seu
3499 1296 3738 1369 impetus

2138 1309 2455 1366 expetemus.
2480 1309 2587 1350 ben
2623 1309 2677 1350 et
2710 1309 2774 1349 ex
2792 1309 2963 1418 dparte
2986 1309 3156 1365 ipsms
3180 1309 3365 1351 morus
3382 1310 3476 1352 seu
3499 1309 3737 1369 impetus

2138 1365 2254 1432 irae,
2287 1365 2447 1437 variis
2478 1364 2664 1437 itidem
2693 1380 2788 1437 mo
2818 1364 2877 1437 is
2900 1372 3170 1437 peccatur,
3201 1364 3336 1421 dum
3361 1367 3445 1423 vel
3471 1367 3737 1426 immode-

2136 1437 2307 1492 ratius
2332 1435 2633 1509 effervescit
2650 1478 2666 1505 ,
2694 1436 2777 1490 vel
2802 1435 3004 1509 diutius
3035 1451 3204 1509 quam
3234 1452 3333 1509 par
3352 1446 3438 1493 est
3457 1438 3734 1509 perdurat.

2143 1509 2260 1578 Qua
2280 1506 2715 1579 consideratione
2736 1509 2803 1561 D.
2826 1506 3285 1579 Gregorius(Lib.
3305 1523 3346 1563 v
3368 1506 3561 1568 Mora].
3576 1527 3621 1566 c.
3652 1517 3739 1579 32)

2143 1587 2388 1660 quatuor
2409 1579 2506 1660 irae
2530 1578 2736 1660 species
2763 1592 2857 1634 seu
2880 1578 3083 1660 gradus
3109 1578 3397 1660 distinguit
3418 1588 3474 1636 et
3495 1578 3740 1660 depingit

2147 1649 2233 1705 his
2279 1649 2499 1705 verbis:
2541 1650 2853 1713 Sciendum,
2898 1649 3099 1721 inquit,
3145 1649 3305 1721 quod
3328 1649 3610 1709 nonnullos
3655 1649 3738 1709 i'ra

2149 1723 2309 1776 citius
2333 1722 2590 1784 accendit,
2618 1722 2843 1789 facilius
2866 1722 3092 1784 deserit,
3129 1721 3410 1777 nonnullos
3438 1739 3558 1780 vero
3584 1726 3741 1781 tarde

443 1800 613 1862 Vade,
640 1800 867 1862 Satana,
892 1800 1150 1867 scriptum
1181 1798 1258 1849 est
1280 1792 1440 1863 enim,
1471 1801 1599 1850 etc:
1637 1793 1876 1850 secundo
1904 1810 2029 1850 cum
2063 1799 2112 1862 Β
2135 1793 2352 1862 quidem
2375 1796 2675 1860 commovet,
2706 1793 2800 1847 sed
2827 1792 3034 1847 diutius
3064 1797 3225 1848 tenet.
3257 1793 3378 1849 Alii
3395 1810 3624 1865 namque
3648 1813 3741 1851 ac-

443 1870 596 1920 nobis
620 1869 770 1920 insis.
798 1869 902 1920 hoc
934 1875 1040 1920 est.
1068 1865 1276 1920 nostris
1317 1866 1498 1920 pravis
1534 1836 1829 1920 affectibus
1847 1907 1862 1920 .
1888 1865 2033 1920 cuni-
2140 1865 2306 1919 censis
2325 1864 2548 1918 calamis
2568 1865 2790 1920 similes.
2807 1865 2937 1918 dum
2958 1865 3169 1919 vocibus
3194 1869 3546 1920 perstrepunt.
3574 1869 3741 1920 quasi

434 1870 596 1941 nobis
620 1869 770 1941 ipsis,
798 1869 902 1941 hoc
923 1863 1040 1941 est,
1068 1865 1276 1922 nostris
1317 1866 1498 1937 pravis
1534 1863 1829 1941 affectibus
1847 1907 1862 1932 ,
1888 1865 2033 1941 cupi-

437 1936 706 1997 ditatibus
748 1948 802 1996 et
839 1939 983 1995 vitiis
1021 1936 1435 2002 succensemus,
1465 1943 1519 1991 et
1547 1944 1609 1992 ut
1635 1937 1928 1992 Cassianus
1959 1936 2036 1993 ait

439 2015 623 2082 (Infra
671 2029 715 2067 c.
757 2019 787 2066 7
836 2016 886 2066 et
930 2012 1015 2075 8),
1042 2016 1233 2082 centra
1281 2006 1617 2082 lascivientes
1655 2006 2033 2082 animinostri

438 2076 626 2140 motus
672 2082 1017 2152 indignantes
1041 2078 1358 2152 tremimus,
1400 2086 1453 2152 ei
1489 2076 1653 2150 digna
1703 2078 2036 2152 paenitentiae

438 2153 651 2209 fructus
675 2147 931 2217 facimus;
948 2149 1110 2205 tertio
1126 2158 1253 2221 cum
1274 2163 1401 2221 erga
1422 2147 1619 2221 fratres
1640 2147 1735 2221 seu
1756 2148 2037 2221 proximos

439 2223 818 2293 delinquentes
844 2230 898 2276 et
921 2216 1123 2276 ’Deum
1157 2216 1523 2293 offendentes_
1544 2220 1660 2293 gelo
1690 2216 1917 2291 justitiee
1940 2220 2035 2293 vel

439 2288 723 2350 charifatis
749 2306 1186 2358 commovemur,
1206 2304 1415 2362 eosque
1443 2288 1527 2362 vel
1545 2288 1779 2346 fratei'ne
1807 2291 2039 2362 corripi-

440 2380 600 2443 mus,
630 2364 711 2443 vel
758 2363 1011 2443 sgbditos
1051 2377 1115 2416 ex
1152 2360 1346 2443 ofﬁcii)
1387 2361 1667 2443 punimus.
1708 2360 2038 2443 Hujusmodi

441 2431 594 2492 iram
614 2435 752 2491 solet
782 2433 1056 2504 Scriptura
1087 2431 1262 2504 zelum
1297 2431 1400 2504 Dei
1423 2432 1694 2504 appellare
1725 2452 1736 2487 :
1766 2431 1837 2504 ob
1874 2448 2039 2503 quem

439 2523 554 2563 non
580 2506 756 2576 solum
780 2501 1018 2576 Moyses,
1053 2502 1283 2560 Phinees
1296 2543 1314 2572 ,
1352 2501 1570 2559 Samuel
1587 2542 1603 2571 ,
1627 2502 1839 2576 _David,
1867 2501 2038 2576 Elias,

441 2587 496 2634 et
526 2578 613 2633 alii
654 2575 752 2632 viri
779 2572 952 2632 sancti
986 2588 1312 2646 magnopere
1349 2572 1961 2646 commendanturised
1985 2583 2041 2631 et

442 2648 690 2706 Christus
712 2647 985 2703 Dominus
1005 2643 1258 2700 eumdem
1284 2643 1341 2699 in
1360 2645 1536 2714 seipso
1556 2645 1756 2715 saepius
1776 2644 2038 2710 exhibuit,

441 2735 573 2776 cum
598 2718 819 2774 Iudaeos
847 2734 966 2772 cum
996 2719 1079 2770 ira
1107 2717 1558 2785 circumspiciens,
1590 2719 1938 2772 contristatus
1965 2722 2041 2773 est

442 2805 604 2860 super
647 2791 862 2844 duritia
904 2793 954 2843 et
995 2789 1232 2842 ccecitate
1260 2787 1435 2860 cordis
1473 2803 1658 2860 eorum
1685 2790 1873 2860 (Marc,
1906 2790 2039 2857 In);

441 2857 569 2917 cuin
589 2860 881 2917 vendentes
900 2866 955 2914 et
970 2865 1216 2913 ementes
1234 2857 1391 2928 ejecit
1416 2873 1445 2912 e
1466 2857 1673 2928 templo
1697 2859 1911 2924 (Matth.
1935 2874 2041 2915 xx:

441 2936 492 2987 et
512 2936 666 2989 Joan.
688 2938 790 2999 Il);
817 2946 945 2986 cum
978 2931 1034 2984 in
1073 2928 1374 2984 Pharisaeos
1403 2936 1457 2983 et
1480 2928 1701 2984 Scribas
1737 2937 1850 2983 tam
1886 2944 2039 2986 acer-

440 3003 529 3072 be,
558 3012 612 3059 et
629 3003 791 3059 toties
809 3000 1033 3071 repetita
1062 2998 1153 3055 illa
1187 2999 1557 3072 increpatione
1577 3007 1631 3053 et
1650 2999 2043 3072 imprecatione

443 3074 695 3131 invectus
718 3082 801 3128 est
832 3090 846 3126 :
884 3075 979 3128 Va:
1015 3072 1163 3126 vobis
1183 3073 1201 3126 !
1225 3071 1424 3126 Scriba:
1462 3074 1512 3125 et
1534 3072 1800 3125 Pharisaei
1825 3071 2036 3141 (Matth.

442 3161 611 3202 xxut
632 3151 682 3202 et
705 3149 812 3201 Luc
834 3144 923 3209 x1)
952 3159 963 3194 :
993 3156 1120 3197 cum
1150 3144 1369 3196 Petrum
1393 3141 1705 3213 apostolum
1730 3157 1762 3197 a
1790 3142 2041 3213 passione

443 3217 627 3288 ipsum
653 3216 1018 3272 deterrentem
1048 3220 1164 3268 tam
1193 3226 1384 3295 aspere
1412 3212 1596 3338 ωσι-εἷ

443 3305 544 3338 me.
575 3290 784 3338 Satana
804 3305 820 3338 :
849 3284 1106 3338 scandan
1131 3284 1269 3338 mihi
1292 3298 1344 3338 es
1380 3286 1549 3338 (Matt

442 3283 544 3351 me,
574 3290 820 3351 Satana;
849 3284 1106 3340 scandan
1131 3284 1271 3338 mihi
1292 3298 1344 3338 es
1380 3283 1607 3349 (Matth.
1639 3283 1787 3354 xvr).
1822 3283 2039 3341 omitto

443 3367 638 3415 caetera
662 3364 979 3414 sanctorum
1003 3354 1273 3425 exempla,
1302 3369 1442 3426 quos
1470 3363 1655 3411 sancte
1679 3363 1733 3410 et
1752 3355 2042 3412 salubriter

443 3429 612 3508 iratos
654 3429 822 3508 fuisse
858 3427 1143 3508 Scriptura
1174 3435 1597 3508 commemorat.
1632 3429 1729 3482 Est
1761 3426 1938 3508 igitur_
1960 3428 2040 3483 ira

445 3499 698 3570 quaedam
727 3500 898 3567 bona,
928 3497 1076 3570 utilis
1098 3506 1152 3553 et
1184 3497 1511 3570 necessaria,
1529 3513 1706 3570 quam
1738 3497 2041 3570 secundum

444 3567 717 3640 rationem
741 3570 818 3624 vel
835 3568 1194 3640 assumimus,
1220 3567 1302 3623 vel
1328 3567 1699 3635 admittimus;
1728 3584 1790 3623 ac
1813 3569 2043 3640 proinde

446 3639 620 3696 virtus
661 3636 917 3708 dicenda,
965 3654 1075 3710 non
1100 3639 1336 3710 vitium,
1375 3654 1543 3709 quam
1581 3654 1684 3695 nec
1720 3636 2040 3710 Apostolus,

444 3726 547 3768 nec
589 3710 877 3770 Cassianus
920 3709 1183 3780 excludit,
1217 3718 1313 3766 aut
1355 3710 1610 3778 damnat;
1649 3709 1746 3766 sed
1774 3709 2041 3767 ’vitiosam

445 3780 668 3840 damnat
705 3791 759 3840 et
788 3781 1183 3854 inordinatam,
1224 3795 1348 3854 quae
1386 3780 1591 3837 scilicet
1635 3780 1858 3854 rationis
1884 3780 2041 3854 judi-

444 3855 593 3911 cium
616 3854 898 3926 opprimit,
927 3861 1022 3908 aut
1050 3852 1097 3909 ei
1126 3852 1255 3909 non
1268 3853 1612 3926 obtemperat
1638 3871 1651 3905 :
1678 3852 1826 3924 quod
1854 3852 2041 3909 multis

444 3927 628 3984 modis
650 3922 922 3997 contingit
946 3932 1060 3997 tam
1087 3939 1157 3979 ex
1187 3930 1342 3997 parte
1376 3922 1572 3997 objecti
1599 3922 1764 3994 quam
1790 3932 2038 3997 exparte

442 4007 649 4065 motus,
662 4012 757 4067 seu
779 3992 1016 4068 im'petus
1031 3994 1147 4062 iraa,
1159 3992 1219 4049 u‘t
1231 3992 1552 4068 dictumest.
1568 3992 1649 4049 Ex
1670 4002 1820 4066 parte
1836 3992 2036 4068 objecti

441 4071 588 4126 mala
613 4064 729 4138 est,
753 4076 809 4125 et
834 4064 1114 4140 peccatum
1130 4105 1146 4136 ,
1189 4069 1247 4119 1°
1270 4064 1317 4121 si
1345 4066 1479 4140 quis
1493 4064 1833 4140 appetataut
1849 4064 2040 4140 sumat

440 4136 740 4199 vindictam
758 4136 1012 4213 injustam
1023 4137 1119 4213 ,ob
1134 4152 1356 4213 causam
1369 4136 1696 4213 scilicetnon
1713 4136 2037 4213 legitimam,

440 4222 534 4282 aut
546 4213 615 4268 ab
629 4228 694 4268 eo
709 4207 930 4282 qui‘non
943 4209 1165 4275 meruit;
1188 4213 1247 4282 2°
1267 4208 1311 4265 si
1332 4217 1552 4282 appetat
1566 4207 1792 4281 quidem
1803 4209 2032 4282 justam,

440 4279 546 4337 hoc
559 4289 661 4345 est,
674 4279 906 4353 ju'staex
926 4296 1106 4345 causa,
1122 4279 1226 4353 sed
1246 4279 1552 4351 graviorem
1568 4279 1735 4353 quam
1746 4279 1903 4353 culpa
1916 4295 2035 4353 me-

438 4358 609 4416 retur,
637 4349 760 4417 qua:
786 4350 983 4405 dicitur
1010 4349 1330 4417 crudelitas,
1365 4366 1459 4406 seu
1495 4349 1751 4407 atrocitas
1777 4349 1946 4406 animi
1981 4350 2035 4407 in

438 4417 718 4492 exigendis
744 4418 917 4492 poenis
934 4440 947 4483 ;
966 4417 1033 4492 de
1051 4433 1161 4492 qua
1184 4420 1384 4492 Seneca
1404 4421 1497 4476 lib.
1532 4437 1577 4477 ιι
1605 4420 1672 4476 de
1695 4420 2030 4478 Clementia:

438 4489 593 4558 Illos,
633 4489 839 4561 inquit,
879 4489 1353 4561 crudelespocabo,
1385 4494 1482 4558 qui
1512 4492 1775 4559 puniendi
1817 4508 2035 4547 causam

2140 1865 2306 1936 censis
2325 1864 2548 1918 calamis
2568 1865 2790 1926 similes,
2807 1865 2937 1918 dum
2958 1865 3169 1919 vocibus
3192 1869 3546 1935 perstrepunt,
3574 1869 3743 1936 quasi

2141 1935 2401 2007 quosdam
2419 1937 2743 1990 accensionis
2757 1950 2866 1989 suae
2880 1937 3085 1990 sonitus
3100 1936 3349 1997 reddunt,
3373 1941 3423 1990 et
3435 1935 3600 1992 citius
3615 1941 3741 2007 qui-

2143 2006 2263 2061 dem
2292 2008 2559 2075 ﬂammam
2579 2008 2817 2073 faciunt,
2846 2007 2939 2061 sed
2958 2008 3207 2077 protinus
3236 2008 3293 2061 in
3316 2008 3511 2073 favilla
3535 2006 3738 2077 friges-

2144 2022 2263 2061 aem
2292 2022 2559 2075 ﬂammam
2579 2022 2817 2073 ruerunt,
2846 2022 3207 2131 sedfronnus
3236 2023 3293 2061 in
3316 2022 3511 2073 [amna
3535 2022 3738 2077 friges-

2144 2079 2415 2134 cunt.Alii
2423 2079 2442 2131 ι
2446 2080 2586 2146 ignis
2594 2079 2928 2149 gravioribus
2978 2079 3351 2147 ario-ribusque
3363 2094 3467 2132 non
3474 2079 3738 2149 dispares,

2144 2151 2500 2203 ascensionem
2525 2148 2678 2203 tarde
2701 2150 3020 2219 suscipiunt,
3050 2149 3145 2203 sed
3164 2153 3339 2203 tamen
3357 2153 3563 2205 accensi
3587 2154 3745 2207 Semel

2146 2221 2432 2290 difﬁcilius
2451 2222 2871 2288 exstinguuntur
2888 2239 2904 2285 ;
2922 2224 2971 2273 et
2983 2221 3111 2289 quia
3125 2236 3178 2274 se
3192 2221 3404 2274 tardius
3415 2222 3473 2275 in
3487 2224 3745 2292 asperita-

2149 2300 2254 2346 tem
2277 2294 2561 2353 concitant,
2582 2292 2791 2357 furoris
2811 2294 2900 2346 sui
2920 2292 3123 2345 diutius
3146 2293 3326 2360 ignem
3348 2296 3579 2347 servant.
3602 2294 3739 2357 Alii,

2147 2363 2288 2432 quod
2298 2365 2523 2434 nequius
2539 2366 2636 2424 est,
2647 2367 2696 2417 et
2713 2363 2873 2417 citius
2894 2363 3190 2416 iracundia:
3198 2365 3443 2430 ﬂammas
3456 2365 3741 2434 acapiunt,

2149 2439 2199 2487 et
2229 2433 2438 2487 tardius
2464 2434 2754 2503 deponunt.
2783 2434 3043 2489 Nonnulli
3056 2450 3177 2488 vero
3197 2435 3293 2488 has
3316 2439 3365 2489 et
3395 2435 3546 2489 tarde
3563 2433 3745 2490 'susci-

2141 2506 2326 2574 piunt,
2357 2508 2407 2557 et
2434 2505 2593 2558 citius
2622 2505 2901 2559 amittunt.
2926 2507 2991 2559 In
3014 2505 3211 2574 quibus
3238 2507 3497 2559 nimirum
3516 2510 3747 2575 quatuor

2148 2575 2319 2646 modis
2343 2575 2552 2644 liquido
2563 2575 2719 2629 lector
2732 2577 2994 2643 agnoscit,
3022 2578 3153 2645 quia
3175 2580 3225 2631 et
3235 2576 3309 2630 ad
3324 2578 3749 2646 tranquillitatis

2150 2645 2337 2718 bonum
2366 2647 2588 2718 ultimus
2612 2646 2905 2715 plusquam
2928 2648 3140 2716 primus
3166 2645 3594 2718 appropinquat,
3617 2654 3667 2704 et
3687 2651 3746 2705 in

2149 2717 2287 2771 malo
2309 2717 2593 2789 secundum
2616 2720 2805 2772 tertius
2827 2722 3067 2788 superat.
3104 2717 3251 2774 Haec
3267 2719 3564 2789 Gregorius
3584 2721 3749 2786 (Vide

2149 2792 2395 2844 Damasc.
2425 2788 2517 2841 lib.
2540 2789 2671 2844 nde
2696 2789 2816 2844 Fid.
2858 2805 2902 2843 c.
2935 2791 3031 2856 16;
3072 2793 3123 2843 et
3146 2790 3201 2845 S.
3233 2788 3413 2846 Thom.
3442 2794 3547 2858 1-2,
3571 2808 3626 2861 q.
3652 2796 3743 2855 46,

2149 2865 2264 2914 art.
2291 2863 2345 2925 8,
2379 2864 2430 2914 et
2455 2864 2577 2921 2-2,
2608 2876 2663 2929 q.
2703 2864 2829 2929 158,
2855 2876 2910 2913 a.
2938 2863 3016 2928 5).
3042 2861 3213 2915 Porro
3244 2862 3536 2917 Cassianus
3557 2862 3741 2919 collat.

2149 2934 2183 2983 5
2224 2930 2373 3003 (Cap.
2413 2932 2498 3003 il)
2528 2929 2631 3003 tria
2662 2929 2868 2986 irarum
2912 2946 3108 3003 genera
3149 2930 3252 3003 alia
3292 2932 3505 2988 ratione
3553 2933 3745 2989 distin-

2148 3001 2266 3073 guit
2287 2999 2394 3076 ,"ut
2421 2999 2493 3055 ibi
2522 3001 2831 3076 videreest.
2862 2999 2943 3057 Ei
2967 3002 3122 3076 dictis
3155 3001 3309 3058 facile
3337 3011 3419 3076 est
3443 3003 3749 3076 intelligere

2149 3070 2264 3149 qua
2285 3070 2496 3149 ratione
2514 3071 2763 3149 vpluerit.
2793 3073 3088 3145 Apostolus
3117 3088 3341 3149 omnem
3364 3073 3503 3149 iram
3525 3090 3559 3149 ει
3580 3070 3755 3132 nobis

2151 3141 2364 3199 excludi
2385 3151 2441 3199 et
2464 3141 2690 3207 auferri,
2717 3141 2861 3199 cum'
2878 3152 2960 3200 tot
2982 3160 3046 3199 ac
3069 3152 3182 3199 tam
3210 3141 3379 3201 variae
3397 3144 3505 3200 sint
3532 3144 3749 3203 irarum

1597 3190 1708 3267 a'vit
1731 3190 1762 3296 ξ
1786 3190 2043 3296 ﬁnges}
2069 3190 2114 3254 C
2150 3190 2364 3296 έρἑυῖἑέ
2373 3190 2844 3296 [latinia-ibim;
2881 3190 3749 3296 ῥὶὶιέξιὲι“ἒξ’ᾳίἶό’“ἷξῖᾱὲἕιι”ἔέἱὶἑὶἰ

2148 3285 2435 3358 Cassianus
2458 3284 2656 3358 dixerit
2676 3284 3120 3358 nullam—penitus
3148 3284 3284 3341 iram
3310 3287 3461 3343 velut
3492 3303 3751 3358 necessa-

2147 3356 2290 3439 riam
2332 3363 2387 3412 et
2425 3356 2616 3439 utilem
2651 3355 3189 3439 pobisnex'cipisnon
3223 3357 3550 3439 enimaliud
3574 3360 3751 3439 inten-

2149 3426 2231 3508 dit
2254 3442 2418 3508 quam
2443 3427 2759 3508 apostolus,
2781 3426 3019 3508 alioquin
3037 3427 3145 3508 sibi
3175 3428 3289 3499 ipse
3307 3429 3530 3508 suisque
3569 3431 3741 3508 scrip-

2150 3498 2682 3572 t_i3_cont_radiceret_,
2731 3498 3084 3572 complures
3129 3498 3358 3571 ipsemet
3398 3498 3759 3572 exceptiones

2151 3566 2333 3624 faciat.
2372 3568 2477 3625 Sed
2502 3584 2630 3643 cum
2656 3569 2713 3624 in
2756 3568 2838 3625 his
2867 3566 3020 3643 libris
3047 3566 3165 3626 hoc'
3188 3578 3314 3643 agat
3344 3579 3399 3627 et
3421 3566 3654 3643 spectet,
3681 3580 3750 3629 ut

2148 3655 2340 3711 verum
2369 3655 2433 3695 ac
2465 3638 2766 3711 perfectum
2804 3640 3140 3697 monachum
3175 3638 3304 3698 vivis
3339 3638 3621 3700 coloribus
3641 3638 3751 3701 de-

2149 3709 2365 3785 pingat,
2403 3709 2566 3785 atque
2589 3711 2723 3767 adeo
2746 3712 3050 3785 monachos
3071 3728 3266 3769 omnes
3292 3713 3356 3770 ad
3391 3711 3753 3785 perfectionis

2147 3781 2419 3849 studium,
2471 3781 2678 3854 iniquo
2722 3782 2955 3854 religiosi
2991 3792 3166 3841 status
3206 3781 3419 3840 summa
3460 3785 3746 3854 consistit,

2148 3861 2407 3924 provocet
2450 3861 2505 3909 et
2547 3852 2879 3921 inﬂammet;
2918 3853 3099 3911 modis
3134 3855 3393 3912 omnibus
3430 3855 3641 3912 studuit
3680 3852 3753 3914 ea

2147 3939 2457 3996 proponere
2485 3932 2647 4006 atque
2688 3924 2956 4006 inculcare
2997 3942 3118 4006 quae
3160 3925 3229 3981 ad
3266 3928 3414 3983 illam
3459 3926 3757 4006 perfectio-

2146 3995 2291 4069 nem;
2339 3995 2703 4069 evangelicam
2765 3995 3065 4067 pertinent,
3118 4012 3349 4069 quaeque
3396 3995 3753 4069 monachum

2147 4067 2386 4122 maxime
2415 4067 2713 4142 condecent
2748 4075 2803 4122 et
2830 4075 3053 4136 ornant;
3097 4067 3496 4142 atqueilludin
3533 4069 3749 4142 primis,

2147 4144 2208 4193 ut
2236 4154 2433 4209 pravos
2456 4138 2628 4210 animi
2655 4145 2862 4206 motus,
2894 4138 3198 4210 praesertim
3228 4140 3322 4196 ira:
3346 4147 3399 4195 et
3420 4138 3748 4210 iracundiae,

2147 4217 2412 4280 quantum
2457 4209 2514 4264 in
2542 4224 2601 4265 se
2628 4216 2741 4276 est,
2767 4225 3048 4278 coercere,
3075 4209 3299 4266 domare
3326 4217 3380 4266 et
3405 4209 3755 4270 mortiﬁcata

2145 4279 2388 4354 studeat;
2414 4280 2915 4354 mansuetudinem,
2944 4281 3292 4351 modestiam,
3322 4280 3643 4354 patientiam
3681 4284 3747 4339 in

2145 4350 2403 4426 omnibus
2426 4350 2697 4426 exhibeat,
2719 4352 2968 4426 animum
2995 4368 3210 4425 semper
3235 4350 3499 4426 pacatum;
3514 4361 3568 4409 et
3585 4362 3752 4426 tran-

2144 4420 2377 4545 quillum
2416 4422 2658 4478 retineat.
2712 4422 2872 4493 Quod
2914 4439 3016 4480 suo
3058 4420 3308 4496 exemplo
3336 4424 3529 4480 docuit
3573 4420 3757 4482 abbas

2144 4490 2236 4545 ile
2261 4492 2536 4545 Joannes.
2566 4509 2725 4545 verus
2769 4503 2823 4545 et
2868 4494 3138 4545 perfectus
3168 4494 3483 4545 monachus
3526 4503 3583 4545 et
3622 4511 3755 4545 ann.

2143 4490 2236 4566 ille
2261 4492 2501 4566 Joannes
2521 4534 2536 4561 ,
2566 4490 2823 4566 verus'et
2868 4494 3138 4566 perfectus
3168 4490 3483 4553 monachus
3526 4503 3583 4552 et
3622 4511 3755 4553 ana-

439 4562 656 4637 habent,
681 4560 899 4637 modum
922 4575 1035 4637 non
1064 4560 1296 4637 habent;
1327 4562 1464 4637 sicut
1492 4563 1547 4615 in
1583 4563 1841 4637 Phalari,
1875 4566 2030 4632 quem
2062 4574 2114 4636 ι)
2142 4561 2388 4637 choreta,
2416 4564 2503 4619 cui
2526 4560 2658 4620 cum
2688 4565 2826 4621 alter
2844 4560 3024 4622 senior
3051 4567 3275 4623 dixisset
3304 4588 3316 4623 :
3345 4569 3641 4637 Nunquam
3663 4584 3752 4625 me

437 4636 593 4690 aiunt
629 4650 734 4689 non
762 4632 978 4705 quidem
1012 4632 1087 4705 in,
1106 4631 1340 4705 homines
1385 4633 1716 4695 innocentes,
1746 4632 1839 4687 sed
1865 4631 2031 4705 supra

437 4707 737 4762 humanum
758 4721 820 4760 ac
840 4703 1171 4776 probabilem
1198 4703 1421 4776 modum
1436 4706 1665 4759 arcuisse.
1687 4705 1810 4776 Huc
1828 4703 2034 4776 spectat

435 4779 584 4852 quod
616 4783 687 4852 1).
729 4774 1056 4852 Benedictus
1083 4779 1178 4852 (ex
1223 4788 1332 4852 quo
1366 4774 1599 4831 libenter
1628 4775 1835 4852 accipio
1860 4774 2029 4852 quid-

434 4845 564 4924 quid
591 4850 659 4907 ad
681 4865 800 4907 rem
829 4845 1004 4924 facit)
1014 4848 1220 4924 pueris,
1251 4845 1388 4916 sive,
1422 4855 1485 4903 ut
1513 4855 1688 4924 vocat,
1721 4845 2029 4924 infantibus

430 4920 682 4993 usquead
697 4924 951 4991 quintum
967 4920 1227 4993 decimum
1242 4934 1444 4974 annum
1450 4922 1650 4993 atatis,
1664 4922 1862 4993 statuit
1876 4921 2032 4993 disci—

423 4991 593 5064 plina:
611 4994 954 5059 diligentiam
962 4992 1272 5065 adhiberiet
1280 4991 1539 5048 custodiri
1556 4992 1679 5057 ,-sed
1690 4994 1803 5058 hoc,
1822 4992 2022 5065 inquit,

431 5063 551 5119 eum
573 5065 721 5117 omni
743 5078 994 5117 mensura
1022 5067 1071 5117 et
1111 5063 1336 5118 ratione.
1368 5065 1508 5121 Nam
1534 5065 1594 5118 in
1620 5065 1842 5132 fortiori
1868 5063 2027 5120 (atate

431 5133 657 5201 (scilicet
679 5132 998 5206 existentem
1027 5147 1223 5206 nempe
1250 5133 1392 5189 ultra
1428 5149 1633 5206 annum
1667 5140 1751 5202 15)
1775 5138 1872 5206 qui
1883 5151 2027 5206 pros-

431 5147 657 5201 (sculcet
679 5147 998 5216 existentem
1027 5147 1223 5257 nempe
1250 5147 1392 5189 ultra
1428 5149 1633 5189 annum
1667 5147 1751 5202 15)
1775 5147 1871 5206 qui
1883 5151 2027 5206 prce-

429 5209 716 5276 sumpserit
742 5205 1085 5276 aliquatenus
1108 5203 1152 5272 (a
1176 5218 1359 5276 lquem
1384 5203 1610 5274 caedere)
1632 5208 1745 5260 sine
1763 5211 2027 5276 praecepto

431 5275 664 5343 abbatis,
680 5276 762 5330 vel
774 5277 830 5328 in
842 5276 977 5344 ipsis
993 5275 1302 5341 infantibus
1316 5277 1428 5330 sine
1436 5276 1748 5331 discretione
1763 5275 2032 5333 exarserit

429 5347 511 5417 (id
538 5355 639 5412 est,
670 5344 900 5421 modum
943 5344 1270 5421 excesserit),
1300 5346 1603 5421 disciplina:
1640 5348 1883 5421 regulari
1903 5349 2029 5421 sub—
2131 5350 2464 5421 parabiliter
2485 5344 2756 5406 salubrius
2784 5355 2860 5406 est
2886 5352 3051 5407 etiam
3075 5350 3332 5421 irtejuste

421 5421 626 5493 jaceat,
645 5420 776 5488 quia
792 5418 1051 5493 scriptum
1071 5420 1149 5472 est
1168 5434 1184 5470 :
1212 5417 1364 5493 Quod
1389 5419 1495 5472 tibi
1514 5433 1621 5472 non
1643 5419 1722 5472 vis
1735 5419 1882 5493 ﬁeri,
1899 5420 2026 5493 aliis

428 5487 495 5549 ne
517 5487 726 5561 feceris.
747 5493 805 5543 3°
836 5487 892 5543 Si
916 5487 1118 5561 privata
1136 5487 1480 5561 auctoritate,
1507 5495 1745 5561 autinon
1781 5488 2025 5561 legitima

424 5557 718 5643 potestate,
748 5567 801 5617 et
828 5557 1152 5643 secundum,
1177 5557 1480 5643 legitimum
1499 5557 1768 5643 ordinem
1806 5557 2024 5643 p'cenam

423 5629 627 5708 Exiget.
656 5629 1060 5708 Namvindicta
1085 5629 1435 5708 adjudicem,
1456 5637 1519 5686 ut
1553 5629 2025 5708 D_ei_minist_rum,

422 5694 654 5782 spectat,
684 5713 738 5762 et
762 5702 887 5761 ideo
913 5700 1131 5786 privatis
1159 5694 1836 5832 hominibus‘grohibetur.
1854 5694 2023 5761 Rom:

422 5796 516 5832 xu
543 5798 558 5832 :
587 5781 702 5832 Non
721 5780 1064 5832 vosmetipsos
1087 5773 1432 5832 defendentes
1457 5778 1475 5832 (
1527 5788 1667 5832 raace
1696 5772 2020 5832 ἕκδικοῦντες.

418 5772 517 5840 ιἰι
543 5798 558 5836 :
585 5772 702 5838 Nan
721 5772 1064 5846 vosmetipsos
1087 5773 1432 5841 defendentes
1457 5772 1667 5842 (Graece
1696 5772 2020 5844 ἐκδικοῦντες,

2141 4635 2232 4709 soi
2250 4637 2583 4709 reﬁcientem
2614 4637 2800 4709 _vidit;
2830 4638 3150 4708 respondens
3177 4641 3292 4709 ipse
3324 4658 3339 4693 :
3367 4635 3602 4703 Nec—me,
3636 4641 3745 4703 ait,

2138 4706 2279 4761 vidit
2308 4706 2528 4775 iratum,
2557 4706 2620 4762 ut
2638 4707 2803 4764 refert
2831 4706 3126 4765 Cassianus
3149 4706 3239 4765 lib.
3260 4725 3299 4765 ν
3316 4724 3364 4765 c.
3391 4714 3481 4764 27.
3508 4712 3576 4765 In
3598 4725 3752 4767 eam-

2140 4776 2268 4853 dem
2296 4778 2621 4853 sententiam
2651 4780 2715 4834 D.
2748 4779 3092 4853 Augustinus
3129 4781 3286 4851 epist.
3325 4786 3426 4836 149
3451 4780 3559 4837 hoc
3588 4781 3753 4838 salu-

2139 4847 2236 4904 bre
2263 4847 2434 4933 tradit
2457 4847 3106 4935 documentumvz‘M‘ulto‘
3119 4847 3307 4934 melius
3336 4869 3429 4935 nec
3443 4853 3597 4935 jusie
3624 4855 3748 4933 cui-

2140 4937 2305 4994 quam
2322 4922 2629 4994 irascimur,
2652 4938 2815 4993 quam
2837 4922 2981 4978 velut
2986 4923 3135 4992 justo
3150 4924 3424 4979 irascendo
3439 4922 3497 4978 in
3510 4923 3751 4994 alicujus

2137 4993 2320 5047 odi-um
2338 4993 2437 5048 irae
2465 4993 2664 5065 occulta
2686 4994 2957 5061 facilitate
2982 4993 3304 5049 delabimur.
3333 4997 3396 5051 In
3420 4993 3752 5065 recipiendis

2137 5066 2281 5118 enim
2308 5065 2604 5135 hospitibus
2628 5066 2824 5133 ignotis
2846 5066 2952 5119 ista
2974 5067 3199 5119 solemus
3227 5066 3424 5130 dicere,
3444 5067 3618 5121 multo
3637 5081 3753 5123 esse

2136 5136 2323 5191 melius
2342 5138 2543 5208 malum
2553 5136 2811 5208 hominem
2820 5138 3031 5208 perpeti
3042 5153 3204 5208 quam
3218 5136 3460 5205 forsitan
3469 5154 3573 5207 per
3586 5139 3750 5207 igno-

2138 5209 2379 5279 rantiam
2416 5206 2635 5262 excludi
2657 5206 2849 5263 bonum
2868 5250 2882 5271 ,
2912 5206 3322 5263 dumlcavemus
3352 5224 3417 5264 ne
3440 5206 3750 5279 recipiatur

2137 5279 2334 5333 malus.
2357 5278 2462 5335 Sed
2490 5280 2545 5332 in
2565 5280 2860 5347 affectibus
2880 5281 3055 5334 animi
3070 5284 3250 5334 contra
3277 5285 3355 5335 est
3368 5300 3387 5350 ;
3410 5296 3523 5335 nan
3547 5278 3749 5336 incom-

3488 5354 3616 5405 anti
3638 5367 3749 5408 non

2137 5352 2464 5420 parabiliter
2485 5352 2756 5406 salubrius
2784 5355 2860 5406 est
2886 5352 3051 5407 etiam
3075 5352 3172 5405 ira:
3181 5352 3332 5421 juste
3356 5352 3616 5422 pulsanti
3638 5367 3749 5408 non

2137 5424 2348 5491 aperire
2361 5421 2634 5493 penetrale
2651 5423 2846 5485 cordis,
2870 5438 3033 5492 quam
3052 5422 3338 5478 admittere
3351 5439 3456 5479 non
3473 5423 3645 5490 facile
3668 5437 3763 5493 re;

2137 5486 2403 5547 céssuram
2430 5498 2480 5549 et
2500 5486 2970 5564 perventuram—de
2980 5494 3194 5549 surculo
3214 5495 3286 5550 ad
3305 5486 3507 5550 trabem
3534 5512 3549 5547 :
3575 5492 3750 5550 audet

2136 5565 2335 5635 quippe
2357 5565 2696 5637 impudenter
2707 5568 2866 5622 etiam
2889 5580 3111 5622 crescere
3129 5567 3288 5623 citius
3310 5582 3475 5637 quam
3480 5569 3741 5636 putatur.

2138 5637 2226 5710 lta
2251 5636 2612 5710 Augustinus.

2208 5709 2232 5739 ³
2262 5706 2671 5782 Βῖοτθεοτίιιε
2695 5707 2762 5766 ad
2787 5707 2917 5766 illud
2934 5707 3039 5767 Job
3067 5724 3289 5782 xxxvi;
3316 5711 3433 5782 Non
3458 5712 3510 5766 te
3530 5708 3745 5780 superet

2135 5778 2246 5844 ira,
2277 5783 2339 5836 ut
2367 5778 2605 5850 aliquem
2643 5782 2922 5853 opprimas
2953 5802 2968 5838 :
3002 5782 3203 5845 Omnis,
3235 5780 3431 5855 inquit,
3454 5798 3558 5853 per
3581 5778 3742 5852 quem
