3996 6198
426 324 530 383 335
1768 302 2049 362 JOANNIS
2085 300 2391 360 CASSIANI
2502 298 2515 315 ’
3628 298 3726 355 335

424 448 511 506 bis
554 444 815 504 adversus
851 441 1085 500 fratrem
1130 436 1444 510 irrepserit,
1488 445 1927 500 commovemur,
1976 437 2030 486 et
2057 432 2111 496 Α
2137 426 2330 500 capitis
2359 425 2477 499 ejus
2512 423 2760 497 explere;
2799 422 2993 480 beatus
3029 420 3208 479 David
3247 421 3515 479 adversus
3557 420 3728 481 diram

426 541 549 599 irati
590 538 814 596 lethales
853 533 1235 606 instigationes
1272 530 1390 603 ejus
1427 526 1788 595 extrudimus,
1829 540 1931 581 nec
1969 523 2027 579 in
2131 520 2539 595 suggestionem
2574 519 2694 592 ejus
2728 517 3096 591 indignatione
3135 516 3218 589 pia
3254 524 3603 587 commotus,
3630 516 3727 576 hu-

426 634 627 693 abditis
674 629 911 706 pectoris
953 627 1126 684 nostri
1165 624 1361 682 noxias
1398 638 1520 680 eam
1562 619 1797 679 latebras
1829 617 2030 675 habere
2133 614 2377 672 militatis
2404 614 2637 671 modum
2661 622 2718 670 et
2739 612 3015 687 patientiae
3041 612 3277 706 rigorem
3308 612 3632 706 inconcussa
3655 613 3727 671 le-

426 728 826 802 permittimus.
857 723 1063 780 Taliter
1102 737 1206 777 nos
1238 717 1404 776 irasci
1435 717 1603 775 etiam
1633 716 1721 772 ille
1757 712 2027 788 propheta

421 822 603 890 docet,
634 820 727 892 qui
756 819 813 874 in
848 823 1065 873 tantum
1093 815 1235 871 hanc
1262 829 1294 872 e
1320 813 1437 871 suis
1464 812 1718 885 abegerat
1745 808 2022 876 sensibus,
2076 872 2084 878 η

421 925 483 973 ut
502 931 572 972 ne
598 914 838 971 inimicis
861 912 1087 986 quidem
1107 910 1361 983 propriis,
1389 916 1445 965 et
1468 907 1695 982 quidem
1716 923 1748 963 a
1775 908 1892 963 Deo
1920 904 2026 961 sibi

418 1007 655 1080 traditis,
697 1006 947 1063 maluerit
995 1003 1222 1061 reddere
1256 1001 1521 1059 talionem
1562 1019 1576 1056 :
1625 1004 1651 1033 ³
1688 997 2018 1067 Irascimini,

421 1100 696 1179 inquiens,
727 1107 783 1156 et
808 1097 979 1154 nolite
1019 1110 1241 1168 peccare
1283 1095 1506 1161 (Psalm.
1550 1095 1700 1159 xxv).
1742 1091 1841 1148 Ille
1876 1089 2025 1145 enim

422 1210 551 1251 cum
592 1207 795 1265 aquam
835 1190 902 1246 de
933 1190 1168 1245 cisterna
1198 1186 1612 1243 Bethleemitica
1649 1184 2020 1256 concupisset,

423 1302 654 1359 eamque
676 1302 705 1342 a
730 1284 860 1341 viris
889 1282 1126 1339 fortibus
1153 1297 1248 1355 per
1277 1280 1486 1338 medias
1512 1278 1751 1337 hostium
1780 1286 2024 1334 catervas

420 1380 767 1453 suscepisset,
809 1379 1030 1435 allatam
1073 1376 1323 1450 protinus
1354 1374 1551 1432 effudit
1592 1374 1647 1430 in
1683 1380 1920 1442 terram;
1967 1379 2023 1429 et

422 1475 500 1532 ita
540 1474 923 1545 voluptuosam
952 1465 979 1504 δ
1005 1469 1458 1542 concupiscentia:
1499 1467 1812 1541 passionem
1846 1466 2021 1523 iratus

422 1568 773 1639 exstinguens
809 1564 992 1621 libavit
1030 1579 1150 1622 eam
1179 1563 1445 1632 Domino,
1473 1569 1527 1617 et
1553 1559 1868 1633 cupiditatis
1904 1573 2021 1616 suae

422 1659 753 1718 desiderium
780 1674 893 1715 non
921 1658 1175 1730 explevit,
1216 1657 1403 1713 dicens
1436 1676 1448 1710 :
1480 1655 1754 1727 Propitius
1783 1654 1857 1710 sit
1884 1653 2021 1711 mihi

421 1753 695 1833 Dominus
720 1769 791 1810 ne
817 1750 1019 1809 faciam
1045 1751 1187 1821 hoc;
1217 1765 1351 1807 num
1381 1748 1704 1823 sanguinem
1734 1746 2022 1803 hominum

2138 709 2309 766 nitate
2334 707 2589 776 servavit,
2620 706 2809 765 dicens
2835 727 2848 763 :
2876 705 3024 779 Quid
3049 705 3184 762 mihi
3212 713 3269 762 et
3291 705 3467 775 vobis,
3498 706 3590 763 ﬁlii
3611 708 3728 766 Sar-

2137 802 2280 860 viaz?
2322 801 2557 858 Dimitte
2585 816 2739 868 eum,
2769 809 2833 857 ut
2867 800 3178 858 maledicat.
3224 804 3247 833 °
3274 800 3546 857 Dominus
3587 801 3728 860 enim

2136 895 2394 969 praecepit
2432 894 2479 951 ei
2516 902 2575 952 ut
2614 893 2959 951 malediceret
3001 892 3194 950 David.
3230 896 3300 950 Et
3330 894 3457 966 quis
3488 902 3603 963 est,
3640 897 3727 968 qui

2134 989 2332 1047 audeat
2373 988 2574 1058 dicere,
2607 1003 2776 1061 quare
2821 988 2899 1044 sic
2932 985 3152 1044 fecerit?
3182 990 3320 1044 Ecce
3368 986 3514 1046 ﬁlius
3551 982 3720 1060 meus,

2129 1081 2219 1154 qui
2242 1097 2487 1155 egressus
2511 1089 2594 1139 est
2613 1081 2681 1138 de
2703 1088 2859 1138 utero
2880 1095 3029 1149 meo,
3050 1080 3244 1153 quaerit
3261 1081 3505 1139 animam
3525 1098 3723 1153 meam,

2130 1182 2335 1247 quanto
2353 1174 2527 1247 magis
2547 1173 2637 1230 hic
2660 1173 2803 1231 ﬁlius
2834 1172 3058 1230 Jemini!
3094 1172 3319 1231 Dimitte
3350 1189 3496 1246 eum,
3523 1183 3583 1232 ut
3601 1192 3717 1234 ma-

2130 1269 2328 1326 ledicat
2358 1269 2509 1343 juxta
2543 1276 2883 1342 praeceptum
2920 1268 3175 1338 Domini,
3213 1269 3257 1326 si
3295 1269 3439 1327 forte
3475 1272 3723 1345 respiciat

2128 1362 2403 1419 Dominus
2426 1360 2788 1418 afﬁictionem
2818 1376 3021 1430 meam,
3056 1370 3113 1418 et
3133 1360 3325 1418 reddat
3357 1362 3491 1420 mihi
3517 1364 3720 1422 bonum

2128 1469 2228 1528 pro
2259 1453 2635 1513 maledictione
2672 1453 2776 1512 hac
2803 1454 3066 1513 hodierna
3096 1457 3172 1525 (II
3210 1459 3342 1527 Reg.
3373 1456 3528 1526 xu).

2706 1592 2953 1650 CAPUT
2987 1593 3139 1650 VIII.

2308 1714 2385 1767 De
2405 1711 2505 1782 ira
2532 1709 2791 1765 adversus
2817 1712 3163 1781 nosmetipsos
3187 1712 3547 1783 suscipienda.

421 1824 673 1916 istorum,
718 1844 809 1918 qui
848 1843 1072 1917 profecti
1110 1851 1260 1912 sunt,
1291 1851 1346 1899 et
1373 1841 1679 1898 animarum
1712 1840 2018 1913 periculum
2046 1838 2096 1902 B
2196 1823 2225 1867 δ
2255 1834 2526 1892 Jubemur
2550 1834 2733 1908 itaque
2758 1835 2918 1893 irasci
2947 1834 3262 1905 salubriter,
3301 1837 3393 1895 sed
3418 1837 3721 1897 nobismet-

420 1939 606 1997 bibam
632 1939 703 2013 (Il
733 1944 863 2009 Reg.
888 1945 1077 2005 χχιιι)
1094 1941 1125 2001 Ρ,
1140 1937 1237 1994 Vel
1258 1952 1388 1992 cum
1414 1935 1591 1993 Semei
1620 1935 1672 1990 in
1693 1949 1879 2007 regem
1905 1937 2015 1991 Da-

420 2032 530 2102 vid,
562 2031 817 2089 audiente
853 2047 940 2099 eo,
974 2030 1177 2102 lapides
1210 2038 1265 2085 et
1293 2028 1579 2085 maledicta
1609 2043 1801 2085 coram
1828 2027 2014 2084 omni-

422 2124 524 2181 bus
565 2125 854 2197 irrogaret,
891 2124 1156 2195 velletque
1196 2122 1385 2179 Abisai
1428 2122 1576 2180 ﬁlius
1621 2121 1828 2180 Sarviaa
1864 2122 2017 2194 prin-

418 2232 545 2291 ceps
580 2219 840 2288 militum,
877 2218 1108 2274 convicii
1138 2200 1345 2291 regalis.
1371 2217 1639 2274 ultionem
1668 2217 2016 2274 truncatione

2124 1929 2286 2003 ipsis,
2352 1946 2417 1986 ac
2473 1929 2913 2003 suggestionibus
2963 1930 3342 1987 accedentibus
3399 1931 3601 2003 pravis;
3658 1941 3716 1990 et

2076 2060 2085 2065 -
2122 2040 2236 2081 non
2279 2039 2521 2097 peccare,
2558 2024 2628 2081 ad
2669 2022 2930 2082 effectum
2961 2024 3171 2081 scilicet
3211 2040 3300 2082 eas
3331 2025 3558 2082 noxium
3599 2042 3722 2099 per-

2122 2121 2404 2179 ducentes.
2432 2121 2679 2194 Denique
2709 2120 2855 2177 hunc
2879 2120 3140 2178 eumdum
3168 2112 3395 2179 sensum
3420 2122 3721 2182 evidentius

2122 2217 2377 2289 explanat
2418 2216 2714 2275 versiculus
2746 2230 2978 2289 sequens
3010 2235 3024 2273 :
3058 2221 3082 2250 ⁸
3112 2218 3247 2289 Quae
3279 2216 3456 2275 dicitis
3499 2218 3557 2273 in
3596 2233 3720 2275 cor-

1513 2343 1766 2398 ALARDI
1803 2344 2033 2400 GAZEI
2070 2342 2630 2400 COMMENTARIUS.

421 2459 543 2515 dine
570 2460 654 2514 ita
689 2463 1057 2529 comparatum
1098 2464 1196 2523 est,
1235 2463 1297 2514 ut
1336 2459 1433 2513 via:
1462 2460 1753 2529 quisquam
1782 2462 2019 2514 inveniri

490 2533 609 2598 ssit,
632 2533 841 2585 cuinon
858 2530 1132 2585 interdum
1152 2530 1450 2585 iracundia:
1466 2530 1684 2599 affectus
1706 2531 2015 2597 oboriatur;

506 2618 532 2655 c
556 2602 667 2656 sola
684 2602 841 2671 justa
860 2601 1229 2657 existimanda
1252 2606 1349 2664 est,
1382 2616 1502 2671 qua:
1530 2617 1633 2655 non
1652 2602 1908 2656 adversus
1939 2617 2020 2657 eos

420 2674 521 2742 qui
542 2674 692 2726 nobis
723 2673 984 2742 injuriam
1013 2673 1256 2742 aliquam
1286 2674 1606 2735 intulerunt,
1643 2673 1737 2727 sed
1764 2673 2022 2729 adversus

419 2745 565 2799 iram
591 2746 768 2815 ipsam
794 2746 1113 2815 concipitur.

492 2825 513 2848 ·
545 2812 665 2869 Hoc
701 2813 919 2871 duobus
935 2812 1139 2870 “modis
1168 2812 1390 2884 intelligi
1420 2828 1580 2884 posse
1609 2812 1772 2869 docet
1806 2816 2025 2885 Augus-

419 2884 569 2940 tinus
596 2886 768 2951 ;Aut,
795 2888 1024 2948 etiamsi,
1047 2885 1240 2956 inquit,
1260 2887 1585 2949 irascimini,
1617 2886 1778 2956 nolite
1801 2884 2019 2953 peccare

421 2957 585 3020 (Psal.
619 2962 728 3020 IV);
758 2959 975 3011 etiamsi
996 2954 1185 3023 surgat
1212 2958 1385 3009 motus
1412 2957 1600 3016 animi,
1631 2958 1728 3023 qui
1739 2954 1863 3023 jam
1883 2971 2018 3024 pro-

419 3030 544 3094 pter
566 3041 780 3094 panam
802 3029 1011 3094 peccati
1030 3042 1133 3079 non
1160 3030 1234 3079 est
1262 3026 1319 3077 in
1334 3028 1614 3094 potestate,
1638 3026 1828 3080 saltem
1851 3028 1901 3079 ei
1918 3042 2022 3082 non

422 3096 720 3149 consentiat
746 3098 885 3149 ratio
913 3099 963 3149 et
986 3110 1149 3157 mens,
1176 3110 1297 3163 qum
1322 3097 1467 3149 intus
1492 3100 1809 3163 regenerata
1834 3100 1911 3152 est
1936 3112 2019 3152 se-
2048 3112 2067 3123 ’

422 3165 655 3220 cundum
679 3169 876 3232 Deum;
902 3171 1019 3230 aut,
1044 3167 1190 3234 agite
1208 3167 1599 3235 paenitentiam,
1625 3167 1685 3221 id
1707 3172 1804 3231 est,
1828 3169 2020 3223 irasci-

422 3237 562 3290 mini
586 3236 974 3311 vobismetipsis
1004 3237 1069 3291 de
1094 3238 1393 3311 prajteritis
1422 3239 1675 3311 peccatis,
1703 3243 1755 3293 et
1786 3240 2016 3311 ulterius
2062 3303 2095 3311 Α
2127 3254 2210 3294 res
2240 3240 2434 3295 indicio
2465 3236 2564 3303 est,
2596 3242 2739 3311 quod
2767 3244 3188 3311 concupiscentia
3215 3243 3433 3311 quidem
3460 3236 3725 3300 rationem
3810 3252 3823 3257 ’

2125 2463 2276 2532 tanto
2304 2462 2566 2515 exercitus
2594 2475 2833 2524 numero,
2859 2475 2980 2515 cum
3010 2461 3195 2530 utique
3220 2461 3389 2515 multo
3414 2463 3584 2517 minus
3607 2465 3725 2532 regi

2125 2530 2299 2586 deesse
2303 2533 2544 2601 potuerit
2551 2546 2618 2585 ea:
2630 2534 2836 2586 ueteris
2846 2532 3091 2599 fontibus
3105 2548 3272 2601 aqua,
3287 2530 3723 2590 irrationabilem

2166 2603 2424 2656 uamdam
2438 2604 2911 2672 concupiscentiam
2915 2618 3130 2672 passus,
3146 2603 3725 2675 desideraviteamqute

2197 2676 2359 2727 stium
2379 2677 2492 2728 erat
2512 2675 2924 2741 circumfusione
2942 2675 3168 2737 vallata,
3192 2674 3335 2728 unde
3352 2677 3467 2730 sine
3482 2674 3723 2732 maximo

2123 2744 2365 2815 periculo
2383 2760 2485 2799 non
2506 2747 2766 2815 potuisset
2793 2745 3017 2812 deferri.
3049 2748 3234 2814 Itaque
3260 2748 3344 2799 ait
3371 2764 3388 2799 :
3418 2748 3548 2813 Quis
3571 2748 3724 2803 dabit

2132 2816 2272 2868 mihi
2295 2818 2481 2885 potum
2509 2816 2575 2870 de
2603 2817 2721 2870 lacu
2757 2817 2855 2885 qui
2880 2820 2957 2871 est
2988 2818 3046 2870 in
3073 2817 3339 2871 Bethleem
3372 2818 3447 2871 ad
3468 2822 3723 2888 portam?

2125 2888 2333 2959 Etcum
2358 2891 2526 2959 essent
2542 2888 2741 2956 reperti
2766 2891 2872 2941 tres
2892 2889 3001 2940 viri
3024 2889 3120 2957 qui
3137 2889 3369 2942 hostium
3388 2892 3569 2943 castra
3583 2906 3723 2959 prce-

2126 2956 2378 3028 ciderent,
2408 2961 2457 3011 et
2484 2956 2761 3024 deferrent
2783 2973 2999 3027 aquam,
3033 2956 3199 3028 quam
3227 2974 3432 3013 summo
3460 2956 3723 3016 desiderio

2126 3026 2501 3101 desiderasset,
2525 3026 2986 3101 cognoscens’quod
2995 3026 3235 3099 periculo
3255 3031 3432 3085 alieno
3453 3047 3603 3101 aqua
3615 3033 3730 3087 sibi

2129 3098 2673 3171 eadechonstitisset,
2692 3100 2949 3171 profudit
2970 3101 3124 3154 illam
3141 3102 3387 3163 Domino,
3413 3118 3479 3155 ne
3497 3098 3725 3171 sangui-

2128 3183 2248 3223 nem
2268 3169 2483 3241 illorum
2508 3172 2604 3239 qui
2623 3169 2740 3225 eam
2761 3170 3064 3226 detulerant
3089 3172 3263 3225 bibere
3278 3173 3568 3226 videretur.
3594 3169 3726 3241 Qum

399 3321 634 3382 peccare
676 3303 919 3382 desinite.
962 3303 1131 3382 Atqui
1158 3307 1244 3362 hic
1284 3303 1551 3382 posterior
1577 3323 1790 3382 sensus,
1833 3309 1923 3382 qui
1960 3318 2015 3365 et
2052 3303 2097 3365 C
2124 3313 2445 3382 prwveniat,
2476 3312 2569 3367 sed
2592 3303 2733 3367 ratio
2751 3303 3046 3382 cupiditati
3064 3303 3299 3369 resistat.
3330 3316 3460 3370 Haec
3480 3313 3725 3373 Ambro-

422 3378 682 3451 Ca_ssia_no
731 3378 950 3449 placuit.
983 3377 1613 3451 __ls"idorus"P_elusiotes
1654 3380 1723 3451 in
1772 3377 2014 3451 quadam

423 3447 650 3521 epistola
681 3447 915 3518 quatuor
938 3447 1099 3504 affert
1124 3448 1492 3521 expositiones
1521 3450 1763 3521 ejusdem
1786 3447 2018 3507 senten-

422 3519 516 3573 tiae
555 3521 756 3588 (Epist.
798 3525 922 3585 239,
963 3521 1056 3574 lib.
1101 3536 1173 3586 ιι,
1197 3518 1271 3575 ex
1300 3518 1621 3585 vers.'Billi)
1659 3541 1670 3575 :
1705 3523 1869 3577 Locus
1910 3522 2013 3585 hic,

425 3588 625 3659 inquit,
646 3592 970 3653 Irascimini,
988 3595 1038 3645 et
1057 3593 1221 3645 nolite
1234 3606 1453 3661 peccare
1464 3610 1482 3658 ;
1508 3592 1856 3661 multiplicem
1878 3594 2019 3647 mihi

421 3673 634 3715 sensum
673 3661 863 3715 habere
892 3662 1124 3716 videtur.
1169 3666 1221 3715 ιο
1252 3665 1427 3717 Potest
1454 3664 1594 3716 enim
1622 3668 1673 3717 et
1694 3663 1932 3717 absolute
1957 3680 2020 3719 ac

422 3731 640 3801 deﬁnite
658 3733 910 3801 intelligi,
936 3736 988 3787 et
1004 3748 1104 3803 per
1121 3733 1335 3787 consilii
1350 3732 1565 3787 modum
1583 3751 1599 3799 ;
1619 3734 1767 3787 verbi
1791 3736 2015 3802 gratia:

422 3805 733 3859 Irascimini
745 3822 760 3869 ;
781 3808 833 3857 et
847 3819 1010 3874 quam
1022 3805 1087 3858 ob
1097 3820 1313 3859 causam
1329 3805 1670 3859 irascimini?
1687 3805 2021 3874 Quapropter

420 3889 488 3929 ne
510 3876 830 3938 irascimini,
856 3880 917 3930 ut
937 3892 1000 3930 ne
1014 3877 1267 3946 peccetis.
1286 3876 1344 3929 2°
1362 3877 1538 3931 Potest
1560 3877 1685 3929 item
1710 3879 1760 3930 et
1784 3876 1924 3930 illud
1940 3879 2016 3932 si-

422 3947 678 4017 gniﬁcare
701 3965 717 4000 :
737 3948 998 4013 Quoniam
1016 3945 1164 4001 acris
1183 3945 1409 4015 affectus
1428 3946 1733 4000 iracundia:
1749 3951 1846 4009 est,
1870 3963 2017 4017 quae-

421 4032 524 4086 que
547 4019 789 4072 animam
815 4019 949 4073 mire
979 4019 1253 4087 surripere
1284 4022 1445 4087 queat
1467 4021 1725 4089 (persaepe
1751 4020 1893 4073 enim
1918 4035 2018 4073 ra-

422 4090 558 4162 tioni
572 4091 863 4159 praecurrit
880 4106 942 4144 ac
955 4093 1155 4159 prceter
1174 4090 1329 4144 volun
1336 4092 1502 4162 tatem
1513 4104 1646 4158 pene
1662 4088 2014 4162 procreatur),

420 4159 617 4230 idcirco
645 4163 856 4215 ratione
877 4166 977 4215 aut
1002 4163 1301 4230 insequenti
1326 4161 1739 4215 consideratione
1757 4162 1903 4230 hanc
1930 4159 2018 4216 se-

420 4228 564 4290 date,
596 4245 702 4302 non
729 4232 789 4283 in
817 4232 1071 4286 ultionem
1091 4228 1517 4302 prorumpentes,
1546 4232 1639 4286 sed
1664 4234 1720 4286 in
1744 4229 2018 4287 lenitatem

418 4302 579 4366 atque
593 4300 925 4372 clementiam
940 4300 1255 4372 desinentes.
1275 4300 1332 4355 3°
1346 4303 1490 4357 Illud
1505 4318 1711 4372 quoque
1729 4303 2017 4372 designare

413 4372 591 4436 potest
622 4387 637 4422 :
667 4371 984 4429 Irascamini
1020 4371 1141 4423 huic
1172 4371 1413 4438 affectui,
1454 4375 1553 4440 qui
1586 4371 1731 4426 vais
1763 4371 2014 4429 molestus

418 4442 586 4562 atque
604 4439 836 4504 infestus
850 4442 952 4521 est,
981 4454 1045 4493 ac
1058 4444 1361 4522 prcesertim
1384 4439 1665 4524 voluptati,
1690 4448 1742 4497 et
1766 4459 1872 4499 non
1885 4460 2014 4513 pec-

419 4523 481 4562 ca
517 4513 629 4562 itis.
646 4510 789 4562 Nam
808 4524 855 4562 si
876 4524 965 4562 vos
989 4511 1187 4562 fractos
1202 4526 1265 4562 ac
1284 4511 1571 4562 dissolutos
1592 4515 2002 4562 invem‘atmullo

419 4510 629 4563 cubitis.
646 4510 789 4566 Nam
808 4511 860 4563 si
876 4524 965 4562 vos
986 4511 1187 4577 fractos
1202 4526 1265 4564 ac
1284 4511 1571 4566 dissolutos
1592 4510 2002 4577 inveniatmullo

415 4581 623 4650 negotio
647 4596 736 4635 vos
761 4580 1066 4650 superabit;
1097 4583 1149 4635 si
1172 4585 1355 4636 autem
1391 4582 1675 4650 vigilantes
1703 4599 1765 4638 ac
1786 4585 2008 4651 sobrios,

420 4653 627 4722 ipsique
658 4654 963 4719 irascentes,
998 4668 1163 4722 quam
1189 4655 1429 4722 primum
1461 4653 1714 4708 discedet.
1749 4662 1808 4709 4°
1834 4658 2009 4713 Potest

2124 3380 2237 3436 sius
2265 3381 2396 3437 huic
2426 3382 2545 3438 loco
2574 3380 2959 3438 consentanea.

2194 3454 2218 3483 °
2249 3454 2514 3520 Quomodo
2541 3454 2744 3508 dixerit
2773 3456 3030 3510 Dominus
3067 3455 3241 3512 Semei
3262 3454 3573 3511 maledicere
3598 3461 3727 3513 Da-

2237 3524 2467 3602 (lI_Beg.
2489 3523 3042 3602 _JrVI),-quis_sapi_ens,
3064 3530 3118 3602 et_
3136 3526 3428 3602 intelliget?
3448 3542 3553 3580 non
3568 3530 3729 3602 enim

2114 3593 2356 3668 jubendo
2371 3595 2539 3658 ducit,
2558 3596 2656 3649 ubi
2667 3593 2967 3651 obedientia
2986 3593 3324 3663 laudaretur,-
3339 3596 3430 3652 sed
3444 3598 3587 3667 quod
3599 3599 3727 3668 ejus

2123 3664 2449 3738 uoluntatem
2466 3668 2689 3738 proprio
2721 3682 2814 3722 suo
2842 3669 2974 3722 vitio
2996 3669 3219 3731 malam,
3245 3670 3303 3722 in
3330 3669 3423 3722 hoc
3440 3664 3730 3738 peccatum

2116 3734 2330 3805 judicio
2357 3751 2450 3791 suo
2469 3734 2622 3805 justo
2647 3741 2698 3791 et
2726 3738 2922 3792 occulto
2954 3739 3313 3803 inclinaverat,
3343 3734 3463 3794 ideo
3495 3741 3651 3797 diuit
3673 3744 3732 3799 ei

2126 3808 2400 3880 Dominus.
2444 3810 2586 3866 Nam
2620 3811 2674 3863 si
2693 3808 2912 3877 jubenti
2940 3810 3371 3880 obtemperasset,
3411 3811 3731 3869 laudandus

2118 3879 2303 3954 potius
2327 3894 2492 3948 quam
2510 3880 2815 3954 puniendus
2838 3884 2991 3954 esset,
3023 3879 3161 3954 sicut
3190 3897 3259 3935 θαι
3283 3882 3377 3936 hoc
3398 3888 3589 3951 postea
3614 3900 3731 3954 pu-

2124 3950 2298 4023 nitum
2312 3965 2420 4023 esse
2439 3952 2698 4005 novimus.
2717 3953 2863 4023 Haec
2879 3951 3225 4023 Augustinus
3244 3954 3383 4019 (Lib.
3399 3950 3473 4008 de
3492 3950 3642 4011 Grut.
3669 3961 3733 4012 et

2125 4018 2215 4093 lib,
2254 4021 2464 4076 Arbitr.
2494 4037 2611 4092 cap.
2645 4020 2754 4093 20)_.
2798 4018 3010 4093 Dicitur
3036 4031 3218 4093 autem
3251 4024 3399 4079 Deus
3431 4023 3735 4083 inclinasse

2127 4089 2460 4162 voluntatem
2481 4089 2660 4147 Semei
2680 4089 2749 4148 ad
2772 4091 3215 4162 maledicendum
3241 4093 3438 4162 David,
3460 4111 3572 4151 non
3591 4112 3734 4155 eum

2124 4159 2417 4245 incitando,
2459 4170 2554 4245 aut
2585 4161 3002 4245 compellenda;
3039 4163 3138 4245 _sed
3167 4159 3556 4245 permittendo,
3586 4183 3735 4245 curn

2122 4228 2280 4287 facile
2318 4228 2513 4311 poSset_
2532 4228 2799 4311 impedire
2839 4250 2852 4287 :
2896 4228 3000 4291 nec
3038 4228 3409 4311 hoc_tantum,
3453 4228 3555 4311 sed
3585 4238 3733 4311 quia

2123 4303 2584 4376 p_erversam_ejus
2614 4303 2979 4375 voluntatem,
3016 4314 3071 4361 et
3093 4306 3162 4362 ad
3190 4306 3365 4364 multa
3391 4303 3735 4366 Scelera'in-

2122 4371 2404 4461 cliaatam,
2444 4371 2551 4461 hoc
2586 4382 2803 4461 tantum
2832 4371 3081 4461 agere‘et
3108 4379 3331 4461 exsequi
3358 4380 3728 4461 permisit_ex

2124 4442 2309 4527 multis
2338 4415 2406 4501 ad
2433 4455 2765 4527 quae_para_ta
2783 4415 2907 4527 _erft
2925 4467 2940 4517 ;
2961 4415 3737 4527 idégi'éi‘éﬁhl'evﬁé‘é'riib;

2096 4512 2307 4591 vident
2354 4532 2368 4568 :
2416 4512 2598 4591 sicuti'
2617 4518 2837 4575 diabolo
2878 4512 3079 4591 petenti
3121 4512 3439 4577 facultatem
3484 4523 3738 4581 vexandi

2121 4584 2248 4663 Job,
2282 4588 2554 4663 concessit
2584 4604 2696 4663 non
2737 4584 2961 4663 omnem
2997 4606 3163 4663 quam
3206 4592 3453 4663 optabat,
3498 4596 3590 4649 sed
3622 4609 3737 4649 re-

2121 4656 2365 4735 strictam
2398 4658 2505 4715 illis
2526 4660 2702 4716 verbis
2731 4662 2864 4729 (Job.
2896 4661 2939 4733 ι)
2971 4681 2983 4716 :
3012 4656 3148 4718 Ecce
3179 4656 3588 4735 universaqua:
3611 4665 3741 4721 ha-

416 4705 579 4799 etiam
600 4724 912 4799 imperandi
927 4705 1081 4799 modo
1102 4705 1317 4799 cauponi.
1344 4725 1607 4792 Quoniam
1630 4727 1779 4799 enim
1786 4743 1904 4781 cum
1926 4731 2009 4783 in-
2041 4705 2091 4768 Ῑ)
2123 4727 2209 4783 bet
2237 4731 2297 4783 in
2324 4746 2511 4794 manu,
2549 4705 2653 4786 iud
2852 4705 3160 4789 .tdiztu‘mmin
3182 4705 3335 4789 "illi?
3355 4705 3584 4790 alii};

402 4794 816 4875 juriasnostras
833 4796 1157 4875 ulciscimur,
1167 4794 1702 4875 :mpdumquoquein
1717 4794 2011 4875 ulciscendo
2119 4801 2379 4875 extendas
2399 4803 2562 4868 (Vide
2578 4794 2834 4875 Bellarm'.
2859 4804 2953 4859 lib.
2979 4819 3026 4859 ιι
3047 4805 3113 4859 de
3134 4806 3339 4861 Amiss.
3362 4811 3505 4875 grat.
3528 4821 3581 4861 c.
3605 4811 3738 4875 13).

411 4859 717 4946 eacedimus
729 4887 746 4936 ;
768 4884 886 4923 cum
906 4868 1269 4946 autemvelde
1289 4859 1480 4946 divina
1500 4859 1692 4946 gloria,
1711 4870 2008 4946 veldevin-
2190 4859 2218 4902 ά
2253 4871 2343 4927 Sic
2384 4859 2457 4946 D.
2494 4873 2835 4946 Augustinus
2876 4874 2930 4930 in
2966 4876 3100 4946 psal.
3135 4859 3279 4932 atxv
3311 4859 3749 4936 ScribensVi—S'i

413 4936 676 5017 dicandis
687 4949 867 5017 eorum
882 4943 980 5017 qui
994 4940 1271 5017 laeduntur
1285 4936 1729 5017 injuriisagitur,
1748 4945 1869 5017 _tum
1888 4958 2009 4999 vero
2110 4946 2401 5017 propterea
2425 4936 2678 5000 irasceris
2708 4961 2856 5001 servo
2886 4936 2997 5009 tuo,
3027 4949 3161 5016 quia
3183 4951 3452 5017 peccavit;
3478 4964 3544 5003 ne
3570 4953 3622 5004 et
3652 4955 3747 5007 tu

410 5011 684 5092 metumet
696 5009 925 5092 quietem
941 5013 1218 5092 ﬁngimus,
1243 5014 1481 5092 mutique
1499 5028 1561 5067 ac
1581 5013 1788 5092 torpidi
1802 5028 2004 5092 sumus,
2110 5009 2710 5092 ips§_pe£ces,__irascere
2744 5018 2847 5092 tibi
2873 5009 3054 5092 (Vide:
3080 5019 3137 5092 _S.
3169 5009 3351 5074 Thom.
3384 5009 3583 5092 2:2,,9,
3616 5022 3742 5092 46,

410 5081 472 5156 ut
494 5077 635 5158 nihil
661 5078 806 5158 inter
828 5094 922 5158 nos
949 5084 998 5158 et
1026 5077 1167 5158 sana
1194 5077 1408 5158 intersit
1431 5102 1447 5138 :
1472 5077 1781 5153 propterea,
1801 5087 2003 5158 (inquit,
2114 5077 2168 5138 ᾰ.
2197 5077 2273 5153 7)ἶ
2308 5088 2379 5141 Et
2398 5077 2523 5142 alibi
2546 5089 2634 5154 (In
2658 5090 2800 5158 psal.
2833 5077 2920 5156 Iv)
2951 5109 2962 5144 :
2999 5089 3127 5144 Volo
3151 5104 3239 5144 vos
3267 5092 3449 5154 irasci,
3481 5077 3578 5146 έρὶι
3604 5077 3750 5150 nos;

399 5148 550 5231 juste
567 5148 799 5231 quidem
828 5151 1141 5231 irascimini,
1181 5156 1238 5206 at
1266 5154 1431 5231 nolite
1446 5148 1701 5231 peccare;
1743 5148 2005 5231 nimirum
2113 5160 2175 5231 ut
2204 5148 2465 5226 peccetis;
2508 5148 2571 5231 ut
2601 5148 2779 5215 autem
2819 5148 2923 5215 non
2960 5162 3205 5230 peccetis,
3252 5148 3449 5231 quibus
3503 5148 3748 5221 habetisw

407 5219 490 5301 vel
523 5219 1237 5301 alienapeccataaquorum‘
1258 5219 1623 5301 conscii:estis,
1660 5219 1999 5301 Occultantes,
2111 5219 2297 5301 irasci,
2324 5231 2438 5301 nisi
2448 5219 2643 5286 vobis?
2670 5231 2807 5301 quid
2833 5219 2981 5287 enini
2999 5235 3077 5287 est
3107 5219 3565 5301 homo‘pwnitens,
3602 5219 3752 5292 nisi

405 5290 488 5375 vel
522 5289 598 5375 ad
616 5292 876 5375 ‘pﬁvgtas
904 5289 1142 5375 iniurias
1162 5295 1541 5375 _vindicandas
1569 5294 1662 5349 hoc
1691 5289 1999 5365 adiumento
2109 5298 2261 5354 homo
2278 5289 2460 5356 iratus
2478 5302 2626 5356 sibi?
2655 5289 2724 5359 ﬁt
2749 5304 2979 5374 accipiat
3001 5304 3236 5371 veniam,
3263 5289 3330 5359 de
3346 5306 3520 5375 seipse

406 5360 705 5440 abytentes.
748 5362 882 5440 ῌωθ
905 5360 994 5417 ille
1022 5360 1576 5440 papcisintermissis',
1709 5435 1720 5440 _
1758 5360 1825 5440 ’ᾗ
1916 5438 1961 5440 __
2100 5385 2341 5440 pcenam.

474 5424 651 5519 {Hoc
679 5431 885 5519 insigqe
908 5424 1679 5519 moft‘iﬁcatignis‘exemplum
1706 5435 1761 5492 in
1782 5437 1999 5519 pavide
2100 5424 2124 5440 ⁸
2156 5424 2470 5519 νεᾼΒᾲᾀίΙὶιιε
2506 5443 2562 5519 in
2604 5442 2755 5501 hunc
2791 5444 3031 5519 locum:
3076 5448 3204 5515 Quae
3227 5464 3328 5519 per
3355 5447 3495 5503 diem
3528 5462 3761 5517 prava

401 5501 810 5590 99mmendaps'
827 5507 899 5590 1).:
932 5503 1191 5590 A’m'bros.
1341 5505 1409 5563 de
1436 5501 1622 5590 sancto
1647 5506 1831 5590 Iacob
1845 5508 1994 5590 (Cap.
2104 5514 2352 5590 cogitatis
2372 5518 2617 5581 consilia,
2646 5533 2709 5572 ea
2732 5519 2793 5573 in
2819 5501 3551 5590 cubilibus‘vestﬁstempord

473 5595 495 5661 7:
523 5576 708 5643 Quem,
734 5574 926 5647 inquit,
948 5576 1013 5632 de
1032 5577 1621 5661 hominibusmiliorem
1638 5574 1998 5661 _e_t_fortiorem
2106 5574 2189 5661 t_is_'
2206 5586 2487 5655 castigate,
2514 5574 2675 5661 inque
2697 5604 2788 5661 vos
2814 5592 2954 5661 ipsos
2990 5591 3386 5660 inquisitionem
3408 5574 3759 5661 instituité.

398 5659 751 5731 assumemus.
767 5663 932 5718 quam
949 5653 1189 5731 sanctum
1203 5650 1512 5731 ng_id,qui
1522 5652 1872 5731 qupiditatem
1888 5669 1998 5731 qua
2103 5656 2175 5710 Et
2194 5650 2366 5731 quare
2382 5673 2486 5713 non
2514 5650 2775 5715 de'verbis
2803 5650 2856 5717 et
2883 5650 3130 5731 operibus
3158 5662 3362 5717 locutus
3390 5666 3489 5725 est,
3516 5660 3609 5717 sed
3645 5662 3768 5721 de

397 5719 740 5798 concupierat
760 5735 961 5798 aquam
987 5718 1055 5798 de
1079 5721 1200 5775 lacu
1236 5718 1497 5798 Bethleem
1526 5718 1711 5798 hostili
1736 5718 1998 5798 interclu-
2096 5718 2290 5797 pravis
2325 5730 2785 5798 cogitationibus?
2822 5718 3243 5788 em‘abundanti
3269 5734 3364 5789 hoc
3406 5718 3558 5789 didit
3595 5746 3611 5782 τ
3677 5718 3774 5792 εἰ

398 5802 516 5874 sgm
541 5791 800 5874 eaercitu,
818 5791 928 5874 sibi
945 5793 1170 5874 auferre
1182 5808 1284 5874 non
1305 5794 1499 5874 potuit,
1515 5797 1696 5874 potuit
1717 5796 1992 5874 mitigare.
2096 5791 2331 5869 namque
2354 5791 2483 5856 sunt
2504 5803 2831 5872 castiganda
2851 5819 3024 5874 prava
3048 5806 3291 5869 consilia,
3325 5805 3492 5860 multo
3524 5791 3768 5874 magis

395 5861 536 5920 Nam
558 5876 677 5919 cum
698 5862 823 5920 aliis
841 5865 1029 5936 utique
1050 5864 1290 5934 defuisse
1308 5861 1411 5921 non
1431 5861 1787 5934 inveniamus,
1811 5861 1871 5925 id
1892 5872 1990 5935 est,
2094 5861 2322 5942 propter
2349 5887 2512 5944 opera
2537 5876 2588 5931 et
2608 5861 2772 5932 υὲνὸα
2800 5861 3203 5947 compungenda
3225 5861 3309 5933 est
3326 5876 3532 5933 anima.
3560 5861 3703 5931 Ηὲε
3720 5861 3781 5932 ὸ
