4012 6192
322 145 432 201 339
1668 138 1948 197 JOANNlS
1985 137 2290 195 CASSIANI
3536 144 3643 199 340

324 269 381 326 Si
415 240 645 325 noxium
691 273 774 324 est
800 281 962 339 super
1004 265 1345 324 iracundiam
1380 272 1629 322 nostram
1667 262 1918 321 occidere
1942 267 1995 330 Α
2024 262 2254 320 modum
2303 262 2372 320 de
2421 262 2501 319 ira
2549 262 2840 333 sentirent,
2885 261 3010 320 licet
3064 261 3310 336 longiore
3362 277 3646 337 sermone,

326 358 500 416 solem
515 358 767 431 justitiae,
796 367 853 415 et
878 359 1001 416 irati
1037 357 1329 415 confestim
1352 358 1539 415 locum
1572 357 1795 415 diabolo
1827 356 1926 414 da-
2035 357 2387 431 protulimus,
2413 357 2509 431 qui
2540 372 2662 414 eam
2696 372 2799 413 nec
2826 355 2897 413 ad
2921 365 3267 414 momentum
3294 356 3527 430 quidem
3551 374 3651 418 cor

330 467 456 509 mus
502 453 559 508 in
588 452 754 510 corde
795 460 1015 523 nostro;
1055 452 1338 525 quomodo
1389 451 1640 524 superius
1686 450 1933 524 praecipit
2036 458 2291 509 nostrum
2338 459 2628 523 penetrare
2668 450 3018 524 permittunt,
3048 449 3182 507 illud
3209 450 3488 523 Evangelii
3516 467 3651 510 om-

332 557 394 605 ut
416 548 737 616 irascamur,
775 548 959 606 dicens
996 568 1008 603 :
1038 547 1343 604 lrascimini
1371 556 1428 605 et
1469 547 1642 604 nolite
1669 549 1931 619 peccare?
2040 544 2284 603 nimodis
2307 544 2658 602 observantes
2689 565 2703 603 :
2746 544 2855 614 Qui
2884 544 3136 601 irascitur
3180 542 3336 600 fratri
3371 560 3496 614 suo,
3524 561 3655 606 reus

2044 638 2145 695 erit
2185 636 2389 710 judicio
2419 640 2646 709 (Matth.
2677 638 2769 710 v).
2805 639 3083 695 Caeterum
3127 636 3171 693 si
3222 652 3398 709 usque
3444 637 3518 695 ad
3554 654 3656 697 oc-

2047 748 2236 790 casum
2286 733 2419 789 solis
2457 732 2668 789 licitum
2713 733 2785 789 sit
2827 732 3007 802 irasci,
3056 740 3183 789 ante
3211 732 3658 804 perturbationes

2046 825 2226 883 noxiae
2269 831 2527 897 poterunt
2587 823 2791 880 furoris
2841 825 3152 881 satietatem
3189 832 3245 880 et
3294 825 3510 882 ultricis
3558 826 3659 885 ira!

2048 918 2483 976 commotionem
2524 917 2766 991 explere,
2803 932 2968 990 quam
2990 917 3093 975 iste
3118 917 3200 975 sol
3243 917 3313 975 ad
3363 919 3546 977 locum
3566 921 3656 979 sui

2050 1023 2235 1088 vergat
2274 1028 2518 1071 occasus.

340 645 534 698 Nonne
585 641 861 699 evidenter
903 642 1008 699 hoc
1031 640 1164 697 dicit
1193 660 1206 698 :
1237 641 1541 698 lrascimini
1569 641 1710 698 vitiis
1744 649 1800 697 et
1842 640 1934 698 fu-

335 736 447 792 rori
516 744 697 791 vestro
728 778 742 805 ,
784 750 854 790 ne
914 733 1327 791 conniventibus
1375 733 1529 791 vobis
1574 734 1656 791 sol
1715 733 1939 805 iustitiae

332 829 583 888 Christus
612 829 835 900 incipiat
877 836 1098 901 propter
1128 827 1470 885 iracundiam
1510 836 1748 885 vestram
1776 844 1938 885 men-

335 924 484 981 tibus
525 925 827 981 obscuratis
868 924 1132 994 occidere,
1176 933 1232 981 et
1267 924 1575 982 discedente
1612 925 1707 985 illo
1754 925 1939 982 locum

336 1018 637 1076 diabolo'in
666 1020 858 1077 vestris
885 1020 1142 1077 cordibus
1165 1020 1472 1092 praebeatis.

2689 1108 2933 1166 CAPUT
2962 1109 3021 1164 Χ

961 1155 1050 1211 (Ἀ
1060 1156 1200 1211 PUT
1226 1157 1329 1275 Ds:
1620 1274 1625 1275 γ
1816 1272 1832 1275 _
1852 1274 1855 1275 ν
2052 1208 2126 1260 De
2145 1205 2230 1259 his
2250 1218 2479 1275 quorum
2502 1155 2878 1258 iracundiae-ne
2888 1155 3100 1256 dccc-sus
3121 1201 3340 1271 quidem
3356 1202 3480 1257 solis
3496 1204 3659 1259 istius

339 1274 417 1327 De
442 1286 547 1341 quo
567 1272 673 1325 sole
700 1271 934 1333 dicatur,
966 1274 1027 1325 ut
1053 1286 1159 1396 nqn
1182 1271 1390 1327 occidat
1411 1285 1575 1342 super
1605 1272 1947 1329 iracundiam

1018 1357 1106 1397 res
1132 1357 1270 1401 ram.

2257 1271 2277 1275 “
2651 1274 2869 1329 modum
2890 1275 3063 1344 ponit.

2127 1367 2265 1401 num
2302 1383 2431 1401 “non
2459 1367 2637 1401 Ᾱῖινηη
2665 1365 2733 1401 ,1ο
2778 1365 2862 1401 hic
2888 1365 3063 1401 Ιηιιηλ

2127 1367 2270 1438 Quid
2302 1383 2431 1424 vero
2459 1367 2638 1424 dicam
2665 1365 2733 1423 de
2778 1365 2863 1423 his
2888 1365 3068 1438 (quod
3088 1365 3310 1438 quidem
3336 1365 3520 1423 dicere
3544 1366 3665 1424 sine

413 1467 497 1520 De
525 1480 633 1536 quo
661 1465 774 1521 sole
811 1481 907 1537 per
944 1465 1266 1538 prophetam
1291 1469 1440 1524 Deus
1486 1466 1765 1524 evidenter
1786 1483 1951 1525 com—
2057 1476 2183 1517 mea
2210 1459 2531 1518 confusione
2555 1476 2667 1517 non
2697 1464 2951 1532 possum)
2974 1476 3211 1532 quorum
3232 1460 3666 1539 implacabilitati

330 1567 640 1629 memorat,
689 1558 761 1615 ita
801 1558 987 1615 dicens
1045 1579 1057 1615 :
1112 1561 1464 1617 Timentibus
1522 1569 1705 1617 autem
1746 1577 1954 1618 nomen
2060 1570 2162 1610 nec
2184 1554 2273 1610 hic
2312 1554 2535 1627 quidem
2573 1555 2656 1640 891
2706 1553 2959 1611 060M805
2989 1554 3292 1611 terminum
3336 1556 3529 1628 ροηίις
3572 1556 3670 1614 sed

347 1668 540 1708 meum
568 1653 773 1708 orietur
819 1653 898 1708 sol
920 1652 1166 1725 justitiae,
1206 1662 1262 1710 et
1283 1654 1492 1711 sanitas
1521 1653 1578 1709 in
1621 1654 1813 1726 pennis
1836 1653 1954 1727 ejus
2063 1663 2159 1720 per
2186 1647 2304 1704 dies
2341 1664 2465 1705 eam
2496 1648 2761 1720 plurimos
2808 1646 3158 1720 protelantes,
3202 1655 3368 1720 atque
3411 1648 3670 1706 adversus

348 1746 616 1818 (Malach.
660 1750 780 1813 IV).
813 1745 917 1816 Qui
946 1761 1139 1802 rursus
1186 1746 1567 1818 peccatoribus
1614 1756 1670 1802 et
1724 1747 1957 1819 pseudo-
1981 1730 2031 1793 B
2063 1758 2158 1799 eos
2192 1741 2247 1797 in
2284 1758 2425 1815 quos
2452 1742 2723 1799 commoti
2759 1741 2962 1798 fuerint
2990 1735 3016 1774 "
3054 1758 3341 1798 rancorem
3377 1742 3541 1799 animi
3574 1759 3672 1801 re-

352 1838 651 1913 prophetis,
702 1840 913 1911 illisque
958 1838 1049 1912 qui
1080 1840 1413 1909 irascuntur,
1466 1839 1715 1896 occidere
1765 1839 1960 1898 dicitur

364 1933 420 1988 in
451 1933 631 1990 medio
679 1932 789 2001 die,
831 1932 1042 1990 dicente
1072 1934 1334 2006 propheta
1383 1954 1395 1990 :
1430 1935 1640 1992 Occidit
1672 1936 1750 1992 eis
1798 1937 1962 1993 solin

359 2027 591 2085 meridie
620 2029 816 2094 (Amos
846 2031 1012 2095 νηί).
1045 2028 1143 2084 Vel
1180 2037 1328 2084 certe
1357 2028 1657 2086 secundum
1686 2030 1959 2102 tr0picum

354 2137 578 2179 sensum
606 2126 630 2154 ⁸
663 2136 843 2189 mens,
883 2120 940 2177 id
967 2128 1068 2188 est,
1102 2125 1214 2183 νοῦς
1252 2121 1363 2178 sive
1390 2123 1554 2192 ratio,
1597 2138 1721 2194 quae
1766 2139 1866 2197 pro
1891 2140 1957 2181 eo

352 2214 504 2287 quod
528 2229 718 2271 omnes
744 2213 923 2270 cordis
945 2214 1310 2286 cogitationes
1339 2214 1799 2289 discretionesque
1831 2233 1959 2289 per-

356 2307 569 2373 lustret,
593 2308 674 2363 sol
699 2306 898 2363 merito
929 2315 1295 2379 nuncupatur,
1325 2308 1420 2365 ira:
1453 2309 1583 2365 vitio
1613 2325 1727 2366 non
1750 2311 1959 2369 exstin-

354 2408 587 2474 guatur;
632 2415 701 2456 ne
760 2398 952 2456 eadem
996 2399 1297 2467 occidente,
1360 2401 1831 2474 perturbationum
1874 2410 1963 2458 te-

359 2495 548 2551 nebrm
583 2510 713 2550 cum
758 2502 980 2551 auctore
1017 2510 1117 2551 suo
1146 2493 1367 2552 diabolo
1420 2497 1737 2553 universum
1780 2498 1960 2554 nostri

354 2587 541 2646 cordis
574 2595 843 2660 occupent
876 2602 1129 2659 sensum,
1174 2596 1230 2645 et
1272 2588 1512 2646 tenebris
1564 2591 1661 2647 irae
1705 2591 1959 2663 possessi,

362 2683 511 2740 velut
538 2683 595 2738 in
634 2690 793 2737 nocte
817 2697 983 2750 caeca,
1012 2682 1144 2753 quid
1177 2698 1280 2739 nos
1305 2691 1553 2755 oporteat
1588 2668 1772 2757 agere,
1801 2685 1964 2757 igno-

361 2791 568 2833 remus.
615 2775 731 2832 Tali
778 2791 941 2833 sensu
990 2774 1136 2832 hunc
1182 2777 1435 2850 Apostoli
1487 2778 1668 2835 locum
1708 2779 1964 2837 institutis

359 2866 640 2925 seniorum
661 2867 920 2925 traditum
948 2870 1125 2939 nobis,
1158 2869 1281 2942 quia
1308 2885 1526 2927 necesse
1558 2870 1667 2927 fuit
1693 2872 1964 2944 quemad-

2065 1844 2369 1903 servantes,
2417 1846 2619 1909 negant
2647 1835 2873 1909 quidem
2920 1851 2979 1892 se
3008 1836 3189 1892 verbis
3229 1836 3401 1905 irasci,
3432 1835 3526 1893 sed
3546 1838 3660 1894 rei-

2069 1946 2166 2002 psa
2215 1938 2272 1986 et
2319 1944 2482 2003 opere
2527 1928 2799 2002 indignari
2834 1928 3148 2002 gravissime
3198 1929 3669 2002 comprobantur?

2067 2027 2215 2081 Nam
2245 2038 2425 2097 neque
2464 2038 2560 2080 eos
2582 2039 2827 2097 congruo
2872 2038 3127 2080 sermone
3170 2023 3521 2096 compellant,
3565 2040 3672 2083 nec

2066 2117 2394 2174 affabilitate
2420 2115 2498 2174 eis
2528 2116 2687 2174 solita
2724 2117 3143 2190 colloquuntur;
3176 2126 3232 2173 et
3259 2118 3317 2174 in
3361 2133 3428 2173 eo
3468 2132 3529 2175 se
3557 2119 3668 2175 mi-

2066 2211 2213 2269 nime
2254 2210 2568 2282 delinquere
2612 2216 2826 2284 putant,
2854 2210 3001 2283 quod
3024 2209 3313 2271 vindictam
3344 2227 3457 2269 sua:
3511 2227 3671 2270 com-

2068 2306 2334 2364 motionis
2377 2322 2492 2363 non
2538 2314 2825 2378 expetant;
2874 2321 3043 2378 quam
3075 2314 3259 2363 tamen
3291 2306 3383 2378 qui
3431 2305 3676 2379 proferre

2068 2400 2247 2473 palam
2291 2408 2346 2456 et
2373 2415 2641 2468 exercere,
2694 2409 2789 2456 aut
2816 2415 2930 2456 non
2974 2399 3197 2470 audent,
3232 2409 3330 2458 aut
3356 2408 3504 2458 certe
3551 2417 3674 2460 non

2070 2502 2323 2566 possunt,
2365 2493 2420 2549 in
2462 2508 2624 2550 suam
2663 2494 2966 2566 perniciem
2994 2495 3144 2573 vii-us
3183 2494 3482 2552 iracundiae
3504 2504 3678 2553 retor-

2069 2598 2314 2662 quentes,
2332 2596 2684 2660 concoquunt
2705 2604 2824 2644 eam
2841 2589 2899 2644 in
2921 2588 3086 2645 corde
3112 2588 3285 2658 taciti,
3304 2605 3369 2646 ac
3383 2589 3678 2648 siientesin

2070 2683 2378 2756 semetipsis
2389 2690 2747 2753 consumunt,
2762 2683 3184 2741 amaritudinem
3197 2684 3438 2742 tristitiae
3448 2701 3559 2742 non
3570 2686 3675 2742 vir-

2070 2786 2187 2835 tute
2216 2777 2385 2834 animi
2415 2779 2664 2850 protinus
2688 2779 3043 2851 expellentes,
3082 2779 3179 2838 sed
3207 2779 3521 2851 digerentcs
3545 2797 3676 2854 pro-

2072 2886 2229 2928 cessu
2256 2870 2496 2938 dierum,
2520 2879 2575 2927 et
2597 2878 2893 2945 utcumque
2929 2888 3029 2945 pro
3060 2880 3307 2946 tempore
3335 2875 3675 2947 mitigantes.

1461 2986 1719 3044 ALARDI
1756 2988 1986 3044 GAZAEI
2025 2987 2587 3046 COMMENTARIUS.

366 3094 545 3150 Nolite
574 3093 743 3167 locum
772 3093 904 3167 dare
934 3093 1168 3155 diabolo,
1213 3094 1556 3167 quiiea‘iguos
1580 3096 1815 3162 affectus
1842 3112 1966 3151 ma-
1998 3102 2043 3166 C
2076 3099 2338 3165 contingit
2360 3097 2593 3163 fratrem
2612 3096 2790 3163 fratri
2810 3099 2992 3160 irasci,
3013 3099 3065 3151 ei
3086 3096 3323 3167 quodam
3347 3099 3553 3165 furoris
3576 3101 3679 3154 im-

369 3180 501 3233 gnos
530 3165 726 3219 occulte
737 3164 937 3225 reddit,
962 3180 1025 3217 ea
1051 3179 1171 3233 qua:
1193 3166 1359 3231 facile
1385 3169 1571 3219 curari
1594 3172 1840 3235 possunt,
1875 3170 1969 3222 ma:

368 3242 467 3290 aut
503 3238 665 3290 etiam
694 3235 842 3305 nullo
871 3234 1026 3289 modo
1045 3236 1309 3289 curabilia
1341 3238 1527 3305 efﬁcit.
1550 3234 1685 3293 Haec
1720 3237 1828 3294 ille.
1864 3241 1970 3294 Po-

372 3313 577 3361 stremo
605 3306 747 3360 circa
771 3303 917 3360 hunc
944 3306 1125 3361 locum
1151 3306 1280 3362 libet
1308 3303 1410 3363 alia
1451 3306 1561 3364 duo
1584 3308 1839 3365 salutaria
1864 3308 1972 3366 do-

372 3385 624 3450 cumenta
651 3384 937 3450 annotare,
968 3391 1204 3450 quorum
1238 3378 1473 3450 primum
1506 3388 1589 3435 est
1616 3382 1672 3436 S.
1720 3381 1970 3448 Antonii,

375 3446 467 3525 qui
492 3454 554 3525 _ut
584 3447 856 3525 refert-D.
912 3446 1253 3525 Athanasius
1283 3449 1336 3525 in
1375 3450 1509 3525 ejus,
1537 3451 1684 3519 Vita,
1708 3446 1975 3507 suadebat

360 3518 501 3592 jugi
513 3518 879 3592 meditatione
896 3521 1235 3592 retinendum
1261 3518 1511 3589 Apos'toli
1531 3537 1846 3585 sermonem,
1868 3538 1973 3592 quo

373 3588 473 3649 ait,
504 3587 596 3642 Sol
632 3602 737 3640 non
773 3588 979 3642 occidat
1013 3606 1174 3658 super
1204 3587 1547 3645 iracundiam
1574 3597 1843 3659 vestram;
1868 3587 1974 3649 non

374 3661 589 3712 tantum
619 3660 799 3710 autem
829 3672 990 3727 super
1019 3662 1382 3723 iracundiam,
1412 3663 1573 3716 solem
1602 3664 1835 3718 occidere
1869 3680 1974 3720 non

376 3729 562 3784 debere
580 3730 1064 3799 interpretabatur,
1095 3732 1189 3786 sed
1217 3737 1266 3786 et
1287 3748 1448 3802 super
1470 3736 1651 3788 omnia
1671 3734 1865 3789 delicta
1883 3736 1974 3790 ho-

376 3802 600 3863 minum,
632 3815 699 3853 ne
724 3805 1059 3872 peccatorum
1088 3818 1345 3872 umquam
1378 3808 1672 3870 nostorum,
1705 3810 1805 3859 aut
1826 3811 1974 3861 nocte

376 3872 529 3934 luna,
561 3876 660 3926 aut
704 3873 766 3925 in
810 3871 897 3926 die
923 3874 1001 3926 sol
1033 3871 1208 3929 testes,
1223 3875 1582 3930 abscederent.
1612 3875 1869 3932 Alterum
1898 3880 1970 3933 D.

374 3934 653 4018 Benedicti
703 3943 727 4018 _(
744 3944 873 4012 Cap.
909 3946 975 3999 13
1007 3947 1194 4013 Regul.
1221 3950 1262 4014 ),
1293 3946 1975 4018 qui,rut_Turrecremat,us

381 4022 437 4068 et
457 4013 790 4085 Smaragdus
818 4023 1237 4085 annotaverunt,
1252 4013 1607 4074 sanctissime
1628 4018 1888 4087 instituit,
1910 4013 1975 4076 ut

377 4087 437 4138 in
463 4087 657 4140 ultima
701 4089 862 4156 parte
887 4088 1277 4144 Matutinarum
1333 4088 1435 4155 (id
1485 4098 1588 4158 est,
1636 4089 1884 4147 Laudum
1926 4098 1983 4147 et

379 4158 744 4233 Vesperarum
766 4161 808 4233 ξ,
858 4158 1075 4233 dicatur
1097 4177 1151 4233 _a
1183 4165 1388 4232 priore,
1403 4176 1517 4233 seu
1553 4160 1620 4216 ab
1647 4177 1712 4217 eo
1758 4161 1850 4233 qui
1895 4177 1980 4218 sa-

378 4227 619 4305 cerdotis
647 4227 1059 4305 hebdomadarii
1087 4227 1335 4305 fungitur
1359 4230 1564 4301 officio,
1596 4227 1791 4290 Oratio
1802 4235 1983 4290 Domi-

381 4299 506 4375 nica
534 4300 833 4375 alta_voce;
860 4304 923 4375 et
965 4302 1079 4375 hoc,
1129 4299 1575 4375 induitLpropter
1600 4306 1980 4361 scandalarum

382 4369 588 4446 spinas,
612 4365 676 4446 .id
707 4374 813 4431 est,
843 4365 1470 4446 dissensiones-acli’tes,‘
1494 4383 1588 4429 aut
1611 4374 1858 4446 injurias,
1885 4391 1980 4432 seu

383 4436 763 4492 contentiones
789 4451 912 4507 qua:
940 4448 1068 4493 sunt
1090 4436 1473 4498 scandalorum
1501 4436 1685 4500 causa?
1714 4465 1726 4500 :
1758 4454 1814 4502 et
1836 4436 1979 4502 tam-

378 4522 547 4597 qppm
585 4508 758 4597 Spinaa
782 4516 1021 4597 mentem
1052 4525 1147 4597 per
1173 4512 1315 4597 iram
1342 4520 1421 4597 _et
1454 4513 1654 4597 o‘dium.
1679 4525 1981 4597 pungentes

383 4578 441 4634 et
462 4578 778 4658 lacerantes,
814 4578 1162 4658 utconventi,
1185 4582 1237 4639 id
1280 4590 1388 4658 est,
1433 4578 1724 4658 admoniti,
1756 4578 1836 4641 νέι
1859 4603 1980 4658 per-

386 4648 548 4728 suasi,
578 4653 629 4704 et
663 4651 921 4728 compulsi
940 4666 1041 4720 per
1054 4654 1225 4723 ipsius
1241 4648 1500 4728 orationis
1521 4648 1798 4711 dominica:
1820 4648 1987 4728 spon-

380 4723 582 4776 sionem
611 4736 675 4775 ac
695 4722 1060 4792 conditionem,
1071 4722 1192 4792 qua
1213 4725 1405 4782 dicunt
1429 4746 1445 4781 :
1480 4730 1702 4783 Dimitte
1724 4722 1872 4784 nobis
1895 4731 1988 4785 de-

302 4822 309 4837 ι
387 4792 499 4848 bita
518 4798 721 4857 nostra,
741 4796 878 4870 sicut
895 4798 947 4849 et
969 4809 1063 4870 nos
1078 4792 1401 4870 dimittimus
1415 4799 1741 4855 debitoribus
1760 4804 1983 4870 nostris;

377 4870 621 4943 purgent
646 4880 701 4920 se
719 4867 788 4943 ab
811 4868 905 4943 hoc
926 4868 1062 4943 vitio
1082 4869 1213 4934 odii,
1244 4871 1327 4925 vel
1345 4872 1464 4939 irae,
1492 4886 1584 4926 seu
1609 4867 1986 4943 cujuscumque
2034 4906 2038 4921 ι

386 4937 905 5025 qlteriuspassibnis,
924 4937 1601 5025 etdimit‘tatunusquisque
1613 4937 1795 5025 fratri
1802 4945 1867 5000 de
1875 4937 1983 5025 ἑοῖ-τ

384 5007 464 5084 de_
478 5023 602 5073 suo;
624 5012 684 5060 ut
699 5010 773 5061 sic
794 5016 1084 5084 purgatus,
1104 5012 1156 5069 id
1178 5021 1281 5080 est,
1303 5030 1334 5069 a
1353 5007 1866 5084 vitiis-emendatus,
1884 5021 1984 5074 aut

387 5077 464 5131 ad
477 5092 779 5155 opusmane
790 5081 1002 5134 accedat
1015 5077 1325 5155 obedientia;
1328 5087 1719 5155 peragendum,
1742 5092 1841 5142 aut
1855 5077 1984 5143 'ves-

380 5162 515 5228 pere
541 5148 617 5228 ad
632 5152 929 5228 nocturnas
937 5153 1186 5228 excubias
1200 5148 1561 5228 celebrandas.
1584 5148 1903 5215 Cur—autem
1927 5159 1983 5216 in

387 5217 506 5273 aliis
548 5217 699 5274 horis
745 5226 862 5275 tota
887 5220 1077 5277 Oratio
1124 5225 1408 5281 Dominica
1459 5242 1572 5282 non
1610 5228 1687 5283 sic
1714 5230 1821 5284 alta
1850 5244 1984 5286 voce

387 5288 793 5368 pronuntietur,
817 5290 1107 5368 rationem
1142 5294 1325 5368 reddit
1350 5300 1818 5365 Turrecrematus,
1850 5303 1985 5368 quia

384 5374 607 5429 uespera
634 5365 711 5415 est
728 5363 851 5430 ﬁnis
874 5363 986 5417 diei
1008 5369 1059 5418 et
1074 5367 1409 5436 principium
1435 5372 1634 5435 noctis;
1657 5363 1983 5425 matutinum

385 5446 508 5509 pero
535 5446 563 5486 e
591 5436 775 5509 contra.
790 5436 1121 5509 principium
1148 5438 1261 5491 diei
1274 5443 1326 5493 et
1363 5442 1488 5509 ﬁnis
1514 5442 1682 5495 noctis
1704 5459 1721 5494 :
1751 5441 1869 5495 ideo
1887 5456 1980 5497 vo-

388 5502 491 5558 luit
506 5506 776 5575 prcecipue
790 5502 922 5559 istis
942 5502 1152 5563 duabus
1176 5511 1321 5565 horis
1349 5502 1459 5567 dici
1480 5513 1595 5565 alta
1616 5526 1737 5565 voce
1778 5514 1983 5568 oratio-

384 5588 507 5628 nem
525 5576 867 5639 dominicam,
890 5581 952 5633 ut
978 5579 1077 5633 illa
1092 5582 1273 5647 frater
1291 5586 1655 5646 commonitus,
1677 5598 1783 5638 non
1803 5588 1983 5640 trans-

382 5647 636 5721 eatdiem
663 5664 725 5703 ac
748 5653 950 5705 noctem
969 5652 1083 5706 sine
1106 5654 1532 5708 reconciliatione
1558 5655 1759 5721 fratris
1784 5658 1888 5711 sui.
1916 5660 1987 5712 Ini

376 5718 508 5775 aliis
536 5723 716 5776 autem
747 5721 889 5778 horis
916 5737 1025 5779 non
1059 5724 1137 5779 sic
1159 5723 1274 5780 dici
1305 5718 1644 5797 praecipitur,
1674 5729 1804 5798 quia
1837 5743 1979 5799 sape

2014 4564 2064 4627 D

2070 3173 2202 3239 petu
2233 3169 2549 3222 commove-ri
2564 3186 2580 3233 ;
2620 3169 2719 3236 qui
2764 3168 2886 3223 licet
2910 3171 3096 3224 statim
3118 3171 3360 3223 animum
3400 3186 3504 3224 non
3530 3171 3680 3226 cohi-

2081 3238 2198 3294 beat
2206 3238 2596 3309 ewspectandus
2609 3243 2786 3293 tamen
2795 3240 2869 3293 ad
2883 3241 3240 3295 veniam:ideo
3253 3243 3683 3311 sufﬁcerevisum

2081 3315 2160 3392 est
2197 3314 2380 3392 sancto
2412 3312 2582 3392 fatri,
2605 3312 2655 3365 si
2678 3311 2758 3365 sol
2803 3325 2925 3365 non
2950 3311 3160 3365 occidat
3199 3326 3358 3382 super
3396 3313 3683 3368 iracundia

2122 3382 2132 3392 '
2205 3423 2217 3436 .
2412 3380 2523 3435 ille.
3258 3380 3277 3382 ἡ

2083 3397 2196 3485 muas
2398 3450 2547 3522 apud
2584 3452 2812 3535 Graecos
2834 3452 2999 3535 _varie
3036 3453 3309 3522 accipitur.
3335 3456 3445 3534 Pro
3464 3452 3672 3535 animo,

2081 3538 2177 3578 seu
2220 3521 2476 3578 facultate
2502 3522 2770 3589 rationali,
2799 3521 2852 3577 id
2881 3531 2979 3586 est,
3019 3521 3221 3589 mente,
3248 3524 3477 3587 ratione,
3511 3524 3679 3580 intel-

2080 3592 2319 3666 ligentia.
2350 3596 2374 3666 i
2398 3592 2646 3666 Corinth.
2679 3608 2791 3649 xxv
2822 3612 2835 3647 :
2863 3593 3033 3646 Ψαλῶ
3060 3600 3131 3666 τῷ
3148 3596 3406 3666 πνεύματι,
3436 3594 3610 3647 rem
3626 3594 3685 3650 δὲ

2078 3662 2163 3716 καῖ
2192 3670 2263 3736 τῷ
2288 3662 2631 3736 vo‘i.P_sal_lam
2658 3667 2879 3733 spiritu,
2901 3662 3136 3735 psallam
3160 3673 3212 3721 et
3236 3662 3430 3722 mente.
3466 3667 3685 3724 Aristo-

2077 3736 2212 3792 teles
2239 3734 2315 3790 'in
2362 3734 2567 3809 Ethicis
2594 3736 2735 3800 (Lib.
2786 3750 2870 3801 vr,
2902 3734 3050 3792 verb.
3116 3737 3273 3805 Νοῦς)
3318 3744 3486 3809 σῶμα,
3517 3738 3677 3809 ψυχή,

2076 3810 2209 3882 νοῦς,
2240 3821 2445 3882 corpus,
2474 3808 2679 3882 anima,
2707 3822 2875 3882 mens,
2893 3813 3080 3882 partes
3101 3810 3351 3864 hominis.
3377 3808 3540 3882 Apud
3564 3810 3690 3866 Sui-

2077 3877 2205 3951 dam
2232 3880 2567 3948 Pythagoras
2587 3879 2817 3951 hominis
2846 3881 3087 3951 animum
3108 3883 3165 3935 in
3186 3886 3290 3935 tres
3305 3877 3493 3951 partes
3509 3882 3690 3937 dividi

2080 3949 2245 4013 dicit,
2278 3953 2412 4012 νοῦν,
2445 3954 2643 4019 φρένας,
2665 3948 2753 4023 καὶ
2777 3950 2956 4020 θυμόνς
2983 3967 3046 4006 ac
3070 3956 3185 4002 νοῦν
3212 3948 3429 4021 quidem
3454 3958 3506 4007 et
3530 3953 3688 4023 θυμόν

2088 4036 2198 4076 esse
2226 4024 2285 4076 in
2314 4023 2518 4076 ueteris
2552 4022 2899 4084 animalibus,
2928 4024 3104 4091 φρένας
3124 4039 3245 4077 vero
3274 4028 3485 4079 tantum
3514 4027 3571 4079 in
3588 4027 3687 4080 ho-

2087 4095 2249 4166 mine.
2279 4093 2389 4166 Ubi
2419 4096 2660 4166 vo‘ﬁvipro
2688 4092 2962 4166 phantasia
2976 4109 3084 4166 seu
3113 4093 3503 4166 imaginatione
3529 4110 3689 4152 acce-

2088 4163 2251 4245 pisse;
2272 4163 2485 4245 videtur
2527 4163 2842 4245 Lactantius
2868 4165 3024 4245 (Lib.
3054 4179 3149 4245 vn
3189 4163 3405 4245 c512):
3438 4169 3559 4223 Non
3586 4171 3687 4245 est,

2087 4234 2280 4305 inquit,
2306 4234 2615 4308 idemij
2642 4239 2693 4289 et
2711 4235 3100 4303 anima;aliud
3133 4241 3210 4292 est
3246 4239 3384 4291 enim
3407 4253 3513 4308 quo
3544 4240 3694 4293 rivi-

2088 4320 2226 4367 mus,
2263 4306 2421 4360 aliud
2465 4321 2568 4375 quo
2595 4309 3074 4376 cogitamus;nam
3097 4306 3475 4363 dormientium
3517 4324 3688 4373 mens,

2088 4392 2193 4431 non
2221 4378 2427 4439 anima,
2449 4379 2690 4447 sopitur;
2721 4386 2772 4433 et
2788 4380 2847 4431 in
2870 4379 3092 4445 furiosis
3119 4394 3265 4434 mens
3295 4382 3691 4449 exstinguitur,

2088 4450 2272 4501 anima
2313 4453 2525 4514 manet;
2556 4453 2607 4503 et
2656 4450 2774 4504 ideo
2809 4465 2915 4503 non
2959 4452 3252 4515 exanimes,
3300 4452 3394 4505 sed
3422 4452 3691 4507 dementes

2092 4522 2368 4573 vocantur.
2401 4520 2548 4575 Mens
2575 4535 2722 4589 ergo,
2748 4521 2807 4575 id
2827 4525 2925 4583 est,
2956 4522 3327 4590 intelligentia,
3348 4524 3433 4577 vel
3462 4528 3695 4591 augetur

2093 4591 2176 4644 vel
2188 4592 2457 4663 minuitur
2473 4606 2575 4661 pro
2591 4596 2767 4647 (etate.
2786 4592 2841 4646 S.
2862 4591 3095 4647 Basilius
3113 4595 3203 4663 (In
3222 4597 3435 4649 constit.
3455 4600 3689 4649 manust.

2092 4678 2135 4717 ο.
2173 4660 2241 4730 3)
2282 4680 2297 4715 :
2326 4660 2778 4729 Queinadmodum
2800 4678 2900 4734 per
2947 4660 3156 4719 oculum
3186 4680 3374 4734 camus
3402 4665 3570 4728 videt,
3617 4668 3695 4721 sic

2093 4736 2307 4805 animus
2325 4734 2475 4805 videt
2490 4749 2589 4804 per
2606 4739 2832 4805 mentem
2850 4733 3003 4805 (νοῦν)
3025 4737 3139 4804 ipsi
3154 4733 3451 4804 cognatam.
3475 4736 3531 4792 S.
3555 4739 3701 4791 Am:

2092 4802 2308 4859 brosius
2331 4802 2538 4875 (Epist.
2561 4811 2631 4859 28
2659 4808 2723 4878 )7:
2750 4802 2882 4867 Non;
2913 4802 3107 4860 animm
3123 4802 3293 4875 vigor,
3318 4810 3692 4878 principatum

2091 4878 2288 4948 anima:
2306 4879 2359 4929 et
2382 4880 2619 4947 corporis
2641 4877 2766 4948 sibi,
2792 4879 2952 4948 quasi
2973 4883 3161 4941 rector,
3190 4877 3696 4934 vindicansIDivus

2090 4946 2543 5019 Hicronymus’in
2572 4946 2942 5019 Nahunfcap.
2978 4963 3056 5004 ιιι
3080 4969 3093 5005 :
3115 4964 3344 5012 sensum,
3375 4949 3571 5021 inquit,
3603 4951 3693 5004 hic

2090 5033 2195 5090 non
2231 5020 2464 5088 accipias
2508 5034 2621 5090 pro,
2652 5022 2830 5090 animo
2880 5024 2931 5075 et
2969 5024 3159 5083 mente,
3195 5035 3314 5090 quia
3367 5020 3535 5090 grtiae
3577 5024 3694 5084 νοῦς

2090 5089 2311 5159 dicitur,
2339 5087 2433 5143 sed
2449 5087 2552 5159 pro
2573 5087 2813 5155 αἰσθήσει,

2161 5152 2188 5191 ¹³
2213 5162 2433 5235 Bancor
2449 5152 2662 5233 proprie
2673 5152 2871 5217 dicitur
2885 5167 3047 5233 putor
3068 5161 3311 5235 quidam,
3325 5170 3488 5235 atque
3504 5162 3697 5235 odoris

2090 5231 2347 5315 gravitas,
2379 5231 2503 5315 qua:
2515 5231 2580 5287 ei
2602 5231 2935 5315 vetystatect
2950 5231 3508 5315 putredine-nascitur.
3530 5233 3699 5315 Unde

2089 5302 2376 5376 rancidum
2392 5302 2542 5359 idem
2559 5302 2707 5375 quod
2737 5302 3021 5374 putt-idum
3048 5304 3125 5376 vel
3139 5304 3412 5376 putidum,
3426 5305 3576 5376 quod
3591 5304 3696 5361 sci-

2090 5372 2214 5446 licet
2237 5373 2408 5429 nimia
2435 5372 2705 5432 vetustate
2731 5372 3054 5446 corruptum
3079 5372 3313 5432 fetorem
3343 5372 3613 5432 contraxit
3635 5383 3694 5446 et

2089 5443 2373 5526 ingratum
2399 5443 3075 5526 saporem._Me_tapliorice
3108 5461 3237 5526 vero
3263 5447 3597 5526 transfertur
3620 5445 3695 5503 ad

2088 5518 2357 5588 animum,
2390 5532 2518 5588 cum
2548 5533 2646 5588 pro
2671 5518 2750 5574 ira
2778 5518 3091 5587 inreterata,
3120 5518 3265 5584 odio,
3300 5519 3581 5575 simultate
3604 5533 3697 5575 ac-

2087 5586 2310 5663 cipitur.
2345 5587 2491 5643 Hinc
2516 5586 2580 5644 Π.
2606 5589 2978 5663 Hieronymus
3003 5590 3234 5663 epistola
3256 5596 3326 5647 36
3352 5611 3366 5647 :
3406 5594 3475 5648 Ut
3498 5595 3695 5655 vetere,

2088 5656 2312 5735 in'quit,_
2342 5674 2568 5735 rancore
2607 5656 2866 5733 deposito,
2895 5656 3162 5718 mundum
3200 5665 3432 5734 pectoris
3462 5667 3572 5720 Deo
3588 5678 3699 5735 pa-

2084 5745 2263 5787 remus
2289 5730 2677 5788 habitaculum.

3524 5864 3545 5901 \
