4012 6192
367 277 472 333 343

366 492 631 564 offensos,
655 493 984 568 despicimus
1015 511 1029 549 :
1060 495 1370 551 animarum
1381 490 1625 549 medicus
1653 498 1708 547 et
1723 491 1967 547 occulto-

366 605 491 647 rum
511 590 792 659 conscius,
815 589 1128 645 occasiones
1156 586 1449 644 iracundia
1476 586 1664 644 volens
1700 586 1967 643 radicitus

366 697 400 739 a
426 680 682 739 cordibus
708 681 908 738 nostris
936 676 1173 737 evellere
1190 720 1207 748 ,
1240 695 1351 736 non
1378 678 1559 737 solum
1580 679 1627 735 si
1656 679 1769 737 lasi
1801 678 1970 736 fueri-

361 787 510 843 mus,
543 773 699 846 jubet
742 788 850 829 nos
885 773 1165 829 remittere
1186 813 1202 841 ,
1250 780 1306 828 et
1332 771 1667 829 reconciliari
1703 770 1969 829 fratribus

360 866 588 935 nostris,
613 865 927 937 nullamque
953 865 1211 923 adversus
1236 881 1330 923 eos
1358 866 1575 939 injuria
1602 881 1698 923 seu
1725 865 1966 947 Iasionis

361 958 691 1018 memoriam
719 959 981 1041 retinere;
1004 958 1106 1017 sed
1128 959 1291 1017 etiam
1307 960 1353 1018 si
1373 960 1497 1017 illos
1514 964 1539 993 ³
1556 959 1843 1018 adversum
1864 976 1966 1018 nos

358 1053 641 1124 seujuste,
672 1068 771 1110 seu
800 1054 997 1127 injuste
1031 1054 1235 1111 habere
1261 1054 1466 1127 aliquid
1493 1056 1850 1127 noverimus,
1887 1056 1963 1112 si-

359 1146 568 1204 militer
596 1148 873 1220 praeepit,
904 1157 966 1204 ut
991 1155 1470 1221 munusnostrum
1497 1148 1882 1221 relinquentes,
1911 1147 1966 1205 id

365 1248 470 1307 est,
495 1248 905 1313 compescentes
936 1242 1210 1298 orationes
1228 1248 1447 1301 nostras
1461 1281 1481 1309 ,
1504 1240 1574 1298 ad
1596 1256 1787 1297 eorum
1812 1242 1966 1313 prius

364 1333 792 1392 satisfactionem
826 1335 1050 1392 tendere
1082 1334 1404 1393 festinemus
1436 1356 1449 1392 :
1477 1343 1534 1392 et
1557 1335 1632 1392 ita
1655 1334 1843 1391 fratris
1862 1351 1964 1392 cu-

365 1426 577 1483 ratione
596 1427 877 1499 pramissa
915 1427 1228 1485 orationum
1256 1436 1571 1485 nostrarum
1601 1442 1833 1484 munera
1858 1426 1967 1483 illi-

364 1518 491 1576 bata
520 1518 751 1578 deferre.
780 1523 908 1577 Non
935 1522 1080 1578 enim
1105 1522 1181 1578 ita
1196 1522 1401 1579 nostris
1423 1521 1696 1594 obsequiis
1724 1536 1969 1578 commu-

363 1611 469 1681 nis,
506 1613 755 1669 omnium
805 1613 1080 1671 Dominus
1120 1613 1439 1683 delectatur,
1484 1623 1549 1671 ut
1581 1614 1729 1686 quod
1768 1614 1823 1669 in
1857 1628 1965 1671 uno

364 1706 627 1776 acquirit',
690 1705 880 1777 perdat
938 1708 992 1762 in
1020 1708 1220 1777 alteroj,
1258 1707 1578 1764 dominante
1623 1706 1859 1763 tristitia.
1899 1709 1965 1762 In

364 1798 653 1871 cujuslibet
673 1814 909 1871 namque
930 1800 1215 1873 diSpendio
1244 1816 1419 1857 unum
1439 1800 1643 1872 patitur
1663 1798 1973 1856 detrimen-
2007 1793 2057 1856 B

364 1900 511 1961 tum,
553 1892 647 1965 qui
676 1892 873 1950 eodem
906 1892 1073 1950 modo
1098 1893 1349 1950 omnium
1373 1891 1710 1950 famulorum
1736 1907 1967 1950 suorum

361 1984 594 2043 salutem
637 1985 913 2043 desiderat
970 1995 1024 2043 et
1047 1995 1340 2059 exspectat.
1387 1990 1457 2044 Et
1492 1987 1694 2044 ideirco
1726 1980 1753 2019 δ
1777 2002 1959 2059 aque,

363 2077 600 2137 habente
626 2079 831 2151 aliquid
861 2079 1149 2138 adversum
1188 2097 1288 2138 nos
1326 2079 1497 2138 fratre
1522 2124 1539 2152 ,
1570 2080 1827 2137 inefﬁcax
1867 2080 1971 2137 erit

365 2174 539 2231 oratio
567 2182 756 2231 nostra
775 2217 791 2244 ,
816 2190 880 2232 ac
917 2176 963 2231 si
988 2190 1090 2231 nos
1120 2174 1413 2233 adversum
1456 2191 1583 2232 eum
1611 2174 1842 2231 tumenti
1870 2174 1968 2248 spi-

364 2270 474 2327 ritu
511 2269 899 2343 indignationis
938 2271 1360 2329 amaritudinem
1402 2288 1760 2330 reservemus.

1710 268 1991 329 JOANNIS
2027 268 2333 326 CASSIANI

365 400 793 471 contemnimus,
812 398 899 457 vel
920 407 1067 457 certe
1090 414 1201 463 non
1227 398 1357 456 vitio
1386 405 1578 455 nostro
1606 395 1849 453 dicentes
1875 410 1972 453 eos
1992 399 2048 463 Α

3582 266 3696 322 344

2663 391 2909 450 CAPUT
2944 392 3097 447 XIV.

2076 511 2229 581 Quod
2247 515 2396 567 vetus
2420 525 2626 581 quoque
2645 508 2733 565 lea:
2746 512 2887 563 iram
2908 523 3014 562 non
3040 506 3338 581 tantum__de
3354 506 3565 576 effectu,
3589 509 3689 564 sed

2384 577 2552 638 etiam
2592 582 2659 637 de
2709 581 3032 651 cogitatione
3074 577 3353 634 convellat.

2147 706 2255 766 Sed
2282 704 2410 781 quid
2432 706 2637 764 diutius
2665 706 2952 780 praceptis
2994 703 3316 776 evangelicis
3348 688 3683 778 atqueapo-

2074 801 2280 859 stolicis
2311 802 2696 871 immoramur,
2735 816 2865 857 cum
2893 799 3056 856 etiam
3087 805 3244 855 vetus
3272 797 3355 854 lex
3376 839 3392 867 ,
3432 813 3555 871 qua
3581 799 3683 856 alio

2070 893 2201 967 quid
2238 893 2438 951 habere
2461 892 2801 951 remissionis
2827 892 3062 963 videtur,
3098 891 3215 948 hac
3255 891 3447 949 eadem
3471 908 3684 965 praea-

2072 997 2194 1045 veat
2232 987 2419 1045 dicens
2451 1009 2463 1045 :
2512 991 2590 1047 Ne
2624 988 2798 1043 oderis
2825 989 3053 1055 fratrem
3103 991 3254 1042 tuum
3295 988 3355 1040 in
3393 987 3549 1043 corde
3587 992 3679 1043 tuo

2072 1081 2272 1153 (Leuit.
2300 1097 2404 1139 xIx
2425 1086 2445 1150 )
2466 1102 2481 1151 ;
2506 1090 2561 1137 et
2588 1081 2786 1137 iterum
2811 1098 2826 1134 :
2852 1083 2969 1138 Non
2996 1082 3101 1134 eris
3130 1095 3326 1134 memor
3345 1079 3565 1149 injuria:
3592 1083 3677 1136 ci-

2069 1179 2218 1233 vium
2245 1181 2459 1232 tuorum
2479 1176 2651 1244 (Ibid.
2669 1178 2716 1244 );
2739 1182 2793 1229 et
2819 1188 3042 1229 rursum
3064 1174 3118 1228 :c
3141 1175 3344 1229 Itinera
3358 1188 3552 1242 eorum,
3581 1176 3687 1245 qui

2070 1273 2378 1327 memoriam
2394 1273 2624 1325 retinent
2638 1270 2932 1337 malefacti,
2958 1270 3015 1321 in
3031 1270 3252 1322 mortem
3295 1268 3442 1333 (Ibid
3454 1271 3471 1334 )
3483 1272 3506 1324 ἓ
3518 1267 3686 1325 Vides

2072 1374 2128 1422 et
2151 1365 2223 1421 ibi
2252 1363 2553 1437 nequitiam
2582 1377 2693 1419 non
2712 1361 2770 1417 in
2800 1375 2965 1433 opere
2997 1366 3210 1415 tantum
3234 1402 3249 1430 ,
3290 1359 3386 1415 sed
3417 1359 3588 1415 etiam
3623 1359 3680 1416 in

2071 1459 2281 1516 arcanis
2296 1456 2707 1531 cogitationibus
2725 1454 2952 1511 resecari
2973 1474 2988 1523 ;
3016 1470 3147 1511 cum
3176 1452 3245 1509 de
3264 1452 3430 1510 corde
3459 1451 3674 1523 odium,

2072 1560 2127 1610 et
2150 1552 2365 1625 injuria
2402 1566 2516 1607 non
2549 1550 2732 1609 solum
2755 1547 3065 1619 retributio,
3094 1547 3191 1605 sed
3216 1548 3386 1605 etiam
3414 1548 3528 1620 ipsa
3560 1563 3681 1605 me-

2072 1648 2252 1704 moria
2280 1645 2547 1702 radicitus
2568 1643 2795 1717 jubetur
2822 1641 2997 1699 evelli.

2673 1768 2915 1826 CAPUT
2950 1767 3079 1824 XV.

2142 1878 2308 1949 Notat
2341 1902 2424 1944 eos
2459 1889 2558 1957 qui
2594 1888 2948 1957 impatientia
2990 1901 3104 1941 sua
3154 1899 3344 1942 causas
3377 1885 3436 1940 in
3463 1885 3602 1942 alios

2713 1957 3024 2027 conjiciunt.

2148 2084 2433 2142 Interdum
2470 2082 2721 2156 superbia
2752 2082 2845 2167 vel
2887 2080 3223 2154 impatientia
3248 2081 3510 2153 superati,
3547 2096 3681 2138 cum

2074 2177 2385 2235 inconditos
2415 2193 2595 2234 mores
2631 2184 2850 2234 nostros
2872 2218 2887 2245 ,
2912 2184 3076 2249 atque
3122 2174 3459 2232 inordinatos
3519 2174 3680 2232 volu-

2073 2287 2203 2329 mus
2229 2270 2522 2329 emendare
2540 2313 2561 2342 ,
2593 2259 2622 2304 ἀ
2660 2267 3008 2328 solitudinem
3048 2284 3150 2325 nos
3196 2267 3507 2326 desiderare
3542 2283 3682 2326 con-

1465 2427 1720 2482 ALARDI
1759 2427 1984 2493 ΕΑΖᾸΞΙ
2022 2425 2581 2483 COMMENTARIUS.

438 2565 463 2595 ³
491 2559 716 2647 Videtur
736 2560 1022 2647 cassianus
1043 2563 1221 2647 g_Vide
1241 2564 1440 2647 Collat:
1467 2570 1555 2647 16ζ
1579 2569 1746 2647 c.16)
1768 2565 1959 2647 locum

367 2632 525 2689 illum
550 2632 799 2703 Mattbai
834 2633 910 2689 sic
931 2633 1257 2691 intellexisse
1278 2677 1293 2703 ,
1320 2643 1380 2691 ut
1399 2636 1508 2691 sive
1532 2632 1701 2703 juste,
1737 2637 1853 2692 sive
1879 2636 1962 2691 in-

357 2704 507 2789 ju‘ste
535 2702 765 2761 fratrem
791 2712 1180 2789 nostrum,_seu
1214 2702 1746 2789 proximumbabere
1764 2706 1964 2789 aliquid

366 2775 653 2833 adversum
685 2790 822 2846 nos,
858 2775 966 2833 hoc
1009 2784 1130 2846 est,
1161 2775 1322 2834 nobis
1367 2777 1581 2835 infenso
1621 2794 1737 2834 esse
1776 2775 1963 2833 animo

365 2846 726 2921 noverimus;
750 2845 818 2902 ad
839 2864 969 2921 eum
995 2848 1178 2921 statim
1194 2848 1649 2921 reconciliationis
1671 2849 1842 2921 gratia
1867 2864 1971 2904 aes

366 2918 582 2985 cedere,
614 2932 848 2988 eumque
883 2918 1092 2989 placare
1118 2918 1433 2976 debeamus.
1457 2919 1565 2975 Sed
1591 2918 1964 2989 saepenumero

365 2989 590 3061 consilia
638 3003 785 3061 cum_
808 2990 1097 3061 praceptis
1142 2989 1426 3061 confundit
1449 3030 1465 3061 ,
1500 2998 1563 3045 ut
1606 2989 1695 3044 hic
1729 2997 1785 3044 et
1812 2989 1962 3061 alibi,

365 3056 527 3140 facile
569 3065 652 3140 est
696 3056 1147 3140 animadvertere.
1178 3057 1341 3140 Aliud
1376 3059 1654 3140 enim-est
1682 3059 1831 3140 quod
1860 3059 1965 3140 _bic

365 3128 712 3202 pracipitur;
735 3127 885 3202 aliud
914 3127 1063 3202 quod
1089 3128 1391 3202 consulitur
1420 3150 1434 3186 :
1465 3127 1770 3202 satisfactio
1790 3130 1966 3202 exigi-

365 3197 461 3255 tur
486 3197 553 3255 ab
584 3212 672 3265 eo,
703 3198 797 3267 qui
819 3197 990 3265 lasi’t;
1016 3197 1267 3256 remissio
1288 3208 1494 3267 autem,
1518 3216 1612 3257 seu
1634 3197 1963 3258 condonatio

367 3268 542 3352 culpa
575 3268 646 3352 ab
686 3282 775 3352 eo,
796 3270 889 3352 qui
924 3269 1083 3352 Iasus
1113 3278 1214 3336 est,
1234 3278 1296 3327 ut
1319 3269 1527 3352 dictum
1553 3280 1655 3329 est.
1676 3272 1966 3352 At_c_on_si-

366 3337 502 3396 lium
525 3337 867 3415 perfectionis
894 3349 999 3411 est,
1028 3351 1501 3415 nonpraeeptum
1518 3385 1533 3413 ,
1562 3344 1965 3401 reconciliatio-

364 3412 581 3496 nem
610 3427 949 3496 eoﬂquarere
967 3452 1006 3496 ,.
1028 3412 1119 3496 qui
1142 3412 1362 3496 injuste’
1382 3412 1571 3482 iratus,
1604 3424 1796 3496 utpote
1819 3416 1963 3472 nulla

367 3497 399 3537 a
431 3481 590 3539 nobis
620 3481 958 3558 affectusest
993 3481 1221 3558 injuria;
1249 3484 1347 3558 ᾼιιΔ
1367 3502 1530 3558 quam
1561 3481 1961 3558 perfectionem

367 3568 495 3627 cum
520 3568 715 3627 omnes
738 3554 1351 3627 Christiaui‘multiplici
1382 3554 1602 3627 ratione
1633 3558 1959 3626 invitentur;

365 3624 541 3699 multo
570 3626 748 3699 magis
771 3626 1010 3699 religiosi
1028 3668 1043 3694 ,
1069 3625 1160 3699 qui
1191 3624 1248 3682 se
1279 3625 1623 3699 perfectionis
1654 3624 1958 3698 studiosos,

368 3703 423 3750 et
450 3694 609 3769 veluti
653 3694 969 3769 candidatos
998 3694 1352 3769 proﬁtentur;
1382 3713 1521 3769 quos
1549 3698 1694 3754 decet
1745 3694 1965 3769 implere

367 3781 569 3822 omnem
578 3768 1108 3841 justitiam_(Mattl_t.
1141 3782 1215 3824 ιιι
1245 3771 1296 3822 et
1312 3772 1371 3837 ν)
1400 3768 1485 3824 iet
1500 3785 1735 3841 quorum
1752 3768 1963 3840 justitia

366 3844 522 3894 tanto
549 3837 673 3910 plus
695 3837 985 3911 abundare;
998 3837 1160 3911 debet
1194 3854 1361 3911 quam
1385 3837 1729 3896 sacularium
1748 3837 1770 3907 ξ
1789 3856 1962 3911 quan-

368 3915 428 3981 t_o
470 3909 665 3966 eorum
693 3918 866 3967 status
907 3909 1227 3977 sublimior,
1253 3919 1309 3966 et
1345 3910 1601 3967 sanctior.
1642 3913 1758 3981 Qua
1787 3909 1968 3967 consi-

366 3977 647 4038 deratione
674 3982 842 4039 etiam
878 3984 944 4037 D.
979 3981 1307 4039 Benedictus
1343 3998 1460 4054 cap.
1493 3987 1556 4036 71
1591 3977 1803 4051 statuit,
1835 3987 1898 4037 ut
1919 3985 1969 4039 si

366 4054 489 4124 quis
512 4055 694 4120 frater
712 4070 816 4125 pro
835 4056 1024 4124 quavis
1048 4055 1272 4109 minima
1301 4069 1463 4109 causa
1486 4054 1554 4108 ab
1582 4055 1793 4117 abbate,
1819 4055 1902 4109 vel
1932 4071 1968 4109 a

366 4139 696 4248 quocumque
707 4128 894 4195 priore
916 4141 1011 4181 suo
1040 4127 1331 4197 corripitur
1355 4126 1591 4196 quolibet
1609 4125 1792 4191 modo;
1817 4127 1899 4180 vel
1920 4128 1972 4181 si

389 4197 553 4248 eviter
577 4200 802 4248 senserit
826 4199 1061 4248 animum
1086 4198 1289 4248 prioris
1312 4198 1685 4248 cuiuscumque
1704 4201 1886 4248 contra
1914 4212 1969 4248 se

389 4197 553 4250 eviter
577 4200 802 4251 senserit
826 4199 1061 4251 animum
1080 4198 1289 4267 prioris
1312 4198 1685 4267 cujuscumque
1704 4201 1886 4252 contra
1914 4212 1969 4252 se

368 4266 595 4337 iratum,
618 4268 699 4320 rel
715 4273 1051 4331 commotum,
1075 4266 1318 4337 quamvis
1336 4266 1535 4324 modice
1550 4266 1675 4323 more
1687 4270 1802 4323 sine
1814 4284 1967 4323 mora

368 4335 583 4409 tamdiu
598 4341 905 4409 prostratus
923 4335 1146 4409 interra
1165 4345 1289 4409 ante
1303 4340 1462 4408 pedes
1471 4340 1585 4409 ejus
1602 4339 1787 4408 jaceat
1807 4342 1969 4395 satis-

368 4404 612 4528 faciens,-
656 4420 822 4475 usque
845 4406 973 4460 dum
1018 4404 1368 4464 benedictione
1414 4404 1635 4464 sanetur
1687 4411 1786 4464 illa
1831 4426 1969 4464 com-

368 4488 455 4528 mo
484 4490 552 4528 io.

367 4488 552 4537 mone.
908 4528 915 4537 ,

441 4536 469 4574 ¹³
497 4547 683 4620 Durus
711 4552 795 4602 est
815 4536 915 4620 inici
949 4561 1137 4603 sermo
1165 4588 1181 4614 ,
1204 4554 1267 4620 _et
1291 4545 1444 4620 valde
1459 4548 1888 4620 hyperbolicos,
1913 4549 1960 4605 si

368 4613 951 4701 pecundumpradieta
979 4613 1276 4689 generatim
1319 4613 1657 4701 intelligatur
1696 4619 1771 4701 de
1799 4613 1963 4701 fratre

367 4684 608 4770 lubente
627 4684 841 4770 aliquid
879 4684 1168 4770 advorsum
1192 4704 1313 4754 nos,
1366 4684 1679 4770 sive-justo,
1726 4689 1839 4747 sive
1889 4691 1962 4770 in:

414 4840 555 4889 atres
584 4831 982 4890 intellexerunt:
1013 4831 1457 4904 Proindehg'rano
1497 4832 1628 4890 salis
1654 4831 1962 4904 condiatur,

367 4910 423 4985 et
446 4904 527 4960 sic
553 4914 857 4985 exponatur
881 4924 911 4985 :7
934 4906 1105 4985 Eque
1144 4901 1395 4985 inefficax
1425 4902 1605 4983 futura
1635 4914 1821 4961 nostra
1845 4901 1967 4963 ora;

365 4976 479 5055 τίς),
504 4989 602 5030 seu
627 4976 796 5055 frater
827 4976 1233 5055 aut_proximus
1264 4976 1521 5055 adversus
1562 4976 1695 5055 nos,
1739 4993 1835 5055 seu
1862 4993 1966 5035 nos

328 5112 333 5117 η
366 5044 627 5120 adversus
652 5044 846 5120 ipsum
866 5044 1076 5103 infenso
1103 5049 1280 5120 simus
1310 5047 1519 5120 animo,
1561 5049 1644 5105 vel
1670 5044 1729 5105 ut
1756 5052 1967 5105 Auctor

366 5113 547 5196 verbis
579 5113 949 5196 sequentibus-
971 5119 1230 5196 exponit,
1260 5113 1546 5196 adversum
1572 5136 1697 5178 eum
1732 5120 1966 5196 tumenti

368 5185 553 5259 animo
581 5185 979 5259 indignationis
1017 5185 1435 5259 amaritudinem
1472 5206 1835 5248 reservemus.
1878 5192 1964 5249 Ob

366 5254 512 5334 hanc
545 5254 953 5334 obscuritatem,
979 5266 1034 5334 et
1062 5257 1438 5334 difﬁcultatem
1474 5277 1597 5334 qua:
1621 5261 1814 5334 exghoc
1840 5278 1963 5334 cap.

369 5325 501 5383 oriri
528 5335 762 5412 poterat,
794 5328 1091 5412 Dionysius
1131 5329 1274 5412 hunc
1302 5325 1591 5412 locum-ab
1625 5330 1729 5412 illis
1758 5325 1963 5412 verbis,

366 5413 474 5453 non
499 5400 639 5453 enim
670 5400 747 5454 ita
786 5400 982 5455 nostris
1010 5401 1302 5471 obsequiis,
1342 5410 1473 5472 etc.,
1498 5401 1712 5459 silentio
1741 5411 1968 5474 prater-

368 5468 497 5526 iisse
523 5469 755 5526 videtur.

368 5485 497 5529 11350
523 5485 755 5526 Videtur.

441 5557 465 5588 c
486 5542 639 5616 Hane
664 5542 995 5616 sententiam
1020 5543 1367 5615 pratermisit
1401 5545 1702 5616 Dionysius
1729 5544 1969 5603 Cartbu-

366 5610 552 5693 sianus
575 5614 728 5685 (qua
758 5621 945 5693 tamen
983 5610 1039 5693 iri
1070 5616 1335 5693 omnibus
1359 5610 1638 5693 codicibus
1666 5624 1779 5693 tam
1805 5631 1969 5693 exeu-

367 5685 445 5738 sis
465 5685 1046 5760 quanrmanuscriptis
1070 5686 1338 5760 habetur)
1371 5707 1384 5743 :
1421 5686 1577 5760 forte
1591 5688 1716 5760 quia
1746 5689 1801 5745 in
1843 5689 1967 5745 vul-

405 5754 506 5811 atis
530 5755 715 5812 Bibliis
751 5772 862 5813 non
902 5754 1107 5826 exstat;
1135 5758 1231 5816 sed
1267 5754 1330 5815 ex
1361 5754 1625 5815 Proverb."
1660 5775 1753 5817 xu
1778 5775 1968 5817 secun-

408 5843 503 5884 um
520 5828 905 5902 Septuaginta,
936 5837 997 5886 ut
1022 5829 1108 5888 hic
1136 5830 1205 5889 ad
1234 5829 1539 5904 marginem
1565 5830 1763 5889 eitatur
1822 5833 1966 5890 Nam

392 4768 529 4835 uste.
561 4735 841 4835 Nonjs‘ic‘
858 4735 1214 4835 Augustinus
1727 4735 1838 4835 ne;
1870 4735 1959 4819 alii
1994 4735 2053 4797 Π

2067 2565 2124 2621 in
2170 2564 2385 2635 vulgata
2409 2562 2646 2619 editione
2672 2559 2937 2617 sententia
2965 2558 3094 2635 huic
3124 2557 3459 2635 respondens
3474 2557 3551 2614 sic
3575 2556 3678 2635 ba-

2065 2635 2163 2691 bet
2192 2655 2203 2690 :
2233 2630 2295 2692 In
2307 2638 2497 2690 semita
2508 2634 2747 2703 justitiw
2767 2634 2928 2703 vitae;
2952 2633 3057 2685 iter
3070 2635 3251 2703 autem
3267 2630 3483 2703 devium
3499 2630 3679 2703 tendit

2022 2766 2035 2769 ἢ
2069 2708 2145 2762 ad
2168 2712 2408 2762 mortem.
2442 2700 2615 2762 Porro
2643 2702 2792 2775 quod
2810 2702 2896 2775 ad_
2910 2701 3241 2775 memoriam
3262 2710 3319 2756 et
3343 2700 3678 2775 oblivionem

2078 2777 2407 2849 injuriarum
2429 2818 2445 2845 ,
2471 2775 2540 2849 de
2563 2771 2682 2849 qua
2695 2774 2785 2830 hic
2814 2772 3011 2849 agitur,
3036 2771 3246 2849 attinet
3264 2771 3526 2849 notanda
3545 2779 3682 2828 sunt

2071 2842 2296 2905 Jo'annis
2317 2842 2543 2904 Climaci
2575 2842 2737 2901 verba
2779 2866 2791 2901 :
2822 2842 3106 2906 Memoria,
3130 2842 3323 2913 inquit,
3345 2843 3681 2913 injuriarum

2073 2924 2150 2975 est
2173 2922 2376 2987 furoris
2400 2919 2854 2989 complementum,
2875 2919 3213 2985 peccatomm
3228 2918 3421 2989 custos,
3443 2915 3680 2989 justitia

2072 2992 2275 3055 odium,
2299 2987 2564 3044 virtutum
2581 2989 2841 3059 perditio,
2870 3002 3125 3059 venenum
3140 2987 3355 3059 anima,
3378 2988 3573 3040 mentis
3600 3001 3683 3042 as-

2071 3062 2262 3117 siduus
2298 3063 2511 3124 vermis,
2538 3056 2795 3114 orationis
2824 3058 3089 3124 confusio,
3117 3056 3506 3126 deprecationis
3534 3058 3683 3113 carci-

2070 3136 2171 3196 sio,
2185 3134 2470 3187 charitatis
2484 3132 2757 3193 alienatio,
2774 3130 2955 3183 clavus
2971 3130 3167 3197 inﬁmus
3190 3130 3408 3190 animae,
3422 3128 3675 3196 injucun-

2072 3205 2173 3259 dus
2186 3219 2391 3267 sensus,
2404 3205 2502 3273 qui
2518 3205 2576 3256 in
2590 3200 2973 3273 amaritudinis
2984 3200 3249 3273 suavitate
3263 3198 3535 3273 diligitur,
3541 3200 3679 3273 juge

2066 3280 2363 3346 peccatum,
2380 3271 2672 3343 numquam
2692 3272 2956 3346 dormiens
2972 3272 3256 3346 iniquitas,
3274 3271 3421 3346 boris
3443 3271 3675 3346 singulis

2072 3341 2311 3401 admissa
2322 3341 2556 3408 malitia,
2577 3344 2927 3404 tenebrosum,
2942 3357 3004 3395 ac
3012 3341 3441 3395 molestissimum
3455 3343 3674 3397 vitium.

1994 3383 2037 3446 Ο
2767 3384 3041 3469 solitdrius
3066 3454 3081 3475 ,
3114 3414 3213 3481 qui
3238 3412 3372 3465 hanc
3396 3416 3577 3466 servat
3615 3414 3677 3467 in

2070 3490 2348 3559 semetipso
2361 3489 2691 3553 memoriam,
2710 3486 2858 3559 aspis
2885 3484 3169 3559 nidiﬁcme
3188 3487 3281 3559 est,
3306 3482 3496 3559 lethale
3514 3484 3674 3559 virus

2071 3553 2462 3627 secum—ubique
2485 3553 2887 3624 circumferens.
2921 3555 3027 3627 Qui
3046 3555 3183 3608 hanc
3210 3553 3367 3623 ejicit,
3393 3554 3672 3627 remissio-

2070 3647 2191 3685 nem
2219 3624 2419 3699 reperit
2448 3630 2579 3697 :qui
2602 3643 2725 3682 vero
2739 3627 2823 3680 illi
2834 3625 3209 3699 agglutinatus
3226 3628 3320 3699 est,
3335 3624 3674 3699 miseratione

2066 3696 2341 3772 privatur.
2359 3696 2651 3756 Laberibus
2667 3713 2721 3752 se
2740 3698 2983 3772 quidam,
2997 3712 3060 3750 ac
3077 3696 3368 3772 dolori-bus,
3381 3699 3441 3772 ut
3462 3697 3677 3772 veniam

2071 3767 2419 3834 mererentur,
2450 3773 2806 3840 exposuerunt
2832 3787 2848 3822 :
2888 3769 2979 3822 hos
3005 3767 3307 3840 tamen‘vir,
3332 3768 3676 3840 quiinjun'a

2074 3843 2424 3906 obliviscitur,
2448 3837 2611 3909 facile
2640 3841 2980 3910 anticipavit.
3002 3837 3282 3910 Siquidem
3308 3838 3445 3892 illud
3468 3841 3677 3894 verissi

2073 3930 2221 3967 mum
2245 3918 2322 3969 est
2349 3914 2492 3983 quod
2518 3913 2723 3967 dicitur
2755 3930 2771 3965 :
2801 3909 3072 3964 Dimittite
3116 3909 3356 3971 celerius,
3384 3913 3433 3963 et
3474 3912 3679 3980 cepiose

2074 3982 2379 4040 dimittetur
2404 3984 2568 4039 vobis.
2606 3986 2778 4045 Verte,
2809 3996 3184 4050 germanaaque
3208 3982 3536 4051 panitentia-
3559 3997 3675 4037 cer-

2076 4060 2191 4111 tum
2215 4061 2590 4126 argumentum
2612 4059 2690 4110 est
2716 4055 2909 4109 oblivio
2924 4052 3256 4126 iniuriarum
3279 4071 3295 4106 :
3319 4052 3679 4126 quiveroini-

2075 4123 2311 4183 micitias
2336 4131 2505 4195 tenet,
2538 4131 2588 4181 et
2611 4142 2664 4180 se
2688 4126 2948 4196 poenitere
2974 4124 3268 4196 aristimat,
3295 4123 3500 4196 similis
3519 4128 3596 4179 est
3625 4128 3679 4181 ei

2077 4201 2175 4268 qui
2198 4214 2252 4254 se
2280 4202 2337 4253 in
2364 4192 2567 4253 somnio
2591 4192 2801 4251 currere
2823 4198 3004 4265 putat.
3034 4195 3169 4249 Hac
3193 4192 3278 4249 ille
3317 4194 3538 4262 (Gradu
3575 4201 3671 4265 9).

2143 4256 2171 4301 δ
2197 4269 2375 4339 Hujus
2402 4268 2480 4324 rei
2510 4267 2821 4347 exemplum
2848 4264 3348 4347 insigneletnliuic
3392 4264 3514 4347 locg
3560 4283 3671 4338 per-

3080 4304 3096 4329 ,
3121 4298 3178 4319 σι
3220 4298 3348 4321 unum
3392 4298 3514 4321 ιυυυ
3562 4298 3677 4329 μοι·

2076 4355 2244 4412 quam
2263 4336 2748 4412 accommodatum
2776 4336 2943 4393 babes
2958 4336 3153 4412 invita
3184 4337 3239 4393 S.
3260 4336 3461 4412 _l_guatii
3485 4336 3673 4412 Loyo-

2073 4405 2143 4466 fa
2179 4426 2274 4482 per
2301 4407 2584 4465 Maffeium
2609 4410 2789 4475 edita;
2837 4405 2987 4482 quod
3016 4406 3114 4482 hic
3139 4405 3385 4482 retulisse
3410 4425 3523 4464 non
3567 4405 3674 4467 erit

2070 4479 2405 4538 extraneum.
2422 4482 2552 4537 Cum
2571 4479 2904 4551 quandam’e
2922 4480 3211 4546 fratribus,
3232 4479 3377 4549 quod
3388 4483 3676 4538 stomacho-

2070 4556 2179 4609 sior
2204 4557 2335 4607 esset
2351 4558 2574 4615 natura,
2596 4558 2645 4607 et
2663 4552 2887 4624 subinde
2904 4553 2961 4605 in
2976 4566 3164 4624 amara
3178 4552 3341 4605 verba
3360 4566 3674 4624 prorumpe-

2067 4627 2169 4687 ret,
2195 4640 2304 4679 sese
2326 4625 2566 4692 fratrum
2591 4623 2979 4686 consuetudini,
3001 4623 3176 4677 alieno
3195 4618 3446 4694 tempore,
3479 4618 3674 4680 stibi—tu-

2070 4700 2267 4751 centem
2284 4696 2511 4751 vidisset
2532 4698 2807 4764 Ignatius;
2842 4694 3036 4748 blande
3049 4710 3167 4748 eum
3193 4696 3512 4764 compellans
3542 4699 3676 4764 quin

2072 4714 2267 4751 sentem
2284 4714 2511 4751 viaisset
2532 4714 2807 4764 ignauus;
2842 4714 3036 4748 omnae
3049 4714 3167 4748 eum
3193 4714 3512 4764 compellans
3637 4714 3673 4752 η

2072 4773 2141 4831 te,
2154 4769 2353 4837 inquit,
2370 4769 2591 4822 statutis
2605 4767 2752 4821 horis
2764 4768 2819 4819 in
2838 4766 3076 4832 fratrum
3090 4765 3525 4821 consuetudinem
3535 4714 3673 4825 ἓξὲξ)

2071 4855 2191 4893 cum
2213 4839 2306 4894 ille
2336 4838 2672 4894 iracundiam
2704 4842 2916 4892 naturae
2938 4879 2956 4901 ,
2982 4838 3239 4906 bilemque
3254 4839 3617 4908 pratenderet
3653 4860 3668 4896 ε

2072 4913 2186 4973 Na,
2219 4914 2280 4964 tu
2306 4910 2631 4965 vehementer
2652 4924 2824 4973 erras,
2851 4909 2931 4962 ait
2958 4910 3199 4977 Ignatius
3226 4928 3243 4963 :
3270 4914 3465 4965 etenim
3491 4912 3605 4968 hac
3623 4915 3673 4969 et

2072 4981 2382 5051 hujusmodi
2395 4983 2529 5036 vitia
2537 4998 2641 5035 non
2651 4980 2927 5051 fugiendo,
2948 4979 3041 5051 sed
3051 4981 3340 5036 resistendo
3359 4984 3668 5039 vincuntur.

2072 5019 2448 5123 spectat
2475 5019 2668 5122 "quod,
2685 5019 2757 5108 3%
2804 5019 3133 5123 quibusdam
3178 5019 3673 5111 somriiswgcgbit

2070 5121 2310 5202 Joannes
2338 5121 2606 5202 Climacus
2646 5142 2681 5202 _:_
2701 5121 2835 5180 Cum
2855 5121 3108 5202 sederem,
3149 5123 3345 5195 inquit,
3364 5126 3675 5202 aliquando

2071 5195 2354 5264 cujusdam
2378 5195 2706 5250 necessitatis
2729 5210 2893 5250 causa
2910 5195 3083 5263 juccta
3108 5195 3471 5263 quorumdam
3489 5199 3671 5254 solita-

2069 5268 2276 5321 riorum
2292 5266 2558 5331 cellulam,
2570 5266 2762 5321 audivi
2779 5268 2895 5320 illos
2905 5266 3185 5336 perdicum
3199 5283 3343 5322 more
3360 5270 3510 5324 intus
3528 5284 3671 5324 sum-

2070 5353 2161 5391 ma
2180 5338 2566 5411 amaritudine,
2591 5342 2642 5392 et
2661 5340 2851 5411 furore
2879 5338 3029 5407 apud
3049 5354 3104 5393 se
3131 5341 3483 5404 comitantes,
3509 5345 3671 5411 atque

2071 5411 2129 5463 in
2147 5409 2262 5477 ejus
2280 5423 2588 5482 personam,
2608 5412 2707 5479 qui
2724 5426 2779 5465 se
2803 5410 3035 5477 laserat,
3056 5413 3335 5480 tamquam
3365 5414 3413 5465 is
3433 5409 3673 5482 praesens

2073 5485 2226 5547 esset,
2253 5479 2688 5550 petulantissime
2715 5483 3025 5536 insilientes.
3062 5482 3199 5549 Quos
3220 5498 3313 5550 ego
3341 5499 3408 5538 ne
3433 5479 3581 5538 ultra
3609 5484 3672 5537 in

2072 5550 2360 5606 solitudine
2396 5552 2653 5619 sederent,
2674 5555 2782 5622 pie,
2814 5558 2864 5608 et
2910 5550 3144 5622 fideliter
3169 5557 3369 5618 monui,
3394 5557 3445 5609 si
3472 5555 3672 5610 nollent

2072 5636 2141 5695 ea:
2170 5622 2473 5677 hominibus
2501 5621 2762 5679 damones
2783 5621 2922 5693 ﬁeri.
2954 5626 3021 5680 Et
3045 5621 3185 5679 infra
3218 5643 3230 5679 :
3259 5626 3322 5682 Si
3355 5626 3673 5695 diligentius

2070 5694 2438 5777 inspiciamus,
2457 5696 2939 5777 animadvertemus
2952 5698 3237 5777 plerosque
3248 5712 3318 5749 ea
3332 5698 3438 5761 his,
3566 5699 3674 5753 ira-

2072 5764 2495 5839 cundia/acibus
2507 5769 2879 5839 exagitantur,
2886 5764 3404 5839 prbmptejejunare,
3415 5764 3668 5838 vigilare,
3752 5772 3777 5779 “

2072 5837 2310 5906 quietem
2348 5838 2660 5896 solitudinis
2686 5837 2906 5897 sectari:
2925 5841 3025 5896 Est
3040 5837 3198 5895 enim
3224 5854 3287 5895 ea
3315 5837 3674 5897 versutissimi
