4048 6200
354 215 466 272 345

1034 216 1123 274 DE
1159 217 1637 278 C(ENOBIORUM
1673 223 1918 282 INSTIT.
1959 225 2088 283 LIB.
2129 227 2270 284 VIII.
2315 257 2383 269 --
2419 227 2510 285 DE
2545 227 2816 288 SPIRITU
2857 233 3019 292 IRE.

3575 245 3683 302 346

345 338 665 414 querimur,
677 347 965 412 tamquam
984 340 1368 412 ibi,nullisnos
1382 345 1807 420 concitantibus,
1823 347 1969 409 illico
1994 353 2050 418 Α
2078 351 2248 410 sortio
2280 370 2295 409 :
2319 351 2391 411 ad
2413 361 2665 412 naturam
2693 355 2984 428 pristinam
3019 372 3154 415 mox
3181 373 3527 434 reversurus,
3552 381 3681 424 cum

345 436 622 492 virtutem
665 433 940 507 patientia
967 437 1234 510 repertnri
1276 455 1291 494 :
1334 447 1651 498 excusantes
1681 441 1960 516 negligen-

2071 447 2498 521 interpellaverit
2567 450 2858 524 cujuslibet
2917 453 3315 513 commotionis
3381 459 3596 517 occasio
3662 481 3676 518 :

339 529 484 626 tiam
522 537 1170 626 nostram,_causasque_
1190 531 1576 626 commotionis
1617 550 1732 592 non
1776 545 1962 594 nostra
2069 551 2360 616 emergunt
2400 543 2603 618 quippe
2631 560 2700 602 ex
2736 561 2802 603 eo
2829 547 3120 606 confestim
3165 550 3336 622 vitia,
3375 567 3503 626 qua:
3537 553 3678 612 late-

341 623 592 682 dicentes
638 623 977 698 impatientia
996 666 1014 694 ,
1077 623 1176 682 sed
1217 625 1453 684 fratrum
1509 627 1639 686 vitio
1687 631 1957 703 generari.

340 719 610 792 Dumque
655 717 712 774 in
753 717 892 778 alios
941 719 1146 776 erroris
1194 720 1365 778 nostri
1420 723 1681 781 vertimus
1728 740 1956 794 causas,

339 826 656 884 numquam
696 811 768 869 ad
796 811 1069 884 patientiae
1101 827 1169 870 ac
1195 812 1546 887 perfectionis
1575 819 1782 876 calcem
1805 819 1958 876 vale-

341 905 531 964 bimus
562 905 862 979 pervenire.

935 1011 1184 1068 CAPUT
1221 1013 1374 1068 XVI.

343 1105 505 1174 Quod
517 1105 892 1175 tranquillitas
899 1105 1078 1160 cordis
1091 1107 1265 1160 nostri
1276 1107 1447 1160 nonin
1455 1105 1680 1162 alterius
1698 1107 1953 1172 arbitrio,

559 1176 654 1232 sed
675 1179 734 1231 in
760 1181 947 1232 nostra
974 1176 1166 1231 debeat
1193 1175 1396 1232 ditione
1417 1179 1722 1234 consistere.

419 1285 644 1340 Summa
684 1283 849 1356 igitur
879 1281 1288 1340 emendationis
1325 1299 1391 1341 ac
1416 1284 1820 1356 tranquillitatis
1847 1301 1952 1343 no-

337 1385 496 1448 strai,
525 1393 638 1434 non
675 1386 758 1435 est
799 1378 856 1434 in
897 1377 1122 1434 alterius
1148 1377 1374 1435 arbitrio
1416 1377 1766 1448 collocanda;
1805 1379 1954 1453 quod

333 1487 686 1544 nequaquam
709 1479 912 1530 nostrae
939 1471 1217 1546 subjaceat
1242 1473 1532 1544 potestati:
1555 1472 1652 1532 sed
1679 1474 1738 1530 in
1759 1483 1954 1532 nostra

335 1565 524 1638 potius
541 1563 854 1623 conditione
875 1565 1154 1622 consistat.
1181 1569 1374 1638 Itaque
1407 1575 1470 1624 ut
1489 1583 1604 1624 non
1623 1569 1950 1648 irascimur,

335 1673 458 1714 non
504 1655 664 1714 debet
707 1673 773 1714 ex
825 1657 1052 1716 alterius
1094 1657 1452 1732 perfectione,
1502 1659 1599 1718 sed
1644 1677 1710 1720 ex
1753 1672 1945 1722 nostra

2067 635 2222 707 bant,
2250 645 2308 694 et
2335 637 2481 696 velut
2511 638 2636 712 equi
2664 637 2906 698 infrenes
2931 643 3186 700 certatim
3231 659 3264 702 e
3299 647 3415 704 suis
3443 662 3680 723 repagu-

2063 727 2134 787 lis
2161 729 2272 787 otio
2306 729 2552 805 longiore
2586 731 2780 790 nutriti
2820 734 3001 793 acrius
3024 735 3095 794 ad
3134 737 3438 810 perniciem
3469 741 3678 816 auriga

2061 823 2293 897 proprii,
2317 824 2658 899 ferociusque
2685 837 3074 902 prorumpunt.
3107 831 3284 905 Magis
3310 832 3484 899 enim,
3520 850 3676 894 exer-

2065 916 2198 975 citio
2234 933 2444 992 usuque
2478 917 2720 978 humano
2761 932 3036 993 cessante,
3068 921 3372 982 efferantur
3412 925 3472 982 in
3510 927 3675 986 nobis

2066 1011 2216 1083 vitia,
2245 1013 2349 1070 nisi
2391 1013 2758 1071 fuerint'ante
2800 1026 3049 1089 purgata.
3080 1020 3376 1093 Ipsamque
3415 1021 3672 1080 umbram

2061 1107 2362 1179 patientia,
2415 1123 2582 1182 quam
2609 1109 2891 1182 possidere
2919 1111 3241 1184 imaginarie
3281 1115 3533 1187 permixti
3563 1115 3672 1174 fra-

2061 1199 2240 1258 tribus
2265 1200 2460 1258 saltem
2499 1217 2602 1274 pro
2645 1217 2840 1260 eorum
2869 1205 3173 1260 reverentia
3202 1213 3257 1261 et
3294 1215 3426 1264 nota
3454 1208 3672 1280 publica

2061 1284 2402 1365 videbamur,
2431 1293 2632 1353 desidia
2654 1295 2960 1354 securitatis
2981 1295 3314 1354 amittimus.

2551 1423 2572 1436 ’
2598 1411 2838 1468 CAPUT
2877 1412 3093 1468 XVIII.

2068 1505 2414 1576 Impatientes
2459 1509 2622 1574 atque
2676 1505 2962 1564 iracundos
3009 1520 3119 1560 esse
3156 1507 3467 1576 frequenter
3507 1509 3669 1564 etiam

2277 1577 2400 1631 illos
2421 1579 2522 1646 qui
2539 1577 2608 1630 ab
2637 1576 2939 1632 hominibus
2967 1592 3070 1632 non
3089 1583 3468 1648 prosecantur.

2125 1674 2154 1716 δ
2195 1681 2363 1756 Qpasi
2404 1697 2534 1740 vero
2570 1682 2826 1739 universa
2865 1682 3134 1740 virulenta
3182 1684 3524 1756 serpentium
3568 1701 3666 1759 ge--

338 1751 540 1809 virtute
579 1750 908 1810 descendere
924 1793 942 1823 ,
973 1768 1099 1826 quae
1139 1757 1252 1810 neu
1289 1754 1466 1812 aliena
1485 1750 1799 1830 patientia,
1847 1758 1943 1818 sed

2057 1790 2210 1846 nera,
2239 1775 2324 1832 vel
2363 1773 2636 1846 ferarum,
2666 1791 2797 1832 cum
2837 1776 2895 1832 in
2930 1776 3228 1834 solitudine
3255 1779 3478 1850 suisque
3517 1780 3668 1836 cubi-

337 1846 558 1920 propria
587 1846 1001 1919 longanimitate
1026 1849 1390 1922 conquiritur.

911 1955 1154 2012 CAPUT
1187 1955 1374 2011 XVII.

557 2051 668 2118 Quo
695 2051 873 2106 studio
897 2066 1131 2106 eremum
1159 2051 1447 2108 debeamus
1469 2058 1734 2125 expetere.

414 2143 629 2199 Porro‘I
659 2159 905 2201 eremum
940 2142 1240 2216 perfectos,
1286 2147 1545 2221 omnique
1572 2148 1698 2205 vitio
1737 2165 1942 2224 purga-

339 2246 441 2294 tos
463 2245 678 2309 oportet
718 2248 996 2310 expetere,
1024 2249 1080 2297 et
1117 2244 1355 2299 excoctis
1381 2241 1452 2299 ad
1495 2261 1694 2316 purum
1725 2245 1782 2302 in
1817 2245 1950 2304 coh-

336 2331 665 2404 gregatione
691 2330 923 2389 fratrum
950 2334 1119 2404 vitiis,
1149 2351 1264 2392 non
1309 2337 1768 2408 pusillanimitatis
1813 2357 1946 2412 pro-

334 2423 516 2498 fugio,
547 2424 642 2482 sed
668 2424 864 2484 divinae
898 2429 1373 2502 contemplationis
1401 2431 1631 2489 obtentu
1649 2474 1665 2501 ,
1711 2440 1768 2489 et
1795 2433 1941 2492 desi-

336 2517 492 2577 derio
531 2520 757 2579 intuitus
787 2521 1124 2586 sublimioris
1166 2524 1368 2582 intrare
1389 2567 1404 2596 ,
1447 2526 1538 2599 qui
1579 2543 1692 2584 non
1725 2527 1831 2586 nisi
1881 2529 1939 2586 in

336 2613 633 2672 solitudine
680 2631 712 2672 a
767 2616 1028 2688 perfectis
1079 2618 1428 2676 solummodo
1481 2621 1686 2693 poterit
1740 2638 1940 2694 appre-

332 2707 516 2766 hendi.
555 2711 929 2783 Quaecumque
963 2713 1112 2770 enim
1145 2712 1274 2770 vitia
1316 2713 1566 2770 incurata
1598 2715 1654 2770 in
1691 2730 1942 2773 eremnm

333 2801 725 2876 detulerimus,
767 2815 956 2879 operta
995 2807 1052 2864 in
1095 2807 1274 2879 nobis,
1321 2825 1434 2866 non
1460 2809 1664 2866 abolita
1695 2811 1943 2869 sentien-

333 2905 448 2955 tur.
475 2899 722 2956 Solitudo
753 2916 1024 2973 namque,
1053 2903 1196 2960 sicut
1221 2902 1395 2972 novit,
1425 2903 1733 2962 emendatis
1765 2906 1940 2963 mori-

332 2990 476 3060 bus,
516 2993 1031 3065 contemplationem
1063 2997 1410 3068 purissimam
1441 3013 1711 3069 reserare,
1751 3007 1808 3055 et
1854 2998 1940 3056 in-

335 3085 484 3142 tuitu
510 3086 874 3146 sincerissimo
909 3089 1241 3162 spiritalium
1263 3100 1734 3149 sacramentorum
1768 3092 1945 3149 scien-

2053 1869 2201 1926 libus
2248 1868 2636 1937 immorantur,
2694 1885 2811 1926 non
2857 1868 3076 1927 innoxia
3130 1880 3505 1943 perseverent,
3565 1889 3668 1932 nec

2053 1969 2240 2020 tamen
2267 1977 2335 2020 ex
2360 1977 2428 2019 eo
2457 1962 2798 2036 pronuntiari
2825 1963 3039 2036 possint
3077 1964 3297 2022 innoxia
3317 2008 3333 2034 ,
3371 1967 3516 2040 quia
3527 1967 3661 2025 nulli

2049 2065 2298 2114 noceant.
2337 2059 2463 2114 Hoc
2501 2056 2651 2114 enim
2689 2056 2766 2113 eis
2787 2057 2914 2128 '_non
2954 2056 3184 2115 affectus
3219 2059 3510 2131 bonitatis,
3563 2061 3664 2120 sed

2049 2149 2344 2208 necessitas
2389 2149 2698 2208 solitudinis
2743 2147 2961 2207 confert
3014 2169 3030 2205 :
3075 2153 3212 2223 Quae
3261 2168 3386 2208 cum
3429 2153 3660 2210 laedendi

2051 2253 2214 2302 nacta
2262 2242 2471 2302 fuerint
2526 2241 2772 2316 copiam,
2827 2243 2886 2298 in
2940 2243 3248 2316 semetipsis
3312 2245 3658 2304 reconditum

2052 2337 2202 2394 virus
2251 2345 2307 2395 et
2352 2337 2554 2394 animae
2605 2335 2879 2393 feritatem
2929 2336 3178 2408 protinus
3223 2346 3451 2412 egerunt
3496 2347 3660 2412 atque

2051 2429 2460 2488 demonstrant.
2477 2429 2715 2505 Ideoque
2729 2431 3126 2504 perfectionem
3155 2433 3530 2506 quaerentibus
3545 2450 3657 2492 non

2047 2524 2251 2582 sufﬁcit
2263 2533 2456 2584 contra
2473 2525 2759 2583 hominem
2788 2541 2903 2583 non
2923 2525 3099 2582 irasci.
3122 2527 3480 2586 Meminimus
3505 2529 3657 2586 enim

2052 2617 2196 2691 (vide
2225 2621 2412 2678 Collat.
2447 2625 2535 2688 19,
2571 2637 2618 2675 c.
2646 2626 2704 2688 6,
2740 2625 2808 2674 10
2833 2624 2885 2675 et
2917 2623 3050 2690 seq.)
3095 2619 3154 2675 in
3189 2619 3488 2678 solitudine
3509 2637 3661 2680 com-

2050 2712 2398 2769 morantibus
2423 2711 2606 2782 nobis,
2636 2719 2826 2769 contra
2860 2713 3159 2783 calamum,
3189 2729 3316 2770 cum
3343 2722 3438 2771 aut
3463 2716 3658 2788 grossi-

2050 2805 2186 2863 tudo
2241 2806 2394 2879 ejus,
2444 2813 2542 2864 aut
2579 2806 2793 2863 exilitas
2843 2806 3186 2880 displiceret;
3216 2816 3470 2865 contrave
3510 2809 3657 2865 scal-

2051 2899 2288 2971 pellum,
2317 2914 2445 2955 cum
2487 2898 2769 2969 incidenda
2807 2899 2988 2958 hebeti
3022 2901 3138 2957 acie
3167 2900 3404 2974 segniter
3430 2915 3658 2960 exseca-

2049 3003 2166 3064 ret;
2197 3001 2498 3066 contraque
2532 2993 2770 3064 silicem,
2811 2995 2855 3052 si
2885 2995 3028 3052 forte
3067 2996 3134 3052 ex'
3170 3011 3233 3052 ea
3275 2993 3658 3054 festinantibus

2049 3089 2212 3146 nobis
2246 3088 2315 3146 ad
2343 3088 2634 3146 lectionem
2680 3087 2888 3146 tardius
2915 3088 3145 3145 scintilla
3171 3088 3309 3160 ignis
3343 3089 3652 3160 emicuerit,

331 3179 476 3236 tiam
491 3181 728 3238 revelare
757 3202 770 3239 :
799 3183 875 3239 ita
896 3199 1114 3254 eorum,
1136 3185 1233 3256 qui
1265 3184 1450 3240 minus
1481 3185 1758 3242 emendati
1781 3194 1934 3256 sunt,
1969 3171 2015 3236 C
2046 3183 2120 3240 ita
2149 3182 2540 3256 indignationis
2577 3181 2857 3256 irrepsisse
2884 3191 3123 3250 motum,
3151 3191 3214 3240 ut
3235 3198 3350 3240 non
3377 3183 3512 3240 alias
3531 3198 3656 3256 per-

328 3267 492 3340 vitia,
519 3286 628 3328 non
667 3272 845 3330 solum
875 3286 1113 3338 servare;
1157 3289 1351 3330 verum
1399 3274 1569 3330 etiam
1612 3289 1942 3348 exaggerare

329 3363 634 3420 consuevit.
677 3363 1021 3440 Tamdiuque
1062 3365 1168 3424 sibi
1207 3367 1420 3440 patiens
1468 3368 1594 3440 quis
1624 3367 1838 3425 videtur
1886 3377 1943 3426 et

329 3454 577 3527 humilis,
613 3457 792 3516 donec
831 3461 1034 3518 nullius
1057 3459 1316 3535 {hominis
1353 3461 1784 3520 commisceatur
1813 3479 1946 3520 con-

2047 3277 2417 3335 turbationem
2467 3277 2667 3334 mentis
2690 3319 2706 3346 ,
2754 3293 2922 3350 quam
2963 3277 3046 3334 vel
3082 3287 3272 3335 contra
3319 3277 3656 3336 insensibiles

2049 3369 2332 3439 materias,
2372 3369 2454 3427 vel
2499 3378 2644 3427 certe
2673 3369 2930 3428 adversus
2957 3369 3243 3428 diabolum
3271 3371 3652 3430 maledictione

2052 3463 2293 3536 prolata,
2327 3462 2573 3536 digerere
2600 3469 2764 3536 atque
2790 3479 3084 3537 evaporare
3111 3479 3418 3538 possemus.
3448 3467 3655 3536 Quam-

1436 3571 1692 3634 ALARDI
1729 3571 1954 3629 GAZEI
1993 3571 2558 3630 COMMENTARIUS.

611 3655 857 3738 intentio,
882 3657 1048 3738 idque
1067 3675 1394 3738 summopere
1418 3663 1670 3738 inquirit,
1691 3665 1754 3738 ut
1771 3661 1941 3716 ueluti

325 3739 431 3795 per
442 3727 820 3802 rationabilem
842 3727 1160 3802 occasionem
1174 3727 1525 3802 panitentici,
1551 3737 1602 3787 et
1631 3733 1824 3796 luctus,
1845 3749 1936 3789 eas

333 3799 759 3872 materias,un
781 3801 964 3856 morbo
980 3803 1105 3856 huic
1126 3799 1452 3872 incrementa
1473 3803 1604 3858 dare
1617 3805 1848 3872 possint,
1863 3820 1936 3859 se-

336 3868 578 3943 quendas
589 3869 714 3943 illis
733 3873 1084 3943 persuadeat.
1116 3871 1203 3943 Sic
1231 3873 1322 3928 ille
1343 3874 1560 3943 (Gradu
1588 3868 1661 3943 85.

410 3939 437 3970 ³
465 3938 765 4013 Conﬁrmat
791 3941 933 4013 hanc
959 3941 1290 3996 sententiam
1318 3938 1486 4013 abbas
1518 3938 1756 4013 Joannes
1790 3942 1936 4013 apud

337 4008 657 4066 Cassianum
684 4012 899 4078 (Collat.
935 4016 1023 4080 l9.
1063 4025 1184 4080 cap.
1226 4016 1346 4080 l0);
1383 4009 1474 4080 cui
1511 4019 1566 4066 et
1586 4010 1676 4064 alii
1707 4008 1937 4068 SS.'Pa-

336 4087 452 4136 tres
489 4081 872 4153 astipulantur,
916 4079 1236 4153 doceatque
1263 4079 1332 4138 ad
1378 4079 1547 4153 vitam
1594 4080 1938 4153 eremiticam

334 4150 684 4224 nondebere
701 4165 1036 4224 quemquam
1071 4150 1322 4224 transire,
1351 4150 1456 4208 nisi
1484 4167 1543 4208 se
1569 4151 1724 4224 prius
1745 4151 1802 4208 in
1830 4168 1939 4210 ca:-

333 4221 510 4296 nobio
543 4221 828 4296 diligenter
851 4221 1176 4296 eiercuerit;
1208 4231 1492 4296 propterea
1519 4221 1670 4296 quod
1697 4239 1940 4296 eremus,

333 4292 454 4349 sive
491 4286 750 4360 solitu'do,
775 4307 900 4348 cum
926 4292 996 4349 sit
1033 4286 1244 4350 culmen
1275 4286 1330 4351 et
1352 4286 1630 4360 fastigium
1661 4293 1788 4351 vitae
1815 4286 1940 4352 reli-'

374 4364 532 4438 insae,
577 4360 970 4437 perfectionem
999 4364 1376 4438 nongafferat,
1420 4360 1516 4423 sed
1543 4374 1833 4438 supponat.
1868 4369 1936 4422 D.

395 4435 714 4509 ieronymus
745 4435 1031 4509 postquam
1070 4437 1398 4506 solitudinis,
1438 4446 1493 4494 et
1517 4435 1774 4494 solitariae
1811 4438 1938 4495 vitae

339 4505 993 4580 nonnullajncommbda
1032 4516 1088 4564 et
1124 4509 1364 4580 pericula
1388 4505 1474 4565 ita
1504 4509 1777 4566 recensuit
1815 4527 1828 4564 :
1872 4513 1938 4568 In

340 4577 632 4652 solitudine
649 4579 752 4633 cito
770 4579 978 4651 obrepit
989 4577 1276 4652 superbia;
1297 4585 1348 4636 et
1363 4583 1415 4635 si
1428 4597 1725 4651 parumper
1727 4581 1940 4652 jejuna-

340 4651 495 4713 verit,
527 4649 1025 4720 hominemquenon
1050 4649 1275 4715 uiderit,
1294 4649 1464 4722 putat
1489 4667 1544 4706 se
1569 4649 1800 4722 alicujus
1831 4667 1940 4710 esse

343 4723 613 4792 momenti,
634 4721 932 4792 oblitusque
973 4723 1082 4785 sui,
1114 4721 1366 4790 unde,'et
1399 4738 1503 4792 quo
1541 4721 1771 4790 venerit;
1793 4725 1939 4779 intus

343 4791 520 4854 corde,
547 4793 730 4860 lingua
754 4791 893 4860 foris
917 4796 1171 4862 vagatur,
1203 4801 1334 4860 etc.,
1359 4791 1484 4848 mox
1531 4793 1714 4850 subdit
1759 4810 1772 4846 :
1804 4795 1946 4862 Quid

343 4863 556 4932 igitur?
609 4865 924 4920 Solitariam
968 4867 1141 4918 vitam
1175 4865 1650 4935 reprehendimus?
1693 4867 1941 4930 minime,

345 4935 546 5016 quippe
569 4950 734 5034 quam
752 4951 891 5034 sape
908 4935 1243 5034 laudavimus
1268 4955 1284 4990 :
1299 4935 1409 5034 [fed
1438 4936 1654 5034 delude
1675 4941 1948 5020 monaste-j

341 5007 547 5077 merum
576 5006 884 5076 hujusmodi
910 5007 1151 5062 volumus
1175 5006 1358 5076 egredi
1382 5007 1599 5071 milites,
1631 5021 1761 5077 quos
1783 5010 1948 5063 eremi

344 5075 487 5149 dura
519 5075 828 5133 rudimenta
853 5094 962 5133 non
989 5075 1262 5144 terreant;
1293 5080 1390 5148 qui
1403 5075 1661 5149 specimen
1677 5093 1946 5134 conversa-

341 5148 505 5202 tionis
529 5157 640 5203 sute
654 5150 819 5205 multo
845 5155 1077 5220 tempore
1090 5149 1362 5217 dederint;
1379 5148 1478 5220 qui
1491 5151 1726 5204 omnium
1739 5151 1950 5217 fuerint

340 5220 582 5292 minimi,
603 5225 664 5276 ut
682 5223 856 5292 primi
878 5223 1113 5277 omnium
1140 5223 1356 5291 ﬁerent;
1377 5236 1508 5292 quos
1527 5237 1620 5276 nec
1635 5223 1830 5276 esuries
1851 5222 1946 5276 ali-

343 5291 586 5360 quando,
605 5291 698 5347 nec
715 5295 980 5348 saturitas
1002 5294 1304 5362 superavit;
1320 5291 1418 5362 qui
1425 5296 1750 5363 paupertate
1765 5292 1947 5347 lcetan-

341 5366 464 5428 tur;
484 5379 713 5432 quorum
736 5364 974 5429 habitus,
993 5379 1183 5428 sermo,
1197 5364 1402 5427 vultus,
1423 5366 1679 5428 incessus,
1697 5363 1945 5419 doctrina

341 5433 612 5508 uirtutum
657 5440 752 5490 est.
805 5437 949 5508 Haec
986 5437 1066 5508 Β,
1097 5437 1474 5508 Hieronymus
1513 5437 1718 5508 (Epist.
1754 5441 1818 5508 Δ4,
1869 5435 1946 5492 ad

341 5503 546 5575 Rustic.
577 5508 864 5575 monach.).
897 5506 1154 5564 Similiter
1176 5507 1242 5563 ι).
1275 5503 1622 5574 Benedictus,
1645 5505 1803 5562 initio
1827 5521 1942 5564 suae

342 5573 572 5654 Regulae
604 5577 769 5654 vitam
807 5573 1278 5654 anachoreticam,
1303 5585 1356 5634 et
1369 5577 1580 5654 quibus
1612 5573 1704 5634 illa
1743 5593 1940 5635 conve-

339 5646 468 5722 n_iat
503 5646 808 5707 describens
839 5671 852 5707 :
885 5651 1208 5714 Secundum,
1235 5646 1430 5722 inquit,
1471 5665 1638 5720 genus
1675 5654 1756 5706 est
1799 5666 1942 5704 ana-

338 5717 702 5794 choretarum,
728 5723 792 5778 id
817 5727 916 5788 est,
945 5717 1324 5794 eremitarum;
1337 5717 1550 5785 horum,
1572 5723 1674 5794 qui
1692 5737 1798 5794 non
1821 5737 1940 5794 con-

333 5793 601 5850 uersionis
635 5795 846 5862 fervore
882 5796 1114 5860 nouitio,
1143 5793 1238 5851 sed
1273 5794 1592 5851 monasterii
1623 5793 1940 5865 probatione

2044 3663 2314 3718 diuturna
2329 3661 2656 3726 didicerunt,
2680 3665 2868 3716 contra
2885 3661 3178 3726 diabolum,
3195 3661 3490 3717 multorum
3503 3661 3652 3717 sola-

2044 3735 2121 3788 tio
2139 3733 2264 3803 jam
2289 3733 2434 3788 docti
2450 3748 2716 3802 pugnare,
2746 3736 2798 3787 et
2822 3733 2947 3788 bene
2967 3735 3252 3797 instructi,
3293 3735 3547 3800 fraterna
3581 3748 3650 3788 ea:
3745 3742 3750 3748 ’

2043 3807 2155 3860 acie
2173 3804 2248 3858 ad
2263 3804 2594 3872 singularem
2610 3819 2857 3874 pugnam
2881 3809 3060 3874 eremi,
3081 3806 3255 3858 securi
3259 3805 3382 3873 jam
3397 3805 3515 3858 sine
3531 3818 3654 3857 con-

2041 3876 2298 3930 solatione
2316 3876 2537 3930 alterius
2557 3873 2744 3929 contra
2765 3876 2903 3928 vitia
2928 3873 3126 3938 carnis,
3147 3875 3230 3928 vel
3246 3875 3646 3942 cogitationum,

2041 3949 2148 4002 Deo
2163 3946 2489 4016 auxiliante,
2505 3960 2752 4016 pugnare
2764 3946 3047 4014 sufﬁciunt
3067 3945 3206 4011 (vide
3223 3947 3291 3999 D.
3310 3941 3652 4000 Bernardum

2042 4030 2202 4081 serm.
2229 4022 2262 4072 3
2287 4015 2352 4070 de
2381 4015 2826 4081 Circumcisione).

2114 4077 2144 4116 ³⁵
2184 4085 2370 4156 Stylus
2395 4084 2642 4156 Dionysii
2673 4094 2730 4140 et
2765 4077 2976 4156 planior
3001 4091 3060 4140 et
3084 4083 3294 4156 plenior
3337 4105 3351 4140 :
3389 4086 3652 4156 Universa

2044 4155 2307 4210 venenata
2341 4155 2697 4224 serpentium,
2729 4157 3040 4222 ferarumne
3075 4155 3299 4223 genera,
3344 4155 3563 4225 quando
3588 4157 3651 4210 in

2046 4227 2160 4280 suis
2177 4225 2420 4280 latibulis
2436 4229 2485 4280 et
2503 4225 2792 4280 solitudine
2803 4229 3142 4295 permanent,
3156 4229 3370 4281 exstant
3390 4227 3648 4293 innoxia;

2045 4311 2140 4351 nec
2153 4300 2334 4351 tamen
2354 4295 2418 4351 ob
2435 4296 2528 4351 hoc
2544 4296 2862 4368 simpliciter
2877 4295 2987 4368 dici
2994 4300 3227 4368 possunt
3246 4299 3492 4361 innoxia,
3513 4298 3649 4368 quia

2044 4368 2188 4442 nulli
2212 4372 2350 4442 tunc,
2369 4371 2574 4423 nocent.
2605 4366 2694 4442 Sic
2721 4366 2855 4442 ipse.
2877 4366 3042 4442 Unde
3067 4366 3647 4442 colligiturlegendum

2045 4437 2132 4494 hic
2157 4440 2407 4520 innooeig,
2435 4437 2684 4520 quamvis
2715 4436 2835 4520 alii,
2873 4445 2930 4494 et
2962 4436 3439 4520 fortasse'meliu{
3461 4439 3648 4520 legant

2044 4513 2233 4575 noxia,
2261 4517 2322 4566 ut
2345 4509 2670 4567 Basileensis
2688 4517 2744 4565 et
2769 4525 2903 4566 mss.
2926 4510 3173 4566 nonnulli
3200 4530 3212 4566 :
3254 4509 3359 4568 hoc
3383 4509 3648 4568 nimirum

2047 4589 2303 4638 contextu
2337 4601 2350 4636 :
2386 4582 2556 4650 Quasi
2588 4597 2693 4637 non
2727 4583 2896 4637 noxia
2927 4587 3292 4654 perseverent,
3336 4598 3430 4638 nec
3474 4598 3543 4638 ea:
3578 4597 3648 4654 eo

2039 4654 2395 4724 pronuntiari
2428 4655 2638 4731 possint
2680 4655 2850 4708 nescia
2869 4695 2884 4716 ,
2919 4655 3051 4731 quia
3091 4653 3518 4731 nulli_noceant.
3576 4653 3650 4731 Et

2052 4721 2347 4797 utrumque
2391 4721 2632 4797 quidem
2655 4739 2846 4797 verum
2873 4721 2976 4779 est.
3009 4729 3155 4797 A_ctu_
3179 4723 3379 4797 quippe
3405 4721 3647 4797 innoxia

2051 4804 2183 4852 sunt
2204 4789 2518 4865 hujusniodi
2547 4793 2824 4860 animalia,
2847 4789 3530 4865 quamdiuin'soli'tudine,
3555 4796 3650 4846 aut

2051 4865 2110 4920 in
2141 4865 2252 4922 suis
2273 4861 2526 4920 latibulis
2553 4872 2835 4918 remanent
2864 4861 2882 4918 Ξ
2924 4861 3383 4929 ηειιυῐειῌεωεῐι
3411 4873 3648 4931 propen-

2051 4935 2206 4992 sione
2233 4943 2288 4991 et
2314 4935 2671 4990 inclinatione
2698 4933 2862 5004 noxia
2888 4939 3252 5004 perseverant,
3280 4931 3408 5004 quia
3428 4945 3651 5004 semper

2050 5006 2122 5063 ad
2143 5003 2452 5077 nocendum
2475 5011 2732 5077 prompta
2767 5023 2780 5060 :
2807 5001 3036 5077 ideoque
3064 5017 3176 5077 non
3205 5001 3571 5077 simpliciter,"
3586 5011 3649 5061 ut

2051 5077 2130 5133 ait
2157 5073 2494 5149 Dionysius;
2516 5073 2736 5149 innoxia
2771 5073 3113 5149 pronuntiari
3141 5073 3382 5149 possunt.
3433 5077 3504 5149 At
3541 5073 3650 5134 hoc

2091 5145 2326 5205 osterius
2372 5145 2830 5220 praecedentibus
2871 5145 3048 5220 magis
3093 5145 3358 5220 quadrare
3409 5146 3644 5205 videtur.

2091 5164 2326 5205 osrenus
2387 5164 2816 5220 praecenenunus
2871 5164 3048 5220 magis
3093 5164 3358 5219 quadrare
3409 5164 3644 5205 videtur.

2050 5164 2274 5292 gpectat
2296 5219 2444 5276 enim
2479 5218 2643 5287 illud,
2686 5218 2834 5291 quod
2857 5218 3106 5291 superius
3141 5217 3275 5275 dixit
3310 5237 3322 5273 :
3355 5223 3649 5290 Emergunt

2051 5293 2250 5363 quippe
2271 5308 2340 5348 ea:
2362 5308 2419 5364 eo
2441 5292 2600 5364 vitia,
2629 5307 2750 5362 qua
2779 5292 3037 5364 latebant,
3069 5294 3122 5364 et
3145 5292 3291 5346 velut
3311 5295 3439 5364 equi
3463 5293 3648 5360 infre-

2048 5361 2320 5436 nes’jetc.
2365 5363 2455 5436 Sic
2497 5361 2672 5436 abbas
2715 5364 2954 5436 Joannes
2999 5362 3193 5436 Collat.
3232 5369 3298 5418 19
3337 5361 3457 5436 cap.
3513 5368 3580 5420 12
3627 5382 3642 5436 ξ

2047 5437 2209 5508 Nosse
2226 5475 2250 5508 ,ί
2273 5434 2474 5508 inquit,
2502 5435 2774 5508 debemus,
2804 5435 2950 5508 quod
2977 5436 3026 5489 si
3048 5433 3146 5508 ad
3172 5433 3541 5508 solitudinem,
3564 5435 3648 5508 vel

2049 5507 2126 5561 ad
2148 5507 2338 5562 abdita
2347 5505 2476 5563 'loca
2499 5507 2733 5562 nondum
2766 5505 2971 5562 curatis
2997 5507 3146 5562 vitiis
3183 5507 3516 5567 secedamus,
3547 5505 3646 5572 af-

2047 5579 2220 5646 fectus
2239 5594 2422 5634 eorum
2444 5578 2812 5634 tantummodo
2833 5579 3187 5648 reprimatur,
3211 5593 3316 5632 non
3338 5577 3646 5648 exstingua-

2048 5653 2156 5704 tur.
2181 5651 2391 5707 Latitat
2415 5650 2558 5706 enim
2583 5651 2733 5703 intra
2760 5664 2874 5714 nos,
2888 5647 3058 5704 immo
3083 5651 3249 5704 etiam
3279 5647 3448 5719 serpit
3477 5647 3646 5702 rudia:

2045 5723 2304 5792 omnium,
2328 5737 2449 5794 qua:
2472 5721 2779 5792 exstirpata
2796 5735 2901 5777 non
2921 5721 3132 5789 fuerat,
3150 5723 3508 5792 peccatorum,
3535 5723 3642 5772 etc.
