  <div class='ocr_page' id='page_1' title='image "/cluster/home/n/w/nwhite01/storage/ocr_20150623/49/hvd.32044096580709/182.png"; bbox 0 0 4012 6192; ppageno 0'>
   <div class='ocr_carea' id='block_1_1' title="bbox 254 146 360 202">
    <p class='ocr_par' dir='ltr' id='par_1_1' title="bbox 254 146 360 202">
     <span class='ocr_line' id='line_1_1' title="bbox 254 146 360 202; baseline -0.009 0"><span class='ocrx_word' id='word_1_1' title='bbox 254 146 360 202; x_wconf 76' lang='grc'><strong>349</strong></span> 
     </span>
    </p>
   </div>
   <div class='ocr_carea' id='block_1_2' title="bbox 658 219 687 236">
    <p class='ocr_par' dir='ltr' id='par_1_2' title="bbox 658 219 687 236">
     <span class='ocr_line' id='line_1_2' title="bbox 658 219 687 236; baseline 0 -2"><span class='ocrx_word' id='word_1_2' title='bbox 658 219 687 236; x_wconf 62' lang='grc' dir='ltr'><strong><em>ο</em></strong></span> 
     </span>
    </p>
   </div>
   <div class='ocr_carea' id='block_1_3' title="bbox 253 364 1856 438">
    <p class='ocr_par' dir='ltr' id='par_1_3' title="bbox 253 364 1856 438">
     <span class='ocr_line' id='line_1_3' title="bbox 253 364 1856 438; baseline 0.006 -18"><span class='ocrx_word' id='word_1_3' title='bbox 253 364 373 421; x_wconf 87' lang='lat' dir='ltr'><strong>odit</strong></span> <span class='ocrx_word' id='word_1_4' title='bbox 398 365 630 433; x_wconf 81' lang='lat' dir='ltr'><strong><em>fratrem</em></strong></span> <span class='ocrx_word' id='word_1_5' title='bbox 653 380 831 430; x_wconf 88' lang='lat' dir='ltr'><strong>suum,</strong></span> <span class='ocrx_word' id='word_1_6' title='bbox 856 367 1128 424; x_wconf 75' lang='lat' dir='ltr'><strong>homicida</strong></span> <span class='ocrx_word' id='word_1_7' title='bbox 1154 372 1232 424; x_wconf 84' lang='lat' dir='ltr'><strong>est</strong></span> <span class='ocrx_word' id='word_1_8' title='bbox 1255 371 1496 438; x_wconf 83' lang='lat' dir='ltr'><strong>(Matth.,</strong></span> <span class='ocrx_word' id='word_1_9' title='bbox 1546 385 1608 436; x_wconf 84' lang='lat' dir='ltr'><strong>v,</strong></span> <span class='ocrx_word' id='word_1_10' title='bbox 1635 373 1658 426; x_wconf 86' lang='grc' dir='ltr'>ι</span> <span class='ocrx_word' id='word_1_11' title='bbox 1699 375 1856 428; x_wconf 87' lang='lat' dir='ltr'><strong>Joan.</strong></span> 
     </span>
    </p>
   </div>
   <div class='ocr_carea' id='block_1_4' title="bbox 255 456 1858 536">
    <p class='ocr_par' dir='ltr' id='par_1_4' title="bbox 255 456 1858 536">
     <span class='ocr_line' id='line_1_4' title="bbox 255 456 1858 536; baseline 0.005 -22"><span class='ocrx_word' id='word_1_12' title='bbox 255 459 357 526; x_wconf 78' lang='grc' dir='ltr'>ιιι)</span> <span class='ocrx_word' id='word_1_13' title='bbox 378 475 398 525; x_wconf 84' lang='grc'><em>;</em></span> <span class='ocrx_word' id='word_1_14' title='bbox 422 456 478 514; x_wconf 90' lang='lat' dir='ltr'><strong>in</strong></span> <span class='ocrx_word' id='word_1_15' title='bbox 505 472 571 514; x_wconf 92' lang='lat' dir='ltr'><strong>eo</strong></span> <span class='ocrx_word' id='word_1_16' title='bbox 605 457 813 516; x_wconf 83' lang='lat' dir='ltr'><strong>scilicet</strong></span> <span class='ocrx_word' id='word_1_17' title='bbox 839 459 991 532; x_wconf 90' lang='lat' dir='ltr'><strong>quod</strong></span> <span class='ocrx_word' id='word_1_18' title='bbox 1029 475 1161 518; x_wconf 89' lang='lat' dir='ltr'><strong>eum</strong></span> <span class='ocrx_word' id='word_1_19' title='bbox 1203 461 1370 520; x_wconf 87' lang='lat' dir='ltr'><strong>corde</strong></span> <span class='ocrx_word' id='word_1_20' title='bbox 1393 461 1578 536; x_wconf 87' lang='lat' dir='ltr'><strong>cupiat</strong></span> <span class='ocrx_word' id='word_1_21' title='bbox 1600 463 1822 522; x_wconf 88' lang='lat' dir='ltr'><strong>interire</strong></span> <span class='ocrx_word' id='word_1_22' title='bbox 1841 506 1858 535; x_wconf 89' lang='lat'><strong>,</strong></span> 
     </span>
    </p>
   </div>
   <div class='ocr_carea' id='block_1_5' title="bbox 252 552 1863 630">
    <p class='ocr_par' dir='ltr' id='par_1_5' title="bbox 252 552 1863 630">
     <span class='ocr_line' id='line_1_5' title="bbox 252 552 1863 630; baseline 0.006 -24"><span class='ocrx_word' id='word_1_23' title='bbox 252 552 410 620; x_wconf 90' lang='lat' dir='ltr'><strong>cujus</strong></span> <span class='ocrx_word' id='word_1_24' title='bbox 437 565 691 608; x_wconf 83' lang='lat' dir='ltr'><strong>cruorem</strong></span> <span class='ocrx_word' id='word_1_25' title='bbox 713 553 935 626; x_wconf 89' lang='lat' dir='ltr'><strong>propria</strong></span> <span class='ocrx_word' id='word_1_26' title='bbox 953 568 1143 624; x_wconf 88' lang='lat' dir='ltr'><strong>manu,</strong></span> <span class='ocrx_word' id='word_1_27' title='bbox 1173 554 1257 612; x_wconf 80' lang='lat' dir='ltr'><strong>vel</strong></span> <span class='ocrx_word' id='word_1_28' title='bbox 1293 554 1408 612; x_wconf 86' lang='lat' dir='ltr'><strong>telo</strong></span> <span class='ocrx_word' id='word_1_29' title='bbox 1432 555 1580 630; x_wconf 89' lang='lat' dir='ltr'><strong>apud</strong></span> <span class='ocrx_word' id='word_1_30' title='bbox 1605 555 1863 616; x_wconf 83' lang='lat' dir='ltr'><strong>homines</strong></span> 
     </span>
    </p>
   </div>
   <div class='ocr_carea' id='block_1_6' title="bbox 254 641 1870 720">
    <p class='ocr_par' dir='ltr' id='par_1_6' title="bbox 254 641 1870 720">
     <span class='ocr_line' id='line_1_6' title="bbox 254 641 1870 720; baseline 0.006 -21"><span class='ocrx_word' id='word_1_31' title='bbox 254 641 487 700; x_wconf 89' lang='lat' dir='ltr'><strong>minime</strong></span> <span class='ocrx_word' id='word_1_32' title='bbox 547 641 751 703; x_wconf 78' lang='lat' dir='ltr'><strong>fudisse</strong></span> <span class='ocrx_word' id='word_1_33' title='bbox 800 646 1165 720; x_wconf 73' lang='lat' dir='ltr'><strong>cognoscitur,</strong></span> <span class='ocrx_word' id='word_1_34' title='bbox 1205 645 1408 706; x_wconf 75' lang='lat' dir='ltr'><strong>affectu</strong></span> <span class='ocrx_word' id='word_1_35' title='bbox 1451 648 1550 706; x_wconf 62' lang='lat' dir='ltr'><strong>irai</strong></span> <span class='ocrx_word' id='word_1_36' title='bbox 1593 649 1870 708; x_wconf 84' lang='lat' dir='ltr'><strong>homicida</strong></span> 
     </span>
    </p>
   </div>
   <div class='ocr_carea' id='block_1_7' title="bbox 255 737 1866 816">
    <p class='ocr_par' dir='ltr' id='par_1_7' title="bbox 255 737 1866 816">
     <span class='ocr_line' id='line_1_7' title="bbox 255 737 1866 816; baseline 0.006 -24"><span class='ocrx_word' id='word_1_37' title='bbox 255 737 642 810; x_wconf 75' lang='lat' dir='ltr'><strong>pronuntiatur</strong></span> <span class='ocrx_word' id='word_1_38' title='bbox 672 754 704 796; x_wconf 90' lang='lat' dir='ltr'><strong>a</strong></span> <span class='ocrx_word' id='word_1_39' title='bbox 731 738 1002 796; x_wconf 89' lang='lat' dir='ltr'><strong>Domino:</strong></span> <span class='ocrx_word' id='word_1_40' title='bbox 1045 740 1142 812; x_wconf 88' lang='lat' dir='ltr'><strong>qui</strong></span> <span class='ocrx_word' id='word_1_41' title='bbox 1168 755 1286 797; x_wconf 90' lang='lat' dir='ltr'><strong>non</strong></span> <span class='ocrx_word' id='word_1_42' title='bbox 1331 740 1514 799; x_wconf 88' lang='lat' dir='ltr'><strong>solum</strong></span> <span class='ocrx_word' id='word_1_43' title='bbox 1540 758 1641 816; x_wconf 90' lang='lat' dir='ltr'><strong>pro</strong></span> <span class='ocrx_word' id='word_1_44' title='bbox 1670 758 1866 816; x_wconf 87' lang='lat' dir='ltr'><strong>opera-</strong></span> 
     </span>
    </p>
   </div>
   <div class='ocr_carea' id='block_1_8' title="bbox 254 829 1866 908">
    <p class='ocr_par' dir='ltr' id='par_1_8' title="bbox 254 829 1866 908">
     <span class='ocr_line' id='line_1_8' title="bbox 254 829 1866 908; baseline 0.007 -22"><span class='ocrx_word' id='word_1_45' title='bbox 254 829 420 889; x_wconf 83' lang='lat' dir='ltr'><strong>tionis</strong></span> <span class='ocrx_word' id='word_1_46' title='bbox 447 831 675 903; x_wconf 86' lang='lat' dir='ltr'><strong>efl&#39;ectu,</strong></span> <span class='ocrx_word' id='word_1_47' title='bbox 711 833 810 892; x_wconf 89' lang='lat' dir='ltr'><strong>sed</strong></span> <span class='ocrx_word' id='word_1_48' title='bbox 833 835 1002 893; x_wconf 87' lang='lat' dir='ltr'><strong>etiam</strong></span> <span class='ocrx_word' id='word_1_49' title='bbox 1039 851 1139 908; x_wconf 90' lang='lat' dir='ltr'><strong>pro</strong></span> <span class='ocrx_word' id='word_1_50' title='bbox 1165 836 1463 895; x_wconf 84' lang='lat' dir='ltr'><strong>voluntatis</strong></span> <span class='ocrx_word' id='word_1_51' title='bbox 1482 853 1546 896; x_wconf 89' lang='lat' dir='ltr'><strong>ac</strong></span> <span class='ocrx_word' id='word_1_52' title='bbox 1580 838 1690 896; x_wconf 80' lang='lat' dir='ltr'><strong>voti</strong></span> <span class='ocrx_word' id='word_1_53' title='bbox 1717 837 1866 896; x_wconf 90' lang='lat' dir='ltr'><strong>desi-</strong></span> 
     </span>
    </p>
   </div>
   <div class='ocr_carea' id='block_1_9' title="bbox 253 923 1861 1006">
    <p class='ocr_par' dir='ltr' id='par_1_9' title="bbox 253 923 1861 1006">
     <span class='ocr_line' id='line_1_9' title="bbox 253 923 1861 1006; baseline 0.005 -24"><span class='ocrx_word' id='word_1_54' title='bbox 253 923 430 996; x_wconf 82' lang='lat' dir='ltr'><strong>derio,</strong></span> <span class='ocrx_word' id='word_1_55' title='bbox 472 927 763 1000; x_wconf 89' lang='lat' dir='ltr'><strong>unicuique</strong></span> <span class='ocrx_word' id='word_1_56' title='bbox 789 935 888 986; x_wconf 91' lang='lat' dir='ltr'><strong>aut</strong></span> <span class='ocrx_word' id='word_1_57' title='bbox 915 929 1209 1002; x_wconf 86' lang='lat' dir='ltr'><strong>praemium</strong></span> <span class='ocrx_word' id='word_1_58' title='bbox 1233 929 1443 1002; x_wconf 84' lang='lat' dir='ltr'><strong>reddet,</strong></span> <span class='ocrx_word' id='word_1_59' title='bbox 1483 939 1576 989; x_wconf 86' lang='lat' dir='ltr'><strong>aut</strong></span> <span class='ocrx_word' id='word_1_60' title='bbox 1617 948 1861 1006; x_wconf 69' lang='lat' dir='ltr'><strong>poenam,</strong></span> 
     </span>
    </p>
   </div>
   <div class='ocr_carea' id='block_1_10' title="bbox 255 1015 1858 1099">
    <p class='ocr_par' dir='ltr' id='par_1_10' title="bbox 255 1015 1858 1099">
     <span class='ocr_line' id='line_1_10' title="bbox 255 1015 1858 1099; baseline 0.004 -22"><span class='ocrx_word' id='word_1_61' title='bbox 255 1019 559 1078; x_wconf 86' lang='lat' dir='ltr'><strong>secundum</strong></span> <span class='ocrx_word' id='word_1_62' title='bbox 593 1020 732 1079; x_wconf 89' lang='lat' dir='ltr'><strong>illud</strong></span> <span class='ocrx_word' id='word_1_63' title='bbox 761 1022 915 1094; x_wconf 86' lang='lat' dir='ltr'><strong>quod</strong></span> <span class='ocrx_word' id='word_1_64' title='bbox 955 1015 1071 1095; x_wconf 87' lang='lat' dir='ltr'><strong>ipse</strong></span> <span class='ocrx_word' id='word_1_65' title='bbox 1099 1023 1342 1096; x_wconf 74' lang='lat' dir='ltr'><strong>loquitur</strong></span> <span class='ocrx_word' id='word_1_66' title='bbox 1369 1040 1466 1098; x_wconf 89' lang='lat' dir='ltr'><strong>per</strong></span> <span class='ocrx_word' id='word_1_67' title='bbox 1503 1025 1858 1099; x_wconf 86' lang='lat' dir='ltr'><strong>prophetam:</strong></span> 
     </span>
    </p>
   </div>
   <div class='ocr_carea' id='block_1_11' title="bbox 255 1108 1866 1187">
    <p class='ocr_par' dir='ltr' id='par_1_11' title="bbox 255 1108 1866 1187">
     <span class='ocr_line' id='line_1_11' title="bbox 255 1108 1866 1187; baseline 0.005 -17"><span class='ocrx_word' id='word_1_68' title='bbox 255 1108 400 1184; x_wconf 65' lang='lat' dir='ltr'><strong>hEgo</strong></span> <span class='ocrx_word' id='word_1_69' title='bbox 417 1119 602 1172; x_wconf 86' lang='lat' dir='ltr'><strong>autem</strong></span> <span class='ocrx_word' id='word_1_70' title='bbox 624 1131 791 1186; x_wconf 81' lang='lat' dir='ltr'><strong>opera</strong></span> <span class='ocrx_word' id='word_1_71' title='bbox 809 1133 990 1173; x_wconf 86' lang='lat' dir='ltr'><strong>eorum</strong></span> <span class='ocrx_word' id='word_1_72' title='bbox 1011 1121 1064 1173; x_wconf 87' lang='lat' dir='ltr'><strong>et</strong></span> <span class='ocrx_word' id='word_1_73' title='bbox 1079 1119 1418 1187; x_wconf 85' lang='lat' dir='ltr'><strong>cogitationes</strong></span> <span class='ocrx_word' id='word_1_74' title='bbox 1441 1135 1622 1176; x_wconf 88' lang='lat' dir='ltr'><strong>eorum</strong></span> <span class='ocrx_word' id='word_1_75' title='bbox 1637 1124 1790 1178; x_wconf 79' lang='lat' dir='ltr'><strong>venio</strong></span> <span class='ocrx_word' id='word_1_76' title='bbox 1801 1127 1866 1179; x_wconf 89' lang='lat' dir='ltr'><strong>ut</strong></span> 
     </span>
    </p>
   </div>
   <div class='ocr_carea' id='block_1_12' title="bbox 254 1207 1863 1295">
    <p class='ocr_par' dir='ltr' id='par_1_12' title="bbox 254 1207 1863 1295">
     <span class='ocr_line' id='line_1_12' title="bbox 254 1207 1863 1295; baseline 0.006 -32"><span class='ocrx_word' id='word_1_77' title='bbox 254 1222 568 1278; x_wconf 87' lang='lat' dir='ltr'><strong>congregem</strong></span> <span class='ocrx_word' id='word_1_78' title='bbox 582 1225 700 1266; x_wconf 89' lang='lat' dir='ltr'><strong>cum</strong></span> <span class='ocrx_word' id='word_1_79' title='bbox 717 1207 959 1266; x_wconf 70' lang='lat' dir='ltr'><strong>omnibds</strong></span> <span class='ocrx_word' id='word_1_80' title='bbox 975 1211 1220 1280; x_wconf 77' lang='lat' dir='ltr'><strong>gentibus</strong></span> <span class='ocrx_word' id='word_1_81' title='bbox 1235 1215 1288 1267; x_wconf 86' lang='lat' dir='ltr'><strong>et</strong></span> <span class='ocrx_word' id='word_1_82' title='bbox 1307 1213 1504 1295; x_wconf 78' lang='lat' dir='ltr'><strong>linguis</strong></span> <span class='ocrx_word' id='word_1_83' title='bbox 1524 1217 1653 1284; x_wconf 83' lang='lat' dir='ltr'><strong>(Isa.</strong></span> <span class='ocrx_word' id='word_1_84' title='bbox 1674 1220 1863 1283; x_wconf 75' lang='lat' dir='ltr'><strong>LXVI).</strong></span> 
     </span>
    </p>
   </div>
   <div class='ocr_carea' id='block_1_13' title="bbox 256 1301 1866 1376">
    <p class='ocr_par' dir='ltr' id='par_1_13' title="bbox 256 1301 1866 1376">
     <span class='ocr_line' id='line_1_13' title="bbox 256 1301 1866 1376; baseline 0.006 -21"><span class='ocrx_word' id='word_1_85' title='bbox 256 1301 332 1356; x_wconf 84' lang='lat' dir='ltr'><strong>Et</strong></span> <span class='ocrx_word' id='word_1_86' title='bbox 349 1302 655 1373; x_wconf 80' lang='lat' dir='ltr'><strong>Apostolus</strong></span> <span class='ocrx_word' id='word_1_87' title='bbox 681 1321 696 1358; x_wconf 90' lang='lat'><strong>:</strong></span> <span class='ocrx_word' id='word_1_88' title='bbox 724 1307 748 1337; x_wconf 82' lang='lat'>°</span> <span class='ocrx_word' id='word_1_89' title='bbox 774 1307 923 1361; x_wconf 89' lang='lat' dir='ltr'><strong>Inter</strong></span> <span class='ocrx_word' id='word_1_90' title='bbox 940 1319 996 1361; x_wconf 86' lang='lat' dir='ltr'><strong>se</strong></span> <span class='ocrx_word' id='word_1_91' title='bbox 1022 1307 1246 1360; x_wconf 77' lang='lat' dir='ltr'><strong>invicem</strong></span> <span class='ocrx_word' id='word_1_92' title='bbox 1270 1308 1678 1376; x_wconf 82' lang='lat' dir='ltr'><strong>cogitationibus</strong></span> <span class='ocrx_word' id='word_1_93' title='bbox 1703 1325 1866 1365; x_wconf 85' lang='lat' dir='ltr'><strong>accu-</strong></span> 
     </span>
    </p>
   </div>
   <div class='ocr_carea' id='block_1_14' title="bbox 253 1387 1866 1473">
    <p class='ocr_par' dir='ltr' id='par_1_14' title="bbox 253 1387 1866 1473">
     <span class='ocr_line' id='line_1_14' title="bbox 253 1387 1866 1473; baseline 0.005 -23"><span class='ocrx_word' id='word_1_94' title='bbox 253 1398 527 1460; x_wconf 84' lang='lat' dir='ltr'><strong>santibus,</strong></span> <span class='ocrx_word' id='word_1_95' title='bbox 545 1403 642 1454; x_wconf 86' lang='lat' dir='ltr'><strong>aut</strong></span> <span class='ocrx_word' id='word_1_96' title='bbox 662 1401 822 1454; x_wconf 72' lang='lat' dir='ltr'><strong>eam</strong></span> <span class='ocrx_word' id='word_1_97' title='bbox 841 1387 1270 1466; x_wconf 67' lang='lat' dir='ltr'><strong>defendentibus,</strong></span> <span class='ocrx_word' id='word_1_98' title='bbox 1293 1402 1352 1456; x_wconf 86' lang='lat' dir='ltr'><strong>in</strong></span> <span class='ocrx_word' id='word_1_99' title='bbox 1370 1401 1461 1456; x_wconf 61' lang='lat' dir='ltr'><strong>die</strong></span> <span class='ocrx_word' id='word_1_100' title='bbox 1474 1403 1866 1473; x_wconf 86' lang='lat' dir='ltr'><strong>quajudicabit</strong></span> 
     </span>
    </p>
   </div>
   <div class='ocr_carea' id='block_1_15' title="bbox 263 1477 1804 1561">
    <p class='ocr_par' dir='ltr' id='par_1_15' title="bbox 263 1477 1804 1561">
     <span class='ocr_line' id='line_1_15' title="bbox 263 1477 1804 1561; baseline 0.005 -16"><span class='ocrx_word' id='word_1_101' title='bbox 263 1490 399 1546; x_wconf 82' lang='lat' dir='ltr'><strong>Deus</strong></span> <span class='ocrx_word' id='word_1_102' title='bbox 425 1491 635 1546; x_wconf 84' lang='lat' dir='ltr'><strong>occulta</strong></span> <span class='ocrx_word' id='word_1_103' title='bbox 663 1491 936 1548; x_wconf 81' lang='lat' dir='ltr'><strong>hominum</strong></span> <span class='ocrx_word' id='word_1_104' title='bbox 959 1495 1128 1560; x_wconf 84' lang='lat' dir='ltr'><strong>(Rom.</strong></span> <span class='ocrx_word' id='word_1_105' title='bbox 1159 1497 1250 1561; x_wconf 79' lang='grc' dir='ltr'><strong>ιι).</strong></span> <span class='ocrx_word' id='word_1_106' title='bbox 1795 1477 1804 1484; x_wconf 48' lang='grc'><em>’</em></span> 
     </span>
    </p>
   </div>
   <div class='ocr_carea' id='block_1_16' title="bbox 923 113 2912 212">
    <p class='ocr_par' dir='ltr' id='par_1_16' title="bbox 923 113 2912 212">
     <span class='ocr_line' id='line_1_16' title="bbox 923 113 2912 212; baseline 0.005 -9"><span class='ocrx_word' id='word_1_107' title='bbox 923 148 1012 203; x_wconf 86' lang='lat' dir='ltr'><strong>DE</strong></span> <span class='ocrx_word' id='word_1_108' title='bbox 1049 113 1816 208; x_wconf 39' lang='lat' dir='ltr'><strong>GmNOBIORUM‘lNSTIT.</strong></span> <span class='ocrx_word' id='word_1_109' title='bbox 1856 149 1983 208; x_wconf 88' lang='lat' dir='ltr'><strong>LlB.</strong></span> <span class='ocrx_word' id='word_1_110' title='bbox 2025 153 2166 210; x_wconf 86' lang='lat' dir='ltr'><strong>Vlll.</strong></span> <span class='ocrx_word' id='word_1_111' title='bbox 2205 181 2277 198; x_wconf 92' lang='lat'><strong>—</strong></span> <span class='ocrx_word' id='word_1_112' title='bbox 2313 153 2401 210; x_wconf 86' lang='lat' dir='ltr'><strong>DE</strong></span> <span class='ocrx_word' id='word_1_113' title='bbox 2437 154 2714 212; x_wconf 82' lang='lat' dir='ltr'><strong>SPlRITU</strong></span> <span class='ocrx_word' id='word_1_114' title='bbox 2751 155 2912 212; x_wconf 71' lang='lat' dir='ltr'><strong>IRE.</strong></span> 
     </span>
    </p>
   </div>
   <div class='ocr_carea' id='block_1_17' title="bbox 255 271 1946 349">
    <p class='ocr_par' dir='ltr' id='par_1_17' title="bbox 255 271 1946 349">
     <span class='ocr_line' id='line_1_17' title="bbox 255 271 1946 349; baseline 0.005 -23"><span class='ocrx_word' id='word_1_115' title='bbox 255 273 512 328; x_wconf 80' lang='lat' dir='ltr'><strong>irascitur</strong></span> <span class='ocrx_word' id='word_1_116' title='bbox 538 271 685 328; x_wconf 89' lang='lat' dir='ltr'><strong>enim</strong></span> <span class='ocrx_word' id='word_1_117' title='bbox 709 271 880 340; x_wconf 82' lang='lat' dir='ltr'><strong>fratri</strong></span> <span class='ocrx_word' id='word_1_118' title='bbox 912 287 1028 339; x_wconf 86' lang='lat' dir='ltr'><strong>suo,</strong></span> <span class='ocrx_word' id='word_1_119' title='bbox 1058 275 1315 330; x_wconf 85' lang='lat' dir='ltr'><strong>reus‘erit</strong></span> <span class='ocrx_word' id='word_1_120' title='bbox 1329 274 1542 346; x_wconf 84' lang='lat' dir='ltr'><strong>judicio</strong></span> <span class='ocrx_word' id='word_1_121' title='bbox 1571 294 1590 332; x_wconf 90' lang='lat'><strong><em>:</em></strong></span> <span class='ocrx_word' id='word_1_122' title='bbox 1628 281 1680 334; x_wconf 89' lang='lat' dir='ltr'><strong>et</strong></span> <span class='ocrx_word' id='word_1_123' title='bbox 1719 280 1744 312; x_wconf 80' lang='grc'><em>³</em></span> <span class='ocrx_word' id='word_1_124' title='bbox 1769 281 1869 349; x_wconf 85' lang='lat' dir='ltr'><strong>qui</strong></span> <span class='ocrx_word' id='word_1_125' title='bbox 1889 292 1946 346; x_wconf 88' lang='grc' dir='ltr'><strong>Α</strong></span> 
     </span>
    </p>
   </div>
   <div class='ocr_carea' id='block_1_18' title="bbox 3470 165 3576 220">
    <p class='ocr_par' dir='ltr' id='par_1_18' title="bbox 3470 165 3576 220">
     <span class='ocr_line' id='line_1_18' title="bbox 3470 165 3576 220; baseline 0 0"><span class='ocrx_word' id='word_1_126' title='bbox 3470 165 3576 220; x_wconf 82' lang='lat'><strong>350</strong></span> 
     </span>
    </p>
   </div>
   <div class='ocr_carea' id='block_1_19' title="bbox 2562 265 2977 340">
    <p class='ocr_par' dir='ltr' id='par_1_19' title="bbox 2562 265 2977 340">
     <span class='ocr_line' id='line_1_19' title="bbox 2562 265 2977 340; baseline -0.005 0"><span class='ocrx_word' id='word_1_127' title='bbox 2562 282 2808 340; x_wconf 77' lang='lat' dir='ltr'><strong>CAPUT</strong></span> <span class='ocrx_word' id='word_1_128' title='bbox 2843 265 2977 339; x_wconf 75' lang='lat' dir='ltr'><strong>xx.</strong></span> 
     </span>
    </p>
   </div>
   <div class='ocr_carea' id='block_1_20' title="bbox 1967 396 3578 470">
    <p class='ocr_par' dir='ltr' id='par_1_20' title="bbox 1967 396 3578 470">
     <span class='ocr_line' id='line_1_20' title="bbox 1967 396 3578 470; baseline 0.004 -18"><span class='ocrx_word' id='word_1_129' title='bbox 1967 397 2030 452; x_wconf 87' lang='lat' dir='ltr'><strong>In</strong></span> <span class='ocrx_word' id='word_1_130' title='bbox 2061 410 2127 470; x_wconf 80' lang='lat' dir='ltr'><strong>eo</strong></span> <span class='ocrx_word' id='word_1_131' title='bbox 2156 396 2302 470; x_wconf 85' lang='lat' dir='ltr'><strong>quod</strong></span> <span class='ocrx_word' id='word_1_132' title='bbox 2327 396 2388 450; x_wconf 89' lang='lat' dir='ltr'><strong>in</strong></span> <span class='ocrx_word' id='word_1_133' title='bbox 2427 397 2719 466; x_wconf 78' lang='lat' dir='ltr'><strong>Evangelia</strong></span> <span class='ocrx_word' id='word_1_134' title='bbox 2754 400 3014 470; x_wconf 83' lang='lat' dir='ltr'><strong>scriptum</strong></span> <span class='ocrx_word' id='word_1_135' title='bbox 3042 403 3141 467; x_wconf 86' lang='lat' dir='ltr'><strong>est,</strong></span> <span class='ocrx_word' id='word_1_136' title='bbox 3183 401 3283 470; x_wconf 88' lang='lat' dir='ltr'><strong>qui</strong></span> <span class='ocrx_word' id='word_1_137' title='bbox 3319 401 3578 458; x_wconf 83' lang='lat' dir='ltr'><strong>irascitur</strong></span> 
     </span>
    </p>
   </div>
   <div class='ocr_carea' id='block_1_21' title="bbox 2039 467 3572 548">
    <p class='ocr_par' dir='ltr' id='par_1_21' title="bbox 2039 467 3572 548">
     <span class='ocr_line' id='line_1_21' title="bbox 2039 467 3572 548; baseline -0.005 -26"><span class='ocrx_word' id='word_1_138' title='bbox 2039 467 2218 548; x_wconf 72' lang='lat' dir='ltr'><strong>[rat-ri</strong></span> <span class='ocrx_word' id='word_1_139' title='bbox 2243 481 2362 548; x_wconf 68' lang='lat' dir='ltr'><strong>suo,</strong></span> <span class='ocrx_word' id='word_1_140' title='bbox 2404 473 2529 532; x_wconf 89' lang='lat' dir='ltr'><strong>etc.,</strong></span> <span class='ocrx_word' id='word_1_141' title='bbox 2558 473 2740 524; x_wconf 87' lang='lat' dir='ltr'><strong>utrum</strong></span> <span class='ocrx_word' id='word_1_142' title='bbox 2777 467 3140 543; x_wconf 79' lang='lat' dir='ltr'><strong>recipiendum</strong></span> <span class='ocrx_word' id='word_1_143' title='bbox 3176 467 3271 542; x_wconf 78' lang='lat' dir='ltr'><strong>sit,</strong></span> <span class='ocrx_word' id='word_1_144' title='bbox 3303 472 3446 543; x_wconf 84' lang='lat' dir='ltr'><strong>quod</strong></span> <span class='ocrx_word' id='word_1_145' title='bbox 3472 473 3572 529; x_wconf 87' lang='lat' dir='ltr'><strong>ad.</strong></span> 
     </span>
    </p>
   </div>
   <div class='ocr_carea' id='block_1_22' title="bbox 2031 542 2791 608">
    <p class='ocr_par' dir='ltr' id='par_1_22' title="bbox 2031 542 2791 608">
     <span class='ocr_line' id='line_1_22' title="bbox 2031 542 2791 608; baseline 0.003 -15"><span class='ocrx_word' id='word_1_146' title='bbox 2031 542 2238 608; x_wconf 86' lang='lat' dir='ltr'><strong>jectum</strong></span> <span class='ocrx_word' id='word_1_147' title='bbox 2269 543 2366 603; x_wconf 81' lang='lat' dir='ltr'><strong>est,</strong></span> <span class='ocrx_word' id='word_1_148' title='bbox 2399 553 2546 596; x_wconf 75' lang='lat' dir='ltr'><strong>smn</strong></span> <span class='ocrx_word' id='word_1_149' title='bbox 2571 554 2791 598; x_wconf 68' lang='lat' dir='ltr'><strong>causa.</strong></span> 
     </span>
    </p>
   </div>
   <div class='ocr_carea' id='block_1_23' title="bbox 2047 653 3574 730">
    <p class='ocr_par' dir='ltr' id='par_1_23' title="bbox 2047 653 3574 730">
     <span class='ocr_line' id='line_1_23' title="bbox 2047 653 3574 730; baseline 0.002 -18"><span class='ocrx_word' id='word_1_150' title='bbox 2047 653 2344 712; x_wconf 88' lang='lat' dir='ltr'><strong>Sciendum</strong></span> <span class='ocrx_word' id='word_1_151' title='bbox 2362 664 2555 712; x_wconf 80' lang='lat' dir='ltr'><strong>tamen</strong></span> <span class='ocrx_word' id='word_1_152' title='bbox 2575 655 2632 712; x_wconf 94' lang='lat' dir='ltr'><strong>in</strong></span> <span class='ocrx_word' id='word_1_153' title='bbox 2659 671 2748 727; x_wconf 92' lang='lat' dir='ltr'><strong>eo,</strong></span> <span class='ocrx_word' id='word_1_154' title='bbox 2777 656 2926 730; x_wconf 90' lang='lat' dir='ltr'><strong>quod</strong></span> <span class='ocrx_word' id='word_1_155' title='bbox 2952 655 3006 712; x_wconf 94' lang='lat' dir='ltr'><strong>in</strong></span> <span class='ocrx_word' id='word_1_156' title='bbox 3035 657 3359 730; x_wconf 87' lang='lat' dir='ltr'><strong>quibusdam</strong></span> <span class='ocrx_word' id='word_1_157' title='bbox 3385 673 3574 716; x_wconf 80' lang='lat' dir='ltr'><strong>exem-</strong></span> 
     </span>
    </p>
   </div>
   <div class='ocr_carea' id='block_1_24' title="bbox 1972 748 3572 823">
    <p class='ocr_par' dir='ltr' id='par_1_24' title="bbox 1972 748 3572 823">
     <span class='ocr_line' id='line_1_24' title="bbox 1972 748 3572 823; baseline 0.002 -18"><span class='ocrx_word' id='word_1_158' title='bbox 1972 748 2216 822; x_wconf 83' lang='lat' dir='ltr'><strong>plaribus</strong></span> <span class='ocrx_word' id='word_1_159' title='bbox 2243 748 2534 819; x_wconf 86' lang='lat' dir='ltr'><strong>invenitur,</strong></span> <span class='ocrx_word' id='word_1_160' title='bbox 2564 750 2657 823; x_wconf 90' lang='lat' dir='ltr'><strong>qui</strong></span> <span class='ocrx_word' id='word_1_161' title='bbox 2685 751 2934 808; x_wconf 87' lang='lat' dir='ltr'><strong>irascitur</strong></span> <span class='ocrx_word' id='word_1_162' title='bbox 2955 749 3102 808; x_wconf 82' lang='lat' dir='ltr'><strong>fratri</strong></span> <span class='ocrx_word' id='word_1_163' title='bbox 3129 767 3230 810; x_wconf 89' lang='lat' dir='ltr'><strong>suo</strong></span> <span class='ocrx_word' id='word_1_164' title='bbox 3258 755 3374 809; x_wconf 84' lang='lat' dir='ltr'><strong>sine</strong></span> <span class='ocrx_word' id='word_1_165' title='bbox 3389 769 3572 819; x_wconf 84' lang='lat' dir='ltr'><strong>causa,</strong></span> 
     </span>
    </p>
   </div>
   <div class='ocr_carea' id='block_1_25' title="bbox 1973 833 3580 918">
    <p class='ocr_par' dir='ltr' id='par_1_25' title="bbox 1973 833 3580 918">
     <span class='ocr_line' id='line_1_25' title="bbox 1973 833 3580 918; baseline 0.001 -18"><span class='ocrx_word' id='word_1_166' title='bbox 1973 846 2128 916; x_wconf 54' lang='lat' dir='ltr'><strong>reus:</strong></span> <span class='ocrx_word' id='word_1_167' title='bbox 2157 845 2258 901; x_wconf 86' lang='lat' dir='ltr'><strong>erit</strong></span> <span class='ocrx_word' id='word_1_168' title='bbox 2283 843 2508 918; x_wconf 88' lang='lat' dir='ltr'><strong>judicio,</strong></span> <span class='ocrx_word' id='word_1_169' title='bbox 2547 833 2576 877; x_wconf 73' lang='grc' dir='ltr'><em>ά</em></span> <span class='ocrx_word' id='word_1_170' title='bbox 2605 844 2946 918; x_wconf 86' lang='lat' dir='ltr'><strong>superﬂuum</strong></span> <span class='ocrx_word' id='word_1_171' title='bbox 2985 859 3125 913; x_wconf 87' lang='lat' dir='ltr'><strong>esse,</strong></span> <span class='ocrx_word' id='word_1_172' title='bbox 3164 847 3280 902; x_wconf 88' lang='lat' dir='ltr'><strong>sine</strong></span> <span class='ocrx_word' id='word_1_173' title='bbox 3315 862 3497 910; x_wconf 88' lang='lat' dir='ltr'><strong>causa,</strong></span> <span class='ocrx_word' id='word_1_174' title='bbox 3524 853 3580 902; x_wconf 91' lang='lat' dir='ltr'><strong>et</strong></span> 
     </span>
    </p>
   </div>
   <div class='ocr_carea' id='block_1_26' title="bbox 1972 935 3576 1013">
    <p class='ocr_par' dir='ltr' id='par_1_26' title="bbox 1972 935 3576 1013">
     <span class='ocr_line' id='line_1_26' title="bbox 1972 935 3576 1013; baseline 0.002 -20"><span class='ocrx_word' id='word_1_175' title='bbox 1972 936 2250 1010; x_wconf 87' lang='lat' dir='ltr'><strong>adjectum</strong></span> <span class='ocrx_word' id='word_1_176' title='bbox 2270 952 2388 994; x_wconf 90' lang='lat' dir='ltr'><strong>esse</strong></span> <span class='ocrx_word' id='word_1_177' title='bbox 2417 937 2484 994; x_wconf 89' lang='lat' dir='ltr'><strong>ab</strong></span> <span class='ocrx_word' id='word_1_178' title='bbox 2506 935 2588 994; x_wconf 91' lang='lat' dir='ltr'><strong>his</strong></span> <span class='ocrx_word' id='word_1_179' title='bbox 2613 938 2705 1010; x_wconf 87' lang='lat' dir='ltr'><strong>qui</strong></span> <span class='ocrx_word' id='word_1_180' title='bbox 2727 938 3126 1010; x_wconf 89' lang='lat' dir='ltr'><strong>amputandam</strong></span> <span class='ocrx_word' id='word_1_181' title='bbox 3144 939 3282 996; x_wconf 90' lang='lat' dir='ltr'><strong>iram</strong></span> <span class='ocrx_word' id='word_1_182' title='bbox 3299 956 3398 1012; x_wconf 90' lang='lat' dir='ltr'><strong>pro</strong></span> <span class='ocrx_word' id='word_1_183' title='bbox 3412 939 3576 1013; x_wconf 89' lang='lat' dir='ltr'><strong>justis</strong></span> 
     </span>
    </p>
   </div>
   <div class='ocr_carea' id='block_1_27' title="bbox 1971 1030 3581 1107">
    <p class='ocr_par' dir='ltr' id='par_1_27' title="bbox 1971 1030 3581 1107">
     <span class='ocr_line' id='line_1_27' title="bbox 1971 1030 3581 1107; baseline 0.002 -20"><span class='ocrx_word' id='word_1_184' title='bbox 1971 1030 2150 1088; x_wconf 88' lang='lat' dir='ltr'><strong>causis</strong></span> <span class='ocrx_word' id='word_1_185' title='bbox 2169 1030 2394 1087; x_wconf 88' lang='lat' dir='ltr'><strong>minime</strong></span> <span class='ocrx_word' id='word_1_186' title='bbox 2419 1039 2768 1104; x_wconf 88' lang='lat' dir='ltr'><strong>putaverunt,</strong></span> <span class='ocrx_word' id='word_1_187' title='bbox 2795 1037 2818 1065; x_wconf 73' lang='grc' dir='ltr'>ε</span> <span class='ocrx_word' id='word_1_188' title='bbox 2835 1048 2963 1088; x_wconf 90' lang='lat' dir='ltr'><strong>cum</strong></span> <span class='ocrx_word' id='word_1_189' title='bbox 2980 1032 3165 1105; x_wconf 87' lang='lat' dir='ltr'><strong>utique</strong></span> <span class='ocrx_word' id='word_1_190' title='bbox 3191 1033 3374 1090; x_wconf 87' lang='lat' dir='ltr'><strong>nullus</strong></span> <span class='ocrx_word' id='word_1_191' title='bbox 3391 1049 3581 1107; x_wconf 86' lang='lat' dir='ltr'><strong>quam-</strong></span> 
     </span>
    </p>
   </div>
   <div class='ocr_carea' id='block_1_28' title="bbox 1971 1121 3581 1196">
    <p class='ocr_par' dir='ltr' id='par_1_28' title="bbox 1971 1121 3581 1196">
     <span class='ocr_line' id='line_1_28' title="bbox 1971 1121 3581 1196; baseline 0.002 -16"><span class='ocrx_word' id='word_1_192' title='bbox 1971 1121 2105 1180; x_wconf 86' lang='lat' dir='ltr'><strong>libet</strong></span> <span class='ocrx_word' id='word_1_193' title='bbox 2132 1123 2336 1196; x_wconf 86' lang='lat' dir='ltr'><strong>absque</strong></span> <span class='ocrx_word' id='word_1_194' title='bbox 2369 1125 2583 1182; x_wconf 87' lang='lat' dir='ltr'><strong>ratione</strong></span> <span class='ocrx_word' id='word_1_195' title='bbox 2621 1133 2966 1193; x_wconf 86' lang='lat' dir='ltr'><strong>commotus,</strong></span> <span class='ocrx_word' id='word_1_196' title='bbox 2995 1126 3114 1182; x_wconf 89' lang='lat' dir='ltr'><strong>sine</strong></span> <span class='ocrx_word' id='word_1_197' title='bbox 3137 1141 3300 1182; x_wconf 89' lang='lat' dir='ltr'><strong>causa</strong></span> <span class='ocrx_word' id='word_1_198' title='bbox 3342 1127 3486 1184; x_wconf 90' lang='lat' dir='ltr'><strong>dicat</strong></span> <span class='ocrx_word' id='word_1_199' title='bbox 3521 1143 3581 1184; x_wconf 91' lang='lat' dir='ltr'><strong>se</strong></span> 
     </span>
    </p>
   </div>
   <div class='ocr_carea' id='block_1_29' title="bbox 1971 1214 3582 1290">
    <p class='ocr_par' dir='ltr' id='par_1_29' title="bbox 1971 1214 3582 1290">
     <span class='ocr_line' id='line_1_29' title="bbox 1971 1214 3582 1290; baseline 0.002 -20"><span class='ocrx_word' id='word_1_200' title='bbox 1971 1214 2147 1272; x_wconf 89' lang='lat' dir='ltr'><strong>irasci.</strong></span> <span class='ocrx_word' id='word_1_201' title='bbox 2178 1216 2550 1286; x_wconf 87' lang='lat' dir='ltr'><strong>Quamobrem</strong></span> <span class='ocrx_word' id='word_1_202' title='bbox 2577 1226 2801 1290; x_wconf 85' lang='lat' dir='ltr'><strong>apparet</strong></span> <span class='ocrx_word' id='word_1_203' title='bbox 2823 1217 2892 1274; x_wconf 90' lang='lat' dir='ltr'><strong>ab</strong></span> <span class='ocrx_word' id='word_1_204' title='bbox 2913 1217 2988 1274; x_wconf 90' lang='lat' dir='ltr'><strong>eis</strong></span> <span class='ocrx_word' id='word_1_205' title='bbox 3016 1217 3290 1290; x_wconf 87' lang='lat' dir='ltr'><strong>adjectum</strong></span> <span class='ocrx_word' id='word_1_206' title='bbox 3318 1219 3411 1290; x_wconf 91' lang='lat' dir='ltr'><strong>qui</strong></span> <span class='ocrx_word' id='word_1_207' title='bbox 3445 1234 3582 1290; x_wconf 91' lang='lat' dir='ltr'><strong>pro-</strong></span> 
     </span>
    </p>
   </div>
   <div class='ocr_carea' id='block_1_30' title="bbox 1973 1309 3579 1384">
    <p class='ocr_par' dir='ltr' id='par_1_30' title="bbox 1973 1309 3579 1384">
     <span class='ocr_line' id='line_1_30' title="bbox 1973 1309 3579 1384; baseline 0.001 -20"><span class='ocrx_word' id='word_1_208' title='bbox 1973 1309 2214 1380; x_wconf 89' lang='lat' dir='ltr'><strong>positum</strong></span> <span class='ocrx_word' id='word_1_209' title='bbox 2268 1325 2382 1366; x_wconf 91' lang='lat' dir='ltr'><strong>non</strong></span> <span class='ocrx_word' id='word_1_210' title='bbox 2409 1309 2796 1368; x_wconf 86' lang='lat' dir='ltr'><strong>intellexerunt</strong></span> <span class='ocrx_word' id='word_1_211' title='bbox 2823 1309 3117 1384; x_wconf 74' lang='lat' dir='ltr'><strong>Scriptura:</strong></span> <span class='ocrx_word' id='word_1_212' title='bbox 3144 1309 3374 1366; x_wconf 84' lang='lat' dir='ltr'><strong>volentis</strong></span> <span class='ocrx_word' id='word_1_213' title='bbox 3409 1309 3579 1366; x_wconf 82' lang='lat' dir='ltr'><strong>fomi-</strong></span> 
     </span>
    </p>
   </div>
   <div class='ocr_carea' id='block_1_31' title="bbox 1970 1402 3577 1478">
    <p class='ocr_par' dir='ltr' id='par_1_31' title="bbox 1970 1402 3577 1478">
     <span class='ocr_line' id='line_1_31' title="bbox 1970 1402 3577 1478; baseline 0.002 -21"><span class='ocrx_word' id='word_1_214' title='bbox 1970 1409 2081 1458; x_wconf 89' lang='lat' dir='ltr'><strong>tem</strong></span> <span class='ocrx_word' id='word_1_215' title='bbox 2124 1402 2418 1461; x_wconf 71' lang='lat' dir='ltr'><strong>iracundiae</strong></span> <span class='ocrx_word' id='word_1_216' title='bbox 2444 1404 2778 1462; x_wconf 86' lang='lat' dir='ltr'><strong>omnimodis</strong></span> <span class='ocrx_word' id='word_1_217' title='bbox 2805 1412 3112 1478; x_wconf 82' lang='lat' dir='ltr'><strong>amputare,</strong></span> <span class='ocrx_word' id='word_1_218' title='bbox 3149 1403 3463 1478; x_wconf 85' lang='lat' dir='ltr'><strong>nullamque</strong></span> <span class='ocrx_word' id='word_1_219' title='bbox 3486 1403 3577 1460; x_wconf 92' lang='lat' dir='ltr'><strong>in-</strong></span> 
     </span>
    </p>
   </div>
   <div class='ocr_carea' id='block_1_32' title="bbox 1969 1495 3576 1572">
    <p class='ocr_par' dir='ltr' id='par_1_32' title="bbox 1969 1495 3576 1572">
     <span class='ocr_line' id='line_1_32' title="bbox 1969 1495 3576 1572; baseline 0.001 -21"><span class='ocrx_word' id='word_1_220' title='bbox 1969 1495 2297 1571; x_wconf 79' lang='lat' dir='ltr'><strong>dignationis</strong></span> <span class='ocrx_word' id='word_1_221' title='bbox 2337 1499 2686 1557; x_wconf 88' lang='lat' dir='ltr'><strong>occasionem</strong></span> <span class='ocrx_word' id='word_1_222' title='bbox 2728 1499 2942 1572; x_wconf 88' lang='lat' dir='ltr'><strong>penitus</strong></span> <span class='ocrx_word' id='word_1_223' title='bbox 2983 1512 3294 1569; x_wconf 78' lang='lat' dir='ltr'><strong>reservare;</strong></span> <span class='ocrx_word' id='word_1_224' title='bbox 3329 1513 3400 1556; x_wconf 88' lang='lat' dir='ltr'><strong>ne</strong></span> <span class='ocrx_word' id='word_1_225' title='bbox 3440 1495 3576 1555; x_wconf 89' lang='lat' dir='ltr'><strong>dum</strong></span> 
     </span>
    </p>
   </div>
   <div class='ocr_carea' id='block_1_33' title="bbox 1357 1619 2480 1680">
    <p class='ocr_par' dir='ltr' id='par_1_33' title="bbox 1357 1619 2480 1680">
     <span class='ocr_line' id='line_1_33' title="bbox 1357 1619 2480 1680; baseline 0.002 -5"><span class='ocrx_word' id='word_1_226' title='bbox 1357 1619 1616 1676; x_wconf 81' lang='lat' dir='ltr'><strong>ALARDl</strong></span> <span class='ocrx_word' id='word_1_227' title='bbox 1653 1620 1876 1677; x_wconf 68' lang='lat' dir='ltr'><strong>GAZJEI</strong></span> <span class='ocrx_word' id='word_1_228' title='bbox 1917 1621 2480 1680; x_wconf 79' lang='lat' dir='ltr'><strong>COMMENTARIUS.</strong></span> 
     </span>
    </p>
   </div>
   <div class='ocr_carea' id='block_1_34' title="bbox 327 1738 1861 1822">
    <p class='ocr_par' dir='ltr' id='par_1_34' title="bbox 327 1738 1861 1822">
     <span class='ocr_line' id='line_1_34' title="bbox 327 1738 1861 1822; baseline 0.003 -27"><span class='ocrx_word' id='word_1_229' title='bbox 327 1738 808 1822; x_wconf 59' lang='lat' dir='ltr'><strong>fHaec_sententia</strong></span> <span class='ocrx_word' id='word_1_230' title='bbox 846 1739 1200 1822; x_wconf 73' lang='lat' dir='ltr'><strong>praecedentis</strong></span> <span class='ocrx_word' id='word_1_231' title='bbox 1213 1741 1528 1822; x_wconf 39' lang='lat' dir='ltr'><strong>._s_xplicat.io</strong></span> <span class='ocrx_word' id='word_1_232' title='bbox 1548 1750 1662 1822; x_wconf 61' lang='lat' dir='ltr'><strong>ast.</strong></span> <span class='ocrx_word' id='word_1_233' title='bbox 1707 1743 1861 1822; x_wconf 77' lang='lat' dir='ltr'><strong>Idem</strong></span> 
     </span>
    </p>
   </div>
   <div class='ocr_carea' id='block_1_35' title="bbox 263 1809 1860 1882">
    <p class='ocr_par' dir='ltr' id='par_1_35' title="bbox 263 1809 1860 1882">
     <span class='ocr_line' id='line_1_35' title="bbox 263 1809 1860 1882; baseline 0.004 -17"><span class='ocrx_word' id='word_1_234' title='bbox 263 1809 437 1882; x_wconf 80' lang='lat' dir='ltr'><strong>enim</strong></span> <span class='ocrx_word' id='word_1_235' title='bbox 450 1818 539 1882; x_wconf 83' lang='lat' dir='ltr'><strong>est</strong></span> <span class='ocrx_word' id='word_1_236' title='bbox 583 1809 745 1882; x_wconf 79' lang='lat' dir='ltr'><strong>irasci</strong></span> <span class='ocrx_word' id='word_1_237' title='bbox 774 1809 927 1868; x_wconf 77' lang='lat' dir='ltr'><strong>fratri</strong></span> <span class='ocrx_word' id='word_1_238' title='bbox 965 1828 1088 1880; x_wconf 91' lang='lat' dir='ltr'><strong>suo,</strong></span> <span class='ocrx_word' id='word_1_239' title='bbox 1129 1813 1187 1868; x_wconf 89' lang='lat' dir='ltr'><strong>in</strong></span> <span class='ocrx_word' id='word_1_240' title='bbox 1212 1809 1516 1871; x_wconf 47' lang='lat' dir='ltr'><strong>illis—verbis</strong></span> <span class='ocrx_word' id='word_1_241' title='bbox 1544 1815 1860 1882; x_wconf 80' lang='lat' dir='ltr'><strong>Salvatoris,</strong></span> 
     </span>
    </p>
   </div>
   <div class='ocr_carea' id='block_1_36' title="bbox 264 1880 1866 1958">
    <p class='ocr_par' dir='ltr' id='par_1_36' title="bbox 264 1880 1866 1958">
     <span class='ocr_line' id='line_1_36' title="bbox 264 1880 1866 1958; baseline 0.004 -22"><span class='ocrx_word' id='word_1_242' title='bbox 264 1895 328 1936; x_wconf 89' lang='lat' dir='ltr'><strong>ac</strong></span> <span class='ocrx_word' id='word_1_243' title='bbox 371 1880 551 1958; x_wconf 64' lang='lat' dir='ltr'><strong>odissw</strong></span> <span class='ocrx_word' id='word_1_244' title='bbox 600 1880 830 1958; x_wconf 75' lang='lat' dir='ltr'><strong>fratrem</strong></span> <span class='ocrx_word' id='word_1_245' title='bbox 871 1895 1062 1958; x_wconf 78' lang='lat' dir='ltr'><strong>suum,</strong></span> <span class='ocrx_word' id='word_1_246' title='bbox 1097 1883 1258 1956; x_wconf 82' lang='lat' dir='ltr'><strong>juxta</strong></span> <span class='ocrx_word' id='word_1_247' title='bbox 1285 1891 1532 1941; x_wconf 83' lang='lat' dir='ltr'><strong>mentem</strong></span> <span class='ocrx_word' id='word_1_248' title='bbox 1571 1880 1866 1958; x_wconf 62' lang='lat' dir='ltr'><strong>Apostolii</strong></span> 
     </span>
    </p>
   </div>
   <div class='ocr_carea' id='block_1_37' title="bbox 258 1951 1872 2029">
    <p class='ocr_par' dir='ltr' id='par_1_37' title="bbox 258 1951 1872 2029">
     <span class='ocr_line' id='line_1_37' title="bbox 258 1951 1872 2029; baseline 0.004 -21"><span class='ocrx_word' id='word_1_249' title='bbox 258 1966 390 2029; x_wconf 79' lang='lat' dir='ltr'><strong>cum</strong></span> <span class='ocrx_word' id='word_1_250' title='bbox 417 1951 540 2029; x_wconf 83' lang='lat' dir='ltr'><strong>quis</strong></span> <span class='ocrx_word' id='word_1_251' title='bbox 577 1951 883 2029; x_wconf 87' lang='lat' dir='ltr'><strong>sc_il_icet_ita</strong></span> <span class='ocrx_word' id='word_1_252' title='bbox 908 1951 1192 2029; x_wconf 71' lang='lat' dir='ltr'><strong>irascitur,</strong></span> <span class='ocrx_word' id='word_1_253' title='bbox 1227 1960 1290 2011; x_wconf 89' lang='lat' dir='ltr'><strong>ut</strong></span> <span class='ocrx_word' id='word_1_254' title='bbox 1329 1972 1447 2011; x_wconf 90' lang='lat' dir='ltr'><strong>eum</strong></span> <span class='ocrx_word' id='word_1_255' title='bbox 1485 1951 1642 2013; x_wconf 77' lang='lat' dir='ltr'><strong>corde</strong></span> <span class='ocrx_word' id='word_1_256' title='bbox 1685 1961 1872 2029; x_wconf 87' lang='lat' dir='ltr'><strong>cupiat</strong></span> 
     </span>
    </p>
   </div>
   <div class='ocr_carea' id='block_1_38' title="bbox 261 2022 1871 2093">
    <p class='ocr_par' dir='ltr' id='par_1_38' title="bbox 261 2022 1871 2093">
     <span class='ocr_line' id='line_1_38' title="bbox 261 2022 1871 2093; baseline 0.004 -15"><span class='ocrx_word' id='word_1_257' title='bbox 261 2022 509 2088; x_wconf 80' lang='lat' dir='ltr'><strong>interire,</strong></span> <span class='ocrx_word' id='word_1_258' title='bbox 542 2031 604 2081; x_wconf 91' lang='lat' dir='ltr'><strong>ut</strong></span> <span class='ocrx_word' id='word_1_259' title='bbox 629 2022 718 2080; x_wconf 89' lang='lat' dir='ltr'><strong>hic</strong></span> <span class='ocrx_word' id='word_1_260' title='bbox 743 2023 818 2080; x_wconf 88' lang='lat' dir='ltr'><strong>ait</strong></span> <span class='ocrx_word' id='word_1_261' title='bbox 841 2024 1152 2093; x_wconf 87' lang='lat' dir='ltr'><strong>Cassianus,</strong></span> <span class='ocrx_word' id='word_1_262' title='bbox 1173 2022 1287 2082; x_wconf 85' lang='lat' dir='ltr'><strong>hoc</strong></span> <span class='ocrx_word' id='word_1_263' title='bbox 1323 2033 1428 2090; x_wconf 89' lang='lat' dir='ltr'><strong>est,</strong></span> <span class='ocrx_word' id='word_1_264' title='bbox 1461 2035 1522 2082; x_wconf 90' lang='lat' dir='ltr'><strong>ut</strong></span> <span class='ocrx_word' id='word_1_265' title='bbox 1550 2022 1788 2085; x_wconf 78' lang='lat' dir='ltr'><strong>mortem</strong></span> <span class='ocrx_word' id='word_1_266' title='bbox 1822 2029 1871 2085; x_wconf 87' lang='lat' dir='ltr'><strong>ei</strong></span> 
     </span>
    </p>
   </div>
   <div class='ocr_carea' id='block_1_39' title="bbox 258 2095 1876 2169">
    <p class='ocr_par' dir='ltr' id='par_1_39' title="bbox 258 2095 1876 2169">
     <span class='ocr_line' id='line_1_39' title="bbox 258 2095 1876 2169; baseline 0.004 -19"><span class='ocrx_word' id='word_1_267' title='bbox 258 2101 439 2166; x_wconf 89' lang='lat' dir='ltr'><strong>optet.</strong></span> <span class='ocrx_word' id='word_1_268' title='bbox 484 2095 626 2169; x_wconf 83' lang='lat' dir='ltr'><strong>Talis</strong></span> <span class='ocrx_word' id='word_1_269' title='bbox 667 2095 818 2169; x_wconf 67' lang='lat' dir='ltr'><strong>enim</strong></span> <span class='ocrx_word' id='word_1_270' title='bbox 843 2095 990 2169; x_wconf 84' lang='lat' dir='ltr'><strong>haud</strong></span> <span class='ocrx_word' id='word_1_271' title='bbox 1011 2095 1186 2169; x_wconf 16' lang='lat' dir='ltr'><strong>dubie,</strong></span> <span class='ocrx_word' id='word_1_272' title='bbox 1201 2095 1347 2169; x_wconf 86' lang='lat' dir='ltr'><strong>apud</strong></span> <span class='ocrx_word' id='word_1_273' title='bbox 1371 2099 1564 2169; x_wconf 87' lang='lat' dir='ltr'><strong>Deum</strong></span> <span class='ocrx_word' id='word_1_274' title='bbox 1602 2098 1876 2156; x_wconf 88' lang='lat' dir='ltr'><strong>homicida</strong></span> 
     </span>
    </p>
   </div>
   <div class='ocr_carea' id='block_1_40' title="bbox 259 2165 1874 2243">
    <p class='ocr_par' dir='ltr' id='par_1_40' title="bbox 259 2165 1874 2243">
     <span class='ocr_line' id='line_1_40' title="bbox 259 2165 1874 2243; baseline 0.002 -21"><span class='ocrx_word' id='word_1_275' title='bbox 259 2165 472 2243; x_wconf 74' lang='lat' dir='ltr'><strong>est,__ac</strong></span> <span class='ocrx_word' id='word_1_276' title='bbox 509 2165 734 2243; x_wconf 73' lang='lat' dir='ltr'><strong>proinde</strong></span> <span class='ocrx_word' id='word_1_277' title='bbox 775 2165 1382 2243; x_wconf 68' lang='lat' dir='ltr'><strong>zete_rni_judicii_reus;</strong></span> <span class='ocrx_word' id='word_1_278' title='bbox 1437 2168 1672 2243; x_wconf 70' lang='lat' dir='ltr'><strong>etiamsi</strong></span> <span class='ocrx_word' id='word_1_279' title='bbox 1698 2169 1874 2243; x_wconf 84' lang='lat' dir='ltr'><strong>reipsa</strong></span> 
     </span>
    </p>
   </div>
   <div class='ocr_carea' id='block_1_41' title="bbox 261 2235 1872 2312">
    <p class='ocr_par' dir='ltr' id='par_1_41' title="bbox 261 2235 1872 2312">
     <span class='ocr_line' id='line_1_41' title="bbox 261 2235 1872 2312; baseline 0.003 -20"><span class='ocrx_word' id='word_1_280' title='bbox 261 2235 400 2312; x_wconf 74' lang='lat' dir='ltr'><strong>nihil</strong></span> <span class='ocrx_word' id='word_1_281' title='bbox 430 2235 565 2312; x_wconf 78' lang='lat' dir='ltr'><strong>mali</strong></span> <span class='ocrx_word' id='word_1_282' title='bbox 609 2235 828 2294; x_wconf 81' lang='lat' dir='ltr'><strong>inferat.</strong></span> <span class='ocrx_word' id='word_1_283' title='bbox 866 2235 1034 2312; x_wconf 78' lang='lat' dir='ltr'><strong>Unde</strong></span> <span class='ocrx_word' id='word_1_284' title='bbox 1058 2242 1134 2295; x_wconf 89' lang='lat' dir='ltr'><strong>D.</strong></span> <span class='ocrx_word' id='word_1_285' title='bbox 1184 2235 1556 2312; x_wconf 76' lang='lat' dir='ltr'><strong>Hieronymus</strong></span> <span class='ocrx_word' id='word_1_286' title='bbox 1587 2239 1744 2312; x_wconf 87' lang='lat' dir='ltr'><strong>epist.</strong></span> <span class='ocrx_word' id='word_1_287' title='bbox 1779 2235 1872 2298; x_wconf 69' lang='lat'><strong>&#39;36</strong></span> 
     </span>
    </p>
   </div>
   <div class='ocr_carea' id='block_1_42' title="bbox 259 2305 1872 2380">
    <p class='ocr_par' dir='ltr' id='par_1_42' title="bbox 259 2305 1872 2380">
     <span class='ocr_line' id='line_1_42' title="bbox 259 2305 1872 2380; baseline 0.003 -17"><span class='ocrx_word' id='word_1_288' title='bbox 259 2305 609 2380; x_wconf 85' lang='lat' dir='ltr'><strong>huncloeum</strong></span> <span class='ocrx_word' id='word_1_289' title='bbox 637 2318 930 2380; x_wconf 85' lang='lat' dir='ltr'><strong>spectans:</strong></span> <span class='ocrx_word' id='word_1_290' title='bbox 967 2311 1098 2368; x_wconf 88' lang='lat' dir='ltr'><strong>Cum</strong></span> <span class='ocrx_word' id='word_1_291' title='bbox 1121 2312 1283 2373; x_wconf 90' lang='lat' dir='ltr'><strong>enim,</strong></span> <span class='ocrx_word' id='word_1_292' title='bbox 1309 2305 1498 2380; x_wconf 76' lang='lat' dir='ltr'><strong>inquit,</strong></span> <span class='ocrx_word' id='word_1_293' title='bbox 1524 2305 1872 2368; x_wconf 65' lang='lat' dir='ltr'><strong>hon&#39;iicidium</strong></span> 
     </span>
    </p>
   </div>
   <div class='ocr_carea' id='block_1_43' title="bbox 259 2379 1871 2452">
    <p class='ocr_par' dir='ltr' id='par_1_43' title="bbox 259 2379 1871 2452">
     <span class='ocr_line' id='line_1_43' title="bbox 259 2379 1871 2452; baseline 0.003 -18"><span class='ocrx_word' id='word_1_294' title='bbox 259 2393 334 2452; x_wconf 71' lang='lat' dir='ltr'><strong>ea;</strong></span> <span class='ocrx_word' id='word_1_295' title='bbox 357 2379 478 2452; x_wconf 82' lang='lat' dir='ltr'><strong>odio</strong></span> <span class='ocrx_word' id='word_1_296' title='bbox 504 2395 644 2450; x_wconf 69' lang='lat' dir='ltr'><strong>sape</strong></span> <span class='ocrx_word' id='word_1_297' title='bbox 668 2379 973 2449; x_wconf 77' lang='lat' dir='ltr'><strong>nascatur;</strong></span> <span class='ocrx_word' id='word_1_298' title='bbox 1015 2385 1336 2452; x_wconf 84' lang='lat' dir='ltr'><strong>quicumque</strong></span> <span class='ocrx_word' id='word_1_299' title='bbox 1355 2379 1490 2452; x_wconf 84' lang='lat' dir='ltr'><strong>odit,</strong></span> <span class='ocrx_word' id='word_1_300' title='bbox 1523 2384 1627 2438; x_wconf 88' lang='lat' dir='ltr'><strong>etsi</strong></span> <span class='ocrx_word' id='word_1_301' title='bbox 1645 2384 1871 2439; x_wconf 82' lang='lat' dir='ltr'><strong>necdum</strong></span> 
     </span>
    </p>
   </div>
   <div class='ocr_carea' id='block_1_44' title="bbox 262 2450 1870 2520">
    <p class='ocr_par' dir='ltr' id='par_1_44' title="bbox 262 2450 1870 2520">
     <span class='ocr_line' id='line_1_44' title="bbox 262 2450 1870 2520; baseline 0.004 -15"><span class='ocrx_word' id='word_1_302' title='bbox 262 2450 451 2520; x_wconf 85' lang='lat' dir='ltr'><strong>gladio</strong></span> <span class='ocrx_word' id='word_1_303' title='bbox 457 2453 808 2520; x_wconf 89' lang='lat' dir='ltr'><strong>percusserit,</strong></span> <span class='ocrx_word' id='word_1_304' title='bbox 833 2450 1211 2510; x_wconf 51' lang='lat' dir='ltr'><strong>animo—tamen</strong></span> <span class='ocrx_word' id='word_1_305' title='bbox 1231 2451 1501 2508; x_wconf 73' lang='lat' dir='ltr'><strong>homicida</strong></span> <span class='ocrx_word' id='word_1_306' title='bbox 1520 2458 1616 2509; x_wconf 90' lang='lat' dir='ltr'><strong>est.</strong></span> <span class='ocrx_word' id='word_1_307' title='bbox 1641 2455 1712 2509; x_wconf 85' lang='lat' dir='ltr'><strong>Et</strong></span> <span class='ocrx_word' id='word_1_308' title='bbox 1743 2456 1870 2511; x_wconf 87' lang='lat' dir='ltr'><strong>Cas-</strong></span> 
     </span>
    </p>
   </div>
   <div class='ocr_carea' id='block_1_45' title="bbox 259 2521 1869 2597">
    <p class='ocr_par' dir='ltr' id='par_1_45' title="bbox 259 2521 1869 2597">
     <span class='ocr_line' id='line_1_45' title="bbox 259 2521 1869 2597; baseline 0.002 -19"><span class='ocrx_word' id='word_1_309' title='bbox 259 2521 586 2579; x_wconf 83' lang='lat' dir='ltr'><strong>sianus‘boc</strong></span> <span class='ocrx_word' id='word_1_310' title='bbox 629 2523 754 2597; x_wconf 87' lang='lat' dir='ltr'><strong>loco</strong></span> <span class='ocrx_word' id='word_1_311' title='bbox 787 2543 800 2580; x_wconf 90' lang='lat'><strong>:</strong></span> <span class='ocrx_word' id='word_1_312' title='bbox 845 2527 917 2597; x_wconf 74' lang='lat' dir='ltr'><strong>Et</strong></span> <span class='ocrx_word' id='word_1_313' title='bbox 963 2525 1100 2590; x_wconf 88' lang='lat' dir='ltr'><strong>ideo,</strong></span> <span class='ocrx_word' id='word_1_314' title='bbox 1149 2524 1350 2597; x_wconf 80' lang='lat' dir='ltr'><strong>inquit,</strong></span> <span class='ocrx_word' id='word_1_315' title='bbox 1399 2538 1466 2578; x_wconf 90' lang='lat' dir='ltr'><strong>ne</strong></span> <span class='ocrx_word' id='word_1_316' title='bbox 1520 2525 1869 2581; x_wconf 77' lang='lat' dir='ltr'><strong>homicidium</strong></span> 
     </span>
    </p>
   </div>
   <div class='ocr_carea' id='block_1_46' title="bbox 305 2595 1870 2666">
    <p class='ocr_par' dir='ltr' id='par_1_46' title="bbox 305 2595 1870 2666">
     <span class='ocr_line' id='line_1_46' title="bbox 305 2595 1870 2666; baseline 0.003 -18"><span class='ocrx_word' id='word_1_317' title='bbox 305 2598 648 2664; x_wconf 86' lang='lat' dir='ltr'><strong>erpetretur;</strong></span> <span class='ocrx_word' id='word_1_318' title='bbox 692 2596 800 2659; x_wconf 86' lang='lat' dir='ltr'><strong>ira,</strong></span> <span class='ocrx_word' id='word_1_319' title='bbox 841 2595 1130 2666; x_wconf 79' lang='lat' dir='ltr'><strong>odiumque</strong></span> <span class='ocrx_word' id='word_1_320' title='bbox 1162 2595 1501 2666; x_wconf 47' lang='lat' dir='ltr'><strong>succiditur,</strong></span> <span class='ocrx_word' id='word_1_321' title='bbox 1519 2597 1636 2650; x_wconf 89' lang='lat' dir='ltr'><strong>sine</strong></span> <span class='ocrx_word' id='word_1_322' title='bbox 1676 2597 1870 2666; x_wconf 85' lang='lat' dir='ltr'><strong>quibus</strong></span> 
     </span>
    </p>
   </div>
   <div class='ocr_carea' id='block_1_47' title="bbox 390 2665 1870 2724">
    <p class='ocr_par' dir='ltr' id='par_1_47' title="bbox 390 2665 1870 2724">
     <span class='ocr_line' id='line_1_47' title="bbox 390 2665 1870 2724; baseline 0.002 -5"><span class='ocrx_word' id='word_1_323' title='bbox 390 2666 546 2721; x_wconf 86' lang='lat' dir='ltr'><strong>icidii</strong></span> <span class='ocrx_word' id='word_1_324' title='bbox 583 2667 782 2722; x_wconf 78' lang='lat' dir='ltr'><strong>crimen</strong></span> <span class='ocrx_word' id='word_1_325' title='bbox 819 2667 967 2722; x_wconf 87' lang='lat' dir='ltr'><strong>nullo</strong></span> <span class='ocrx_word' id='word_1_326' title='bbox 1009 2665 1165 2724; x_wconf 81' lang='lat' dir='ltr'><strong>modo</strong></span> <span class='ocrx_word' id='word_1_327' title='bbox 1187 2667 1389 2722; x_wconf 73' lang='lat' dir='ltr'><strong>ualebit</strong></span> <span class='ocrx_word' id='word_1_328' title='bbox 1431 2665 1658 2722; x_wconf 87' lang='lat' dir='ltr'><strong>admitti</strong></span> <span class='ocrx_word' id='word_1_329' title='bbox 1675 2665 1699 2720; x_wconf 58' lang='lat'><em>5</em></span> <span class='ocrx_word' id='word_1_330' title='bbox 1735 2666 1870 2724; x_wconf 87' lang='lat' dir='ltr'><strong>iusi-</strong></span> 
     </span>
    </p>
   </div>
   <div class='ocr_carea' id='block_1_48' title="bbox 260 2733 1868 2808">
    <p class='ocr_par' dir='ltr' id='par_1_48' title="bbox 260 2733 1868 2808">
     <span class='ocr_line' id='line_1_48' title="bbox 260 2733 1868 2808; baseline 0.001 -16"><span class='ocrx_word' id='word_1_331' title='bbox 260 2751 445 2808; x_wconf 75' lang='lat' dir='ltr'><strong>nuans</strong></span> <span class='ocrx_word' id='word_1_332' title='bbox 483 2736 644 2794; x_wconf 84' lang='lat' dir='ltr'><strong>verba</strong></span> <span class='ocrx_word' id='word_1_333' title='bbox 685 2752 808 2808; x_wconf 71' lang='lat' dir='ltr'><strong>quae</strong></span> <span class='ocrx_word' id='word_1_334' title='bbox 836 2746 1139 2808; x_wconf 89' lang='lat' dir='ltr'><strong>sequuntur</strong></span> <span class='ocrx_word' id='word_1_335' title='bbox 1169 2738 1239 2795; x_wconf 89' lang='lat' dir='ltr'><strong>ad</strong></span> <span class='ocrx_word' id='word_1_336' title='bbox 1262 2733 1626 2808; x_wconf 82' lang='lat' dir='ltr'><strong>homicidium</strong></span> <span class='ocrx_word' id='word_1_337' title='bbox 1655 2735 1868 2793; x_wconf 89' lang='lat' dir='ltr'><strong>referri.</strong></span> 
     </span>
    </p>
   </div>
   <div class='ocr_carea' id='block_1_49' title="bbox 339 2800 1870 2888">
    <p class='ocr_par' dir='ltr' id='par_1_49' title="bbox 339 2800 1870 2888">
     <span class='ocr_line' id='line_1_49' title="bbox 339 2800 1870 2888; baseline 0 -24"><span class='ocrx_word' id='word_1_338' title='bbox 339 2800 366 2838; x_wconf 80' lang='grc'><strong>¹⁵</strong></span> <span class='ocrx_word' id='word_1_339' title='bbox 388 2811 478 2864; x_wconf 79' lang='lat' dir='ltr'><strong>Ea:</strong></span> <span class='ocrx_word' id='word_1_340' title='bbox 513 2824 651 2888; x_wconf 61' lang='lat' dir='ltr'><strong>quo,</strong></span> <span class='ocrx_word' id='word_1_341' title='bbox 681 2800 758 2864; x_wconf 70' lang='lat' dir='ltr'><strong>ait</strong></span> <span class='ocrx_word' id='word_1_342' title='bbox 787 2800 1203 2888; x_wconf 72' lang='lat' dir='ltr'><strong>_I_ii_e_ronymus,_</strong></span> <span class='ocrx_word' id='word_1_343' title='bbox 1235 2807 1517 2888; x_wconf 71' lang='lat' dir='ltr'><strong>discimus</strong></span> <span class='ocrx_word' id='word_1_344' title='bbox 1546 2823 1650 2888; x_wconf 71' lang='lat' dir='ltr'><strong>non</strong></span> <span class='ocrx_word' id='word_1_345' title='bbox 1695 2809 1870 2888; x_wconf 81' lang='lat' dir='ltr'><strong>solum</strong></span> 
     </span>
    </p>
   </div>
   <div class='ocr_carea' id='block_1_50' title="bbox 260 2878 1868 2950">
    <p class='ocr_par' dir='ltr' id='par_1_50' title="bbox 260 2878 1868 2950">
     <span class='ocr_line' id='line_1_50' title="bbox 260 2878 1868 2950; baseline 0.002 -17"><span class='ocrx_word' id='word_1_346' title='bbox 260 2892 451 2950; x_wconf 83' lang='lat' dir='ltr'><strong>opera,</strong></span> <span class='ocrx_word' id='word_1_347' title='bbox 483 2878 578 2936; x_wconf 79' lang='lat' dir='ltr'><strong>sed</strong></span> <span class='ocrx_word' id='word_1_348' title='bbox 604 2883 654 2935; x_wconf 89' lang='lat' dir='ltr'><strong>et</strong></span> <span class='ocrx_word' id='word_1_349' title='bbox 683 2878 1022 2950; x_wconf 80' lang='lat' dir='ltr'><strong>cogitationes</strong></span> <span class='ocrx_word' id='word_1_350' title='bbox 1051 2878 1240 2937; x_wconf 86' lang='lat' dir='ltr'><strong>essein</strong></span> <span class='ocrx_word' id='word_1_351' title='bbox 1265 2880 1356 2935; x_wconf 90' lang='lat' dir='ltr'><strong>die</strong></span> <span class='ocrx_word' id='word_1_352' title='bbox 1384 2878 1588 2948; x_wconf 84' lang='lat' dir='ltr'><strong>judicii</strong></span> <span class='ocrx_word' id='word_1_353' title='bbox 1604 2879 1868 2950; x_wconf 85' lang='lat' dir='ltr'><strong>judican-</strong></span> 
     </span>
    </p>
   </div>
   <div class='ocr_carea' id='block_1_51' title="bbox 261 2949 1868 3020">
    <p class='ocr_par' dir='ltr' id='par_1_51' title="bbox 261 2949 1868 3020">
     <span class='ocr_line' id='line_1_51' title="bbox 261 2949 1868 3020; baseline 0.002 -16"><span class='ocrx_word' id='word_1_354' title='bbox 261 2949 391 3006; x_wconf 81' lang='lat' dir='ltr'><strong>das.</strong></span> <span class='ocrx_word' id='word_1_355' title='bbox 440 2953 516 3008; x_wconf 90' lang='lat' dir='ltr'><strong>De</strong></span> <span class='ocrx_word' id='word_1_356' title='bbox 555 2952 751 3020; x_wconf 84' lang='lat' dir='ltr'><strong>quibus</strong></span> <span class='ocrx_word' id='word_1_357' title='bbox 801 2952 1039 3006; x_wconf 86' lang='lat' dir='ltr'><strong>dicitur:</strong></span> <span class='ocrx_word' id='word_1_358' title='bbox 1085 2955 1235 3010; x_wconf 90' lang='lat' dir='ltr'><strong>Nunc</strong></span> <span class='ocrx_word' id='word_1_359' title='bbox 1279 2949 1742 3020; x_wconf 82' lang='lat' dir='ltr'><strong>circumdederunt</strong></span> <span class='ocrx_word' id='word_1_360' title='bbox 1782 2966 1868 3008; x_wconf 90' lang='lat' dir='ltr'><strong>eos</strong></span> 
     </span>
    </p>
   </div>
   <div class='ocr_carea' id='block_1_52' title="bbox 261 3019 1869 3092">
    <p class='ocr_par' dir='ltr' id='par_1_52' title="bbox 261 3019 1869 3092">
     <span class='ocr_line' id='line_1_52' title="bbox 261 3019 1869 3092; baseline 0.003 -18"><span class='ocrx_word' id='word_1_361' title='bbox 261 3019 612 3092; x_wconf 74' lang='lat' dir='ltr'><strong>cogitationes</strong></span> <span class='ocrx_word' id='word_1_362' title='bbox 651 3038 782 3085; x_wconf 67' lang='lat' dir='ltr'><strong>sua,</strong></span> <span class='ocrx_word' id='word_1_363' title='bbox 813 3023 1030 3092; x_wconf 84' lang='lat' dir='ltr'><strong>quando</strong></span> <span class='ocrx_word' id='word_1_364' title='bbox 1049 3022 1327 3092; x_wconf 84' lang='lat' dir='ltr'><strong>judicabit</strong></span> <span class='ocrx_word' id='word_1_365' title='bbox 1369 3019 1616 3092; x_wconf 84' lang='lat' dir='ltr'><strong>dominus</strong></span> <span class='ocrx_word' id='word_1_366' title='bbox 1655 3023 1869 3078; x_wconf 88' lang='lat' dir='ltr'><strong>abscon-</strong></span> 
     </span>
    </p>
   </div>
   <div class='ocr_carea' id='block_1_53' title="bbox 257 3091 1870 3162">
    <p class='ocr_par' dir='ltr' id='par_1_53' title="bbox 257 3091 1870 3162">
     <span class='ocr_line' id='line_1_53' title="bbox 257 3091 1870 3162; baseline 0.001 -16"><span class='ocrx_word' id='word_1_367' title='bbox 257 3091 394 3146; x_wconf 85' lang='lat' dir='ltr'><strong>dita</strong></span> <span class='ocrx_word' id='word_1_368' title='bbox 415 3093 708 3160; x_wconf 85' lang='lat' dir='ltr'><strong>hominum,</strong></span> <span class='ocrx_word' id='word_1_369' title='bbox 733 3091 1022 3148; x_wconf 86' lang='lat' dir='ltr'><strong>secundum</strong></span> <span class='ocrx_word' id='word_1_370' title='bbox 1039 3091 1386 3162; x_wconf 74' lang='lat' dir='ltr'><strong>Evangeliuni</strong></span> <span class='ocrx_word' id='word_1_371' title='bbox 1407 3091 1529 3162; x_wconf 66' lang='lat' dir='ltr'><strong>Jasu</strong></span> <span class='ocrx_word' id='word_1_372' title='bbox 1548 3094 1786 3159; x_wconf 81' lang='lat' dir='ltr'><strong>Christi;</strong></span> <span class='ocrx_word' id='word_1_373' title='bbox 1807 3097 1870 3148; x_wconf 87' lang='lat' dir='ltr'><strong>ut</strong></span> 
     </span>
    </p>
   </div>
   <div class='ocr_carea' id='block_1_54' title="bbox 251 3160 1872 3232">
    <p class='ocr_par' dir='ltr' id='par_1_54' title="bbox 251 3160 1872 3232">
     <span class='ocr_line' id='line_1_54' title="bbox 251 3160 1872 3232; baseline 0.001 -16"><span class='ocrx_word' id='word_1_374' title='bbox 251 3161 420 3216; x_wconf 75' lang='lat' dir='ltr'><strong>illud</strong></span> <span class='ocrx_word' id='word_1_375' title='bbox 434 3162 575 3229; x_wconf 84' lang='lat' dir='ltr'><strong>quod</strong></span> <span class='ocrx_word' id='word_1_376' title='bbox 603 3163 895 3231; x_wconf 81' lang='lat' dir='ltr'><strong>Apostolus</strong></span> <span class='ocrx_word' id='word_1_377' title='bbox 913 3160 1563 3232; x_wconf 63' lang='lat' dir='ltr'><strong>scribitmeritatejudicii</strong></span> <span class='ocrx_word' id='word_1_378' title='bbox 1579 3163 1872 3232; x_wconf 85' lang='lat' dir='ltr'><strong>comprobe-</strong></span> 
     </span>
    </p>
   </div>
   <div class='ocr_carea' id='block_1_55' title="bbox 261 3229 1870 3302">
    <p class='ocr_par' dir='ltr' id='par_1_55' title="bbox 261 3229 1870 3302">
     <span class='ocr_line' id='line_1_55' title="bbox 261 3229 1870 3302; baseline 0.001 -16"><span class='ocrx_word' id='word_1_379' title='bbox 261 3236 374 3286; x_wconf 82' lang='lat' dir='ltr'><strong>tur</strong></span> <span class='ocrx_word' id='word_1_380' title='bbox 400 3247 418 3283; x_wconf 89' lang='lat'><strong><em>:</em></strong></span> <span class='ocrx_word' id='word_1_381' title='bbox 455 3229 693 3302; x_wconf 74' lang='lat' dir='ltr'><strong>Invicem</strong></span> <span class='ocrx_word' id='word_1_382' title='bbox 729 3234 1138 3302; x_wconf 86' lang='lat' dir='ltr'><strong>cogitationibus</strong></span> <span class='ocrx_word' id='word_1_383' title='bbox 1166 3229 1538 3302; x_wconf 75' lang='lat' dir='ltr'><strong>accusantibus</strong></span> <span class='ocrx_word' id='word_1_384' title='bbox 1566 3238 1616 3288; x_wconf 87' lang='lat' dir='ltr'><strong>et</strong></span> <span class='ocrx_word' id='word_1_385' title='bbox 1643 3229 1870 3300; x_wconf 75' lang='lat' dir='ltr'><strong>satisfa-</strong></span> 
     </span>
    </p>
   </div>
   <div class='ocr_carea' id='block_1_56' title="bbox 256 3299 1872 3373">
    <p class='ocr_par' dir='ltr' id='par_1_56' title="bbox 256 3299 1872 3373">
     <span class='ocr_line' id='line_1_56' title="bbox 256 3299 1872 3373; baseline 0 -15"><span class='ocrx_word' id='word_1_386' title='bbox 256 3301 540 3358; x_wconf 71' lang='lat' dir='ltr'><strong>cientibus</strong></span> <span class='ocrx_word' id='word_1_387' title='bbox 571 3303 630 3356; x_wconf 90' lang='lat' dir='ltr'><strong>in</strong></span> <span class='ocrx_word' id='word_1_388' title='bbox 660 3301 747 3358; x_wconf 86' lang='lat' dir='ltr'><strong>die</strong></span> <span class='ocrx_word' id='word_1_389' title='bbox 779 3299 889 3373; x_wconf 81' lang='lat' dir='ltr'><strong>qua</strong></span> <span class='ocrx_word' id='word_1_390' title='bbox 907 3303 1178 3373; x_wconf 84' lang='lat' dir='ltr'><strong>judicabit</strong></span> <span class='ocrx_word' id='word_1_391' title='bbox 1203 3307 1342 3359; x_wconf 86' lang='lat' dir='ltr'><strong>Deus</strong></span> <span class='ocrx_word' id='word_1_392' title='bbox 1363 3299 1674 3359; x_wconf 87' lang='lat' dir='ltr'><strong>abscondita</strong></span> <span class='ocrx_word' id='word_1_393' title='bbox 1699 3299 1872 3358; x_wconf 66' lang='lat' dir='ltr'><strong>horni-</strong></span> 
     </span>
    </p>
   </div>
   <div class='ocr_carea' id='block_1_57' title="bbox 256 3375 1874 3444">
    <p class='ocr_par' dir='ltr' id='par_1_57' title="bbox 256 3375 1874 3444">
     <span class='ocr_line' id='line_1_57' title="bbox 256 3375 1874 3444; baseline 0.001 -16"><span class='ocrx_word' id='word_1_394' title='bbox 256 3388 409 3428; x_wconf 81' lang='lat' dir='ltr'><strong>num</strong></span> <span class='ocrx_word' id='word_1_395' title='bbox 439 3375 611 3438; x_wconf 84' lang='lat' dir='ltr'><strong>(Rom.</strong></span> <span class='ocrx_word' id='word_1_396' title='bbox 655 3389 713 3442; x_wconf 86' lang='lat' dir='ltr'><strong>II,</strong></span> <span class='ocrx_word' id='word_1_397' title='bbox 748 3381 828 3442; x_wconf 87' lang='lat'><strong>7),</strong></span> <span class='ocrx_word' id='word_1_398' title='bbox 853 3379 916 3429; x_wconf 90' lang='lat' dir='ltr'><strong>ut</strong></span> <span class='ocrx_word' id='word_1_399' title='bbox 959 3375 1301 3444; x_wconf 84' lang='lat' dir='ltr'><strong>cogitationes</strong></span> <span class='ocrx_word' id='word_1_400' title='bbox 1342 3378 1539 3430; x_wconf 66' lang='lat' dir='ltr'><strong>nostra</strong></span> <span class='ocrx_word' id='word_1_401' title='bbox 1571 3390 1746 3430; x_wconf 89' lang='lat' dir='ltr'><strong>omnes</strong></span> <span class='ocrx_word' id='word_1_402' title='bbox 1771 3391 1874 3430; x_wconf 89' lang='lat' dir='ltr'><strong>uno</strong></span> 
     </span>
    </p>
   </div>
   <div class='ocr_carea' id='block_1_58' title="bbox 261 3445 1877 3518">
    <p class='ocr_par' dir='ltr' id='par_1_58' title="bbox 261 3445 1877 3518">
     <span class='ocr_line' id='line_1_58' title="bbox 261 3445 1877 3518; baseline 0.002 -18"><span class='ocrx_word' id='word_1_403' title='bbox 261 3449 510 3514; x_wconf 85' lang='lat' dir='ltr'><strong>tempore</strong></span> <span class='ocrx_word' id='word_1_404' title='bbox 527 3445 1080 3516; x_wconf 77' lang='lat' dir='ltr'><strong>congregatcejustum</strong></span> <span class='ocrx_word' id='word_1_405' title='bbox 1102 3447 1337 3502; x_wconf 75' lang='lat' dir='ltr'><strong>Iudicem</strong></span> <span class='ocrx_word' id='word_1_406' title='bbox 1347 3446 1593 3518; x_wconf 81' lang='lat' dir='ltr'><strong>probent,</strong></span> <span class='ocrx_word' id='word_1_407' title='bbox 1621 3446 1752 3503; x_wconf 84' lang='lat' dir='ltr'><strong>dum</strong></span> <span class='ocrx_word' id='word_1_408' title='bbox 1775 3451 1877 3504; x_wconf 88' lang='lat' dir='ltr'><strong>aut</strong></span> 
     </span>
    </p>
   </div>
   <div class='ocr_carea' id='block_1_59' title="bbox 262 3519 1878 3588">
    <p class='ocr_par' dir='ltr' id='par_1_59' title="bbox 262 3519 1878 3588">
     <span class='ocr_line' id='line_1_59' title="bbox 262 3519 1878 3588; baseline 0.003 -19"><span class='ocrx_word' id='word_1_409' title='bbox 262 3519 489 3570; x_wconf 86' lang='lat' dir='ltr'><strong>accusat</strong></span> <span class='ocrx_word' id='word_1_410' title='bbox 513 3531 607 3571; x_wconf 90' lang='lat' dir='ltr'><strong>nos</strong></span> <span class='ocrx_word' id='word_1_411' title='bbox 650 3521 838 3572; x_wconf 87' lang='lat' dir='ltr'><strong>nostra</strong></span> <span class='ocrx_word' id='word_1_412' title='bbox 873 3519 1210 3582; x_wconf 87' lang='lat' dir='ltr'><strong>conscientia,</strong></span> <span class='ocrx_word' id='word_1_413' title='bbox 1241 3522 1340 3573; x_wconf 87' lang='lat' dir='ltr'><strong>aut</strong></span> <span class='ocrx_word' id='word_1_414' title='bbox 1363 3519 1636 3586; x_wconf 84' lang='lat' dir='ltr'><strong>satisfacit</strong></span> <span class='ocrx_word' id='word_1_415' title='bbox 1654 3533 1758 3588; x_wconf 87' lang='lat' dir='ltr'><strong>pro</strong></span> <span class='ocrx_word' id='word_1_416' title='bbox 1785 3519 1878 3574; x_wconf 89' lang='lat' dir='ltr'><strong>de-</strong></span> 
     </span>
    </p>
   </div>
   <div class='ocr_carea' id='block_1_60' title="bbox 266 3587 1877 3660">
    <p class='ocr_par' dir='ltr' id='par_1_60' title="bbox 266 3587 1877 3660">
     <span class='ocr_line' id='line_1_60' title="bbox 266 3587 1877 3660; baseline 0.003 -20"><span class='ocrx_word' id='word_1_417' title='bbox 266 3587 419 3649; x_wconf 83' lang='lat' dir='ltr'><strong>licto,</strong></span> <span class='ocrx_word' id='word_1_418' title='bbox 462 3593 640 3642; x_wconf 83' lang='lat' dir='ltr'><strong>utrum</strong></span> <span class='ocrx_word' id='word_1_419' title='bbox 686 3589 850 3657; x_wconf 86' lang='lat' dir='ltr'><strong>plura</strong></span> <span class='ocrx_word' id='word_1_420' title='bbox 895 3591 1008 3644; x_wconf 85' lang='lat' dir='ltr'><strong>sint</strong></span> <span class='ocrx_word' id='word_1_421' title='bbox 1041 3594 1283 3659; x_wconf 88' lang='lat' dir='ltr'><strong>peccata,</strong></span> <span class='ocrx_word' id='word_1_422' title='bbox 1323 3605 1396 3644; x_wconf 89' lang='lat' dir='ltr'><strong>an</strong></span> <span class='ocrx_word' id='word_1_423' title='bbox 1425 3593 1562 3646; x_wconf 87' lang='lat' dir='ltr'><strong>bona</strong></span> <span class='ocrx_word' id='word_1_424' title='bbox 1603 3587 1794 3660; x_wconf 75' lang='lat' dir='ltr'><strong>opera;</strong></span> <span class='ocrx_word' id='word_1_425' title='bbox 1825 3593 1877 3645; x_wconf 90' lang='lat' dir='ltr'><strong>et</strong></span> 
     </span>
    </p>
   </div>
   <div class='ocr_carea' id='block_1_61' title="bbox 265 3661 1879 3740">
    <p class='ocr_par' dir='ltr' id='par_1_61' title="bbox 265 3661 1879 3740">
     <span class='ocr_line' id='line_1_61' title="bbox 265 3661 1879 3740; baseline 0.003 -29"><span class='ocrx_word' id='word_1_426' title='bbox 265 3661 459 3740; x_wconf 74' lang='lat' dir='ltr'><strong>utrum</strong></span> <span class='ocrx_word' id='word_1_427' title='bbox 476 3663 673 3740; x_wconf 72' lang='lat' dir='ltr'><strong>cetera,</strong></span> <span class='ocrx_word' id='word_1_428' title='bbox 695 3675 766 3740; x_wconf 81' lang='lat' dir='ltr'><strong>an</strong></span> <span class='ocrx_word' id='word_1_429' title='bbox 786 3675 923 3740; x_wconf 80' lang='lat' dir='ltr'><strong>nava</strong></span> <span class='ocrx_word' id='word_1_430' title='bbox 945 3679 963 3726; x_wconf 84' lang='lat'><strong>,-</strong></span> <span class='ocrx_word' id='word_1_431' title='bbox 985 3663 1037 3740; x_wconf 83' lang='lat' dir='ltr'><strong>et</strong></span> <span class='ocrx_word' id='word_1_432' title='bbox 1055 3665 1242 3717; x_wconf 85' lang='lat' dir='ltr'><strong>utrum</strong></span> <span class='ocrx_word' id='word_1_433' title='bbox 1257 3661 1429 3718; x_wconf 86' lang='lat' dir='ltr'><strong>deleta</strong></span> <span class='ocrx_word' id='word_1_434' title='bbox 1441 3663 1786 3740; x_wconf 67' lang='lat' dir='ltr'><strong>paenitentia,</strong></span> <span class='ocrx_word' id='word_1_435' title='bbox 1805 3677 1879 3716; x_wconf 91' lang='lat' dir='ltr'><strong>an</strong></span> 
     </span>
    </p>
   </div>
   <div class='ocr_carea' id='block_1_62' title="bbox 263 3730 1824 3786">
    <p class='ocr_par' dir='ltr' id='par_1_62' title="bbox 263 3730 1824 3786">
     <span class='ocr_line' id='line_1_62' title="bbox 263 3730 1824 3786; baseline 0.001 -2"><span class='ocrx_word' id='word_1_436' title='bbox 263 3731 425 3784; x_wconf 76' lang='lat' dir='ltr'><strong>novis</strong></span> <span class='ocrx_word' id='word_1_437' title='bbox 444 3730 723 3785; x_wconf 80' lang='lat' dir='ltr'><strong>sceleribus</strong></span> <span class='ocrx_word' id='word_1_438' title='bbox 741 3733 1065 3786; x_wconf 84' lang='lat' dir='ltr'><strong>instaurata.</strong></span> <span class='ocrx_word' id='word_1_439' title='bbox 1442 3730 1466 3734; x_wconf 79' lang='grc'><strong><em>“</em></strong></span> <span class='ocrx_word' id='word_1_440' title='bbox 1667 3730 1679 3740; x_wconf 80' lang='grc'><em>“</em></span> <span class='ocrx_word' id='word_1_441' title='bbox 1815 3740 1824 3748; x_wconf 94' lang='grc'><strong>·</strong></span> 
     </span>
    </p>
   </div>
   <div class='ocr_carea' id='block_1_63' title="bbox 345 3799 1882 3882">
    <p class='ocr_par' dir='ltr' id='par_1_63' title="bbox 345 3799 1882 3882">
     <span class='ocr_line' id='line_1_63' title="bbox 345 3799 1882 3882; baseline 0.002 -27"><span class='ocrx_word' id='word_1_442' title='bbox 345 3799 477 3882; x_wconf 38' lang='lat' dir='ltr'><strong>culta</strong></span> <span class='ocrx_word' id='word_1_443' title='bbox 519 3800 731 3882; x_wconf 74' lang='lat' dir='ltr'><strong>vulgata</strong></span> <span class='ocrx_word' id='word_1_444' title='bbox 759 3801 926 3882; x_wconf 71' lang='lat' dir='ltr'><strong>editio</strong></span> <span class='ocrx_word' id='word_1_445' title='bbox 954 3801 1263 3882; x_wconf 80' lang='lat' dir='ltr'><strong>emendata.</strong></span> <span class='ocrx_word' id='word_1_446' title='bbox 1297 3805 1754 3882; x_wconf 65' lang='lat' dir='ltr'><strong>Veteresautem</strong></span> <span class='ocrx_word' id='word_1_447' title='bbox 1797 3802 1882 3858; x_wconf 92' lang='lat' dir='ltr'><strong>le-</strong></span> 
     </span>
    </p>
   </div>
   <div class='ocr_carea' id='block_1_64' title="bbox 271 3869 1882 3943">
    <p class='ocr_par' dir='ltr' id='par_1_64' title="bbox 271 3869 1882 3943">
     <span class='ocr_line' id='line_1_64' title="bbox 271 3869 1882 3943; baseline 0.001 -18"><span class='ocrx_word' id='word_1_448' title='bbox 271 3875 417 3943; x_wconf 76' lang='lat' dir='ltr'><strong>gunt</strong></span> <span class='ocrx_word' id='word_1_449' title='bbox 443 3869 496 3925; x_wconf 92' lang='lat' dir='ltr'><strong>in</strong></span> <span class='ocrx_word' id='word_1_450' title='bbox 525 3869 758 3943; x_wconf 69' lang='lat' dir='ltr'><strong>genitivo</strong></span> <span class='ocrx_word' id='word_1_451' title='bbox 781 3891 795 3926; x_wconf 88' lang='lat'>:</span> <span class='ocrx_word' id='word_1_452' title='bbox 825 3875 970 3943; x_wconf 84' lang='lat' dir='ltr'><strong>Inter</strong></span> <span class='ocrx_word' id='word_1_453' title='bbox 994 3887 1049 3926; x_wconf 93' lang='lat' dir='ltr'><strong>se</strong></span> <span class='ocrx_word' id='word_1_454' title='bbox 1069 3874 1297 3926; x_wconf 75' lang='lat' dir='ltr'><strong>invicem</strong></span> <span class='ocrx_word' id='word_1_455' title='bbox 1327 3875 1708 3943; x_wconf 79' lang='lat' dir='ltr'><strong>cogitationum</strong></span> <span class='ocrx_word' id='word_1_456' title='bbox 1730 3888 1882 3943; x_wconf 85' lang='lat' dir='ltr'><strong>accu-</strong></span> 
     </span>
    </p>
   </div>
   <div class='ocr_carea' id='block_1_65' title="bbox 265 3939 1886 4010">
    <p class='ocr_par' dir='ltr' id='par_1_65' title="bbox 265 3939 1886 4010">
     <span class='ocr_line' id='line_1_65' title="bbox 265 3939 1886 4010; baseline 0 -14"><span class='ocrx_word' id='word_1_457' title='bbox 265 3939 554 4010; x_wconf 61' lang='lat' dir='ltr'><strong>santium;</strong></span> <span class='ocrx_word' id='word_1_458' title='bbox 575 3950 710 4010; x_wconf 88' lang='lat' dir='ltr'><strong>etc.,</strong></span> <span class='ocrx_word' id='word_1_459' title='bbox 737 3957 897 3996; x_wconf 87' lang='lat' dir='ltr'><strong>more</strong></span> <span class='ocrx_word' id='word_1_460' title='bbox 941 3939 1422 4010; x_wconf 75' lang='lat' dir='ltr'><strong>Graecorum,_qui</strong></span> <span class='ocrx_word' id='word_1_461' title='bbox 1467 3939 1726 4010; x_wconf 82' lang='lat' dir='ltr'><strong>genitivis</strong></span> <span class='ocrx_word' id='word_1_462' title='bbox 1764 3941 1886 3996; x_wconf 91' lang='lat' dir='ltr'><strong>loco</strong></span> 
     </span>
    </p>
   </div>
   <div class='ocr_carea' id='block_1_66' title="bbox 265 4007 1887 4080">
    <p class='ocr_par' dir='ltr' id='par_1_66' title="bbox 265 4007 1887 4080">
     <span class='ocr_line' id='line_1_66' title="bbox 265 4007 1887 4080; baseline -0.001 -11"><span class='ocrx_word' id='word_1_463' title='bbox 265 4007 646 4069; x_wconf 82' lang='lat' dir='ltr'><strong>ablativorum</strong></span> <span class='ocrx_word' id='word_1_464' title='bbox 679 4007 934 4078; x_wconf 85' lang='lat' dir='ltr'><strong>utuntur,</strong></span> <span class='ocrx_word' id='word_1_465' title='bbox 972 4009 1119 4080; x_wconf 88' lang='lat' dir='ltr'><strong>quod</strong></span> <span class='ocrx_word' id='word_1_466' title='bbox 1161 4007 1409 4080; x_wconf 55' lang='lat' dir='ltr'><strong>ablatiiis</strong></span> <span class='ocrx_word' id='word_1_467' title='bbox 1435 4007 1676 4080; x_wconf 71' lang='lat' dir='ltr'><strong>careant.</strong></span> <span class='ocrx_word' id='word_1_468' title='bbox 1717 4010 1887 4080; x_wconf 84' lang='lat' dir='ltr'><strong>Porro</strong></span> 
     </span>
    </p>
   </div>
   <div class='ocr_carea' id='block_1_67' title="bbox 261 4077 1884 4148">
    <p class='ocr_par' dir='ltr' id='par_1_67' title="bbox 261 4077 1884 4148">
     <span class='ocr_line' id='line_1_67' title="bbox 261 4077 1884 4148; baseline -0.001 -8"><span class='ocrx_word' id='word_1_469' title='bbox 261 4081 656 4140; x_wconf 77' lang='lat' dir='ltr'><strong>accusantibus</strong></span> <span class='ocrx_word' id='word_1_470' title='bbox 681 4087 733 4136; x_wconf 87' lang='lat' dir='ltr'><strong>et</strong></span> <span class='ocrx_word' id='word_1_471' title='bbox 756 4077 1166 4148; x_wconf 79' lang='lat' dir='ltr'><strong>defendentibus</strong></span> <span class='ocrx_word' id='word_1_472' title='bbox 1185 4078 1447 4136; x_wconf 82' lang='lat' dir='ltr'><strong>vocabula</strong></span> <span class='ocrx_word' id='word_1_473' title='bbox 1463 4085 1595 4136; x_wconf 87' lang='lat' dir='ltr'><strong>sunt</strong></span> <span class='ocrx_word' id='word_1_474' title='bbox 1614 4077 1847 4136; x_wconf 81' lang='lat' dir='ltr'><strong>forensia</strong></span> <span class='ocrx_word' id='word_1_475' title='bbox 1870 4101 1884 4138; x_wconf 87' lang='lat'><strong>:</strong></span> 
     </span>
    </p>
   </div>
   <div class='ocr_carea' id='block_1_68' title="bbox 255 4149 1892 4234">
    <p class='ocr_par' dir='ltr' id='par_1_68' title="bbox 255 4149 1892 4234">
     <span class='ocr_line' id='line_1_68' title="bbox 255 4149 1892 4234; baseline 0.001 -26"><span class='ocrx_word' id='word_1_476' title='bbox 255 4162 333 4234; x_wconf 62' lang='lat' dir='ltr'><strong>at</strong></span> <span class='ocrx_word' id='word_1_477' title='bbox 352 4165 563 4234; x_wconf 61' lang='lat' dir='ltr'><strong>sensus</strong></span> <span class='ocrx_word' id='word_1_478' title='bbox 597 4160 700 4219; x_wconf 85' lang='lat' dir='ltr'><strong>est,</strong></span> <span class='ocrx_word' id='word_1_479' title='bbox 726 4149 895 4234; x_wconf 80' lang='lat' dir='ltr'><strong>quod,</strong></span> <span class='ocrx_word' id='word_1_480' title='bbox 937 4150 1263 4234; x_wconf 87' lang='lat' dir='ltr'><strong>conscientia</strong></span> <span class='ocrx_word' id='word_1_481' title='bbox 1287 4158 1476 4234; x_wconf 85' lang='lat' dir='ltr'><strong>nostra</strong></span> <span class='ocrx_word' id='word_1_482' title='bbox 1505 4157 1794 4234; x_wconf 78' lang='lat' dir='ltr'><strong>attestante</strong></span> <span class='ocrx_word' id='word_1_483' title='bbox 1835 4159 1892 4208; x_wconf 89' lang='lat' dir='ltr'><strong>et</strong></span> 
     </span>
    </p>
   </div>
   <div class='ocr_carea' id='block_1_69' title="bbox 253 4220 1892 4300">
    <p class='ocr_par' dir='ltr' id='par_1_69' title="bbox 253 4220 1892 4300">
     <span class='ocr_line' id='line_1_69' title="bbox 253 4220 1892 4300; baseline -0.003 -17"><span class='ocrx_word' id='word_1_484' title='bbox 253 4221 578 4300; x_wconf 84' lang='lat' dir='ltr'><strong>judicante,</strong></span> <span class='ocrx_word' id='word_1_485' title='bbox 641 4220 994 4295; x_wconf 81' lang='lat' dir='ltr'><strong>cogitationes</strong></span> <span class='ocrx_word' id='word_1_486' title='bbox 1051 4231 1250 4300; x_wconf 74' lang='lat' dir='ltr'><strong>nostra:</strong></span> <span class='ocrx_word' id='word_1_487' title='bbox 1303 4220 1752 4300; x_wconf 62' lang='lat' dir='ltr'><strong>quaedamfacta</strong></span> <span class='ocrx_word' id='word_1_488' title='bbox 1795 4239 1892 4278; x_wconf 87' lang='lat' dir='ltr'><strong>ar-</strong></span> 
     </span>
    </p>
   </div>
   <div class='ocr_carea' id='block_1_70' title="bbox 268 4291 1889 4370">
    <p class='ocr_par' dir='ltr' id='par_1_70' title="bbox 268 4291 1889 4370">
     <span class='ocr_line' id='line_1_70' title="bbox 268 4291 1889 4370; baseline -0.001 -18"><span class='ocrx_word' id='word_1_489' title='bbox 268 4291 454 4370; x_wconf 71' lang='lat' dir='ltr'><strong>guunt</strong></span> <span class='ocrx_word' id='word_1_490' title='bbox 499 4291 570 4350; x_wconf 90' lang='lat' dir='ltr'><strong>et</strong></span> <span class='ocrx_word' id='word_1_491' title='bbox 600 4291 855 4370; x_wconf 73' lang='lat' dir='ltr'><strong>accusant</strong></span> <span class='ocrx_word' id='word_1_492' title='bbox 895 4302 953 4350; x_wconf 93' lang='lat' dir='ltr'><strong>ut</strong></span> <span class='ocrx_word' id='word_1_493' title='bbox 993 4293 1154 4370; x_wconf 81' lang='lat' dir='ltr'><strong>mala,</strong></span> <span class='ocrx_word' id='word_1_494' title='bbox 1203 4291 1455 4370; x_wconf 73' lang='lat' dir='ltr'><strong>quaedam</strong></span> <span class='ocrx_word' id='word_1_495' title='bbox 1493 4291 1796 4352; x_wconf 81' lang='lat' dir='ltr'><strong>defendunt</strong></span> <span class='ocrx_word' id='word_1_496' title='bbox 1834 4301 1889 4350; x_wconf 91' lang='lat' dir='ltr'><strong>et</strong></span> 
     </span>
    </p>
   </div>
   <div class='ocr_carea' id='block_1_71' title="bbox 270 4364 1886 4438">
    <p class='ocr_par' dir='ltr' id='par_1_71' title="bbox 270 4364 1886 4438">
     <span class='ocr_line' id='line_1_71' title="bbox 270 4364 1886 4438; baseline -0.001 -14"><span class='ocrx_word' id='word_1_497' title='bbox 270 4364 543 4438; x_wconf 67' lang='lat' dir='ltr'><strong>éscusant</strong></span> <span class='ocrx_word' id='word_1_498' title='bbox 573 4373 634 4422; x_wconf 92' lang='lat' dir='ltr'><strong>ut</strong></span> <span class='ocrx_word' id='word_1_499' title='bbox 664 4365 808 4422; x_wconf 88' lang='lat' dir='ltr'><strong>bona</strong></span> <span class='ocrx_word' id='word_1_500' title='bbox 835 4384 849 4434; x_wconf 91' lang='lat'><strong>;</strong></span> <span class='ocrx_word' id='word_1_501' title='bbox 891 4364 1118 4436; x_wconf 86' lang='lat' dir='ltr'><strong>proinde</strong></span> <span class='ocrx_word' id='word_1_502' title='bbox 1142 4364 1532 4438; x_wconf 72' lang='lat' dir='ltr'><strong>cogitationum</strong></span> <span class='ocrx_word' id='word_1_503' title='bbox 1568 4372 1886 4438; x_wconf 84' lang='lat' dir='ltr'><strong>nostrarum</strong></span> 
     </span>
    </p>
   </div>
   <div class='ocr_carea' id='block_1_72' title="bbox 270 4435 1887 4508">
    <p class='ocr_par' dir='ltr' id='par_1_72' title="bbox 270 4435 1887 4508">
     <span class='ocr_line' id='line_1_72' title="bbox 270 4435 1887 4508; baseline 0 -14"><span class='ocrx_word' id='word_1_504' title='bbox 270 4437 395 4496; x_wconf 73' lang='lat' dir='ltr'><strong>aliae</strong></span> <span class='ocrx_word' id='word_1_505' title='bbox 423 4435 524 4494; x_wconf 85' lang='lat' dir='ltr'><strong>sibi</strong></span> <span class='ocrx_word' id='word_1_506' title='bbox 550 4445 780 4494; x_wconf 90' lang='lat' dir='ltr'><strong>sumunt</strong></span> <span class='ocrx_word' id='word_1_507' title='bbox 805 4435 984 4508; x_wconf 80' lang='lat' dir='ltr'><strong>partes</strong></span> <span class='ocrx_word' id='word_1_508' title='bbox 1010 4435 1366 4506; x_wconf 77' lang='lat' dir='ltr'><strong>accusatoris,</strong></span> <span class='ocrx_word' id='word_1_509' title='bbox 1390 4437 1510 4496; x_wconf 72' lang='lat' dir='ltr'><strong>alia:</strong></span> <span class='ocrx_word' id='word_1_510' title='bbox 1540 4437 1640 4499; x_wconf 77' lang='lat' dir='ltr'><strong>tci.</strong></span> <span class='ocrx_word' id='word_1_511' title='bbox 1681 4440 1756 4495; x_wconf 85' lang='lat' dir='ltr'><strong>At</strong></span> <span class='ocrx_word' id='word_1_512' title='bbox 1780 4435 1887 4494; x_wconf 88' lang='lat' dir='ltr'><strong>hoc</strong></span> 
     </span>
    </p>
   </div>
   <div class='ocr_carea' id='block_1_73' title="bbox 1893 1743 3580 1825">
    <p class='ocr_par' dir='ltr' id='par_1_73' title="bbox 1893 1743 3580 1825">
     <span class='ocr_line' id='line_1_73' title="bbox 1893 1743 3580 1825; baseline 0 -27"><span class='ocrx_word' id='word_1_513' title='bbox 1893 1749 1943 1812; x_wconf 87' lang='lat' dir='ltr'><strong>B</strong></span> <span class='ocrx_word' id='word_1_514' title='bbox 1976 1743 2239 1825; x_wconf 66' lang='lat' dir='ltr'><strong>prabere,</strong></span> <span class='ocrx_word' id='word_1_515' title='bbox 2265 1745 2520 1825; x_wconf 42' lang='lat' dir='ltr'><strong>inimicos.</strong></span> <span class='ocrx_word' id='word_1_516' title='bbox 2539 1747 2746 1798; x_wconf 87' lang='lat' dir='ltr'><strong>nostros</strong></span> <span class='ocrx_word' id='word_1_517' title='bbox 2774 1758 2978 1825; x_wconf 63' lang='lat' dir='ltr'><strong>amara,</strong></span> <span class='ocrx_word' id='word_1_518' title='bbox 3007 1746 3058 1798; x_wconf 91' lang='lat' dir='ltr'><strong>et</strong></span> <span class='ocrx_word' id='word_1_519' title='bbox 3092 1757 3247 1825; x_wconf 71' lang='lat' dir='ltr'><strong>arare</strong></span> <span class='ocrx_word' id='word_1_520' title='bbox 3278 1757 3379 1825; x_wconf 81' lang='lat' dir='ltr'><strong>pro</strong></span> <span class='ocrx_word' id='word_1_521' title='bbox 3391 1757 3580 1825; x_wconf 80' lang='lat' dir='ltr'><strong>perse-</strong></span> 
     </span>
    </p>
   </div>
   <div class='ocr_carea' id='block_1_74' title="bbox 1979 1813 3582 1885">
    <p class='ocr_par' dir='ltr' id='par_1_74' title="bbox 1979 1813 3582 1885">
     <span class='ocr_line' id='line_1_74' title="bbox 1979 1813 3582 1885; baseline 0 -16"><span class='ocrx_word' id='word_1_522' title='bbox 1979 1813 2286 1885; x_wconf 85' lang='lat' dir='ltr'><strong>quentibus,</strong></span> <span class='ocrx_word' id='word_1_523' title='bbox 2307 1815 2478 1870; x_wconf 87' lang='lat' dir='ltr'><strong>omnis</strong></span> <span class='ocrx_word' id='word_1_524' title='bbox 2496 1816 2594 1869; x_wconf 81' lang='lat' dir='ltr'><strong>irce</strong></span> <span class='ocrx_word' id='word_1_525' title='bbox 2617 1816 2818 1885; x_wconf 81' lang='lat' dir='ltr'><strong>occasio</strong></span> <span class='ocrx_word' id='word_1_526' title='bbox 2838 1815 3068 1885; x_wconf 79' lang='lat' dir='ltr'><strong>tollitur.</strong></span> <span class='ocrx_word' id='word_1_527' title='bbox 3092 1815 3204 1885; x_wconf 74' lang='lat' dir='ltr'><strong>Nec</strong></span> <span class='ocrx_word' id='word_1_528' title='bbox 3227 1813 3373 1868; x_wconf 90' lang='lat' dir='ltr'><strong>enim</strong></span> <span class='ocrx_word' id='word_1_529' title='bbox 3387 1813 3582 1885; x_wconf 82' lang='lat' dir='ltr'><strong>immu-</strong></span> 
     </span>
    </p>
   </div>
   <div class='ocr_carea' id='block_1_75' title="bbox 1975 1883 3582 1956">
    <p class='ocr_par' dir='ltr' id='par_1_75' title="bbox 1975 1883 3582 1956">
     <span class='ocr_line' id='line_1_75' title="bbox 1975 1883 3582 1956; baseline -0.001 -15"><span class='ocrx_word' id='word_1_530' title='bbox 1975 1883 2062 1956; x_wconf 80' lang='lat' dir='ltr'><strong>nis</strong></span> <span class='ocrx_word' id='word_1_531' title='bbox 2100 1893 2185 1942; x_wconf 88' lang='lat' dir='ltr'><strong>est</strong></span> <span class='ocrx_word' id='word_1_532' title='bbox 2209 1901 2242 1941; x_wconf 88' lang='lat' dir='ltr'><strong>a</strong></span> <span class='ocrx_word' id='word_1_533' title='bbox 2266 1892 2508 1956; x_wconf 88' lang='lat' dir='ltr'><strong>peccato,</strong></span> <span class='ocrx_word' id='word_1_534' title='bbox 2539 1885 2631 1956; x_wconf 90' lang='lat' dir='ltr'><strong>qui</strong></span> <span class='ocrx_word' id='word_1_535' title='bbox 2667 1884 2829 1956; x_wconf 87' lang='lat' dir='ltr'><strong>etiam</strong></span> <span class='ocrx_word' id='word_1_536' title='bbox 2855 1883 2952 1956; x_wconf 12' lang='lat' dir='ltr'><strong>rab&#39;</strong></span> <span class='ocrx_word' id='word_1_537' title='bbox 2969 1883 3072 1956; x_wconf 88' lang='lat' dir='ltr'><strong>alio</strong></span> <span class='ocrx_word' id='word_1_538' title='bbox 3095 1883 3262 1956; x_wconf 65' lang='lat' dir='ltr'><strong>laesus</strong></span> <span class='ocrx_word' id='word_1_539' title='bbox 3301 1891 3354 1956; x_wconf 78' lang='lat' dir='ltr'><strong>et</strong></span> <span class='ocrx_word' id='word_1_540' title='bbox 3383 1883 3582 1956; x_wconf 87' lang='lat' dir='ltr'><strong>injuria</strong></span> 
     </span>
    </p>
   </div>
   <div class='ocr_carea' id='block_1_76' title="bbox 1977 1953 3582 2027">
    <p class='ocr_par' dir='ltr' id='par_1_76' title="bbox 1977 1953 3582 2027">
     <span class='ocr_line' id='line_1_76' title="bbox 1977 1953 3582 2027; baseline -0.001 -14"><span class='ocrx_word' id='word_1_541' title='bbox 1977 1954 2207 2027; x_wconf 72' lang='lat' dir='ltr'><strong>affectus</strong></span> <span class='ocrx_word' id='word_1_542' title='bbox 2228 1953 2503 2012; x_wconf 70' lang='lat' dir='ltr'><strong>irascitur.</strong></span> <span class='ocrx_word' id='word_1_543' title='bbox 2535 1953 2678 2012; x_wconf 75' lang='lat' dir='ltr'><strong>Nam</strong></span> <span class='ocrx_word' id='word_1_544' title='bbox 2707 1955 2864 2012; x_wconf 87' lang='lat' dir='ltr'><strong>sicuti</strong></span> <span class='ocrx_word' id='word_1_545' title='bbox 2900 1953 3106 2027; x_wconf 90' lang='lat' dir='ltr'><strong>nemini</strong></span> <span class='ocrx_word' id='word_1_546' title='bbox 3126 1954 3278 2027; x_wconf 81' lang='lat' dir='ltr'><strong>justa</strong></span> <span class='ocrx_word' id='word_1_547' title='bbox 3319 1954 3388 2011; x_wconf 89' lang='lat' dir='ltr'><strong>de</strong></span> <span class='ocrx_word' id='word_1_548' title='bbox 3417 1953 3582 2012; x_wconf 78' lang='lat' dir='ltr'><strong>causa</strong></span> 
     </span>
    </p>
   </div>
   <div class='ocr_carea' id='block_1_77' title="bbox 1979 2021 3581 2100">
    <p class='ocr_par' dir='ltr' id='par_1_77' title="bbox 1979 2021 3581 2100">
     <span class='ocr_line' id='line_1_77' title="bbox 1979 2021 3581 2100; baseline -0.001 -18"><span class='ocrx_word' id='word_1_549' title='bbox 1979 2021 2115 2100; x_wconf 57' lang='lat' dir='ltr'><strong>licet</strong></span> <span class='ocrx_word' id='word_1_550' title='bbox 2131 2027 2354 2100; x_wconf 14' lang='lat' dir='ltr'><strong>privata,</strong></span> <span class='ocrx_word' id='word_1_551' title='bbox 2375 2027 2700 2100; x_wconf 80' lang='lat' dir='ltr'><strong>auctoritate</strong></span> <span class='ocrx_word' id='word_1_552' title='bbox 2729 2026 3041 2100; x_wconf 76' lang='lat' dir='ltr'><strong>quempiam</strong></span> <span class='ocrx_word' id='word_1_553' title='bbox 3077 2021 3344 2100; x_wconf 77' lang='lat' dir='ltr'><strong>occidere,</strong></span> <span class='ocrx_word' id='word_1_554' title='bbox 3373 2027 3450 2082; x_wconf 87' lang='lat' dir='ltr'><strong>ita</strong></span> <span class='ocrx_word' id='word_1_555' title='bbox 3480 2041 3581 2100; x_wconf 77' lang='lat' dir='ltr'><strong>ns-</strong></span> 
     </span>
    </p>
   </div>
   <div class='ocr_carea' id='block_1_78' title="bbox 1980 2095 3581 2172">
    <p class='ocr_par' dir='ltr' id='par_1_78' title="bbox 1980 2095 3581 2172">
     <span class='ocr_line' id='line_1_78' title="bbox 1980 2095 3581 2172; baseline -0.001 -18"><span class='ocrx_word' id='word_1_556' title='bbox 1980 2095 2285 2172; x_wconf 79' lang='lat' dir='ltr'><strong>minijusta</strong></span> <span class='ocrx_word' id='word_1_557' title='bbox 2323 2097 2403 2172; x_wconf 73' lang='lat' dir='ltr'><strong>de</strong></span> <span class='ocrx_word' id='word_1_558' title='bbox 2417 2113 2577 2154; x_wconf 87' lang='lat' dir='ltr'><strong>causa</strong></span> <span class='ocrx_word' id='word_1_559' title='bbox 2619 2095 2761 2172; x_wconf 56' lang='lat' dir='ltr'><strong>licet</strong></span> <span class='ocrx_word' id='word_1_560' title='bbox 2775 2095 2966 2172; x_wconf 77' lang='lat' dir='ltr'><strong>irasci;</strong></span> <span class='ocrx_word' id='word_1_561' title='bbox 2997 2097 3086 2172; x_wconf 74' lang='lat' dir='ltr'><strong>sic</strong></span> <span class='ocrx_word' id='word_1_562' title='bbox 3103 2095 3364 2172; x_wconf 81' lang='lat' dir='ltr'><strong>nimirum</strong></span> <span class='ocrx_word' id='word_1_563' title='bbox 3393 2103 3455 2153; x_wconf 93' lang='lat' dir='ltr'><strong>ut</strong></span> <span class='ocrx_word' id='word_1_564' title='bbox 3495 2097 3581 2172; x_wconf 55' lang='lat' dir='ltr'><strong>al:</strong></span> 
     </span>
    </p>
   </div>
   <div class='ocr_carea' id='block_1_79' title="bbox 1985 2165 3582 2242">
    <p class='ocr_par' dir='ltr' id='par_1_79' title="bbox 1985 2165 3582 2242">
     <span class='ocr_line' id='line_1_79' title="bbox 1985 2165 3582 2242; baseline -0.003 -16"><span class='ocrx_word' id='word_1_565' title='bbox 1985 2169 2083 2227; x_wconf 84' lang='lat' dir='ltr'><strong>teri</strong></span> <span class='ocrx_word' id='word_1_566' title='bbox 2116 2165 2260 2242; x_wconf 77' lang='lat' dir='ltr'><strong>male</strong></span> <span class='ocrx_word' id='word_1_567' title='bbox 2305 2169 2569 2242; x_wconf 57' lang='lat' dir='ltr'><strong>velimus,</strong></span> <span class='ocrx_word' id='word_1_568' title='bbox 2600 2177 2693 2225; x_wconf 90' lang='lat' dir='ltr'><strong>aut</strong></span> <span class='ocrx_word' id='word_1_569' title='bbox 2725 2165 2988 2242; x_wconf 78' lang='lat' dir='ltr'><strong>injuriarn</strong></span> <span class='ocrx_word' id='word_1_570' title='bbox 3033 2167 3384 2242; x_wconf 76' lang='lat' dir='ltr'><strong>ulciscamur,</strong></span> <span class='ocrx_word' id='word_1_571' title='bbox 3414 2165 3582 2242; x_wconf 83' lang='lat' dir='ltr'><strong>_quo_d</strong></span> 
     </span>
    </p>
   </div>
   <div class='ocr_carea' id='block_1_80' title="bbox 1979 2237 3579 2313">
    <p class='ocr_par' dir='ltr' id='par_1_80' title="bbox 1979 2237 3579 2313">
     <span class='ocr_line' id='line_1_80' title="bbox 1979 2237 3579 2313; baseline -0.003 -16"><span class='ocrx_word' id='word_1_572' title='bbox 1979 2248 2063 2298; x_wconf 91' lang='lat' dir='ltr'><strong>est</strong></span> <span class='ocrx_word' id='word_1_573' title='bbox 2085 2241 2294 2313; x_wconf 89' lang='lat' dir='ltr'><strong>malum</strong></span> <span class='ocrx_word' id='word_1_574' title='bbox 2336 2255 2434 2313; x_wconf 89' lang='lat' dir='ltr'><strong>pro</strong></span> <span class='ocrx_word' id='word_1_575' title='bbox 2464 2240 2609 2296; x_wconf 89' lang='lat' dir='ltr'><strong>malo</strong></span> <span class='ocrx_word' id='word_1_576' title='bbox 2650 2237 2896 2313; x_wconf 73' lang='lat' dir='ltr'><strong>reddere.</strong></span> <span class='ocrx_word' id='word_1_577' title='bbox 2917 2242 3046 2313; x_wconf 72' lang='lat' dir='ltr'><strong>Nec</strong></span> <span class='ocrx_word' id='word_1_578' title='bbox 3072 2239 3253 2296; x_wconf 86' lang='lat' dir='ltr'><strong>obstat</strong></span> <span class='ocrx_word' id='word_1_579' title='bbox 3287 2237 3579 2313; x_wconf 68' lang='lat' dir='ltr'><strong>quodali-</strong></span> 
     </span>
    </p>
   </div>
   <div class='ocr_carea' id='block_1_81' title="bbox 1980 2309 3578 2385">
    <p class='ocr_par' dir='ltr' id='par_1_81' title="bbox 1980 2309 3578 2385">
     <span class='ocr_line' id='line_1_81' title="bbox 1980 2309 3578 2385; baseline -0.003 -16"><span class='ocrx_word' id='word_1_580' title='bbox 1980 2311 2199 2385; x_wconf 87' lang='lat' dir='ltr'><strong>quando</strong></span> <span class='ocrx_word' id='word_1_581' title='bbox 2235 2309 2352 2385; x_wconf 79' lang='lat' dir='ltr'><strong>sine</strong></span> <span class='ocrx_word' id='word_1_582' title='bbox 2382 2319 2602 2385; x_wconf 81' lang='lat' dir='ltr'><strong>peccato</strong></span> <span class='ocrx_word' id='word_1_583' title='bbox 2631 2311 2928 2385; x_wconf 81' lang='lat' dir='ltr'><strong>quisalteri</strong></span> <span class='ocrx_word' id='word_1_584' title='bbox 2968 2310 3268 2385; x_wconf 82' lang='lat' dir='ltr'><strong>irascatur;</strong></span> <span class='ocrx_word' id='word_1_585' title='bbox 3295 2309 3398 2385; x_wconf 76' lang='lat' dir='ltr'><strong>aut</strong></span> <span class='ocrx_word' id='word_1_586' title='bbox 3415 2309 3578 2385; x_wconf 73' lang='lat' dir='ltr'><strong>atiam</strong></span> 
     </span>
    </p>
   </div>
   <div class='ocr_carea' id='block_1_82' title="bbox 1978 2378 3576 2454">
    <p class='ocr_par' dir='ltr' id='par_1_82' title="bbox 1978 2378 3576 2454">
     <span class='ocr_line' id='line_1_82' title="bbox 1978 2378 3576 2454; baseline -0.003 -15"><span class='ocrx_word' id='word_1_587' title='bbox 1978 2378 2163 2454; x_wconf 72' lang='lat' dir='ltr'><strong>facha,</strong></span> <span class='ocrx_word' id='word_1_588' title='bbox 2187 2383 2270 2440; x_wconf 85' lang='lat' dir='ltr'><strong>vel</strong></span> <span class='ocrx_word' id='word_1_589' title='bbox 2296 2378 2462 2450; x_wconf 76' lang='lat' dir='ltr'><strong>fatue,</strong></span> <span class='ocrx_word' id='word_1_590' title='bbox 2492 2378 2673 2454; x_wconf 50' lang='lat' dir='ltr'><strong>dicat:</strong></span> <span class='ocrx_word' id='word_1_591' title='bbox 2686 2381 2937 2454; x_wconf 83' lang='lat' dir='ltr'><strong>Primum</strong></span> <span class='ocrx_word' id='word_1_592' title='bbox 2964 2383 3108 2438; x_wconf 87' lang='lat' dir='ltr'><strong>enim</strong></span> <span class='ocrx_word' id='word_1_593' title='bbox 3138 2397 3254 2454; x_wconf 83' lang='lat' dir='ltr'><strong>non</strong></span> <span class='ocrx_word' id='word_1_594' title='bbox 3283 2378 3576 2454; x_wconf 88' lang='lat' dir='ltr'><strong>prohiben-</strong></span> 
     </span>
    </p>
   </div>
   <div class='ocr_carea' id='block_1_83' title="bbox 1979 2451 3580 2526">
    <p class='ocr_par' dir='ltr' id='par_1_83' title="bbox 1979 2451 3580 2526">
     <span class='ocr_line' id='line_1_83' title="bbox 1979 2451 3580 2526; baseline -0.003 -16"><span class='ocrx_word' id='word_1_595' title='bbox 1979 2461 2070 2510; x_wconf 89' lang='lat' dir='ltr'><strong>tur</strong></span> <span class='ocrx_word' id='word_1_596' title='bbox 2111 2453 2204 2510; x_wconf 89' lang='lat' dir='ltr'><strong>hic</strong></span> <span class='ocrx_word' id='word_1_597' title='bbox 2250 2453 2412 2526; x_wconf 87' lang='lat' dir='ltr'><strong>primi</strong></span> <span class='ocrx_word' id='word_1_598' title='bbox 2457 2453 2750 2526; x_wconf 62' lang='lat' dir='ltr'><strong>iracundiae</strong></span> <span class='ocrx_word' id='word_1_599' title='bbox 2775 2461 2999 2526; x_wconf 53' lang='lat' dir='ltr'><strong>anotus,</strong></span> <span class='ocrx_word' id='word_1_600' title='bbox 3030 2453 3123 2526; x_wconf 91' lang='lat' dir='ltr'><strong>qui</strong></span> <span class='ocrx_word' id='word_1_601' title='bbox 3162 2451 3222 2526; x_wconf 88' lang='lat' dir='ltr'><strong>in_</strong></span> <span class='ocrx_word' id='word_1_602' title='bbox 3243 2451 3430 2508; x_wconf 83' lang='lat' dir='ltr'><strong>nostra</strong></span> <span class='ocrx_word' id='word_1_603' title='bbox 3452 2466 3580 2526; x_wconf 69' lang='lat' dir='ltr'><strong>non</strong></span> 
     </span>
    </p>
   </div>
   <div class='ocr_carea' id='block_1_84' title="bbox 1979 2521 3563 2598">
    <p class='ocr_par' dir='ltr' id='par_1_84' title="bbox 1979 2521 3563 2598">
     <span class='ocr_line' id='line_1_84' title="bbox 1979 2521 3563 2598; baseline -0.002 -18"><span class='ocrx_word' id='word_1_604' title='bbox 1979 2533 2112 2598; x_wconf 76' lang='lat' dir='ltr'><strong>sunt</strong></span> <span class='ocrx_word' id='word_1_605' title='bbox 2132 2521 2404 2598; x_wconf 75' lang='lat' dir='ltr'><strong>potestate</strong></span> <span class='ocrx_word' id='word_1_606' title='bbox 2437 2541 2452 2579; x_wconf 91' lang='lat'><strong>:</strong></span> <span class='ocrx_word' id='word_1_607' title='bbox 2494 2524 2591 2581; x_wconf 86' lang='lat' dir='ltr'><strong>sed</strong></span> <span class='ocrx_word' id='word_1_608' title='bbox 2612 2523 2692 2598; x_wconf 78' lang='lat' dir='ltr'><strong>ira</strong></span> <span class='ocrx_word' id='word_1_609' title='bbox 2705 2524 2998 2598; x_wconf 71' lang='lat' dir='ltr'><strong>deliberata</strong></span> <span class='ocrx_word' id='word_1_610' title='bbox 3017 2521 3072 2580; x_wconf 75' lang='lat' dir='ltr'><strong>et</strong></span> <span class='ocrx_word' id='word_1_611' title='bbox 3100 2522 3358 2598; x_wconf 74' lang='lat' dir='ltr'><strong>perfecta,</strong></span> <span class='ocrx_word' id='word_1_612' title='bbox 3378 2521 3465 2598; x_wconf 77' lang='lat' dir='ltr'><strong>cui</strong></span> <span class='ocrx_word' id='word_1_613' title='bbox 3482 2522 3563 2598; x_wconf 82' lang='lat' dir='ltr'><strong>sci</strong></span> 
     </span>
    </p>
   </div>
   <div class='ocr_carea' id='block_1_85' title="bbox 1977 2588 3684 2660">
    <p class='ocr_par' dir='ltr' id='par_1_85' title="bbox 1977 2588 3684 2660">
     <span class='ocr_line' id='line_1_85' title="bbox 1977 2588 3684 2660; baseline -0.004 -9"><span class='ocrx_word' id='word_1_614' title='bbox 1977 2594 2104 2652; x_wconf 90' lang='lat' dir='ltr'><strong>licet</strong></span> <span class='ocrx_word' id='word_1_615' title='bbox 2133 2588 2442 2651; x_wconf 74' lang='lat' dir='ltr'><strong>consensus</strong></span> <span class='ocrx_word' id='word_1_616' title='bbox 2473 2593 2701 2650; x_wconf 85' lang='lat' dir='ltr'><strong>accedit.</strong></span> <span class='ocrx_word' id='word_1_617' title='bbox 2738 2593 2948 2650; x_wconf 91' lang='lat' dir='ltr'><strong>Deinde</strong></span> <span class='ocrx_word' id='word_1_618' title='bbox 2979 2588 3438 2660; x_wconf 69' lang='lat' dir='ltr'><strong>nec&#39;hujusmodi</strong></span> <span class='ocrx_word' id='word_1_619' title='bbox 3480 2591 3580 2660; x_wconf 90' lang='lat' dir='ltr'><strong>ira,</strong></span> <span class='ocrx_word' id='word_1_620' title='bbox 3677 2588 3684 2596; x_wconf 82' lang='lat'>&#39;</span> 
     </span>
    </p>
   </div>
   <div class='ocr_carea' id='block_1_86' title="bbox 1979 2661 3584 2740">
    <p class='ocr_par' dir='ltr' id='par_1_86' title="bbox 1979 2661 3584 2740">
     <span class='ocr_line' id='line_1_86' title="bbox 1979 2661 3584 2740; baseline -0.004 -18"><span class='ocrx_word' id='word_1_621' title='bbox 1979 2681 2088 2740; x_wconf 89' lang='lat' dir='ltr'><strong>qua</strong></span> <span class='ocrx_word' id='word_1_622' title='bbox 2106 2666 2256 2740; x_wconf 80' lang='lat' dir='ltr'><strong>_quis_</strong></span> <span class='ocrx_word' id='word_1_623' title='bbox 2279 2664 2524 2740; x_wconf 73' lang='lat' dir='ltr'><strong>hominis</strong></span> <span class='ocrx_word' id='word_1_624' title='bbox 2570 2665 2700 2740; x_wconf 77' lang='lat' dir='ltr'><strong>vitia</strong></span> <span class='ocrx_word' id='word_1_625' title='bbox 2737 2663 2984 2740; x_wconf 77' lang='lat' dir='ltr'><strong>irascitur</strong></span> <span class='ocrx_word' id='word_1_626' title='bbox 3025 2671 3126 2720; x_wconf 89' lang='lat' dir='ltr'><strong>aut</strong></span> <span class='ocrx_word' id='word_1_627' title='bbox 3155 2661 3487 2740; x_wconf 73' lang='lat' dir='ltr'><strong>offenditur;</strong></span> <span class='ocrx_word' id='word_1_628' title='bbox 3515 2661 3584 2740; x_wconf 79' lang='lat' dir='ltr'><strong>ad</strong></span> 
     </span>
    </p>
   </div>
   <div class='ocr_carea' id='block_1_87' title="bbox 1978 2733 3587 2812">
    <p class='ocr_par' dir='ltr' id='par_1_87' title="bbox 1978 2733 3587 2812">
     <span class='ocr_line' id='line_1_87' title="bbox 1978 2733 3587 2812; baseline -0.005 -19"><span class='ocrx_word' id='word_1_629' title='bbox 1978 2733 2544 2812; x_wconf 46' lang='lat' dir='ltr'><strong>quod—insinuandum</strong></span> <span class='ocrx_word' id='word_1_630' title='bbox 2567 2735 2788 2806; x_wconf 87' lang='lat' dir='ltr'><strong>quidam</strong></span> <span class='ocrx_word' id='word_1_631' title='bbox 2803 2734 3008 2812; x_wconf 77' lang='lat' dir='ltr'><strong>dictum</strong></span> <span class='ocrx_word' id='word_1_632' title='bbox 3026 2741 3224 2812; x_wconf 80' lang='lat' dir='ltr'><strong>putant</strong></span> <span class='ocrx_word' id='word_1_633' title='bbox 3243 2753 3256 2788; x_wconf 88' lang='lat'>:</span> <span class='ocrx_word' id='word_1_634' title='bbox 3279 2733 3386 2812; x_wconf 69' lang='lat' dir='ltr'><strong>qui</strong></span> <span class='ocrx_word' id='word_1_635' title='bbox 3397 2733 3587 2812; x_wconf 71' lang='lat' dir='ltr'><strong>irasci-</strong></span> 
     </span>
    </p>
   </div>
   <div class='ocr_carea' id='block_1_88' title="bbox 1979 2802 3580 2876">
    <p class='ocr_par' dir='ltr' id='par_1_88' title="bbox 1979 2802 3580 2876">
     <span class='ocr_line' id='line_1_88' title="bbox 1979 2802 3580 2876; baseline -0.005 -13"><span class='ocrx_word' id='word_1_636' title='bbox 1979 2802 2070 2863; x_wconf 72' lang='lat' dir='ltr'><strong>tur</strong></span> <span class='ocrx_word' id='word_1_637' title='bbox 2089 2809 2269 2876; x_wconf 80' lang='lat' dir='ltr'><strong>fratri</strong></span> <span class='ocrx_word' id='word_1_638' title='bbox 2285 2823 2402 2871; x_wconf 86' lang='lat' dir='ltr'><strong>suo,</strong></span> <span class='ocrx_word' id='word_1_639' title='bbox 2421 2806 2523 2862; x_wconf 84' lang='lat' dir='ltr'><strong>hoc</strong></span> <span class='ocrx_word' id='word_1_640' title='bbox 2541 2802 2644 2876; x_wconf 78' lang='lat' dir='ltr'><strong>est,</strong></span> <span class='ocrx_word' id='word_1_641' title='bbox 2664 2823 2774 2862; x_wconf 90' lang='lat' dir='ltr'><strong>non</strong></span> <span class='ocrx_word' id='word_1_642' title='bbox 2795 2807 2921 2862; x_wconf 83' lang='lat' dir='ltr'><strong>vitio</strong></span> <span class='ocrx_word' id='word_1_643' title='bbox 2942 2802 3319 2876; x_wconf 76' lang='lat' dir='ltr'><strong>hominis,ed</strong></span> <span class='ocrx_word' id='word_1_644' title='bbox 3343 2802 3580 2876; x_wconf 85' lang='lat' dir='ltr'><strong>homini;</strong></span> 
     </span>
    </p>
   </div>
   <div class='ocr_carea' id='block_1_89' title="bbox 1975 2873 3586 3022">
    <p class='ocr_par' dir='ltr' id='par_1_89' title="bbox 1975 2873 3586 3022">
     <span class='ocr_line' id='line_1_89' title="bbox 1975 2873 3586 2950; baseline -0.004 -15"><span class='ocrx_word' id='word_1_645' title='bbox 1975 2873 2162 2950; x_wconf 82' lang='lat' dir='ltr'><strong>quem,</strong></span> <span class='ocrx_word' id='word_1_646' title='bbox 2192 2878 2318 2950; x_wconf 88' lang='lat' dir='ltr'><strong>quia</strong></span> <span class='ocrx_word' id='word_1_647' title='bbox 2348 2877 2512 2934; x_wconf 89' lang='lat' dir='ltr'><strong>frater</strong></span> <span class='ocrx_word' id='word_1_648' title='bbox 2537 2873 2640 2944; x_wconf 73' lang='lat' dir='ltr'><strong>est,</strong></span> <span class='ocrx_word' id='word_1_649' title='bbox 2677 2876 2916 2934; x_wconf 86' lang='lat' dir='ltr'><strong>fraterne</strong></span> <span class='ocrx_word' id='word_1_650' title='bbox 2940 2876 3160 2950; x_wconf 82' lang='lat' dir='ltr'><strong>diligere</strong></span> <span class='ocrx_word' id='word_1_651' title='bbox 3185 2875 3378 2933; x_wconf 87' lang='lat' dir='ltr'><strong>debet:</strong></span> <span class='ocrx_word' id='word_1_652' title='bbox 3415 2881 3476 2930; x_wconf 90' lang='lat' dir='ltr'><strong>ut</strong></span> <span class='ocrx_word' id='word_1_653' title='bbox 3500 2873 3586 2928; x_wconf 90' lang='lat' dir='ltr'><strong>in-</strong></span> 
     </span>
     <span class='ocr_line' id='line_1_90' title="bbox 1975 2946 3580 3022; baseline -0.004 -18"><span class='ocrx_word' id='word_1_654' title='bbox 1975 2949 2284 3022; x_wconf 72' lang='lat' dir='ltr'><strong>telligamus</strong></span> <span class='ocrx_word' id='word_1_655' title='bbox 2314 2949 2620 3022; x_wconf 76' lang='lat' dir='ltr'><strong>Dominum</strong></span> <span class='ocrx_word' id='word_1_656' title='bbox 2636 2948 2812 3022; x_wconf 18' lang='grc' dir='ltr'><strong>κιοςυὶ</strong></span> <span class='ocrx_word' id='word_1_657' title='bbox 2842 2946 2919 3022; x_wconf 90' lang='lat' dir='ltr'><strong>de</strong></span> <span class='ocrx_word' id='word_1_658' title='bbox 2940 2947 3022 3004; x_wconf 90' lang='lat' dir='ltr'><strong>ira</strong></span> <span class='ocrx_word' id='word_1_659' title='bbox 3059 2961 3182 3022; x_wconf 66' lang='lat' dir='ltr'><strong>qua:</strong></span> <span class='ocrx_word' id='word_1_660' title='bbox 3223 2951 3426 3022; x_wconf 72' lang='lat' dir='ltr'><strong>pugaat</strong></span> <span class='ocrx_word' id='word_1_661' title='bbox 3451 2957 3580 3022; x_wconf 69' lang='lat' dir='ltr'><strong>eam</strong></span> 
     </span>
    </p>
   </div>
   <div class='ocr_carea' id='block_1_90' title="bbox 1975 3017 3581 3099">
    <p class='ocr_par' dir='ltr' id='par_1_90' title="bbox 1975 3017 3581 3099">
     <span class='ocr_line' id='line_1_91' title="bbox 1975 3017 3581 3099; baseline -0.002 -24"><span class='ocrx_word' id='word_1_662' title='bbox 1975 3017 2266 3099; x_wconf 62' lang='lat' dir='ltr'><strong>dilectione</strong></span> <span class='ocrx_word' id='word_1_663' title='bbox 2301 3017 2564 3099; x_wconf 76' lang='lat' dir='ltr'><strong>fraterna.</strong></span> <span class='ocrx_word' id='word_1_664' title='bbox 2603 3017 2771 3099; x_wconf 67' lang='lat' dir='ltr'><strong>Unde</strong></span> <span class='ocrx_word' id='word_1_665' title='bbox 2797 3017 3393 3099; x_wconf 33' lang='lat' dir='ltr'><strong>D_._A_ugus_ri.nus(Lib..</strong></span> <span class='ocrx_word' id='word_1_666' title='bbox 3426 3029 3450 3099; x_wconf 54' lang='grc' dir='ltr'><strong><em>ξ</em></strong></span> <span class='ocrx_word' id='word_1_667' title='bbox 3476 3018 3581 3072; x_wconf 84' lang='lat' dir='ltr'><strong>Re-</strong></span> 
     </span>
    </p>
   </div>
   <div class='ocr_carea' id='block_1_91' title="bbox 1977 3091 3578 3160">
    <p class='ocr_par' dir='ltr' id='par_1_91' title="bbox 1977 3091 3578 3160">
     <span class='ocr_line' id='line_1_92' title="bbox 1977 3091 3578 3160; baseline -0.003 -14"><span class='ocrx_word' id='word_1_668' title='bbox 1977 3095 2197 3147; x_wconf 86' lang='lat' dir='ltr'><strong>tractat.</strong></span> <span class='ocrx_word' id='word_1_669' title='bbox 2227 3107 2272 3146; x_wconf 91' lang='lat' dir='ltr'><strong>c.</strong></span> <span class='ocrx_word' id='word_1_670' title='bbox 2301 3094 2386 3158; x_wconf 88' lang='lat' dir='ltr'><strong>l9,</strong></span> <span class='ocrx_word' id='word_1_671' title='bbox 2407 3097 2458 3147; x_wconf 89' lang='lat' dir='ltr'><strong>et</strong></span> <span class='ocrx_word' id='word_1_672' title='bbox 2479 3092 2570 3147; x_wconf 88' lang='lat' dir='ltr'><strong>lib.</strong></span> <span class='ocrx_word' id='word_1_673' title='bbox 2597 3107 2707 3147; x_wconf 80' lang='lat' dir='ltr'><strong>xw</strong></span> <span class='ocrx_word' id='word_1_674' title='bbox 2733 3091 2798 3146; x_wconf 90' lang='lat' dir='ltr'><strong>de</strong></span> <span class='ocrx_word' id='word_1_675' title='bbox 2819 3092 2974 3148; x_wconf 80' lang='lat' dir='ltr'><strong>Civit.</strong></span> <span class='ocrx_word' id='word_1_676' title='bbox 3003 3106 3049 3144; x_wconf 92' lang='lat' dir='ltr'><strong>c.</strong></span> <span class='ocrx_word' id='word_1_677' title='bbox 3083 3091 3132 3160; x_wconf 92' lang='lat'><strong>9)</strong></span> <span class='ocrx_word' id='word_1_678' title='bbox 3159 3096 3346 3144; x_wconf 89' lang='lat' dir='ltr'><strong>monet</strong></span> <span class='ocrx_word' id='word_1_679' title='bbox 3362 3091 3578 3160; x_wconf 87' lang='lat' dir='ltr'><strong>intuen-</strong></span> 
     </span>
    </p>
   </div>
   <div class='ocr_carea' id='block_1_92' title="bbox 1978 3159 3578 3232">
    <p class='ocr_par' dir='ltr' id='par_1_92' title="bbox 1978 3159 3578 3232">
     <span class='ocr_line' id='line_1_93' title="bbox 1978 3159 3578 3232; baseline -0.004 -14"><span class='ocrx_word' id='word_1_680' title='bbox 1978 3163 2107 3218; x_wconf 91' lang='lat' dir='ltr'><strong>dum</strong></span> <span class='ocrx_word' id='word_1_681' title='bbox 2123 3163 2258 3232; x_wconf 85' lang='lat' dir='ltr'><strong>quid</strong></span> <span class='ocrx_word' id='word_1_682' title='bbox 2271 3164 2344 3218; x_wconf 89' lang='lat' dir='ltr'><strong>sit</strong></span> <span class='ocrx_word' id='word_1_683' title='bbox 2358 3165 2528 3218; x_wconf 86' lang='lat' dir='ltr'><strong>irasci</strong></span> <span class='ocrx_word' id='word_1_684' title='bbox 2545 3164 2722 3230; x_wconf 84' lang='lat' dir='ltr'><strong>fratri</strong></span> <span class='ocrx_word' id='word_1_685' title='bbox 2740 3178 2855 3226; x_wconf 89' lang='lat' dir='ltr'><strong>suo,</strong></span> <span class='ocrx_word' id='word_1_686' title='bbox 2883 3159 3142 3231; x_wconf 85' lang='lat' dir='ltr'><strong>quoniam</strong></span> <span class='ocrx_word' id='word_1_687' title='bbox 3155 3177 3260 3232; x_wconf 87' lang='lat' dir='ltr'><strong>non</strong></span> <span class='ocrx_word' id='word_1_688' title='bbox 3275 3160 3453 3232; x_wconf 80' lang='lat' dir='ltr'><strong>fratri</strong></span> <span class='ocrx_word' id='word_1_689' title='bbox 3467 3159 3578 3232; x_wconf 87' lang='lat' dir='ltr'><strong>ira-</strong></span> 
     </span>
    </p>
   </div>
   <div class='ocr_carea' id='block_1_93' title="bbox 1977 3231 3578 3304">
    <p class='ocr_par' dir='ltr' id='par_1_93' title="bbox 1977 3231 3578 3304">
     <span class='ocr_line' id='line_1_94' title="bbox 1977 3231 3578 3304; baseline -0.004 -16"><span class='ocrx_word' id='word_1_690' title='bbox 1977 3231 2151 3288; x_wconf 71' lang='lat' dir='ltr'><strong>scitur</strong></span> <span class='ocrx_word' id='word_1_691' title='bbox 2173 3235 2272 3304; x_wconf 87' lang='lat' dir='ltr'><strong>qui</strong></span> <span class='ocrx_word' id='word_1_692' title='bbox 2289 3238 2504 3303; x_wconf 86' lang='lat' dir='ltr'><strong>peccato</strong></span> <span class='ocrx_word' id='word_1_693' title='bbox 2533 3235 2732 3300; x_wconf 79' lang='lat' dir='ltr'><strong>fratris</strong></span> <span class='ocrx_word' id='word_1_694' title='bbox 2772 3234 3044 3288; x_wconf 80' lang='lat' dir='ltr'><strong>irascitur.</strong></span> <span class='ocrx_word' id='word_1_695' title='bbox 3074 3235 3148 3287; x_wconf 90' lang='lat' dir='ltr'><strong>Et</strong></span> <span class='ocrx_word' id='word_1_696' title='bbox 3182 3231 3308 3286; x_wconf 91' lang='lat' dir='ltr'><strong>alibi</strong></span> <span class='ocrx_word' id='word_1_697' title='bbox 3333 3246 3346 3281; x_wconf 89' lang='lat'><strong>:</strong></span> <span class='ocrx_word' id='word_1_698' title='bbox 3388 3231 3578 3304; x_wconf 83' lang='lat' dir='ltr'><strong>Irasci,</strong></span> 
     </span>
    </p>
   </div>
   <div class='ocr_carea' id='block_1_94' title="bbox 1979 3300 3582 3373">
    <p class='ocr_par' dir='ltr' id='par_1_94' title="bbox 1979 3300 3582 3373">
     <span class='ocr_line' id='line_1_95' title="bbox 1979 3300 3582 3373; baseline -0.003 -15"><span class='ocrx_word' id='word_1_699' title='bbox 1979 3305 2078 3370; x_wconf 88' lang='lat' dir='ltr'><strong>ait,</strong></span> <span class='ocrx_word' id='word_1_700' title='bbox 2109 3300 2365 3372; x_wconf 62' lang='lat' dir='ltr'><strong>frdtrfut</strong></span> <span class='ocrx_word' id='word_1_701' title='bbox 2389 3306 2710 3373; x_wconf 81' lang='lat' dir='ltr'><strong>corrigatur,</strong></span> <span class='ocrx_word' id='word_1_702' title='bbox 2725 3305 2908 3358; x_wconf 86' lang='lat' dir='ltr'><strong>nullus</strong></span> <span class='ocrx_word' id='word_1_703' title='bbox 2925 3318 3072 3358; x_wconf 69' lang='lat' dir='ltr'><strong>sana:</strong></span> <span class='ocrx_word' id='word_1_704' title='bbox 3085 3305 3280 3357; x_wconf 87' lang='lat' dir='ltr'><strong>mentis</strong></span> <span class='ocrx_word' id='word_1_705' title='bbox 3299 3300 3582 3373; x_wconf 86' lang='lat' dir='ltr'><strong>reprehen-</strong></span> 
     </span>
    </p>
   </div>
   <div class='ocr_carea' id='block_1_95' title="bbox 1980 3372 3582 3444">
    <p class='ocr_par' dir='ltr' id='par_1_95' title="bbox 1980 3372 3582 3444">
     <span class='ocr_line' id='line_1_96' title="bbox 1980 3372 3582 3444; baseline -0.004 -14"><span class='ocrx_word' id='word_1_706' title='bbox 1980 3375 2083 3430; x_wconf 87' lang='lat' dir='ltr'><strong>dit.</strong></span> <span class='ocrx_word' id='word_1_707' title='bbox 2115 3375 2442 3444; x_wconf 86' lang='lat' dir='ltr'><strong>Hujusmodi</strong></span> <span class='ocrx_word' id='word_1_708' title='bbox 2467 3372 2603 3430; x_wconf 86' lang='lat' dir='ltr'><strong>enim</strong></span> <span class='ocrx_word' id='word_1_709' title='bbox 2619 3379 2792 3430; x_wconf 88' lang='lat' dir='ltr'><strong>motus</strong></span> <span class='ocrx_word' id='word_1_710' title='bbox 2817 3375 2882 3429; x_wconf 88' lang='lat' dir='ltr'><strong>de</strong></span> <span class='ocrx_word' id='word_1_711' title='bbox 2901 3390 3079 3428; x_wconf 89' lang='lat' dir='ltr'><strong>amore</strong></span> <span class='ocrx_word' id='word_1_712' title='bbox 3093 3374 3218 3428; x_wconf 85' lang='lat' dir='ltr'><strong>boni</strong></span> <span class='ocrx_word' id='word_1_713' title='bbox 3237 3377 3288 3427; x_wconf 90' lang='lat' dir='ltr'><strong>et</strong></span> <span class='ocrx_word' id='word_1_714' title='bbox 3309 3372 3375 3426; x_wconf 89' lang='lat' dir='ltr'><strong>de</strong></span> <span class='ocrx_word' id='word_1_715' title='bbox 3394 3375 3582 3425; x_wconf 89' lang='lat' dir='ltr'><strong>sancta</strong></span> 
     </span>
    </p>
   </div>
   <div class='ocr_carea' id='block_1_96' title="bbox 1981 3445 3585 3510">
    <p class='ocr_par' dir='ltr' id='par_1_96' title="bbox 1981 3445 3585 3510">
     <span class='ocr_line' id='line_1_97' title="bbox 1981 3445 3585 3510; baseline -0.003 -8"><span class='ocrx_word' id='word_1_716' title='bbox 1981 3447 2248 3502; x_wconf 85' lang='lat' dir='ltr'><strong>charitate</strong></span> <span class='ocrx_word' id='word_1_717' title='bbox 2267 3449 2552 3510; x_wconf 82' lang='lat' dir='ltr'><strong>venientes,</strong></span> <span class='ocrx_word' id='word_1_718' title='bbox 2572 3447 2708 3501; x_wconf 80' lang='lat' dir='ltr'><strong>vitia</strong></span> <span class='ocrx_word' id='word_1_719' title='bbox 2729 3445 2954 3501; x_wconf 86' lang='lat' dir='ltr'><strong>dicenda</strong></span> <span class='ocrx_word' id='word_1_720' title='bbox 2969 3461 3075 3500; x_wconf 88' lang='lat' dir='ltr'><strong>non</strong></span> <span class='ocrx_word' id='word_1_721' title='bbox 3087 3447 3232 3507; x_wconf 87' lang='lat' dir='ltr'><strong>sunt,</strong></span> <span class='ocrx_word' id='word_1_722' title='bbox 3247 3459 3366 3500; x_wconf 87' lang='lat' dir='ltr'><strong>cum</strong></span> <span class='ocrx_word' id='word_1_723' title='bbox 3387 3445 3585 3497; x_wconf 89' lang='lat' dir='ltr'><strong>rectam</strong></span> 
     </span>
    </p>
   </div>
   <div class='ocr_carea' id='block_1_97' title="bbox 1980 3519 2579 3588">
    <p class='ocr_par' dir='ltr' id='par_1_97' title="bbox 1980 3519 2579 3588">
     <span class='ocr_line' id='line_1_98' title="bbox 1980 3519 2579 3588; baseline 0.002 -15"><span class='ocrx_word' id='word_1_724' title='bbox 1980 3519 2244 3574; x_wconf 86' lang='lat' dir='ltr'><strong>rationem</strong></span> <span class='ocrx_word' id='word_1_725' title='bbox 2266 3523 2579 3588; x_wconf 88' lang='lat' dir='ltr'><strong>sequantur.</strong></span> 
     </span>
    </p>
   </div>
   <div class='ocr_carea' id='block_1_98' title="bbox 2053 3583 3584 3662">
    <p class='ocr_par' dir='ltr' id='par_1_98' title="bbox 2053 3583 3584 3662">
     <span class='ocr_line' id='line_1_99' title="bbox 2053 3583 3584 3662; baseline -0.003 -18"><span class='ocrx_word' id='word_1_726' title='bbox 2053 3592 2077 3662; x_wconf 49' lang='grc' dir='ltr'>ἦ</span> <span class='ocrx_word' id='word_1_727' title='bbox 2100 3593 2189 3662; x_wconf 43' lang='grc' dir='ltr'><strong>Βη</strong></span> <span class='ocrx_word' id='word_1_728' title='bbox 2215 3583 2560 3662; x_wconf 68' lang='lat' dir='ltr'><strong>Augustinus</strong></span> <span class='ocrx_word' id='word_1_729' title='bbox 2587 3587 2813 3661; x_wconf 88' lang='lat' dir='ltr'><strong>epistola</strong></span> <span class='ocrx_word' id='word_1_730' title='bbox 2843 3585 3168 3662; x_wconf 81' lang='lat' dir='ltr'><strong>centesima:</strong></span> <span class='ocrx_word' id='word_1_731' title='bbox 3195 3586 3468 3662; x_wconf 79' lang='lat' dir='ltr'><strong>subrepit,</strong></span> <span class='ocrx_word' id='word_1_732' title='bbox 3495 3583 3584 3662; x_wconf 81' lang='lat' dir='ltr'><strong>in-</strong></span> 
     </span>
    </p>
   </div>
   <div class='ocr_carea' id='block_1_99' title="bbox 1983 3657 3635 3730">
    <p class='ocr_par' dir='ltr' id='par_1_99' title="bbox 1983 3657 3635 3730">
     <span class='ocr_line' id='line_1_100' title="bbox 1983 3657 3635 3730; baseline -0.003 -16"><span class='ocrx_word' id='word_1_733' title='bbox 1983 3659 2124 3730; x_wconf 86' lang='lat' dir='ltr'><strong>quit,</strong></span> <span class='ocrx_word' id='word_1_734' title='bbox 2154 3661 2287 3715; x_wconf 90' lang='lat' dir='ltr'><strong>dum</strong></span> <span class='ocrx_word' id='word_1_735' title='bbox 2309 3657 2452 3730; x_wconf 75' lang='lat' dir='ltr'><strong>nulli</strong></span> <span class='ocrx_word' id='word_1_736' title='bbox 2471 3657 2728 3716; x_wconf 79' lang='lat' dir='ltr'><strong>irascenti</strong></span> <span class='ocrx_word' id='word_1_737' title='bbox 2753 3661 2841 3713; x_wconf 87' lang='lat' dir='ltr'><strong>ira</strong></span> <span class='ocrx_word' id='word_1_738' title='bbox 2863 3674 2960 3714; x_wconf 84' lang='lat' dir='ltr'><strong>sua</strong></span> <span class='ocrx_word' id='word_1_739' title='bbox 2983 3659 3200 3713; x_wconf 74' lang='lat' dir='ltr'><strong>videtur</strong></span> <span class='ocrx_word' id='word_1_740' title='bbox 3223 3657 3432 3730; x_wconf 76' lang='lat' dir='ltr'><strong>injuSta</strong></span> <span class='ocrx_word' id='word_1_741' title='bbox 3457 3675 3480 3730; x_wconf 88' lang='lat'><strong>:_</strong></span> <span class='ocrx_word' id='word_1_742' title='bbox 3505 3658 3588 3730; x_wconf 86' lang='lat' dir='ltr'><strong>ita</strong></span> <span class='ocrx_word' id='word_1_743' title='bbox 3626 3657 3635 3668; x_wconf 93' lang='lat'><strong>&#39;</strong></span> 
     </span>
    </p>
   </div>
   <div class='ocr_carea' id='block_1_100' title="bbox 1983 3726 3587 3800">
    <p class='ocr_par' dir='ltr' id='par_1_100' title="bbox 1983 3726 3587 3800">
     <span class='ocr_line' id='line_1_101' title="bbox 1983 3726 3587 3800; baseline -0.003 -15"><span class='ocrx_word' id='word_1_744' title='bbox 1983 3726 2370 3786; x_wconf 75' lang='lat' dir='ltr'><strong>inveterascens</strong></span> <span class='ocrx_word' id='word_1_745' title='bbox 2393 3726 2495 3786; x_wconf 72' lang='lat' dir='ltr'><strong>&#39;ira</strong></span> <span class='ocrx_word' id='word_1_746' title='bbox 2523 3733 2588 3800; x_wconf 86' lang='lat' dir='ltr'><strong>ﬁt</strong></span> <span class='ocrx_word' id='word_1_747' title='bbox 2633 3731 2838 3792; x_wconf 86' lang='lat' dir='ltr'><strong>odium,</strong></span> <span class='ocrx_word' id='word_1_748' title='bbox 2869 3730 2999 3783; x_wconf 90' lang='lat' dir='ltr'><strong>dum</strong></span> <span class='ocrx_word' id='word_1_749' title='bbox 3044 3731 3203 3800; x_wconf 76' lang='lat' dir='ltr'><strong>quasi</strong></span> <span class='ocrx_word' id='word_1_750' title='bbox 3217 3727 3362 3800; x_wconf 83' lang='lat' dir='ltr'><strong>justi</strong></span> <span class='ocrx_word' id='word_1_751' title='bbox 3387 3727 3587 3800; x_wconf 74' lang='lat' dir='ltr'><strong>doloris</strong></span> 
     </span>
    </p>
   </div>
   <div class='ocr_carea' id='block_1_101' title="bbox 1989 3795 3590 3858">
    <p class='ocr_par' dir='ltr' id='par_1_101' title="bbox 1989 3795 3590 3858">
     <span class='ocr_line' id='line_1_102' title="bbox 1989 3795 3590 3858; baseline -0.006 -2"><span class='ocrx_word' id='word_1_752' title='bbox 1989 3801 2245 3857; x_wconf 66' lang='lat' dir='ltr'><strong>admixta</strong></span> <span class='ocrx_word' id='word_1_753' title='bbox 2275 3802 2496 3858; x_wconf 86' lang='lat' dir='ltr'><strong>dulcedo</strong></span> <span class='ocrx_word' id='word_1_754' title='bbox 2523 3795 2732 3858; x_wconf 79' lang='lat' dir='ltr'><strong>diutius</strong></span> <span class='ocrx_word' id='word_1_755' title='bbox 2759 3815 2878 3856; x_wconf 89' lang='lat' dir='ltr'><strong>eam</strong></span> <span class='ocrx_word' id='word_1_756' title='bbox 2916 3801 2978 3854; x_wconf 89' lang='lat' dir='ltr'><strong>in</strong></span> <span class='ocrx_word' id='word_1_757' title='bbox 3014 3795 3140 3853; x_wconf 72' lang='lat' dir='ltr'><strong>vuse</strong></span> <span class='ocrx_word' id='word_1_758' title='bbox 3165 3798 3390 3856; x_wconf 87' lang='lat' dir='ltr'><strong>detinet,</strong></span> <span class='ocrx_word' id='word_1_759' title='bbox 3427 3795 3590 3848; x_wconf 87' lang='lat' dir='ltr'><strong>donec</strong></span> 
     </span>
    </p>
   </div>
   <div class='ocr_carea' id='block_1_102' title="bbox 1989 3863 3590 3944">
    <p class='ocr_par' dir='ltr' id='par_1_102' title="bbox 1989 3863 3590 3944">
     <span class='ocr_line' id='line_1_103' title="bbox 1989 3863 3590 3944; baseline -0.005 -18"><span class='ocrx_word' id='word_1_760' title='bbox 1989 3877 2160 3928; x_wconf 87' lang='lat' dir='ltr'><strong>totum</strong></span> <span class='ocrx_word' id='word_1_761' title='bbox 2198 3877 2428 3944; x_wconf 88' lang='lat' dir='ltr'><strong>acescat,</strong></span> <span class='ocrx_word' id='word_1_762' title='bbox 2471 3887 2668 3942; x_wconf 75' lang='lat' dir='ltr'><strong>vasque</strong></span> <span class='ocrx_word' id='word_1_763' title='bbox 2703 3873 3030 3944; x_wconf 82' lang='lat' dir='ltr'><strong>corrumpat.</strong></span> <span class='ocrx_word' id='word_1_764' title='bbox 3063 3869 3398 3944; x_wconf 68' lang='lat' dir='ltr'><strong>Quaproptar</strong></span> <span class='ocrx_word' id='word_1_765' title='bbox 3415 3863 3590 3944; x_wconf 75' lang='lat' dir='ltr'><strong>multo</strong></span> 
     </span>
    </p>
   </div>
   <div class='ocr_carea' id='block_1_103' title="bbox 1988 3936 3592 4012">
    <p class='ocr_par' dir='ltr' id='par_1_103' title="bbox 1988 3936 3592 4012">
     <span class='ocr_line' id='line_1_104' title="bbox 1988 3936 3592 4012; baseline -0.006 -16"><span class='ocrx_word' id='word_1_766' title='bbox 1988 3944 2177 3998; x_wconf 87' lang='lat' dir='ltr'><strong>melius</strong></span> <span class='ocrx_word' id='word_1_767' title='bbox 2196 3959 2290 3997; x_wconf 87' lang='lat' dir='ltr'><strong>nec</strong></span> <span class='ocrx_word' id='word_1_768' title='bbox 2307 3936 2458 4012; x_wconf 80' lang='lat' dir='ltr'><strong>juste</strong></span> <span class='ocrx_word' id='word_1_769' title='bbox 2475 3936 2728 4012; x_wconf 79' lang='lat' dir='ltr'><strong>cuiquam</strong></span> <span class='ocrx_word' id='word_1_770' title='bbox 2749 3936 3053 4002; x_wconf 72' lang='lat' dir='ltr'><strong>irascimur,</strong></span> <span class='ocrx_word' id='word_1_771' title='bbox 3075 3936 3260 4012; x_wconf 11' lang='lat' dir='ltr'><strong>squam</strong></span> <span class='ocrx_word' id='word_1_772' title='bbox 3277 3936 3427 4012; x_wconf 56' lang='lat' dir='ltr'><strong>celat</strong></span> <span class='ocrx_word' id='word_1_773' title='bbox 3443 3936 3592 4012; x_wconf 73' lang='lat' dir='ltr'><strong>juste</strong></span> 
     </span>
    </p>
   </div>
   <div class='ocr_carea' id='block_1_104' title="bbox 1990 4005 3588 4081">
    <p class='ocr_par' dir='ltr' id='par_1_104' title="bbox 1990 4005 3588 4081">
     <span class='ocr_line' id='line_1_105' title="bbox 1990 4005 3588 4081; baseline -0.005 -16"><span class='ocrx_word' id='word_1_774' title='bbox 1990 4015 2267 4068; x_wconf 87' lang='lat' dir='ltr'><strong>irascendo</strong></span> <span class='ocrx_word' id='word_1_775' title='bbox 2289 4005 2347 4068; x_wconf 77' lang='lat' dir='ltr'><strong>in</strong></span> <span class='ocrx_word' id='word_1_776' title='bbox 2367 4005 2598 4081; x_wconf 71' lang='lat' dir='ltr'><strong>alicujus</strong></span> <span class='ocrx_word' id='word_1_777' title='bbox 2625 4013 2810 4068; x_wconf 87' lang='lat' dir='ltr'><strong>odium</strong></span> <span class='ocrx_word' id='word_1_778' title='bbox 2826 4013 2928 4081; x_wconf 66' lang='lat' dir='ltr'><strong>ira</strong></span> <span class='ocrx_word' id='word_1_779' title='bbox 2943 4005 3148 4081; x_wconf 74' lang='lat' dir='ltr'><strong>occulta</strong></span> <span class='ocrx_word' id='word_1_780' title='bbox 3167 4007 3439 4081; x_wconf 74' lang='lat' dir='ltr'><strong>facilitate</strong></span> <span class='ocrx_word' id='word_1_781' title='bbox 3454 4005 3588 4058; x_wconf 86' lang='lat' dir='ltr'><strong>dila-</strong></span> 
     </span>
    </p>
   </div>
   <div class='ocr_carea' id='block_1_105' title="bbox 1993 4077 3587 4153">
    <p class='ocr_par' dir='ltr' id='par_1_105' title="bbox 1993 4077 3587 4153">
     <span class='ocr_line' id='line_1_106' title="bbox 1993 4077 3587 4153; baseline -0.004 -17"><span class='ocrx_word' id='word_1_782' title='bbox 1993 4083 2188 4136; x_wconf 83' lang='lat' dir='ltr'><strong>bimur.</strong></span> <span class='ocrx_word' id='word_1_783' title='bbox 2231 4085 2298 4137; x_wconf 86' lang='lat' dir='ltr'><strong>Et</strong></span> <span class='ocrx_word' id='word_1_784' title='bbox 2335 4077 2636 4153; x_wconf 82' lang='lat' dir='ltr'><strong>Gregorius</strong></span> <span class='ocrx_word' id='word_1_785' title='bbox 2672 4082 2726 4135; x_wconf 91' lang='lat' dir='ltr'><strong>in</strong></span> <span class='ocrx_word' id='word_1_786' title='bbox 2765 4077 3258 4153; x_wconf 64' lang='lat' dir='ltr'><strong>quadamepistola</strong></span> <span class='ocrx_word' id='word_1_787' title='bbox 3300 4077 3436 4153; x_wconf 57' lang='lat' dir='ltr'><strong>gLib.</strong></span> <span class='ocrx_word' id='word_1_788' title='bbox 3469 4089 3587 4153; x_wconf 54' lang='lat' dir='ltr'><strong>ut],</strong></span> 
     </span>
    </p>
   </div>
   <div class='ocr_carea' id='block_1_106' title="bbox 1991 4147 3592 4220">
    <p class='ocr_par' dir='ltr' id='par_1_106' title="bbox 1991 4147 3592 4220">
     <span class='ocr_line' id='line_1_107' title="bbox 1991 4147 3592 4220; baseline -0.004 -12"><span class='ocrx_word' id='word_1_789' title='bbox 1991 4168 2038 4208; x_wconf 91' lang='lat' dir='ltr'><strong>c.</strong></span> <span class='ocrx_word' id='word_1_790' title='bbox 2066 4155 2192 4218; x_wconf 86' lang='lat'><strong>26):</strong></span> <span class='ocrx_word' id='word_1_791' title='bbox 2214 4155 2304 4208; x_wconf 90' lang='lat' dir='ltr'><strong>Ira</strong></span> <span class='ocrx_word' id='word_1_792' title='bbox 2327 4155 2377 4207; x_wconf 87' lang='lat' dir='ltr'><strong>si</strong></span> <span class='ocrx_word' id='word_1_793' title='bbox 2400 4147 2560 4206; x_wconf 68' lang='lat' dir='ltr'><strong>semel</strong></span> <span class='ocrx_word' id='word_1_794' title='bbox 2586 4147 2813 4206; x_wconf 80' lang='lat' dir='ltr'><strong>mentem</strong></span> <span class='ocrx_word' id='word_1_795' title='bbox 2835 4147 3112 4220; x_wconf 77' lang='lat' dir='ltr'><strong>possidens</strong></span> <span class='ocrx_word' id='word_1_796' title='bbox 3139 4149 3355 4217; x_wconf 82' lang='lat' dir='ltr'><strong>ceperit,</strong></span> <span class='ocrx_word' id='word_1_797' title='bbox 3375 4147 3592 4220; x_wconf 78' lang='lat' dir='ltr'><strong>justum</strong></span> 
     </span>
    </p>
   </div>
   <div class='ocr_carea' id='block_1_107' title="bbox 1997 4217 3588 4292">
    <p class='ocr_par' dir='ltr' id='par_1_107' title="bbox 1997 4217 3588 4292">
     <span class='ocr_line' id='line_1_108' title="bbox 1997 4217 3588 4292; baseline -0.003 -14"><span class='ocrx_word' id='word_1_798' title='bbox 1997 4237 2108 4278; x_wconf 88' lang='lat' dir='ltr'><strong>esse</strong></span> <span class='ocrx_word' id='word_1_799' title='bbox 2140 4217 2378 4292; x_wconf 65' lang='lat' dir='ltr'><strong>deputat</strong></span> <span class='ocrx_word' id='word_1_800' title='bbox 2421 4224 2585 4278; x_wconf 66' lang='lat' dir='ltr'><strong>etiam</strong></span> <span class='ocrx_word' id='word_1_801' title='bbox 2632 4222 2778 4292; x_wconf 89' lang='lat' dir='ltr'><strong>quod</strong></span> <span class='ocrx_word' id='word_1_802' title='bbox 2818 4217 3108 4277; x_wconf 73' lang='lat' dir='ltr'><strong>crudeliter</strong></span> <span class='ocrx_word' id='word_1_803' title='bbox 3150 4221 3304 4288; x_wconf 83' lang='lat' dir='ltr'><strong>facit.</strong></span> <span class='ocrx_word' id='word_1_804' title='bbox 3354 4223 3420 4275; x_wconf 86' lang='lat' dir='ltr'><strong>Et</strong></span> <span class='ocrx_word' id='word_1_805' title='bbox 3457 4217 3588 4274; x_wconf 88' lang='lat' dir='ltr'><strong>alibi</strong></span> 
     </span>
    </p>
   </div>
   <div class='ocr_carea' id='block_1_108' title="bbox 1999 4291 3596 4366">
    <p class='ocr_par' dir='ltr' id='par_1_108' title="bbox 1999 4291 3596 4366">
     <span class='ocr_line' id='line_1_109' title="bbox 1999 4291 3596 4366; baseline -0.003 -16"><span class='ocrx_word' id='word_1_806' title='bbox 1999 4294 2132 4365; x_wconf 86' lang='lat' dir='ltr'><strong>(Lib.</strong></span> <span class='ocrx_word' id='word_1_807' title='bbox 2173 4291 2331 4351; x_wconf 71' lang='lat' dir='ltr'><strong>Iter</strong></span> <span class='ocrx_word' id='word_1_808' title='bbox 2354 4293 2546 4366; x_wconf 79' lang='lat' dir='ltr'><strong>Moral.</strong></span> <span class='ocrx_word' id='word_1_809' title='bbox 2573 4291 2692 4364; x_wconf 81' lang='lat' dir='ltr'><strong>cap.</strong></span> <span class='ocrx_word' id='word_1_810' title='bbox 2721 4293 2808 4366; x_wconf 79' lang='lat' dir='ltr'><strong>3i)</strong></span> <span class='ocrx_word' id='word_1_811' title='bbox 2842 4311 2854 4348; x_wconf 91' lang='lat'>:</span> <span class='ocrx_word' id='word_1_812' title='bbox 2879 4295 2972 4349; x_wconf 86' lang='lat' dir='ltr'><strong>Ira</strong></span> <span class='ocrx_word' id='word_1_813' title='bbox 3003 4293 3268 4366; x_wconf 77' lang='lat' dir='ltr'><strong>devictum</strong></span> <span class='ocrx_word' id='word_1_814' title='bbox 3293 4307 3402 4356; x_wconf 88' lang='lat' dir='ltr'><strong>cor,</strong></span> <span class='ocrx_word' id='word_1_815' title='bbox 3432 4291 3596 4362; x_wconf 84' lang='lat' dir='ltr'><strong>quasi</strong></span> 
     </span>
    </p>
   </div>
   <div class='ocr_carea' id='block_1_109' title="bbox 1995 4365 3591 4432">
    <p class='ocr_par' dir='ltr' id='par_1_109' title="bbox 1995 4365 3591 4432">
     <span class='ocr_line' id='line_1_110' title="bbox 1995 4365 3591 4432; baseline -0.001 -12"><span class='ocrx_word' id='word_1_816' title='bbox 1995 4381 2064 4421; x_wconf 84' lang='lat' dir='ltr'><strong>ea:</strong></span> <span class='ocrx_word' id='word_1_817' title='bbox 2091 4367 2302 4421; x_wconf 87' lang='lat' dir='ltr'><strong>ratione</strong></span> <span class='ocrx_word' id='word_1_818' title='bbox 2326 4365 2461 4422; x_wconf 84' lang='lat' dir='ltr'><strong>solet</strong></span> <span class='ocrx_word' id='word_1_819' title='bbox 2487 4365 2796 4429; x_wconf 68' lang='lat' dir='ltr'><strong>exhortari,</strong></span> <span class='ocrx_word' id='word_1_820' title='bbox 2833 4380 2952 4420; x_wconf 88' lang='lat' dir='ltr'><strong>cum</strong></span> <span class='ocrx_word' id='word_1_821' title='bbox 2995 4365 3165 4420; x_wconf 86' lang='lat' dir='ltr'><strong>dicit:</strong></span> <span class='ocrx_word' id='word_1_822' title='bbox 3206 4365 3334 4432; x_wconf 63' lang='lat' dir='ltr'><strong>Quae</strong></span> <span class='ocrx_word' id='word_1_823' title='bbox 3378 4379 3511 4432; x_wconf 87' lang='lat' dir='ltr'><strong>erga</strong></span> <span class='ocrx_word' id='word_1_824' title='bbox 3539 4367 3591 4418; x_wconf 87' lang='lat' dir='ltr'><strong>te</strong></span> 
     </span>
    </p>
   </div>
   <div class='ocr_carea' id='block_1_110' title="bbox 1993 4436 3593 4508">
    <p class='ocr_par' dir='ltr' id='par_1_110' title="bbox 1993 4436 3593 4508">
     <span class='ocr_line' id='line_1_111' title="bbox 1993 4436 3593 4508; baseline -0.001 -16"><span class='ocrx_word' id='word_1_825' title='bbox 1993 4442 2252 4507; x_wconf 87' lang='lat' dir='ltr'><strong>aguntur,</strong></span> <span class='ocrx_word' id='word_1_826' title='bbox 2273 4439 2646 4508; x_wconf 74' lang='lat' dir='ltr'><strong>(equanimiter</strong></span> <span class='ocrx_word' id='word_1_827' title='bbox 2659 4439 2804 4506; x_wconf 81' lang='lat' dir='ltr'><strong>ferri</strong></span> <span class='ocrx_word' id='word_1_828' title='bbox 2818 4453 2924 4493; x_wconf 90' lang='lat' dir='ltr'><strong>non</strong></span> <span class='ocrx_word' id='word_1_829' title='bbox 2937 4440 3182 4508; x_wconf 87' lang='lat' dir='ltr'><strong>possunt,</strong></span> <span class='ocrx_word' id='word_1_830' title='bbox 3199 4438 3357 4491; x_wconf 88' lang='lat' dir='ltr'><strong>immo</strong></span> <span class='ocrx_word' id='word_1_831' title='bbox 3376 4436 3486 4490; x_wconf 74' lang='lat' dir='ltr'><strong>hac</strong></span> <span class='ocrx_word' id='word_1_832' title='bbox 3496 4450 3593 4505; x_wconf 89' lang='lat' dir='ltr'><strong>pa-</strong></span> 
     </span>
    </p>
   </div>
   <div class='ocr_carea' id='block_1_111' title="bbox 277 4508 3592 4582">
    <p class='ocr_par' dir='ltr' id='par_1_111' title="bbox 277 4508 3592 4582">
     <span class='ocr_line' id='line_1_112' title="bbox 277 4508 3592 4582; baseline -0.002 -15"><span class='ocrx_word' id='word_1_833' title='bbox 277 4508 626 4582; x_wconf 61' lang='lat' dir='ltr'><strong>conscientim</strong></span> <span class='ocrx_word' id='word_1_834' title='bbox 667 4508 1049 4582; x_wconf 62' lang='lat' dir='ltr'><strong>testimonium</strong></span> <span class='ocrx_word' id='word_1_835' title='bbox 1082 4523 1224 4582; x_wconf 87' lang='lat' dir='ltr'><strong>cum</strong></span> <span class='ocrx_word' id='word_1_836' title='bbox 1287 4509 1724 4582; x_wconf 69' lang='lat' dir='ltr'><strong>cogitationibus,</strong></span> <span class='ocrx_word' id='word_1_837' title='bbox 1768 4509 1882 4582; x_wconf 80' lang='lat' dir='ltr'><strong>sive</strong></span> <span class='ocrx_word' id='word_1_838' title='bbox 1909 4518 1960 4582; x_wconf 78' lang='grc' dir='ltr'><strong>Ι)</strong></span> <span class='ocrx_word' id='word_1_839' title='bbox 1990 4511 2185 4565; x_wconf 87' lang='lat' dir='ltr'><strong>tienter</strong></span> <span class='ocrx_word' id='word_1_840' title='bbox 2220 4511 2450 4567; x_wconf 86' lang='lat' dir='ltr'><strong>tolerare</strong></span> <span class='ocrx_word' id='word_1_841' title='bbox 2485 4515 2764 4582; x_wconf 86' lang='lat' dir='ltr'><strong>peccatum</strong></span> <span class='ocrx_word' id='word_1_842' title='bbox 2808 4514 2888 4566; x_wconf 90' lang='lat' dir='ltr'><strong>est</strong></span> <span class='ocrx_word' id='word_1_843' title='bbox 2923 4511 3094 4579; x_wconf 86' lang='lat' dir='ltr'><strong>:quia</strong></span> <span class='ocrx_word' id='word_1_844' title='bbox 3127 4510 3178 4564; x_wconf 88' lang='lat' dir='ltr'><strong>si</strong></span> <span class='ocrx_word' id='word_1_845' title='bbox 3218 4523 3326 4582; x_wconf 80' lang='lat' dir='ltr'><strong>non</strong></span> <span class='ocrx_word' id='word_1_846' title='bbox 3366 4509 3442 4562; x_wconf 86' lang='lat' dir='ltr'><strong>eis</strong></span> <span class='ocrx_word' id='word_1_847' title='bbox 3470 4521 3592 4582; x_wconf 83' lang='lat' dir='ltr'><strong>cum</strong></span> 
     </span>
    </p>
   </div>
   <div class='ocr_carea' id='block_1_112' title="bbox 279 4578 1881 4650">
    <p class='ocr_par' dir='ltr' id='par_1_112' title="bbox 279 4578 1881 4650">
     <span class='ocr_line' id='line_1_113' title="bbox 279 4578 1881 4650; baseline 0 -14"><span class='ocrx_word' id='word_1_848' title='bbox 279 4579 810 4650; x_wconf 83' lang='lat' dir='ltr'><strong>ratiocinationibus,</strong></span> <span class='ocrx_word' id='word_1_849' title='bbox 839 4579 1138 4650; x_wconf 78' lang='grc' dir='ltr'><strong>λογισμοῖς,</strong></span> <span class='ocrx_word' id='word_1_850' title='bbox 1160 4578 1562 4650; x_wconf 79' lang='lat' dir='ltr'><strong>accusantibus,</strong></span> <span class='ocrx_word' id='word_1_851' title='bbox 1591 4579 1675 4650; x_wconf 85' lang='lat' dir='ltr'><strong>vel</strong></span> <span class='ocrx_word' id='word_1_852' title='bbox 1691 4578 1881 4650; x_wconf 82' lang='lat' dir='ltr'><strong>defen-</strong></span> 
     </span>
    </p>
   </div>
   <div class='ocr_carea' id='block_1_113' title="bbox 277 4649 1884 4724">
    <p class='ocr_par' dir='ltr' id='par_1_113' title="bbox 277 4649 1884 4724">
     <span class='ocr_line' id='line_1_114' title="bbox 277 4649 1884 4724; baseline 0.007 -16"><span class='ocrx_word' id='word_1_853' title='bbox 277 4649 554 4724; x_wconf 81' lang='lat' dir='ltr'><strong>dentibus,</strong></span> <span class='ocrx_word' id='word_1_854' title='bbox 579 4651 854 4724; x_wconf 69' lang='lat' dir='ltr'><strong>praecipue</strong></span> <span class='ocrx_word' id='word_1_855' title='bbox 892 4649 1142 4724; x_wconf 81' lang='lat' dir='ltr'><strong>futurum</strong></span> <span class='ocrx_word' id='word_1_856' title='bbox 1183 4659 1268 4707; x_wconf 89' lang='lat' dir='ltr'><strong>est</strong></span> <span class='ocrx_word' id='word_1_857' title='bbox 1293 4649 1349 4724; x_wconf 83' lang='lat' dir='ltr'><strong>in</strong></span> <span class='ocrx_word' id='word_1_858' title='bbox 1374 4657 1619 4724; x_wconf 57' lang='lat' dir='ltr'><strong>estremo</strong></span> <span class='ocrx_word' id='word_1_859' title='bbox 1645 4649 1884 4724; x_wconf 72' lang='lat' dir='ltr'><strong>judicio;</strong></span> 
     </span>
    </p>
   </div>
   <div class='ocr_carea' id='block_1_114' title="bbox 283 4719 1888 4794">
    <p class='ocr_par' dir='ltr' id='par_1_114' title="bbox 283 4719 1888 4794">
     <span class='ocr_line' id='line_1_115' title="bbox 283 4719 1888 4794; baseline -0.001 -14"><span class='ocrx_word' id='word_1_860' title='bbox 283 4729 414 4780; x_wconf 88' lang='lat' dir='ltr'><strong>tunc</strong></span> <span class='ocrx_word' id='word_1_861' title='bbox 454 4719 606 4779; x_wconf 80' lang='lat' dir='ltr'><strong>enim</strong></span> <span class='ocrx_word' id='word_1_862' title='bbox 653 4719 899 4778; x_wconf 79' lang='lat' dir='ltr'><strong>maxime</strong></span> <span class='ocrx_word' id='word_1_863' title='bbox 944 4721 1148 4794; x_wconf 87' lang='lat' dir='ltr'><strong>aperiet</strong></span> <span class='ocrx_word' id='word_1_864' title='bbox 1197 4735 1262 4794; x_wconf 89' lang='lat' dir='ltr'><strong>se_</strong></span> <span class='ocrx_word' id='word_1_865' title='bbox 1301 4721 1381 4794; x_wconf 82' lang='lat' dir='ltr'><strong>vis</strong></span> <span class='ocrx_word' id='word_1_866' title='bbox 1409 4719 1496 4794; x_wconf 78' lang='lat' dir='ltr'><strong>illa</strong></span> <span class='ocrx_word' id='word_1_867' title='bbox 1528 4719 1888 4794; x_wconf 73' lang='lat' dir='ltr'><strong>conscientiae</strong></span> 
     </span>
    </p>
   </div>
   <div class='ocr_carea' id='block_1_115' title="bbox 281 4790 1888 4876">
    <p class='ocr_par' dir='ltr' id='par_1_115' title="bbox 281 4790 1888 4876">
     <span class='ocr_line' id='line_1_116' title="bbox 281 4790 1888 4876; baseline 0 -26"><span class='ocrx_word' id='word_1_868' title='bbox 281 4794 584 4851; x_wconf 78' lang='lat' dir='ltr'><strong>accusatrix</strong></span> <span class='ocrx_word' id='word_1_869' title='bbox 629 4801 686 4849; x_wconf 90' lang='lat' dir='ltr'><strong>et</strong></span> <span class='ocrx_word' id='word_1_870' title='bbox 712 4790 1042 4876; x_wconf 51' lang='lat' dir='ltr'><strong>escusatri&#39;x,</strong></span> <span class='ocrx_word' id='word_1_871' title='bbox 1081 4790 1320 4876; x_wconf 43' lang='lat' dir='ltr'><strong>quando.</strong></span> <span class='ocrx_word' id='word_1_872' title='bbox 1341 4790 1612 4876; x_wconf 81' lang='lat' dir='ltr'><strong>judicabit</strong></span> <span class='ocrx_word' id='word_1_873' title='bbox 1644 4795 1791 4849; x_wconf 90' lang='lat' dir='ltr'><strong>Deus</strong></span> <span class='ocrx_word' id='word_1_874' title='bbox 1825 4809 1888 4850; x_wconf 89' lang='lat' dir='ltr'><strong>ea</strong></span> 
     </span>
    </p>
   </div>
   <div class='ocr_carea' id='block_1_116' title="bbox 283 4863 1892 5014">
    <p class='ocr_par' dir='ltr' id='par_1_116' title="bbox 283 4863 1892 5014">
     <span class='ocr_line' id='line_1_117' title="bbox 283 4863 1450 4937; baseline -0.003 -15"><span class='ocrx_word' id='word_1_875' title='bbox 283 4879 409 4936; x_wconf 70' lang='lat' dir='ltr'><strong>qua:</strong></span> <span class='ocrx_word' id='word_1_876' title='bbox 431 4881 580 4922; x_wconf 90' lang='lat' dir='ltr'><strong>nunc</strong></span> <span class='ocrx_word' id='word_1_877' title='bbox 603 4864 816 4922; x_wconf 89' lang='lat' dir='ltr'><strong>occulta</strong></span> <span class='ocrx_word' id='word_1_878' title='bbox 839 4873 968 4921; x_wconf 90' lang='lat' dir='ltr'><strong>sunt</strong></span> <span class='ocrx_word' id='word_1_879' title='bbox 993 4863 1142 4937; x_wconf 74' lang='lat' dir='ltr'><strong>apud</strong></span> <span class='ocrx_word' id='word_1_880' title='bbox 1165 4863 1450 4920; x_wconf 70' lang='lat' dir='ltr'><strong>homines;</strong></span> 
     </span>
     <span class='ocr_line' id='line_1_118' title="bbox 317 4924 1892 5014; baseline -0.003 -21"><span class='ocrx_word' id='word_1_881' title='bbox 317 4924 588 5014; x_wconf 51' lang='lat' dir='ltr'><strong>fﬁraeci</strong></span> <span class='ocrx_word' id='word_1_882' title='bbox 611 4936 830 5014; x_wconf 71' lang='lat' dir='ltr'><strong>aodires</strong></span> <span class='ocrx_word' id='word_1_883' title='bbox 851 4936 1094 5014; x_wconf 79' lang='lat' dir='ltr'><strong>plerique</strong></span> <span class='ocrx_word' id='word_1_884' title='bbox 1121 4934 1357 5014; x_wconf 80' lang='lat' dir='ltr'><strong>habent:</strong></span> <span class='ocrx_word' id='word_1_885' title='bbox 1392 4936 1484 5014; x_wconf 68' lang='grc' dir='ltr'><strong>πεῐς</strong></span> <span class='ocrx_word' id='word_1_886' title='bbox 1511 4931 1540 4985; x_wconf 83' lang='grc' dir='ltr'><strong>ὁ</strong></span> <span class='ocrx_word' id='word_1_887' title='bbox 1569 4930 1892 5014; x_wconf 51' lang='grc' dir='ltr'><strong>ὀργιζόμενος</strong></span> 
     </span>
    </p>
   </div>
   <div class='ocr_carea' id='block_1_117' title="bbox 286 5005 1892 5081">
    <p class='ocr_par' dir='ltr' id='par_1_117' title="bbox 286 5005 1892 5081">
     <span class='ocr_line' id='line_1_119' title="bbox 286 5005 1892 5081; baseline 0.002 -23"><span class='ocrx_word' id='word_1_888' title='bbox 286 5011 354 5078; x_wconf 79' lang='grc' dir='ltr'>τῷ</span> <span class='ocrx_word' id='word_1_889' title='bbox 373 5005 576 5081; x_wconf 79' lang='grc' dir='ltr'>ἀδελφῷ</span> <span class='ocrx_word' id='word_1_890' title='bbox 595 5005 746 5081; x_wconf 77' lang='grc' dir='ltr'><strong>αὖῖοῦ</strong></span> <span class='ocrx_word' id='word_1_891' title='bbox 780 5005 916 5081; x_wconf 72' lang='grc' dir='ltr'><strong>εἰκῇ,</strong></span> <span class='ocrx_word' id='word_1_892' title='bbox 939 5005 1120 5081; x_wconf 61' lang='lat' dir='ltr'><strong>id&#39;est,</strong></span> <span class='ocrx_word' id='word_1_893' title='bbox 1140 5006 1324 5062; x_wconf 90' lang='lat' dir='ltr'><strong>omnis</strong></span> <span class='ocrx_word' id='word_1_894' title='bbox 1351 5005 1444 5081; x_wconf 73' lang='lat' dir='ltr'><strong>qui</strong></span> <span class='ocrx_word' id='word_1_895' title='bbox 1469 5005 1717 5081; x_wconf 78' lang='lat' dir='ltr'><strong>irascitur</strong></span> <span class='ocrx_word' id='word_1_896' title='bbox 1739 5005 1892 5062; x_wconf 87' lang='lat' dir='ltr'><strong>fratri</strong></span> 
     </span>
    </p>
   </div>
   <div class='ocr_carea' id='block_1_118' title="bbox 287 5075 1888 5149">
    <p class='ocr_par' dir='ltr' id='par_1_118' title="bbox 287 5075 1888 5149">
     <span class='ocr_line' id='line_1_120' title="bbox 287 5075 1888 5149; baseline -0.002 -14"><span class='ocrx_word' id='word_1_897' title='bbox 287 5075 385 5149; x_wconf 76' lang='lat' dir='ltr'><strong>suo</strong></span> <span class='ocrx_word' id='word_1_898' title='bbox 411 5075 645 5145; x_wconf 79' lang='lat' dir='ltr'><strong>temere,</strong></span> <span class='ocrx_word' id='word_1_899' title='bbox 673 5075 976 5147; x_wconf 81' lang='lat' dir='ltr'><strong>immerito,</strong></span> <span class='ocrx_word' id='word_1_900' title='bbox 1015 5075 1132 5134; x_wconf 86' lang='lat' dir='ltr'><strong>sine</strong></span> <span class='ocrx_word' id='word_1_901' title='bbox 1158 5092 1322 5134; x_wconf 87' lang='lat' dir='ltr'><strong>causa</strong></span> <span class='ocrx_word' id='word_1_902' title='bbox 1350 5075 1574 5149; x_wconf 70' lang='lat' dir='ltr'><strong>(Matth.</strong></span> <span class='ocrx_word' id='word_1_903' title='bbox 1598 5079 1689 5145; x_wconf 84' lang='lat' dir='ltr'><strong>v);</strong></span> <span class='ocrx_word' id='word_1_904' title='bbox 1721 5091 1888 5149; x_wconf 90' lang='lat' dir='ltr'><strong>quam</strong></span> 
     </span>
    </p>
   </div>
   <div class='ocr_carea' id='block_1_119' title="bbox 287 5146 1896 5221">
    <p class='ocr_par' dir='ltr' id='par_1_119' title="bbox 287 5146 1896 5221">
     <span class='ocr_line' id='line_1_121' title="bbox 287 5146 1896 5221; baseline 0 -17"><span class='ocrx_word' id='word_1_905' title='bbox 287 5147 580 5207; x_wconf 84' lang='lat' dir='ltr'><strong>lectionem</strong></span> <span class='ocrx_word' id='word_1_906' title='bbox 626 5151 772 5206; x_wconf 87' lang='lat' dir='ltr'><strong>inter</strong></span> <span class='ocrx_word' id='word_1_907' title='bbox 813 5146 1038 5208; x_wconf 58' lang='lat' dir='ltr'><strong>Graios</strong></span> <span class='ocrx_word' id='word_1_908' title='bbox 1071 5149 1322 5221; x_wconf 83' lang='lat' dir='ltr'><strong>sequitur</strong></span> <span class='ocrx_word' id='word_1_909' title='bbox 1365 5146 1789 5221; x_wconf 79' lang='lat' dir='ltr'><strong>Chrysostomus</strong></span> <span class='ocrx_word' id='word_1_910' title='bbox 1813 5149 1896 5218; x_wconf 87' lang='lat' dir='ltr'><strong>(In</strong></span> 
     </span>
    </p>
   </div>
   <div class='ocr_carea' id='block_1_120' title="bbox 289 5218 1890 5292">
    <p class='ocr_par' dir='ltr' id='par_1_120' title="bbox 289 5218 1890 5292">
     <span class='ocr_line' id='line_1_122' title="bbox 289 5218 1890 5292; baseline -0.003 -15"><span class='ocrx_word' id='word_1_911' title='bbox 289 5223 608 5292; x_wconf 59' lang='lat' dir='ltr'><strong>comment),</strong></span> <span class='ocrx_word' id='word_1_912' title='bbox 629 5221 776 5278; x_wconf 90' lang='lat' dir='ltr'><strong>inter</strong></span> <span class='ocrx_word' id='word_1_913' title='bbox 789 5221 1015 5278; x_wconf 89' lang='lat' dir='ltr'><strong>Latinos</strong></span> <span class='ocrx_word' id='word_1_914' title='bbox 1031 5218 1374 5292; x_wconf 74' lang='lat' dir='ltr'><strong>Augustinus</strong></span> <span class='ocrx_word' id='word_1_915' title='bbox 1395 5218 1582 5289; x_wconf 88' lang='lat' dir='ltr'><strong>(Serm.</strong></span> <span class='ocrx_word' id='word_1_916' title='bbox 1609 5221 1630 5274; x_wconf 85' lang='grc'><strong>1</strong></span> <span class='ocrx_word' id='word_1_917' title='bbox 1654 5219 1890 5274; x_wconf 87' lang='lat' dir='ltr'><strong>deserm.</strong></span> 
     </span>
    </p>
   </div>
   <div class='ocr_carea' id='block_1_121' title="bbox 293 5235 1894 5372">
    <p class='ocr_par' dir='ltr' id='par_1_121' title="bbox 293 5235 1894 5372">
     <span class='ocr_line' id='line_1_123' title="bbox 293 5235 1890 5348; baseline -0.003 -72"><span class='ocrx_word' id='word_1_918' title='bbox 293 5235 608 5292; x_wconf 55' lang='lat' dir='ltr'><strong>comment),</strong></span> <span class='ocrx_word' id='word_1_919' title='bbox 629 5235 776 5278; x_wconf 80' lang='lat' dir='ltr'><strong>inter</strong></span> <span class='ocrx_word' id='word_1_920' title='bbox 792 5235 1015 5278; x_wconf 78' lang='lat' dir='ltr'><strong>Latinos</strong></span> <span class='ocrx_word' id='word_1_921' title='bbox 1031 5235 1374 5348; x_wconf 58' lang='lat' dir='ltr'><strong>augusunus</strong></span> <span class='ocrx_word' id='word_1_922' title='bbox 1395 5235 1582 5289; x_wconf 60' lang='grc' dir='ltr'><strong>(δεῖ-γη.</strong></span> <span class='ocrx_word' id='word_1_923' title='bbox 1609 5235 1630 5274; x_wconf 76' lang='grc'><strong>1</strong></span> <span class='ocrx_word' id='word_1_924' title='bbox 1654 5235 1890 5274; x_wconf 87' lang='lat' dir='ltr'><strong>aeserm.</strong></span> 
     </span>
     <span class='ocr_line' id='line_1_124' title="bbox 293 5291 1894 5372; baseline -0.002 -24"><span class='ocrx_word' id='word_1_925' title='bbox 293 5293 442 5372; x_wconf 78' lang='lat' dir='ltr'><strong>Dom.</strong></span> <span class='ocrx_word' id='word_1_926' title='bbox 471 5296 546 5372; x_wconf 87' lang='lat' dir='ltr'><strong>_in</strong></span> <span class='ocrx_word' id='word_1_927' title='bbox 586 5292 817 5372; x_wconf 74' lang='lat' dir='ltr'><strong>monte);</strong></span> <span class='ocrx_word' id='word_1_928' title='bbox 865 5291 1111 5372; x_wconf 85' lang='lat' dir='ltr'><strong>atquein</strong></span> <span class='ocrx_word' id='word_1_929' title='bbox 1152 5307 1186 5372; x_wconf 85' lang='lat' dir='ltr'><strong>e_</strong></span> <span class='ocrx_word' id='word_1_930' title='bbox 1221 5291 1625 5372; x_wconf 74' lang='lat' dir='ltr'><strong>colliguntnon</strong></span> <span class='ocrx_word' id='word_1_931' title='bbox 1658 5304 1894 5372; x_wconf 72' lang='lat' dir='ltr'><strong>omnsm</strong></span> 
     </span>
    </p>
   </div>
   <div class='ocr_carea' id='block_1_122' title="bbox 291 5359 1895 5437">
    <p class='ocr_par' dir='ltr' id='par_1_122' title="bbox 291 5359 1895 5437">
     <span class='ocr_line' id='line_1_125' title="bbox 291 5359 1895 5437; baseline -0.002 -18"><span class='ocrx_word' id='word_1_932' title='bbox 291 5360 427 5437; x_wconf 72' lang='lat' dir='ltr'><strong>iram</strong></span> <span class='ocrx_word' id='word_1_933' title='bbox 469 5359 887 5437; x_wconf 59' lang='lat' dir='ltr'><strong>interdici,&#39;sed</strong></span> <span class='ocrx_word' id='word_1_934' title='bbox 927 5359 1141 5437; x_wconf 73' lang='lat' dir='ltr'><strong>tantum</strong></span> <span class='ocrx_word' id='word_1_935' title='bbox 1169 5359 1428 5437; x_wconf 69' lang='lat' dir='ltr'><strong>injustam</strong></span> <span class='ocrx_word' id='word_1_936' title='bbox 1459 5367 1516 5437; x_wconf 69' lang='lat' dir='ltr'><strong>et</strong></span> <span class='ocrx_word' id='word_1_937' title='bbox 1545 5359 1895 5437; x_wconf 86' lang='lat' dir='ltr'><strong>irrationabi-</strong></span> 
     </span>
    </p>
   </div>
   <div class='ocr_carea' id='block_1_123' title="bbox 293 5430 1895 5507">
    <p class='ocr_par' dir='ltr' id='par_1_123' title="bbox 293 5430 1895 5507">
     <span class='ocr_line' id='line_1_126' title="bbox 293 5430 1895 5507; baseline 0.001 -20"><span class='ocrx_word' id='word_1_938' title='bbox 293 5430 417 5490; x_wconf 88' lang='lat' dir='ltr'><strong>lem.</strong></span> <span class='ocrx_word' id='word_1_939' title='bbox 446 5437 658 5496; x_wconf 87' lang='lat' dir='ltr'><strong>Verum</strong></span> <span class='ocrx_word' id='word_1_940' title='bbox 693 5430 833 5492; x_wconf 83' lang='lat' dir='ltr'><strong>hanc</strong></span> <span class='ocrx_word' id='word_1_941' title='bbox 851 5435 1160 5507; x_wconf 87' lang='lat' dir='ltr'><strong>lectionem,</strong></span> <span class='ocrx_word' id='word_1_942' title='bbox 1187 5430 1363 5507; x_wconf 71' lang='lat' dir='ltr'><strong>n&#39;eque</strong></span> <span class='ocrx_word' id='word_1_943' title='bbox 1385 5430 1611 5507; x_wconf 79' lang='lat' dir='ltr'><strong>Latinus</strong></span> <span class='ocrx_word' id='word_1_944' title='bbox 1630 5431 1895 5507; x_wconf 77' lang='lat' dir='ltr'><strong>interpres</strong></span> 
     </span>
    </p>
   </div>
   <div class='ocr_carea' id='block_1_124' title="bbox 291 5502 1901 5575">
    <p class='ocr_par' dir='ltr' id='par_1_124' title="bbox 291 5502 1901 5575">
     <span class='ocr_line' id='line_1_127' title="bbox 291 5502 1901 5575; baseline -0.001 -13"><span class='ocrx_word' id='word_1_945' title='bbox 291 5514 512 5564; x_wconf 74' lang='lat' dir='ltr'><strong>secutus</strong></span> <span class='ocrx_word' id='word_1_946' title='bbox 528 5515 634 5575; x_wconf 86' lang='lat' dir='ltr'><strong>est,</strong></span> <span class='ocrx_word' id='word_1_947' title='bbox 667 5522 768 5563; x_wconf 88' lang='lat' dir='ltr'><strong>nec</strong></span> <span class='ocrx_word' id='word_1_948' title='bbox 794 5521 915 5562; x_wconf 89' lang='lat' dir='ltr'><strong>eam</strong></span> <span class='ocrx_word' id='word_1_949' title='bbox 949 5505 1101 5564; x_wconf 89' lang='lat' dir='ltr'><strong>solus</strong></span> <span class='ocrx_word' id='word_1_950' title='bbox 1123 5502 1430 5571; x_wconf 77' lang='lat' dir='ltr'><strong>Cassianus,</strong></span> <span class='ocrx_word' id='word_1_951' title='bbox 1455 5502 1552 5560; x_wconf 89' lang='lat' dir='ltr'><strong>sed</strong></span> <span class='ocrx_word' id='word_1_952' title='bbox 1582 5513 1635 5561; x_wconf 90' lang='lat' dir='ltr'><strong>et</strong></span> <span class='ocrx_word' id='word_1_953' title='bbox 1663 5507 1736 5563; x_wconf 95' lang='lat' dir='ltr'><strong>D.</strong></span> <span class='ocrx_word' id='word_1_954' title='bbox 1762 5502 1901 5561; x_wconf 53' lang='lat' dir='ltr'><strong>Hie.</strong></span> 
     </span>
    </p>
   </div>
   <div class='ocr_carea' id='block_1_125' title="bbox 295 5575 1896 5651">
    <p class='ocr_par' dir='ltr' id='par_1_125' title="bbox 295 5575 1896 5651">
     <span class='ocr_line' id='line_1_128' title="bbox 295 5575 1896 5651; baseline -0.001 -19"><span class='ocrx_word' id='word_1_955' title='bbox 295 5577 738 5651; x_wconf 80' lang='lat' dir='ltr'><strong>ronymus_haud</strong></span> <span class='ocrx_word' id='word_1_956' title='bbox 765 5575 1046 5651; x_wconf 75' lang='lat' dir='ltr'><strong>immerito</strong></span> <span class='ocrx_word' id='word_1_957' title='bbox 1095 5575 1466 5651; x_wconf 74' lang='lat' dir='ltr'><strong>reprehendit,</strong></span> <span class='ocrx_word' id='word_1_958' title='bbox 1511 5584 1568 5633; x_wconf 90' lang='lat' dir='ltr'><strong>et</strong></span> <span class='ocrx_word' id='word_1_959' title='bbox 1587 5575 1740 5651; x_wconf 67' lang='lat' dir='ltr'><strong>illud</strong></span> <span class='ocrx_word' id='word_1_960' title='bbox 1785 5575 1896 5651; x_wconf 61' lang='lat' dir='ltr'><strong>alarii</strong></span> 
     </span>
    </p>
   </div>
   <div class='ocr_carea' id='block_1_126' title="bbox 297 5645 1899 5722">
    <p class='ocr_par' dir='ltr' id='par_1_126' title="bbox 297 5645 1899 5722">
     <span class='ocr_line' id='line_1_129' title="bbox 297 5645 1899 5722; baseline 0.001 -21"><span class='ocrx_word' id='word_1_961' title='bbox 297 5653 357 5702; x_wconf 91' lang='lat' dir='ltr'><strong>ut</strong></span> <span class='ocrx_word' id='word_1_962' title='bbox 369 5645 754 5722; x_wconf 73' lang='lat' dir='ltr'><strong>superﬂuum,</strong></span> <span class='ocrx_word' id='word_1_963' title='bbox 776 5665 816 5722; x_wconf 12' lang='lat' dir='ltr'><strong>re</strong></span> <span class='ocrx_word' id='word_1_964' title='bbox 844 5649 995 5707; x_wconf 85' lang='lat' dir='ltr'><strong>libris</strong></span> <span class='ocrx_word' id='word_1_965' title='bbox 1030 5645 1362 5708; x_wconf 72' lang='lat' dir='ltr'><strong>eradéndum</strong></span> <span class='ocrx_word' id='word_1_966' title='bbox 1382 5663 1512 5722; x_wconf 85' lang='lat' dir='ltr'><strong>esse</strong></span> <span class='ocrx_word' id='word_1_967' title='bbox 1544 5645 1809 5722; x_wconf 84' lang='lat' dir='ltr'><strong>afﬁrmat_._</strong></span> <span class='ocrx_word' id='word_1_968' title='bbox 1833 5645 1899 5704; x_wconf 87' lang='lat' dir='ltr'><strong>Si</strong></span> 
     </span>
    </p>
   </div>
   <div class='ocr_carea' id='block_1_127' title="bbox 294 5719 1898 5794">
    <p class='ocr_par' dir='ltr' id='par_1_127' title="bbox 294 5719 1898 5794">
     <span class='ocr_line' id='line_1_130' title="bbox 294 5719 1898 5794; baseline 0.002 -22"><span class='ocrx_word' id='word_1_969' title='bbox 294 5719 676 5794; x_wconf 64' lang='lat' dir='ltr'><strong>enim,&#39;inquit,</strong></span> <span class='ocrx_word' id='word_1_970' title='bbox 695 5721 950 5792; x_wconf 81' lang='lat' dir='ltr'><strong>jubemur</strong></span> <span class='ocrx_word' id='word_1_971' title='bbox 986 5721 1292 5780; x_wconf 79' lang='lat' dir='ltr'><strong>verberanti</strong></span> <span class='ocrx_word' id='word_1_972' title='bbox 1334 5721 1566 5780; x_wconf 88' lang='lat' dir='ltr'><strong>alteram</strong></span> <span class='ocrx_word' id='word_1_973' title='bbox 1609 5720 1898 5778; x_wconf 54' lang='lat' dir='ltr'><strong>marinam</strong></span> 
     </span>
    </p>
   </div>
   <div class='ocr_carea' id='block_1_128' title="bbox 1991 4578 3592 4654">
    <p class='ocr_par' dir='ltr' id='par_1_128' title="bbox 1991 4578 3592 4654">
     <span class='ocr_line' id='line_1_131' title="bbox 1991 4578 3592 4654; baseline -0.005 -18"><span class='ocrx_word' id='word_1_974' title='bbox 1991 4597 2191 4652; x_wconf 89' lang='lat' dir='ltr'><strong>magna</strong></span> <span class='ocrx_word' id='word_1_975' title='bbox 2207 4578 2614 4654; x_wconf 67' lang='lat' dir='ltr'><strong>exasperaow</strong></span> <span class='ocrx_word' id='word_1_976' title='bbox 2629 4583 2920 4654; x_wconf 81' lang='lat' dir='ltr'><strong>resistitur,</strong></span> <span class='ocrx_word' id='word_1_977' title='bbox 2948 4578 3135 4654; x_wconf 74' lang='lat' dir='ltr'><strong>contra</strong></span> <span class='ocrx_word' id='word_1_978' title='bbox 3149 4583 3200 4634; x_wconf 89' lang='lat' dir='ltr'><strong>te</strong></span> <span class='ocrx_word' id='word_1_979' title='bbox 3213 4578 3459 4654; x_wconf 72' lang='lat' dir='ltr'><strong>deinaeps</strong></span> <span class='ocrx_word' id='word_1_980' title='bbox 3477 4578 3592 4654; x_wconf 67' lang='lat' dir='ltr'><strong>sine</strong></span> 
     </span>
    </p>
   </div>
   <div class='ocr_carea' id='block_1_129' title="bbox 1990 4646 3594 4728">
    <p class='ocr_par' dir='ltr' id='par_1_129' title="bbox 1990 4646 3594 4728">
     <span class='ocr_line' id='line_1_132' title="bbox 1990 4646 3594 4728; baseline -0.005 -21"><span class='ocrx_word' id='word_1_981' title='bbox 1990 4646 2656 4728; x_wconf 65' lang='lat' dir='ltr'><strong>mensuracumulantur.</strong></span> <span class='ocrx_word' id='word_1_982' title='bbox 2697 4652 2838 4708; x_wconf 87' lang='lat' dir='ltr'><strong>Vide</strong></span> <span class='ocrx_word' id='word_1_983' title='bbox 2877 4646 2932 4707; x_wconf 86' lang='lat' dir='ltr'><strong>S.</strong></span> <span class='ocrx_word' id='word_1_984' title='bbox 2969 4649 3244 4728; x_wconf 75' lang='lat' dir='ltr'><strong>Thomam</strong></span> <span class='ocrx_word' id='word_1_985' title='bbox 3276 4646 3594 4728; x_wconf 41' lang='lat' dir='ltr'><strong>t-2,.q.,a§,</strong></span> 
     </span>
    </p>
   </div>
   <div class='ocr_carea' id='block_1_130' title="bbox 1991 4713 3596 4798">
    <p class='ocr_par' dir='ltr' id='par_1_130' title="bbox 1991 4713 3596 4798">
     <span class='ocr_line' id='line_1_133' title="bbox 1991 4713 3596 4798; baseline -0.009 -19"><span class='ocrx_word' id='word_1_986' title='bbox 1991 4731 2105 4798; x_wconf 77' lang='lat' dir='ltr'><strong>art.</strong></span> <span class='ocrx_word' id='word_1_987' title='bbox 2125 4729 2195 4798; x_wconf 11' lang='lat'><strong>4,,</strong></span> <span class='ocrx_word' id='word_1_988' title='bbox 2220 4723 2315 4780; x_wconf 89' lang='lat' dir='ltr'><strong>ubi</strong></span> <span class='ocrx_word' id='word_1_989' title='bbox 2343 4725 2505 4798; x_wconf 74' lang='lat' dir='ltr'><strong>dacet</strong></span> <span class='ocrx_word' id='word_1_990' title='bbox 2524 4723 2677 4798; x_wconf 8' lang='lat' dir='ltr'><strong>pirata</strong></span> <span class='ocrx_word' id='word_1_991' title='bbox 2693 4737 2818 4798; x_wconf 74' lang='lat' dir='ltr'><strong>esse</strong></span> <span class='ocrx_word' id='word_1_992' title='bbox 2843 4738 2963 4798; x_wconf 79' lang='lat' dir='ltr'><strong>cum</strong></span> <span class='ocrx_word' id='word_1_993' title='bbox 2991 4720 3222 4798; x_wconf 63' lang='lat' dir='ltr'><strong>ratiaae,</strong></span> <span class='ocrx_word' id='word_1_994' title='bbox 3248 4717 3360 4798; x_wconf 62' lang='lat' dir='ltr'><strong>sise</strong></span> <span class='ocrx_word' id='word_1_995' title='bbox 3381 4713 3596 4798; x_wconf 54' lang='lat' dir='ltr'><strong>iudicio</strong></span> 
     </span>
    </p>
   </div>
   <div class='ocr_carea' id='block_1_131' title="bbox 1993 4783 3596 4862">
    <p class='ocr_par' dir='ltr' id='par_1_131' title="bbox 1993 4783 3596 4862">
     <span class='ocr_line' id='line_1_134' title="bbox 1993 4783 3596 4862; baseline -0.01 -12"><span class='ocrx_word' id='word_1_996' title='bbox 1993 4783 2252 4862; x_wconf 78' lang='lat' dir='ltr'><strong>rationis;</strong></span> <span class='ocrx_word' id='word_1_997' title='bbox 2281 4795 2427 4849; x_wconf 86' lang='lat' dir='ltr'><strong>unde</strong></span> <span class='ocrx_word' id='word_1_998' title='bbox 2467 4794 2602 4848; x_wconf 86' lang='lat' dir='ltr'><strong>dicit</strong></span> <span class='ocrx_word' id='word_1_999' title='bbox 2642 4792 2995 4862; x_wconf 81' lang='lat' dir='ltr'><strong>Philosophus</strong></span> <span class='ocrx_word' id='word_1_1000' title='bbox 3022 4791 3080 4862; x_wconf 74' lang='lat' dir='ltr'><strong>in</strong></span> <span class='ocrx_word' id='word_1_1001' title='bbox 3105 4787 3267 4862; x_wconf 71' lang='lat' dir='ltr'><strong>libra</strong></span> <span class='ocrx_word' id='word_1_1002' title='bbox 3284 4783 3350 4838; x_wconf 90' lang='lat' dir='ltr'><strong>de</strong></span> <span class='ocrx_word' id='word_1_1003' title='bbox 3373 4783 3596 4862; x_wconf 57' lang='lat' dir='ltr'><strong>Proble-</strong></span> 
     </span>
    </p>
   </div>
   <div class='ocr_carea' id='block_1_132' title="bbox 1993 4853 3598 4932">
    <p class='ocr_par' dir='ltr' id='par_1_132' title="bbox 1993 4853 3598 4932">
     <span class='ocr_line' id='line_1_135' title="bbox 1993 4853 3598 4932; baseline -0.006 -12"><span class='ocrx_word' id='word_1_1004' title='bbox 1993 4853 2406 4932; x_wconf 45' lang='lat' dir='ltr'><strong>matibusXSect.</strong></span> <span class='ocrx_word' id='word_1_1005' title='bbox 2439 4867 2496 4930; x_wconf 87' lang='lat'><strong>3,</strong></span> <span class='ocrx_word' id='word_1_1006' title='bbox 2528 4863 2772 4932; x_wconf 88' lang='lat' dir='ltr'><strong>problem</strong></span> <span class='ocrx_word' id='word_1_1007' title='bbox 2799 4902 2812 4914; x_wconf 94' lang='lat'><strong>.</strong></span> <span class='ocrx_word' id='word_1_1008' title='bbox 2847 4853 3143 4932; x_wconf 68' lang='lat' dir='ltr'><strong>i),quod_i_i</strong></span> <span class='ocrx_word' id='word_1_1009' title='bbox 3166 4857 3267 4932; x_wconf 86' lang='lat' dir='ltr'><strong>qui</strong></span> <span class='ocrx_word' id='word_1_1010' title='bbox 3287 4859 3424 4932; x_wconf 78' lang='lat' dir='ltr'><strong>sunt</strong></span> <span class='ocrx_word' id='word_1_1011' title='bbox 3439 4853 3598 4910; x_wconf 82' lang='lat' dir='ltr'><strong>valde</strong></span> 
     </span>
    </p>
   </div>
   <div class='ocr_carea' id='block_1_133' title="bbox 1993 4927 3598 5002">
    <p class='ocr_par' dir='ltr' id='par_1_133' title="bbox 1993 4927 3598 5002">
     <span class='ocr_line' id='line_1_136' title="bbox 1993 4927 3598 5002; baseline -0.006 -12"><span class='ocrx_word' id='word_1_1012' title='bbox 1993 4937 2150 4998; x_wconf 82' lang='lat' dir='ltr'><strong>ebrii,</strong></span> <span class='ocrx_word' id='word_1_1013' title='bbox 2179 4927 2457 5002; x_wconf 80' lang='lat' dir='ltr'><strong>tamquam</strong></span> <span class='ocrx_word' id='word_1_1014' title='bbox 2476 4927 2617 4986; x_wconf 72' lang='lat' dir='ltr'><strong>nihil</strong></span> <span class='ocrx_word' id='word_1_1015' title='bbox 2637 4927 2888 4985; x_wconf 80' lang='lat' dir='ltr'><strong>habentes</strong></span> <span class='ocrx_word' id='word_1_1016' title='bbox 2909 4927 2976 4982; x_wconf 84' lang='lat' dir='ltr'><strong>de</strong></span> <span class='ocrx_word' id='word_1_1017' title='bbox 2992 4927 3209 5002; x_wconf 67' lang='lat' dir='ltr'><strong>judicio</strong></span> <span class='ocrx_word' id='word_1_1018' title='bbox 3223 4928 3466 4990; x_wconf 81' lang='lat' dir='ltr'><strong>rationis,</strong></span> <span class='ocrx_word' id='word_1_1019' title='bbox 3491 4940 3598 5002; x_wconf 76' lang='lat' dir='ltr'><strong>non</strong></span> 
     </span>
    </p>
   </div>
   <div class='ocr_carea' id='block_1_134' title="bbox 1993 5000 3601 5072">
    <p class='ocr_par' dir='ltr' id='par_1_134' title="bbox 1993 5000 3601 5072">
     <span class='ocr_line' id='line_1_137' title="bbox 1993 5000 3601 5072; baseline -0.004 -12"><span class='ocrx_word' id='word_1_1020' title='bbox 1993 5000 2332 5070; x_wconf 64' lang='lat' dir='ltr'><strong>irascuntur}</strong></span> <span class='ocrx_word' id='word_1_1021' title='bbox 2347 5003 2443 5058; x_wconf 88' lang='lat' dir='ltr'><strong>sed</strong></span> <span class='ocrx_word' id='word_1_1022' title='bbox 2459 5002 2678 5072; x_wconf 87' lang='lat' dir='ltr'><strong>quando</strong></span> <span class='ocrx_word' id='word_1_1023' title='bbox 2689 5005 2814 5056; x_wconf 89' lang='lat' dir='ltr'><strong>sunt</strong></span> <span class='ocrx_word' id='word_1_1024' title='bbox 2819 5015 3024 5072; x_wconf 89' lang='lat' dir='ltr'><strong>parum</strong></span> <span class='ocrx_word' id='word_1_1025' title='bbox 3033 5000 3188 5068; x_wconf 84' lang='lat' dir='ltr'><strong>ebrii,</strong></span> <span class='ocrx_word' id='word_1_1026' title='bbox 3211 5004 3488 5070; x_wconf 87' lang='lat' dir='ltr'><strong>tamquam</strong></span> <span class='ocrx_word' id='word_1_1027' title='bbox 3503 5000 3601 5054; x_wconf 82' lang='lat' dir='ltr'><strong>ha-</strong></span> 
     </span>
    </p>
   </div>
   <div class='ocr_carea' id='block_1_135' title="bbox 1998 5072 3598 5146">
    <p class='ocr_par' dir='ltr' id='par_1_135' title="bbox 1998 5072 3598 5146">
     <span class='ocr_line' id='line_1_138' title="bbox 1998 5072 3598 5146; baseline -0.003 -16"><span class='ocrx_word' id='word_1_1028' title='bbox 1998 5078 2174 5132; x_wconf 90' lang='lat' dir='ltr'><strong>bentes</strong></span> <span class='ocrx_word' id='word_1_1029' title='bbox 2175 5074 2447 5146; x_wconf 84' lang='lat' dir='ltr'><strong>judicium</strong></span> <span class='ocrx_word' id='word_1_1030' title='bbox 2458 5074 2712 5137; x_wconf 87' lang='lat' dir='ltr'><strong>rationis,</strong></span> <span class='ocrx_word' id='word_1_1031' title='bbox 2733 5073 2828 5146; x_wconf 83' lang='lat' dir='ltr'><strong>sed</strong></span> <span class='ocrx_word' id='word_1_1032' title='bbox 2842 5072 3184 5146; x_wconf 57' lang='lat' dir='ltr'><strong>impeditum1</strong></span> <span class='ocrx_word' id='word_1_1033' title='bbox 3194 5073 3404 5128; x_wconf 86' lang='lat' dir='ltr'><strong>Dicitur</strong></span> <span class='ocrx_word' id='word_1_1034' title='bbox 3415 5075 3598 5146; x_wconf 74' lang='lat' dir='ltr'><strong>autem</strong></span> 
     </span>
    </p>
   </div>
   <div class='ocr_carea' id='block_1_136' title="bbox 1997 5143 3592 5213">
    <p class='ocr_par' dir='ltr' id='par_1_136' title="bbox 1997 5143 3592 5213">
     <span class='ocr_line' id='line_1_139' title="bbox 1997 5143 3592 5213; baseline -0.003 -10"><span class='ocrx_word' id='word_1_1035' title='bbox 1997 5149 2087 5202; x_wconf 89' lang='lat' dir='ltr'><strong>ira</strong></span> <span class='ocrx_word' id='word_1_1036' title='bbox 2107 5143 2217 5202; x_wconf 80' lang='lat' dir='ltr'><strong>esse</strong></span> <span class='ocrx_word' id='word_1_1037' title='bbox 2244 5161 2362 5202; x_wconf 89' lang='lat' dir='ltr'><strong>cum</strong></span> <span class='ocrx_word' id='word_1_1038' title='bbox 2376 5147 2590 5201; x_wconf 74' lang='lat' dir='ltr'><strong>ratione</strong></span> <span class='ocrx_word' id='word_1_1039' title='bbox 2611 5145 2899 5200; x_wconf 86' lang='lat' dir='ltr'><strong>secundum</strong></span> <span class='ocrx_word' id='word_1_1040' title='bbox 2915 5144 3291 5213; x_wconf 78' lang='lat' dir='ltr'><strong>Philosophum</strong></span> <span class='ocrx_word' id='word_1_1041' title='bbox 3306 5146 3403 5209; x_wconf 80' lang='lat' dir='ltr'><strong>(vn</strong></span> <span class='ocrx_word' id='word_1_1042' title='bbox 3417 5143 3592 5200; x_wconf 86' lang='lat' dir='ltr'><strong>Ethic.</strong></span> 
     </span>
    </p>
   </div>
   <div class='ocr_carea' id='block_1_137' title="bbox 1998 5215 3601 5290">
    <p class='ocr_par' dir='ltr' id='par_1_137' title="bbox 1998 5215 3601 5290">
     <span class='ocr_line' id='line_1_140' title="bbox 1998 5215 3601 5290; baseline -0.002 -16"><span class='ocrx_word' id='word_1_1043' title='bbox 1998 5233 2116 5290; x_wconf 88' lang='lat' dir='ltr'><strong>cap.</strong></span> <span class='ocrx_word' id='word_1_1044' title='bbox 2142 5221 2216 5288; x_wconf 88' lang='lat'><strong>6),</strong></span> <span class='ocrx_word' id='word_1_1045' title='bbox 2236 5221 2368 5289; x_wconf 88' lang='lat' dir='ltr'><strong>quia</strong></span> <span class='ocrx_word' id='word_1_1046' title='bbox 2392 5219 2602 5288; x_wconf 88' lang='lat' dir='ltr'><strong>appetit</strong></span> <span class='ocrx_word' id='word_1_1047' title='bbox 2635 5217 2841 5290; x_wconf 84' lang='lat' dir='ltr'><strong>malum</strong></span> <span class='ocrx_word' id='word_1_1048' title='bbox 2856 5217 3080 5290; x_wconf 85' lang='lat' dir='ltr'><strong>alterius</strong></span> <span class='ocrx_word' id='word_1_1049' title='bbox 3095 5215 3195 5290; x_wconf 84' lang='lat' dir='ltr'><strong>sub</strong></span> <span class='ocrx_word' id='word_1_1050' title='bbox 3214 5216 3429 5270; x_wconf 87' lang='lat' dir='ltr'><strong>ratione</strong></span> <span class='ocrx_word' id='word_1_1051' title='bbox 3433 5215 3601 5290; x_wconf 73' lang='lat' dir='ltr'><strong>justo:</strong></span> 
     </span>
    </p>
   </div>
   <div class='ocr_carea' id='block_1_138' title="bbox 1998 5287 3602 5370">
    <p class='ocr_par' dir='ltr' id='par_1_138' title="bbox 1998 5287 3602 5370">
     <span class='ocr_line' id='line_1_141' title="bbox 1998 5287 3602 5370; baseline -0.003 -25"><span class='ocrx_word' id='word_1_1052' title='bbox 1998 5287 2272 5370; x_wconf 49' lang='lat' dir='ltr'><strong>uindicta.</strong></span> <span class='ocrx_word' id='word_1_1053' title='bbox 2289 5287 2479 5370; x_wconf 52' lang='lat' dir='ltr'><strong>Itaque:</strong></span> <span class='ocrx_word' id='word_1_1054' title='bbox 2493 5292 2699 5370; x_wconf 72' lang='lat' dir='ltr'><strong>spectat</strong></span> <span class='ocrx_word' id='word_1_1055' title='bbox 2707 5288 2982 5370; x_wconf 45' lang='lat' dir='ltr'><strong>in‘objecto</strong></span> <span class='ocrx_word' id='word_1_1056' title='bbox 2998 5288 3298 5370; x_wconf 42' lang='lat' dir='ltr'><strong>imaginem.</strong></span> <span class='ocrx_word' id='word_1_1057' title='bbox 3308 5287 3602 5370; x_wconf 71' lang='lat' dir='ltr'><strong>quamdam</strong></span> 
     </span>
    </p>
   </div>
   <div class='ocr_carea' id='block_1_139' title="bbox 1990 5359 3598 5432">
    <p class='ocr_par' dir='ltr' id='par_1_139' title="bbox 1990 5359 3598 5432">
     <span class='ocr_line' id='line_1_142' title="bbox 1990 5359 3598 5432; baseline -0.006 -14"><span class='ocrx_word' id='word_1_1058' title='bbox 1990 5363 2261 5432; x_wconf 72' lang='lat' dir='ltr'><strong>justitiw,</strong></span> <span class='ocrx_word' id='word_1_1059' title='bbox 2278 5364 2342 5414; x_wconf 87' lang='lat' dir='ltr'><strong>ut</strong></span> <span class='ocrx_word' id='word_1_1060' title='bbox 2357 5359 2636 5432; x_wconf 82' lang='lat' dir='ltr'><strong>justitiam</strong></span> <span class='ocrx_word' id='word_1_1061' title='bbox 2661 5359 3048 5432; x_wconf 59' lang='lat' dir='ltr'><strong>uindicaturum</strong></span> <span class='ocrx_word' id='word_1_1062' title='bbox 3086 5359 3298 5432; x_wconf 80' lang='lat' dir='ltr'><strong>imitari</strong></span> <span class='ocrx_word' id='word_1_1063' title='bbox 3316 5359 3598 5432; x_wconf 62' lang='lat' dir='ltr'><strong>uideatur.</strong></span> 
     </span>
    </p>
   </div>
   <div class='ocr_carea' id='block_1_140' title="bbox 2001 5427 3602 5504">
    <p class='ocr_par' dir='ltr' id='par_1_140' title="bbox 2001 5427 3602 5504">
     <span class='ocr_line' id='line_1_143' title="bbox 2001 5427 3602 5504; baseline -0.006 -14"><span class='ocrx_word' id='word_1_1064' title='bbox 2001 5427 2150 5490; x_wconf 83' lang='lat' dir='ltr'><strong>Sicut</strong></span> <span class='ocrx_word' id='word_1_1065' title='bbox 2177 5427 2473 5504; x_wconf 66' lang='lat' dir='ltr'><strong>enimhmc</strong></span> <span class='ocrx_word' id='word_1_1066' title='bbox 2497 5429 2702 5504; x_wconf 85' lang='lat' dir='ltr'><strong>appetit</strong></span> <span class='ocrx_word' id='word_1_1067' title='bbox 2743 5430 2948 5504; x_wconf 81' lang='lat' dir='ltr'><strong>malum</strong></span> <span class='ocrx_word' id='word_1_1068' title='bbox 2984 5428 3218 5504; x_wconf 80' lang='lat' dir='ltr'><strong>proximi</strong></span> <span class='ocrx_word' id='word_1_1069' title='bbox 3249 5427 3350 5504; x_wconf 79' lang='lat' dir='ltr'><strong>sub</strong></span> <span class='ocrx_word' id='word_1_1070' title='bbox 3386 5427 3602 5504; x_wconf 77' lang='lat' dir='ltr'><strong>ratione</strong></span> 
     </span>
    </p>
   </div>
   <div class='ocr_carea' id='block_1_141' title="bbox 1999 5496 3603 5578">
    <p class='ocr_par' dir='ltr' id='par_1_141' title="bbox 1999 5496 3603 5578">
     <span class='ocr_line' id='line_1_144' title="bbox 1999 5496 3603 5578; baseline -0.006 -18"><span class='ocrx_word' id='word_1_1071' title='bbox 1999 5504 2158 5578; x_wconf 64' lang='lat' dir='ltr'><strong>justas</strong></span> <span class='ocrx_word' id='word_1_1072' title='bbox 2203 5502 2479 5578; x_wconf 72' lang='lat' dir='ltr'><strong>vindictae,</strong></span> <span class='ocrx_word' id='word_1_1073' title='bbox 2525 5496 2604 5558; x_wconf 76' lang='lat' dir='ltr'><strong>sic</strong></span> <span class='ocrx_word' id='word_1_1074' title='bbox 2639 5501 2718 5558; x_wconf 92' lang='lat' dir='ltr'><strong>ira</strong></span> <span class='ocrx_word' id='word_1_1075' title='bbox 2757 5501 2858 5578; x_wconf 81' lang='lat' dir='ltr'><strong>sub</strong></span> <span class='ocrx_word' id='word_1_1076' title='bbox 2894 5496 3075 5578; x_wconf 74' lang='lat' dir='ltr'><strong>specie</strong></span> <span class='ocrx_word' id='word_1_1077' title='bbox 3102 5513 3154 5556; x_wconf 87' lang='lat' dir='ltr'><strong>et</strong></span> <span class='ocrx_word' id='word_1_1078' title='bbox 3181 5498 3419 5578; x_wconf 63' lang='lat' dir='ltr'><strong>imagias</strong></span> <span class='ocrx_word' id='word_1_1079' title='bbox 3431 5496 3603 5578; x_wconf 74' lang='lat' dir='ltr'><strong>justas</strong></span> 
     </span>
    </p>
   </div>
   <div class='ocr_carea' id='block_1_142' title="bbox 2005 5566 3603 5648">
    <p class='ocr_par' dir='ltr' id='par_1_142' title="bbox 2005 5566 3603 5648">
     <span class='ocr_line' id='line_1_145' title="bbox 2005 5566 3603 5648; baseline -0.007 -18"><span class='ocrx_word' id='word_1_1080' title='bbox 2005 5566 2290 5632; x_wconf 67' lang='lat' dir='ltr'><strong>&#39;vindictm:</strong></span> <span class='ocrx_word' id='word_1_1081' title='bbox 2329 5575 2428 5633; x_wconf 87' lang='lat' dir='ltr'><strong>sed</strong></span> <span class='ocrx_word' id='word_1_1082' title='bbox 2463 5566 2612 5648; x_wconf 88' lang='lat' dir='ltr'><strong>in_eo</strong></span> <span class='ocrx_word' id='word_1_1083' title='bbox 2645 5581 2728 5648; x_wconf 83' lang='lat' dir='ltr'><strong>est</strong></span> <span class='ocrx_word' id='word_1_1084' title='bbox 2748 5566 3061 5648; x_wconf 79' lang='lat' dir='ltr'><strong>discrimen,</strong></span> <span class='ocrx_word' id='word_1_1085' title='bbox 3097 5567 3245 5641; x_wconf 90' lang='lat' dir='ltr'><strong>quod</strong></span> <span class='ocrx_word' id='word_1_1086' title='bbox 3269 5566 3477 5648; x_wconf 65' lang='lat' dir='ltr'><strong>jasritia</strong></span> <span class='ocrx_word' id='word_1_1087' title='bbox 3513 5566 3603 5648; x_wconf 78' lang='lat' dir='ltr'><strong>illa</strong></span> 
     </span>
    </p>
   </div>
   <div class='ocr_carea' id='block_1_143' title="bbox 2001 5637 3603 5776">
    <p class='ocr_par' dir='ltr' id='par_1_143' title="bbox 2001 5637 3603 5776">
     <span class='ocr_line' id='line_1_146' title="bbox 2001 5637 3603 5720; baseline -0.011 -16"><span class='ocrx_word' id='word_1_1088' title='bbox 2001 5655 2220 5720; x_wconf 87' lang='lat' dir='ltr'><strong>regatur</strong></span> <span class='ocrx_word' id='word_1_1089' title='bbox 2260 5661 2385 5703; x_wconf 85' lang='lat' dir='ltr'><strong>vera</strong></span> <span class='ocrx_word' id='word_1_1090' title='bbox 2415 5643 2736 5718; x_wconf 87' lang='lat' dir='ltr'><strong>prudentia;</strong></span> <span class='ocrx_word' id='word_1_1091' title='bbox 2782 5643 2860 5702; x_wconf 90' lang='lat' dir='ltr'><strong>ira</strong></span> <span class='ocrx_word' id='word_1_1092' title='bbox 2887 5659 3001 5702; x_wconf 90' lang='lat' dir='ltr'><strong>non</strong></span> <span class='ocrx_word' id='word_1_1093' title='bbox 3042 5637 3191 5710; x_wconf 57' lang='lat' dir='ltr'><strong>sera,</strong></span> <span class='ocrx_word' id='word_1_1094' title='bbox 3228 5637 3324 5695; x_wconf 86' lang='lat' dir='ltr'><strong>sed</strong></span> <span class='ocrx_word' id='word_1_1095' title='bbox 3366 5637 3603 5706; x_wconf 84' lang='lat' dir='ltr'><strong>imagine</strong></span> 
     </span>
     <span class='ocr_line' id='line_1_147' title="bbox 2002 5716 2639 5776; baseline 0 0"><span class='ocrx_word' id='word_1_1096' title='bbox 2002 5717 2289 5776; x_wconf 83' lang='lat' dir='ltr'><strong>dumtaxat</strong></span> <span class='ocrx_word' id='word_1_1097' title='bbox 2315 5716 2639 5776; x_wconf 70' lang='lat' dir='ltr'><strong>prudentiae.</strong></span> 
     </span>
    </p>
   </div>
   <div class='ocr_carea' id='block_1_144' title="bbox 2043 5732 2639 5790">
    <p class='ocr_par' dir='ltr' id='par_1_144' title="bbox 2043 5732 2639 5790">
     <span class='ocr_line' id='line_1_148' title="bbox 2043 5732 2639 5790; baseline 0.002 -14"><span class='ocrx_word' id='word_1_1098' title='bbox 2043 5732 2289 5776; x_wconf 82' lang='lat' dir='ltr'><strong>umtaxat</strong></span> <span class='ocrx_word' id='word_1_1099' title='bbox 2315 5732 2639 5790; x_wconf 75' lang='lat' dir='ltr'><strong>prudentiae.</strong></span> 
     </span>
    </p>
   </div>
  </div>
