4012 6192
408 196 506 261 351

1735 190 2029 250 .JOANNIS
2063 191 2371 251 CASSIANI

3608 192 3715 249 352

397 316 657 388 jubemur
682 315 839 375 irasci
863 332 993 374 cum
1016 331 1200 387 causa,
1224 316 1389 375 etiam
1407 317 1523 373 sine
1548 331 1714 373 causa
1735 305 2013 375 irascendi
2030 321 2083 385 Α
2112 318 2270 376 licere
2292 316 2451 375 nobis
2471 317 2670 374 irasci:
2701 315 2933 375 scientes
2965 329 3067 372 nos
3106 311 3452 372 discretionis
3497 311 3711 384 lumen,

404 410 562 467 nobis
597 410 993 469 intromittatur
1037 412 1275 469 occasio.
1308 414 1334 445 ⁸
1365 410 1520 468 Finis
1536 410 1696 483 \enim
1727 413 2005 485 patientia:

403 518 517 560 non
545 504 602 559 in
630 504 912 561 irascendo
951 504 1123 577 juste,
1177 503 1275 561 sed
1313 503 1530 576 penitus
1566 520 1678 562 non
1718 504 2005 564 irascendo

409 599 685 655 consistit.
709 592 737 631 ι’
768 599 924 655 Licet
943 614 974 654 a
1002 596 1326 670 quibusdam
1348 596 1456 654 hoc
1484 597 1662 671 ipsum
1693 598 1840 672 quod
1868 599 2003 657 dici-

411 699 502 750 tur
530 696 644 750 sine
679 709 859 756 causa,
886 692 958 748 ita
1000 690 1338 763 interpretari
1383 691 1571 759 sciam,
1619 691 1768 764 quod
1806 692 2011 749 scilicet

406 787 523 843 sine
551 802 711 843 causa
755 786 1017 842 irascatur
1044 784 1089 841 is
1116 785 1204 842 cui
1252 793 1505 858 expetere
1554 785 1820 843 ultionem
1866 785 2003 842 irato

396 894 509 934 non
536 878 716 934 liceat.
741 879 939 935 Melius
964 887 1151 935 tamen
1171 886 1252 935 est
1280 878 1355 935 ita
1384 886 1591 948 tenere,
1622 886 1684 935 ut
1711 886 1767 934 et
1793 878 2005 936 novella

398 969 727 1042 exemplaria
755 971 928 1028 multa
954 980 1010 1029 et
1045 972 1269 1043 antiqua
1300 971 1486 1028 omnia
1513 972 1864 1030 inveniuntur
1888 987 2005 1030 esse

399 1063 715 1138 perscripta.

981 1204 1222 1262 CAPUT
1247 1205 1416 1260 'XXI.

397 1330 655 1387 Remedia
702 1330 895 1401 quibus
933 1331 1074 1385 iram
1114 1329 1200 1414 ἀει
1219 1330 1461 1385 cordibus
1498 1331 1672 1386 nostri
1721 1329 2001 1399 eradicare

1051 1416 1335 1473 possemus.

469 1538 812 1611 Quapropter
832 1538 1094 1596 athletam
1121 1537 1317 1596 Christi
1342 1537 1585 1612 legitime
1608 1536 2000 1609 decertantem,

396 1631 687 1688 iracundiae
726 1640 911 1689 motus
944 1632 1201 1689 radicitus
1229 1640 1447 1705 oportet
1471 1631 1722 1689 evellere.
1764 1634 1789 1666 θ
1835 1631 2003 1704 Cujus

2110 412 2346 485 rectique
2372 409 2579 469 consilii
2608 410 2945 474 ﬁrmitatem,
2983 408 3162 482 ipsam
3205 422 3427 480 quoque
3455 404 3719 465 honesta-

2110 514 2245 573 tem,
2273 513 2331 561 et
2352 503 2580 577 justitias
2606 502 2989 560 moderamina
3028 501 3277 574 protinus
3304 500 3632 573 amissuros,
3668 502 3717 559 si

2113 598 2405 671 principale
2442 597 2621 655 cordis
2665 597 2841 654 nostri
2877 597 3069 653 lumen
3111 594 3229 668 ejus
3271 593 3442 651 fuerit
3476 596 3717 655 tenebris

2114 690 2503 748 obscuratum:
2532 698 2652 748 tum
2692 690 2885 748 deinde
2926 688 3222 763 puritatem
3269 687 3469 745 mentis
3514 698 3717 749 nostra:

2109 799 2239 840 mox
2269 783 2708 857 perturbandam,
2734 784 3110 856 templumque
3134 797 3256 839 eam
3288 784 3463 839 sancti
3484 784 3717 856 Spiritus

2111 877 2250 935 efﬁci
2289 878 2516 935 omnino
2562 893 2672 933 non
2714 892 2873 951 posse
2902 876 3202 935 iracundia:
3240 877 3301 933 in
3323 876 3490 934 nobis
3516 877 3714 951 spiritu

2111 980 2508 1029 commorante.
2540 975 2846 1041 Postremo,
2898 979 2961 1027 ut
3003 971 3328 1044 cogitemus,
3366 986 3715 1045 nequaquam

2110 1064 2272 1123 licere
2322 1064 2480 1122 nobis
2529 1080 2707 1134 orare,
2766 1080 2871 1122 nec
2924 1064 3093 1122 iratos
3143 1062 3367 1121 fundere
3408 1080 3597 1137 preces
3641 1062 3714 1123 ad

2109 1160 2309 1215 Deum.
2344 1161 2413 1214 Et
2437 1173 2550 1231 pra:
2576 1157 2832 1215 omnibus
2853 1157 3123 1215 incertum
3148 1166 3353 1215 statum
3380 1157 3716 1216 conditionis

2108 1250 2365 1307 humanae
2393 1266 2505 1323 prae
2542 1250 2717 1307 oculis
2751 1249 3037 1320 habentes,
3056 1238 3087 1283 ἀ
3107 1250 3352 1323 quotidie
3378 1266 3481 1308 nos
3519 1251 3715 1309 creda-

2108 1360 2235 1401 mus
2262 1360 2292 1401 e
2310 1360 2539 1417 corpore
2558 1345 2909 1418 migraturos,
2930 1344 3171 1418 nihilque
3192 1345 3355 1402 nobis
3376 1344 3711 1403 continentia

2108 1438 2395 1507 castitatis,
2418 1437 2554 1495 nihil
2583 1437 3052 1495 abrenuntiatione
3081 1439 3336 1496 omnium
3360 1437 3710 1506 facultatum,

2107 1532 2237 1589 nihil
2265 1531 2579 1589 divitiarum
2610 1540 2952 1607 contemptu,
2979 1533 3112 1589 nihil
3134 1533 3475 1606 jejuniorum
3502 1533 3716 1606 vigilia-

2110 1644 2342 1701 rumque
2368 1628 2647 1685 laboribus
2679 1626 3094 1700 conferendum,
3135 1628 3331 1703 quibus
3354 1638 3580 1703 propter
3616 1629 3714 1687 ira-

396 1724 578 1780 morhi
596 1724 714 1782 haec
738 1725 839 1781 erit
866 1725 1132 1782 medicina
1157 1723 1422 1799 perfecta,
1447 1734 1509 1782 ut
1536 1724 2001 1814 primitus‘creda-
2029 1737 2079 1801 Β
2110 1722 2366 1780 cundiam
2393 1722 2568 1780 solam
2598 1731 2652 1779 et
2679 1722 2865 1780 odium
2895 1723 2964 1781 ab
2997 1723 3360 1781 universitatis
3379 1723 3562 1797 judice
3583 1739 3711 1798 sup-

396 1833 523 1876 mus
551 1818 699 1875 nullo
728 1817 895 1876 modo
944 1818 1058 1875 sive
1077 1817 1264 1890 justis,
1311 1818 1422 1876 sive
1443 1818 1496 1875 in
1513 1818 1681 1893 justis
1707 1835 1772 1875 ex
1821 1821 2002 1877 causis

2113 1816 2268 1892 plicia
2296 1816 2690 1890 promittuntur
2708 1824 2932 1874 aeterna.

1498 1926 1755 1982 ALARDI
1792 1926 2021 1983 GAZEI
2057 1923 2616 1983 COMMENTARIUS.

467 2028 646 2098 “Haec
673 2023 937 2098 sententia
968 2040 1032 2098 eo
1065 2023 1231 2081 modo
1255 2024 1598 2098 intelligenda
1616 2034 1719 2098 est,
1744 2042 1851 2098 quo
1872 2026 1993 2083 alia:

393 2095 596 2168 similes
623 2096 869 2168 superius
895 2094 1505 2168 explicata:,nempe_de
1533 2096 1613 2152 ira
1639 2094 1872 2168 vulgari,
1894 2113 1991 2154 seu

394 2166 597 2236 affectu
627 2166 812 2236 animi,
838 2165 978 2236 male
1009 2165 1238 2222 volentis
1274 2165 1453 2234 alteri,
1484 2168 1543 2222 in
1567 2167 1647 2223 sui
1693 2165 1990 2236 ultionem;

394 2235 708 2308 hujusmodi
732 2235 876 2309 enim
920 2235 996 2309 ira
1036 2250 1253 2309 semper
1280 2245 1363 2292 est
1389 2246 1692 2309 peccatum,
1719 2235 1993 2309 patientiae

394 2305 936 2389 sedmansuetudini
964 2305 1320 2378 contrarium,
1361 2305 1605 2365 etiamin
1628 2305 1816 2381 judice
1850 2308 1994 2381 juste

392 2384 651 2449 puniente
673 2384 980 2435 nocentem.

466 2442 493 2481 δ
516 2448 602 2504 Sic
619 2448 939 2504 intellexisse
963 2448 1174 2506 videtur
1195 2453 1267 2522 Dr.
1295 2449 1627 2522 Augustinus
1649 2451 1788 2522 (Ubi
1798 2466 1989 2522 supra,

393 2522 488 2576 lib.
516 2537 533 2574 ι
557 2523 792 2593 Retraet.
819 2536 942 2591 cap.
981 2523 1091 2588 l9),
1116 2529 1179 2593 ut
1202 2521 1292 2576 ille
1320 2520 1481 2593 irasci
1505 2520 1721 2593 dicatur
1749 2520 1890 2593 εἰκῇ]
1913 2531 1995 2577 te-

307 2624 314 2632 ο
392 2607 544 2647 more
589 2599 644 2646 et
671 2588 785 2662 sine
823 2588 1009 2662 causa,
1052 2591 1147 2662 qui
1188 2600 1375 2662 peccat
1420 2588 1726 2660 irascendo,
1772 2588 1866 2648 seu
1900 2592 1993 2662 qui

392 2608 544 2647 more
589 2608 644 2646 et
671 2608 785 2646 sme
826 2608 1009 2659 causa,
1052 2608 1147 2662 qm
1188 2608 1375 2662 peccat
1420 2608 1726 2660 irascendo,
1772 2608 1866 2648 seu
1941 2610 1993 2649 ur

391 2662 559 2718 iratus
585 2661 831 2734 proximi
868 2662 1074 2717 malum
1114 2661 1369 2729 intendit,
1398 2671 1493 2719 aut
1533 2678 1659 2718 eum
1701 2661 1835 2719 odit.
1889 2608 1998 2731 aut

392 2732 774 2859 enim,tinquit,
801 2734 990 2802 fratri,
1018 2749 1124 2788 non
1140 2739 1370 2805 peccato,
1398 2736 1675 2798 irascitur,
1699 2737 1811 2790 sine
1832 2750 1995 2790 causa

392 2821 553 2859 irasci
580 2821 667 2859 ur.

390 2821 577 2861 ῑγαεοιῑ
580 2821 667 2859 ur.

462 2880 486 2909 ο
527 2875 791 2932 Remedia
833 2875 1096 2931 nonnulla
1141 2874 1402 2931 adversus
1442 2875 1581 2931 iram
1628 2890 1725 2930 seu
1768 2875 1991 2931 iracun-

390 2946 536 3017 diam
566 2946 825 3017 suggerit
877 2946 1181 3017 Cassianus,
1213 2961 1276 3000 ex
1325 2946 1393 3017 iis
1437 2960 1559 3017 quae
1598 2945 1871 3017 hactenus
1922 2946 1991 3002 de

392 2962 536 3001 utam
585 2962 688 3017 sug
724 2962 825 3001 erit
877 2962 1181 3012 Cassmnus,
1213 2962 1276 3000 ex
1325 2962 1393 2999 ns
1437 2962 1559 3015 quae
1600 2962 1863 3001 nactenus
1922 2962 1989 3002 ue

392 3015 500 3086 hoc
528 3014 658 3070 vitio
683 2962 935 3070 disseruit
961 3016 1204 3086 coliecta.
1235 3015 1444 3086 Quibus
1472 3016 1623 3086 plura
1647 3014 1690 3086 si
1720 3015 1989 3086 requiras,

392 3084 513 3140 vide
549 3087 618 3139 D.
664 3085 929 3139 Basilium
957 3085 1014 3138 in
1054 3083 1275 3139 homilia
1301 3083 1368 3140 de
1405 3083 1505 3152 ira,
1540 3083 1858 3142 Cassianum
1902 3083 1988 3142 itié

2100 2025 2226 2083 dem
2257 2025 2438 2081 collat.
2473 2023 2927 2096 16,'cap.A27,_et
2962 2022 3143 2096 collat.
3175 2028 3266 2096 18,
3284 2039 3402 2096 cap.
3427 2028 3498 2096 _12
3527 2031 3585 2079 et
3613 2028 3708 2095 13,

2100 2096 2195 2153 ubi
2218 2098 2285 2153 de
2306 2096 2562 2167 patientia
2574 2093 2934 2167 iacquirenda,
2949 2094 3165 2151 disserit
3187 2093 3365 2151 abbas
3379 2094 3670 2167 Piammon
3687 2093 3703 2166 ξ

2100 2171 2172 2239 D.
2204 2165 2530 2239 Gregorium
2573 2165 2679 2222 lih.’
2702 2181 2731 2219 v
2760 2165 2956 2222 Moral.
3004 2183 3127 2239 cap.
3157 2173 3217 2222 81
3245 2181 3350 2239 :_ex
3380 2165 3707 2223 recentiori-4

2101 2238 2228 2311 bus,
2252 2237 2732 2311 Turrecrematum
2774 2245 2935 2311 tract.
2972 2237 3091 2311 3Ain
3117 2237 3385 2311 Regulam
3420 2239 3500 2311 _D.
3531 2239 3724 2311 Bene-r

2101 2309 2250 2378 dicti,
2279 2316 2334 2365 et
2370 2311 2431 2365 P.
2476 2308 2824 2364 Leonardum
2866 2307 3117 2365 Lessium
3142 2307 3230 2365 de'
3244 2309 3464 2364 Iustitia
3486 2317 3541 2364 et
3574 2310 3708 2367 Iure

2102 2378 2200 2451 lib,
2228 2395 2325 2447 In,
2351 2396 2470 2451 cap.
2505 2386 2559 2446 2,
2589 2388 2645 2435 et
2671 2379 2764 2434 lib.
2800 2394 2887 2445 ιγ,
2925 2395 3043 2451 cap.
3069 2387 3123 2435 4.

2172 2440 2202 2483 ἀ
2221 2440 2396 2507 Facile
2409 2440 2848 2522 enim-contemnit
2860 2440 3058 2515 omnia,
3083 2452 3179 2522 qui
3196 2468 3250 2507 se
3269 2452 3575 2521 cogitavth
3592 2466 3707 2508 esse

2101 2524 2442 2595 moriturum,
2464 2521 2629 2595 aitﬁD.
2658 2521 3030 2595 Hieronymus
3063 2521 3298 2595 Epistola
3322 2522 3391 2578 ad
3416 2522 3702 2578 Paulinum

2105 2593 2300 2665 (Epist.
2334 2596 2477 2665 l03)_.
2507 2593 2653 2648 Hinc
2674 2592 3150 2665 Ecciesbxxmx‘:
3180 2596 3442 2650 Memento
3475 2595 3708 2649 nouissi-

2102 2663 2330 2731 morum,
2352 2668 2403 2718 et
2430 2663 2633 2728 desine,
2659 2664 2740 2718 vel
2771 2663 2978 2719 desines
3006 2667 3299 2720 inimicam“.
3335 2668 3400 2720 Et
3430 2666 3489 2721 S.
3517 2669 3709 2721 Maca-

2103 2734 2217 2791 rius
2237 2734 2438 2807 dixisse
2461 2733 2634 2791 fertur
2658 2753 2671 2790 :
2698 2736 3017 2791 Monachum
3035 2738 3118 2791 ita
3141 2736 3329 2791 debere
3339 2737 3572 2806 jejuniis
3595 2752 3707 2807 ope-

2104 2822 2225 2861 ram
2262 2806 2414 2874 dare,
2444 2809 2604 2875 quasi
2626 2822 2827 2876 semper
2852 2809 3088 2862 victurus
3134 2810 3236 2863 sit:
3266 2809 3345 2861 ita
3385 2824 3506 2863 vero
3534 2806 3707 2864 motus

2106 2879 2282 2951 animi
2292 2879 2589 2951 refrenare,
2604 2882 2654 2931 et
2665 2877 2992 2951 injuriarum
3004 2880 3089 2933 obl
3094 2881 3142 2932 iv
3148 2881 3247 2951 isci
3251 2921 3265 2945 ,
3282 2883 3558 2951 tamquam
3571 2896 3706 2951 quo-

2105 2949 2237 3020 tidie
2286 2949 2363 3020 sit
2397 2950 2711 3020 moriturus,
2757 2955 2819 3003 ut
2845 2947 3010 3004 refert
3057 2950 3343 3006 Cassianus
3370 2947 3464 3006 lib.
3506 2966 3543 3010 v
3577 2947 3701 3020 cap.

2100 3017 2308 3142 ultimo)
2349 3018 2487 3090 (cide
2534 3019 2765 3075 Climac.
2811 3020 2991 3089 gradu
3036 3023 3089 3085 6,
3121 3023 3316 3092 quiest
3353 3021 3418 3078 de
3444 3017 3705 3079 memoria

2100 3104 2216 3142 mor
2246 3104 2289 3142 is
2316 3129 2331 3142 .

2098 3090 2331 3155 mortis).

1400 3393 1422 3414 .
1505 3332 1975 3431 LIBER
2048 3334 2376 3432 NON
2385 3336 2598 3448 US.

1674 3504 1756 3555 DE
1794 3504 2041 3555 SPIRITU
2075 3505 2425 3558 TRISTITIE.

1747 3737 1988 3794 CAPUT
2028 3740 2350 3796 PRIMUM.

460 3840 483 3871 ³
507 3838 711 3910 Quinto
741 3837 899 3896 nobis
927 3839 1223 3897 certamine
1249 3833 1278 3873 δ
1301 3839 1483 3899 edacis
1506 3842 1739 3899 tristitiae
1781 3844 1987 3901 stimuli

2092 3845 2419 3903 retundendi
2448 3855 2595 3903 sunt.
2626 3846 2763 3917 Quae
2800 3848 2845 3905 si
2873 3849 3076 3922 passim
3111 3865 3210 3923 per
3234 3849 3476 3924 singulos
3518 3851 3709 3910 incur-

1490 3951 1747 4008 ALARDI
1784 3952 2009 4009 GAZEI
2048 3954 2605 4013 COMMENTARIUS.

457 4048 481 4078 ⁸
518 4044 841 4127 Tristitiam,
881 4061 979 4103 seu
1011 4047 1249 4105 tristitia:
1276 4048 1697 4127 spiritumvitiis
1736 4052 1980 4127 capitali-
2015 4057 2060 4121 C
2100 4058 2185 4127 18,
2230 4073 2369 4127 cap.
2392 4055 2541 4127 ult.).
2591 4057 2887 4114 Rationem
2926 4057 3243 4114 nonnullam
3276 4057 3585 4115 subindicat
3628 4061 3700 4116 D.

382 4115 487 4202 bus
523 4117 725 4202 .quintlo
770 4115 892 4202 loco
929 4128 1270 4202 annumerat,
1306 4115 1368 4177 et
1395 4122 1643 4202 proxime
1684 4115 1819 4193 post.
1844 4123 1983 4202 iram
2025 4115 2059 4121 θ
2093 4115 2338 4202 Thomas
2360 4126 2445 4202 his
2472 4115 2652 4202 verbis
2676 4131 2822 4196 (2-2,
2851 4146 2906 4199 q.
2935 4134 3022 4194 37,
3042 4138 3150 4185 art.
3182 4130 3233 4200 4)
3260 4149 3272 4185 :
3300 4132 3454 4185 Forte
3473 4115 3708 4202 propter

380 4188 635 4264 nominat
670 4190 982 4264 Cassianus,
1023 4207 1084 4246 ea
1113 4191 1376 4264 nimirum
1396 4188 1632 4264 ratione,
1663 4188 1827 4264 quam
1857 4195 1985 4251 alibi

379 4259 642 4334 expressit
681 4260 887 4334 (φριιαι.
920 4276 983 4326 v,
1024 4279 1140 4333 cap.
1178 4263 1284 4333 l0),
1315 4263 1461 4334 quod
1487 4265 1553 4319 de
1574 4259 1985 4321 ira—tristitiam

376 4328 672 4406 pullulare,
702 4330 926 4406 ideoque
942 4328 1261 4406 utAtristitid
1274 4328 1636 4406 proponatur,
1654 4338 1817 4406 prius
1840 4339 1983 4392 iram

381 4398 950 4478 eatrudifecesse’sii.
980 4402 1079 4478 Cui
1107 4402 1210 4456 hac
1245 4398 1301 4457 in
1323 4398 1787 4478 parte‘suffragari
1815 4408 1980 4464 etiam

380 4466 593 4522 videtur
706 4469 1002 4543 Gregorius
1026 4470 1119 4526 lib.
1141 4487 1297 4528 χχιι
1320 4464 1510 4529 διοτει.
1533 4491 1582 4529 c.
1605 4464 1805 4543 intubi
1823 4479 1981 4535 vitio-

380 4552 513 4619 r_um.
535 4538 1120 4619 capitalium‘ordinem
1146 4543 1639 4619 cognationemque
1661 4538 1936 4619 exponens
1960 4572 1974 4608 :

378 4612 470 4667 Ea:
487 4612 598 4693 _ira,
617 4610 823 4693 inquit,
842 4613 1068 4693 tristitia
1081 4610 1255 4669 oritur
1264 4634 1286 4693 ξ
1299 4617 1428 4693 quia
1446 4610 1666 4693 turbata
1680 4610 1850 4693 mens,
1874 4638 1979 4693 quo

377 4697 433 4737 se
472 4682 783 4760 inordinate
819 4686 1171 4760 concutitheo
1211 4682 1510 4743 addicendo
1562 4682 1902 4760 confunditf
1926 4698 1977 4748 et

377 4769 499 4809 cum
512 4755 844 4811 dulcedinem
860 4757 1272 4827 tranquillitatis
1288 4761 1549 4824 amiserit,
1567 4755 1710 4817 nihil
1719 4755 1980 4819 hanc'nisi

376 4841 445 4881 ea:
456 4828 860 4902 perturbatione
874 4828 1197 4902 subsequens
1219 4846 1410 4902 umor
1422 4835 1619 4902 pascit.
1643 4836 1847 4890 Verum
1872 4835 1978 4890 ali-

376 4904 463 4978 ter
512 4898 821 4978 Cassianus,
873 4898 1706 4978 aliter:Gregoriusjristitiam
1741 4906 1969 4978 _accipit.

377 4967 839 5048 Cassianusenim
868 4971 1165 5048 _t_ris_titiam_
1187 4967 1255 5048 ah
1285 4972 1466 5048 acedia
1494 4974 1800 5048 distinguit,
1829 4967 1975 5033 unde

377 5044 434 5120 et
456 5038 744 5120 separatim
772 5047 831 5120 et
851 5039 1107 5120 (iistincte
1134 5042 1201 5120 de
1227 5044 1329 5101 hac
1362 5045 1532 5120 etlilla
1560 5038 1801 5120 agitvhoc
1834 5048 1971 5105 libro

376 5111 726 5192 etsequen-ti;
769 5117 827 5192 at
864 5114 935 5165 D.
964 5111 1261 5192 Gregorius
1281 5116 1539 5192 _acediam
1567 5111 1845 5192 tfistitiam
1874 5136 1972 5176 no-

374 5179 598 5259 minati
619 5187 671 5259 et
701 5179 921 5259 quidem
954 5179 1385 5259 conybnientius,
1418 5196 1479 5243 ut
1509 5192 1575 5243 D.
1602 5188 1844 5245 Thomas
1880 5206 1967 5246 as-

374 5249 675 5329 seritm('2-2.
708 5249 765 5321 q.
790 5254 879 5329 ξξθ
908 5253 1004 5308 ad.
1050 5256 1080 5309 3
1123 5255 1199 5310 ad
1224 5249 1403 5329 4),_et
1431 5259 1845 5329 exsequentibus
1874 5260 1971 5317 ﬁet

376 5316 757 5411 Ψέἒῐῖέξὲυειῖε
793 5322 998 5411 13!}er
1027 5334 1213 5411 autem.
1241 5316 1411 5411 νὲἱάθτί
1437 5316 1632 5411 ροςθὲιν
1659 5328 1807 5411 99.04
1834 5316 1971 5388 Cas?

373 5391 559 5474 sianus
582 5391 762 5474 inhhac
793 5393 1053 5474 vitiorum
1082 5397 1391 5474 capitalium
1416 5391 1556 5474 serie
1582 5391 1837 5474 invidiam
1860 5418 1972 5459 non

374 5469 705 5532 nominarit;
744 5480 874 5519 cum
903 5473 1087 5522 tamen
1111 5476 1324 5525 constet
1346 5469 1603 5526 invidiam
1632 5470 1821 5527 vitium
1855 5489 1973 5531 esse

373 5533 618 5617 capitale,
645 5543 698 5592 et
721 5551 752 5591 a
787 5538 859 5592 D.
890 5536 1154 5617 Gregorio
1177 5548 1233 5595 et
1260 5540 1381 5617 aliis
1404 5539 1723 5617 doctoribus
1746 5542 1801 5598 in
1822 5544 1970 5603 vitiis

373 5606 695 5687 capitalibus
723 5606 1072 5687 numeretur:
1104 5610 1276 5687 immo
1303 5610 1521 5687 ab_ipso
1547 5613 1815 5687 Cassiano
1830 5616 1965 5687 plu-

375 5677 529 5759 ribus
554 5676 611 5759 i_n
636 5678 766 5759 locis
792 5679 957 5759 simul
986 5696 1113 5759 cum
1129 5682 1278 5759 vitiis
1308 5676 1687 5759 principalibus
1706 5676 1970 5759 jungatur

370 5756 429 5807 et
452 5747 761 5810 conferatur
790 5750 924 5825 (Lib.
952 5767 991 5812 v
1012 5768 1057 5810 c.
1080 5757 1141 5810 21
1170 5758 1222 5812 et
1248 5747 1354 5824 22‘;
1381 5747 1612 5829 libfvn,
1633 5773 1681 5815 c.
1703 5747 1758 5830 Β,
1782 5747 1968 5820 οόιιαε.

2092 4198 2207 4263 hoc,
2243 4199 2384 4270 quod
2409 4199 2623 4254 invidia
2644 4198 2935 4269 manifeste
2961 4216 3030 4257 ea:
3052 4204 3212 4257 inani
3219 4198 3405 4272 'gloria
3431 4198 3701 4271 nascitur,

2161 4405 2191 4443 "
2236 4410 2478 4487 Edacem
2527 4411 2657 4469 dicit
2697 4412 2997 4487 tristitiam,
3055 4431 3167 4487 non
3210 4415 3393 4472 solum
3436 4421 3695 4487 respectu

2087 4486 2338 4559 corporis
2372 4491 2428 4539 et
2464 4484 2763 4556 corporalis
2795 4486 2941 4559 vitae,
2979 4486 3067 4542 cui
3107 4501 3219 4559 pra:
3261 4486 3475 4543 caeteris
3512 4484 3705 4544 animi

2085 4554 2428 4630 passionibus
2471 4554 2730 4630 magnum
2768 4556 2935 4613 affert
2960 4554 3380 4630 nocuinentum,
3420 4566 3559 4630 teste
3599 4574 3698 4615 ex-

2086 4626 2346 4702 perientia
2375 4626 2449 4699 (S.
2477 4626 2804 4702 Thom._l-2,
2827 4646 2882 4699 q,
2919 4632 3010 4695 37,
3048 4645 3102 4684 a.
3133 4629 3220 4702 4);
3262 4626 3555 4702 sed'etiam
3593 4644 3703 4702 suo

2086 4697 2278 4772 modo,
2305 4697 2550 4772 reapectu
2585 4698 2811 4772 animae,
2835 4697 2901 4755 ut
2937 4715 3003 4755 ex
3042 4697 3395 4772 sequentibus
3422 4700 3706 4772 colligitur

2082 4769 2235 4838 (Cap.
2269 4774 2344 4834 3).
2372 4769 2464 4825 ubi
2489 4769 2624 4826 dicit
2652 4773 2894 4826 animam
2917 4769 3247 4828 edacissimis
3274 4773 3518 4827 tristitia
3545 4769 3701 4828 mor-

2081 4839 2227 4895 sibus
2246 4840 2516 4916 _deporari.
2548 4842 2623 4897 De
2647 4842 2911 4916 corporis
2942 4850 3128 4898 autem
3153 4850 3507 4916 nocumento,
3542 4844 3698 4916 quod

2083 4925 2149 4966 ex
2190 4910 2409 4984 tristitia
2450 4910 2819 4984 contrahitur,
2861 4913 3016 4984 plura
3047 4922 3174 4969 sunt
3199 4910 3499 4984 Scriptura?
3534 4910 3701 4971 testi-

2082 4981 2265 5037 monia
2315 4983 2568 5040 Proverb.
2617 4999 2797 5041 xvu:
2837 4981 2903 5040 In
2945 5001 3166 5041 mrore
3218 4981 3395 5040 animi

2080 5055 2342 5123 spiritus;
2372 5057 2587 5109 animus
2627 5056 2869 5125 gaudens
2898 5061 3112 5111 (etatem
3148 5060 3286 5125 facit
3324 5058 3599 5127 ﬂoridam,
3639 5063 3700 5114 et

2080 5126 2306 5193 spiritus
2332 5128 2504 5181 tristis
2532 5130 2763 5182 emsiccat
2784 5144 2926 5182 ossa.
2961 5127 3169 5183 Eccles.
3193 5126 3354 5183 xxx:
3384 5130 3695 5184 Tristitiam

2081 5195 2234 5265 longe
2261 5198 2478 5267 capelle.
2498 5202 2626 5264 ate;
2649 5199 2842 5255 multos
2862 5201 3002 5254 enim
3022 5201 3216 5258 occidit
3235 5201 3487 5263 tristitia,
3514 5204 3568 5254 et
3584 5216 3694 5256 non

2074 5271 2152 5321 est
2180 5269 2395 5323 utilitas
2420 5270 2481 5323 in
2507 5285 2587 5324 ea.
2616 5270 2685 5324 Et
2712 5270 2891 5341 capite
2918 5284 3159 5329 xxxvm
3187 5290 3200 5326 :
3232 5273 3423 5327 Melior
3445 5276 3527 5326 est
3546 5287 3701 5328 mors

2076 5353 2239 5412 quam
2274 5341 2398 5412 vita!
2413 5356 2636 5412 amara,
2669 5345 2721 5412 et
2762 5358 2797 5396 a
2816 5343 3047 5397 tristitia
3087 5344 3315 5410 festinat
3356 5357 3521 5397 mors.
3555 5344 3698 5412 Quen

2006 5444 2054 5505 Β
2079 5409 2265 5505 omnia
2289 5410 2400 5505 eisi
2425 5411 2605 5467 locum
2627 5411 2935 5505 habeantet
2947 5413 3230 5505 veritaiem
3248 5414 3302 5469 in
3316 5413 3557 5497 qualibet
3574 5409 3702 5505 ξρε-

2080 5479 2162 5535 cie
2192 5479 2441 5557 tristitiaa,
2489 5483 2830 5557 peculiariter
2861 5493 3047 5541 tamen
3087 5492 3143 5557 et
3183 5479 3457 5557 praecipue
3478 5483 3546 5557 _in
3584 5479 3704 5542 hac

2077 5550 2343 5632 secunda,
2364 5561 2426 5608 ut
2451 5552 2686 5632 _dictum
2715 5564 2817 5623 est,
2851 5571 2957 5629 qua
3008 5550 3227 5632 animus
3274 5550 3527 5632 molestia
3565 5572 3693 5627 pre-

2074 5623 2244 5678 mitur
2293 5623 2365 5680 oh
2402 5624 2786 5683 adversitatem
2824 5623 2921 5685 aut
2967 5628 3330 5685 calamitatem
3381 5623 3690 5695 incursam,

2075 5708 2199 5773 quae
2226 5695 2377 5773 nullo
2414 5696 2624 5773 meliori
2658 5698 3058 5757 medicamento
3092 5715 3260 5773 quam
3293 5698 3553 5773 patientia
3588 5715 3693 5758 cu-

2084 5772 2236 5823 ratur
2256 5773 2311 5824 et
2332 5766 2640 5840 depellitur.
