4012 6192
562 156 610 192 ο

321 273 427 332 353

904 271 996 328 DE
1032 254 1519 351 C(ENbBlORUM
1555 273 1798 331 INSTIT.
1839 274 1967 332 Lis.
2007 277 2094 336 1x.
2137 309 2202 320 —
2244 279 2334 336 DE
2371 281 2638 340 SPIRITU
2677 283 3066 344 riusrirua.

3535 297 3641 353 334

323 420 426 464 sus
461 413 519 463 et
559 405 908 500 incertos-ac
938 405 1123 500 varios
1165 422 1323 465 casus
1359 406 1642 465 obtinendi
1671 409 1925 468 animum
1961 414 2015 479 Α
2039 412 2210 468 cordi.
2261 413 2404 472 Satis
2450 414 2725 474 evidenter
2767 435 2832 478 ac
2870 420 3090 494 proprie
3133 420 3243 479 vim
3285 424 3432 483 noxii
3475 424 3640 500 hujus

325 507 583 558 nostrum
603 497 858 558 habuerit
879 497 1215 570 facultatem,
1240 504 1266 536 ³
1287 501 1357 559 ab
1382 501 1539 559 omni
1563 518 1668 560 nos
1691 518 1787 576 per
1807 519 1932 562 mo-

321 601 514 650 menta
540 591 758 666 singula
783 601 1000 666 separat
1023 593 1221 652 divina
1247 595 1730 668 contemplationis
1758 595 1932 653 intui-

321 697 407 756 tu,
449 687 738 763 ipsamque
789 696 1033 746 mentem
1071 689 1140 747 ab
1182 690 1440 748 universo
1487 691 1744 764 puritatis
1783 699 1932 748 statu

318 779 595 855 deiectam
630 779 878 840 funditus
905 782 1202 840 labefactat
1237 799 1303 841 ac
1333 782 1614 856 deprimit.
1643 787 1772 841 Non
1801 799 1930 842 ora-

318 875 506 934 tiones
531 889 657 934 eam
683 875 897 949 explere
929 891 1061 933 cum
1091 877 1257 934 solita
1283 877 1470 936 cordis
1495 879 1775 936 alacritate
1804 894 1928 952 per-

319 969 522 1041 mittit,
549 985 662 1027 non
688 985 974 1028 sacrarum
999 971 1299 1030 lectionum
1326 970 1456 1028 sinit
1482 971 1745 1030 remediis
1773 973 1928 1030 incu-

318 1061 479 1132 bare,
520 1063 875 1138 tranquillum
917 1079 1136 1138 quoque
1171 1081 1238 1122 ac
1275 1066 1466 1122 mitem
1513 1065 1778 1124 fratribus
1809 1083 1928 1125 esse

319 1170 436 1214 non
468 1156 694 1230 patitur,
726 1165 784 1214 et
810 1156 880 1214 ad
906 1166 1101 1215 cuncta
1131 1157 1511 1231 operationum
1540 1159 1623 1216 vel
1648 1160 1928 1234 religionis

319 1247 512 1307 ofﬁcia
535 1249 908 1324 impatientem
930 1258 985 1308 et
1007 1265 1260 1323 asperum
1282 1251 1494 1322 reddit;
1519 1253 1780 1326 omnique
1806 1270 1928 1326 per-

318 1341 444 1400 dito
467 1342 668 1400 salubri
690 1344 938 1421 consilio,
965 1352 1022 1400 et
1049 1343 1236 1402 cordis
1261 1345 1565 1422 copstantia
1597 1347 1927 1420 perturbata,

320 1434 474 1492 velut
504 1443 781 1492 amentem
807 1435 937 1493 facit
958 1444 1014 1494 et
1040 1437 1257 1496 ebrium
1283 1453 1511 1498 sensum
1532 1438 1847 1514 frangitque
1872 1449 1930 1498 et

320 1526 506 1586 obruit
525 1527 901 1602 desperatione
930 1531 1157 1606 painali.

945 1624 1188 1682 CAPUT
1227 1625 1301 1682 II.

429 1717 547 1786 Qua
581 1718 828 1774 cautione
868 1718 1082 1774 morbus
1409 1721 1486 1776 sit
1523 1713 1834 1777 curandus."

2039 521 2105 562 ac
2156 507 2594 580 perniciosissimi
2639 511 2783 584 vitii,
2829 514 3060 587 Spiritus
3087 515 3332 575 ‘divinus
3376 521 3640 594 expressit

2038 602 2311 668 (Proverb.
2345 606 2514 671 xxv).

2643 703 2886 763 CAPUT
2927 708 3032 764 IlI.

2040 804 2214 872 Quam
2267 808 2722 881 comparationem
2755 809 2950 881 habeat
2998 778 3354 881 animatque:
3398 814 3637 868 tristitia

2535 879 2798 934 morsibus
2831 879 3139 935 devoratur.

2111 979 2512 1036 Vestimentum
2570 995 2812 1054 namque
2868 982 3142 1040 tinearum
3197 997 3295 1040 esu
3350 991 3637 1062 attactum,

2039 1072 2240 1130 nullius
2264 1073 2421 1146 pretii
2447 1073 2528 1130 vel
2557 1071 2770 1130 honesti
2796 1091 2928 1132 usus
2953 1075 3156 1148 poterit
3185 1076 3410 1134 ulterius
3439 1075 3640 1135 habere

2039 1166 2468 1236 commercium;
2522 1166 2820 1241 itidemque
2867 1167 3078 1242 lignum
3123 1169 3404 1228 vermibus
3443 1187 3640 1230 exara-

2033 1265 2176 1329 tum,
2221 1275 2331 1316 non
2370 1260 2489 1334 jam
2527 1259 2597 1318 ad
2641 1268 2900 1318 ornatum
2939 1261 3022 1318 vel
3064 1261 3358 1319 mediocris
3399 1263 3636 1336 aedilicii,

2036 1353 2134 1411 sed
2166 1353 2239 1410 ad
2276 1353 2716 1412 combustionem
2757 1355 2896 1429 ignis
2921 1355 3221 1412 merebitur
3249 1353 3516 1429 deputari.
3552 1361 3636 1414 Ita

2035 1445 2201 1520 igitur
2241 1455 2294 1504 et
2327 1447 2511 1503 anima
2556 1462 2679 1520 quae
2715 1446 3053 1505 edacissimis
3090 1448 3324 1506 tristitia:
3361 1449 3638 1508 morsibus

2037 1537 2346 1608 devoratur,
2390 1539 2598 1596 inutilis
2637 1540 2739 1598 erit
2781 1542 2861 1598 vel
2910 1542 3241 1600 vestimento
3282 1541 3357 1598 illi
3403 1543 3635 1616 pontiﬁ-

2035 1632 2163 1702 cali,
2205 1631 2355 1706 quod
2395 1642 2742 1708 unguentum
2778 1635 3010 1708 Spiritus
3038 1636 3211 1693 sancti
3252 1635 3322 1692 de
3348 1635 3490 1692 cmlo
3532 1635 3636 1692 de-

2034 1725 2328 1794 scendens,
2359 1726 2507 1798 prius
2540 1726 2596 1782 in
2635 1727 2868 1784 barbam
2907 1731 3123 1798 Aaron,
3165 1728 3360 1786 deinde
3383 1729 3452 1794 in
3479 1744 3635 1786 oram

393 1812 767 1884 Quamobrem
804 1829 921 1872 non
967 1815 1182 1872 minore
1219 1823 1531 1889 prospectu,
1571 1816 1616 1872 si
1660 1815 1922 1888 spiritalis
1947 1823 1999 1887 Β
2030 1834 2187 1876 suam
2235 1818 2411 1875 solere
2443 1819 2739 1890 suscipere,
2779 1821 2956 1878 sancti
2996 1821 3174 1877 David
3215 1821 3466 1878 vaticinio
3507 1837 3636 1894 per-

322 1905 518 1980 agonis
561 1905 858 1963 certamina
909 1907 1154 1982 legitime
1199 1909 1449 1982 cupimus
1489 1908 1786 1978 desudare,
1835 1909 1926 1966 hic

2031 1906 2251 1964 hibetur
2277 1906 2580 1964 secundum
2614 1907 2746 1966 illud
2783 1927 2795 1964 :
2837 1912 2862 1942 °
2889 1910 3044 1989 Sicut
3078 1915 3406 1980 unguentum
3451 1913 3511 1965 in
3538 1925 3634 1967 ca-

331 2014 548 2073 quoque
583 1999 745 2058 nobi
781 2000 1058 2060 curandus
1099 2011 1186 2060 est
1221 2003 1471 2060 morbus.
1521 1995 1550 2036 δ
1583 2005 1737 2061 Sicut
1775 2002 1926 2059 enim
2023 2005 2160 2074 pite,
2185 2002 2332 2073 quod
2351 2002 2628 2058 descendit
2643 2005 2701 2059 in
2727 2004 2955 2059 barbam
2967 2005 3174 2068 Aaron,
3197 2006 3345 2076 quod
3365 2005 3636 2060 descendit

325 2095 476 2152 tinea
499 2098 801 2153 vestimento
821 2101 873 2154 et
889 2098 1086 2153 vermis
1111 2098 1278 2168 ligno,
1303 2100 1383 2154 ita
1410 2099 1637 2154 tristitia
1657 2100 1766 2154 viri
1780 2101 1926 2154 nocet

2030 2099 2089 2153 in
2114 2113 2268 2152 oram
2292 2100 2598 2154 vestimenti
2616 2097 2732 2168 ejus
2755 2097 2977 2166 (Psalm.
3005 2098 3282 2171 cxxxn);
3309 2097 3404 2156 sed
3431 2114 3531 2156 nec
3563 2097 3632 2155 ad

1424 2251 1682 2307 ALARDI
1717 2249 1942 2307 GAZEI
1976 2245 2533 2308 COMMENTARIUS.

328 2399 435 2456 non
458 2385 684 2456 ponitur
708 2385 906 2439 vitium
937 2385 1186 2454 capitale,
1215 2399 1386 2455 neque
1411 2387 1480 2441 ab
1507 2387 1714 2443 Isidoro
1733 2388 1794 2440 in
1827 2386 1924 2441 lib.

327 2455 396 2510 de
415 2455 618 2512 summo
637 2458 798 2520 Bono,
819 2471 991 2520 neque
1013 2473 1048 2510 a
1067 2457 1321 2513 Cassiano
1340 2459 1399 2511 in
1418 2458 1556 2513 libro
1573 2457 1640 2513 de
1659 2459 1926 2513 Institutis

326 2527 700 2600 coenobiorum.
741 2526 1056 2600 _\_lideh_atur
1095 2527 1465 2600 enimiprima
1509 2527 1686 2600 fronte
1731 2527 1925 2584 incon-

327 2611 524 2671 gruum
558 2606 626 2671 ut
647 2595 1375 2671 invidiadicereturvitium
1399 2599 1652 2671 capitale,
1682 2614 1810 2654 cum
1837 2599 1926 2655 in-

324 2667 412 2724 ter
439 2667 577 2742 ﬁlias
611 2668 795 2742 inanis
821 2667 1028 2742 gloriae,
1064 2668 1180 2724 vitii
1216 2667 1825 2742 capitalis-censeatur,
1845 2675 1920 2726 At

325 2739 622 2812 respondet
632 2743 718 2814 _D._
735 2739 976 2814 Tbémas
995 2755 1109 2814 non
1127 2755 1247 2797 esse
1272 2739 1638 2814 incongruum
1655 2749 1715 2814 ut
1735 2740 1927 2814 vitium

325 2809 499 2883 unum
528 2811 755 2883 capitale
783 2810 1227 2883 exialiooriatur
1258 2831 1270 2866 :
1299 2809 1605 2868 dummodo
1631 2812 1738 2868 tale
1770 2811 1841 2883 sit
1868 2820 1929 2868 ut

327 2896 393 2938 ex
419 2881 732 2954 ipso_etiam
762 2881 934 2939 multa
962 2882 1064 2954 alia
1091 2882 1218 2938 vitia
1247 2883 1378 2939 oriri
1405 2883 1635 2950 soleant,
1665 2890 1725 2938 ut
1752 2882 1929 2938 solent

325 2967 392 3028 exi
422 2952 636 3028 invidia.
666 2955 807 3028 Nam
829 2953 1132 3028 secundum
1156 2958 1228 3012 D.
1255 2955 1580 3028 Gregorium
1603 2954 1741 3023 (Lib.
1767 2968 1925 3010 xxxx

327 3025 526 3096 Horat.
549 3041 594 3080 c.
619 3031 650 3080 3
663 3029 710 3092 ι)
728 3025 1001 3096 Capitalia
1019 3027 1158 3080 vitia
1177 3029 1331 3081 tanta
1349 3025 1458 3082 sibi
1483 3028 1792 3096 cognatione
1810 3041 1925 3080 con-

321 3095 656 3166 junguntur,
675 3095 852 3152 utnbn
871 3098 981 3169 nisi
999 3112 1167 3169 unum
1187 3097 1253 3152 de
1277 3097 1442 3152 altero
1451 3095 1794 3169 proferatur.
1812 3099 1924 3153 Pri-

329 3182 426 3236 ma
453 3181 683 3236 namque
709 3167 971 3236 superbire
1001 3167 1218 3229 soboles,
1257 3169 1436 3223 inanis
1453 3167 1542 3222 'est
1571 3169 1771 3236 gloria,
1804 3183 1924 3236 quae

2032 2385 2195 2458 gitur,
2224 2384 2538 2460 tristitiam,
2571 2382 2641 2442 de
2669 2399 2776 2456 qua
2813 2384 2903 2460 hic
2930 2386 3134 2460 agitur,
3159 2385 3289 2460 nihil
3317 2385 3464 2460 aliud
3487 2399 3626 2454 esse,

2030 2455 2197 2584 ﬂuam
2221 2455 2634 2529 impatientiam,
2665 2455 3036 2538 quaoquidein
3073 2473 3202 2514 cum
3232 2457 3308 2541 ira
3334 2459 3631 2541 et_iracun-

2070 2543 2120 2583 ia
2162 2543 2419 2584 magnam
2460 2526 2626 2583 habet
2663 2525 3006 2584 affinitatem.
3047 2536 3102 2584 et
3138 2527 3254 2584 fere
3295 2528 3630 2584 individuam

2070 2525 2631 2600 iaimagnamihabet
2663 2525 3006 2600 affinitatem,
3047 2536 3102 2585 et
3138 2527 3254 2586 fere
3295 2528 3630 2600 individuam

2033 2597 2371 2672 societatem.
2417 2599 2532 2672 Est‘
2547 2597 2692 2652 enim
2733 2598 2840 2672 hoc
2876 2599 3064 2672 vitium
3101 2599 3369 2672 patientia:
3405 2599 3630 2672 opposi-

2034 2676 2177 2740 tum,
2207 2668 2364 2740 cuius
2392 2675 2475 2722 est
2499 2666 2723 2740 ﬁrmare
2749 2668 2992 2740 animum
3034 2666 3394 2740 in'adversis;
3433 2666 3630 2727 mode-

2035 2738 2209 2795 rando
2235 2738 2531 2820 maerores,
2551 2738 2648 2820 qui
2669 2754 2744 2820 ex
2774 2739 2839 2794 iis
2867 2739 3066 2820 percipi
3091 2740 3506 2820 solent,_ne_pe_r
3528 2740 3630 2820 hos

2035 2825 2066 2865 a
2115 2809 2438 2882 praescripto
2486 2809 2712 2865 rationis
2751 2809 2988 2880 recedat,
3007 2809 3113 2882 i'vel
3142 2809 3356 2882 aliquid
3395 2809 3632 2882 indecori

2035 2879 2192 2952 agat;
2222 2888 2280 2952 ui
2315 2879 2372 2936 in
2395 2887 2574 2952 morte
2601 2887 2908 2952 parentum,
2937 2881 3020 2938 vel
3045 2879 3459 2952 amicorum,_in
3489 2880 3630 2952 exsig

2033 2950 2132 3022 lio,
2159 2951 2217 3006 in
2246 2950 2485 3022 damnis,
2513 2951 2566 3006 in
2593 2950 2822 3020 morbi,
2849 2953 2904 3008 in
2933 2951 3302 3020 contumeliis,
3325 2950 3552 3022 aliisque
3576 2950 3632 3007 id

2067 3020 2202 3080 enus
2227 3021 2415 3091 malis;
2448 3021 2565 3078 haec
2591 3023 2742 3078 enim
2774 3038 3000 3091 magnos
3021 3038 3288 3080 maerores
3313 3020 3515 3078 afferre
3542 3037 3632 3078 so-

2051 3091 2321 3176 ent,_quai
2348 3093 2656 3176 hominem
2669 3108 2814 3176 saepe
2851 3091 2921 3176 ᾧ
2947 3109 3072 3176 arce
3099 3095 3326 3176 rationis
3352 3101 3409 3176 et
3443 3091 3628 3176 officio

2033 3163 2248 3249 virtutis
2274 3163 2588 3249 deturbant,
2610 3173 2665 3221 et
2685 3163 2941 3249 in:multa
2965 3165 3105 3249 mala
3133 3165 3437 3249 i‘mpel‘lunt,
3461 3171 3632 3249 atque

335 3235 472 3310 dum
489 3234 794 3310 oppressam
819 3241 1044 3310 mentem
1061 3240 1375 3310 corrumpit,
1400 3252 1524 3291 mea:
1542 3234 1924 3310 invidiam—gi-
1955 3246 2000 3310 ο
2035 3234 2170 3310 adeo
2206 3234 2262 3290 in
2283 3236 2462 3310 ipsam
2491 3234 2930 3310 desperationem
2967 3235 3194 3310 subinde
3213 3234 3500 3310 inducunt.
3536 3234 3634 3290 Est

329 3307 476 3432 ﬁgit,
492 3308 623 3388 quia
642 3307 775 3390 dum
787 3308 918 3390 vani
932 3309 1164 3360 nominis
1175 3310 1469 3390 potentiam
1482 3309 1927 3390 appetitmequis
1967 3306 1999 3310 ⁷
2035 3306 2197 3378 igitur
2226 3306 2464 3374 tristitia,
2491 3306 2966 3388 seu’impatientia,
2989 3307 3151 3390 hujus
3179 3307 3299 3390 libri
3328 3307 3628 3388 obiectum,

405 3392 474 3431 nc
491 3377 633 3432 alius
656 3378 888 3432 adimscz
913 3378 1111 3432 valeat.
1139 3378 1374 3432 tabescit.
1401 3381 1480 3432 Ita
1507 3382 1578 3432 D.
1607 3378 1923 3432 Gregorius.
2035 3385 2096 3432 ut
2125 3377 2444 3432 loauuntur.
2474 3391 2598 3432 auat
2621 3385 2675 3432 et
2697 3393 2754 3432 in
2777 3393 3008 3432 numero
3035 3379 3344 3432 capitalium
3373 3385 3628 3432 Vitiorum

405 3392 474 3431 nc
491 3377 633 3432 alius
651 3378 893 3449 adipisci
913 3378 1117 3449 valeat,
1139 3378 1374 3449 tabescit.
1401 3381 1480 3434 Ita
1507 3377 1578 3433 Π.
1607 3377 1923 3449 Gregorius.

329 3450 527 3531 Posset
554 3446 790 3531 quidem
953 3446 1216 3531 invidiam
1243 3447 1480 3531 tristitiae
1516 3446 1746 3531 nemine
1767 3465 1926 3531 eom-

329 3517 630 3594 prehendi,
646 3535 773 3594 eum
801 3519 877 3576 sit
903 3518 1118 3594 tristitia
1140 3519 1222 3594 ide
1250 3519 1398 3594 bono
1427 3520 1682 3594 proximi.
1713 3523 1787 3576 At
1813 3537 1924 3577 non

331 3588 548 3660 videtur
589 3591 881 3648 Cassianus
906 3589 985 3648 sic
1021 3590 1369 3660 intellexisse,
1409 3588 1676 3660 quantum
1706 3609 1771 3648 ex
1802 3601 1922 3649 toto

326 3659 490 3745 huius
517 3661 636 3745 libri
661 3667 892 3745 tiactatu
917 3663 1147 3745 .(Cap..3_
1163 3668 1216 3745 et
1241 3659 1447 3745 uitimo)
1479 3672 1535 3745 et
1561 3663 1778 3745 aliunde
1800 3666 1922 3721 col-

329 3731 417 3806 ligi
453 3740 667 3806 potest.
687 3737 811 3790 Non
842 3731 992 3806 enim
1015 3731 1156 3790 solet
1191 3731 1448 3792 invidiam
1475 3735 1790 3806 simpliciter
1819 3751 1922 3792 vo-

329 3804 468 3860 care
491 3804 798 3875 tristitiam;
826 3814 882 3862 et
909 3805 1040 3861 dum
1072 3806 1304 3862 tristitiae
1335 3821 1526 3862 causas
1557 3804 1648 3862 hic
1670 3821 1920 3862 comme-

327 3883 526 3942 morat,
559 3877 763 3932 nullam
791 3876 860 3932 de
884 3875 1082 3932 invidia
1113 3885 1211 3932 aut
1247 3876 1469 3932 invidia:
1495 3891 1658 3932 causa
1691 3878 1924 3933 mentio-

328 3961 461 4003 nem
491 3945 640 4018 facit.
671 3945 910 4018 Proinde
947 3945 1078 4018 qiiid
1112 3960 1209 4018 per
1235 3945 1838 4018 tristitiam__int_elligat,
1870 3955 1926 4002 et

325 4017 608 4089 quomodo
639 4031 760 4072 eam
798 4014 868 4070 ab
894 4011 1094 4089 invidia
1116 4011 1286 4089 'sirriul
1310 4019 1364 4066 et
1395 4011 1583 4089 agdia
1612 4011 1924 4086 distinguat,

325 4083 392 4144 iit
411 4087 800 4158 intelligamus,
819 4083 1124 4158 notandam
1149 4097 1178 4136 a
1203 4083 1414 4158 Jpanne
1437 4083 1930 4158 Damascepofqua-

328 4165 463 4213 tuor
490 4151 696 4227 species
724 4153 960 4227 trisiitiae
981 4151 1400 4227 distinguigLib.
1436 4168 1483 4227 ii
1515 4152 1734 4210 Orthod.
1755 4151 1925 4227 Fidei,
1988 4187 2006 4192 -

328 4242 456 4298 cap.
507 4223 793 4308 114),.qu
817 4223 1022 4307 Latinis
1046 4223 1377 4307 _nominibus
1417 4224 1694 4310 dicuntur.
1722 4225 1928 4311 acedia,

328 4296 602 4354 molestia.
629 4295 847 4354 invidia.
875 4294 1260 4352 misericordia.
1291 4296 1516 4354 Acedia.
1544 4303 1740 4354 inquit.
1765 4302 1928 4354 tristi-

323 4311 602 4363 mOIesua,
629 4311 847 4364 invidia,
875 4311 1260 4352 misericordia.
1291 4311 1516 4360 Aceaza,
1544 4311 1740 4368 inquit,
1765 4311 1931 4354 msti-

327 4372 407 4427 ιω
435 4373 516 4424 est
538 4369 963 4423 taciturnitatem
985 4367 1437 4440 defectionemque
1465 4369 1605 4423 vocis
1630 4368 1926 4438 inducens;

325 4441 590 4512 molestia,
618 4440 846 4512 tristitia
875 4442 954 4494 est
978 4454 1297 4512 aggravans,
1319 4440 1638 4512 pondusque
1661 4440 1924 4510 aﬂ'erens;

331 4511 540 4568 irwidia
561 4511 794 4583 tristitia
805 4514 969 4566 estea:
985 4511 1178 4583 alienis
1197 4511 1345 4566 bonis
1354 4511 1701 4583 proveniens;
1722 4514 1925 4568 miseri-

328 4583 512 4639 cordia
529 4598 652 4637 vero
669 4584 728 4636 in
741 4582 932 4636 alienis
951 4582 1112 4637 malis
1129 4582 1376 4637 tristitia.
1397 4585 1530 4638 Haec
1549 4585 1922 4640 Damascenus

333 4620 1923 4726 {33h};3'3???is?31'Ei"l'i§i£€2§_‘iﬁ§"§3§§3§
1951 4620 2002 4684 Ι)

333 4723 617 4797 speciebus
634 4723 748 4797 sola
766 4723 1093 4797 etsecunda,
1116 4723 1319 4797 sciiicet
1333 4723 1608 4797 molestia,
1631 4723 1794 4797 quam
1819 4725 1925 4782 sub

333 4792 558 4879 nomine
590 4794 830 4879 tristitia:
865 4795 1163 4879 Cassianus
1195 4792 1300 4850 hoc
1332 4793 1453 4879 lo_co
1482 4792 1844 4879 persequitur,
1871 4805 1929 4879 et

334 4866 560 4950 spiritali
608 4865 892 4938 agonistae,
932 4865 987 4922 id
1030 4873 1148 4948 est,
1180 4863 1454 4948 monacho
1483 4863 1837 4949 domandam
1875 4875 1931 4950 et

331 4935 692 5019 subigendam
715 4936 916 5019 docet;
945 4951 1070 5009 qum
1095 4935 1228 5019 nihil
1253 4934 1402 4992 aliud
1431 4943 1708 5019 e§£_quam
1731 4937 1931 5019 incrdi-

333 5003 655 5080 nata'animi
685 5003 980 5080 aegritudo;
1001 5007 1278 5080 iniustitia,
1307 5021 1401 5063 seu
1425 5003 1654 5080 afﬂictio
1682 5023 1755 5080 ex_
1775 5007 1932 5066 alicu-

329 5077 419 5152 jus
433 5078 566 5136 mali
587 5077 717 5152 illati
727 5076 820 5152 Avel
839 5077 968 5152 boni
987 5076 1246 5152 subtracti
1262 5077 1688 5150 apprehensione
1703 5077 1897 5152 oborta
1913 5096 1931 5146 ;

331 5147 396 5222 iit
419 5165 548 5208 cum
572 5149 695 5222 quis
718 5147 1016 5222 fraudatus
1031 5148 1178 5222 bono
1203 5147 1535 5222 exspiretato,
1565 5149 1936 5222 autiprivatur

331 5218 481 5294 bono
502 5218 652 5294 prius
670 5219 882 5294 habito,
899 5219 982 5276 vel
1000 5219 1278 5294 inopinate
1298 5218 1566 5294 premitur
1583 5218 1748 5294 mali),
1767 5227 1938 5294 atque

337 5291 463 5376 inde
491 5289 682 5349 animo
709 5291 982 5376 dejicitur,
1021 5298 1078 5348 et
1096 5289 1268 5376 quasi
1298 5289 1456 5376 gravi
1485 5289 1728 5376 pondere
1751 5289 1938 5364 depri-

339 5362 542 5432 mitur;
581 5361 964 5436 ciimdeberet
990 5377 1089 5436 per
1121 5361 1531 5436 patientiampet
1566 5361 1846 5436 ﬁduciam,
1875 5378 1940 5422 ac

525 5433 1096 5508 meliprissuccessus,
1118 5433 1252 5508 érigi
1278 5433 1345 5508 ab
1369 5433 1686 5508 hujusmodi
1712 5433 1939 5508 depres-

338 5450 1939 5588 ἓξὲξ.Ἐῖἓέξαἒξθεῗιῖῗὲἓᾙξὲἲυῖιῗεῗέἓῗὲἒῖἓἳξὲἒῗεῖξ

339 5576 580 5648 seipsum
609 5576 850 5632 excitans
881 5576 1166 5634 Psalmista
1197 5576 1464 5635 exclamat
1503 5597 1516 5635 :
1543 5576 1738 5647 'Quare
1761 5579 1939 5634 tristis

343 5661 416 5722 eg,
433 5649 620 5722 anima
638 5663 776 5722 mea,
793 5651 843 5704 et
857 5665 1024 5722 quare
1036 5649 1315 5722 conturbas
1329 5653 1452 5722 me?
1462 5650 1629 5722 Spera
1643 5653 1699 5704 in
1715 5652 1938 5708 Domino

338 5718 565 5783 (Psalm.
586 5721 740 5784 xu),
757 5718 954 5776 etcfEt
972 5721 1264 5792 Apostolus
1281 5718 1520 5778 Iacobus
1535 5729 1742 5791 monet,
1763 5725 1826 5776 ut
1879 5723 1943 5776 ui

341 5790 620 5848 tristatur.
643 5793 755 5847 oret
797 5790 986 5848 (Iacob.
1015 5793 1096 5848 vl.
1129 5791 1186 5848 id
1207 5799 1310 5848 est.
1331 5800 1570 5848 mentem
1592 5807 1832 5848 maerore
1843 5739 1940 5848 gle-

341 5790 755 5864 tristatur,oret
797 5790 986 5864 (Iacob.
1015 5790 1096 5864 ἢ),
1129 5791 1186 5850 id
1207 5799 1315 5864 est,
1331 5800 1570 5849 mentem
1592 5790 1832 5864 maerore
1848 5790 1940 5864 iic-

346 5872 591 5931 pressam
618 5859 678 5918 in
705 5859 884 5919 Deum
911 5859 1160 5921 elevetet
1187 5859 1416 5921 attallat.
1447 5866 1527 5921 Ex
1551 5863 1752 5937 quibus
1777 5862 1938 5920 colli-
1985 5901 1992 5907 ε

2035 3377 2096 3433 ut
2125 3377 2444 3451 loquuntur,
2474 3391 2598 3448 quae
2621 3385 2675 3433 et
2697 3377 2754 3432 in
2777 3393 3008 3435 numero
3024 3377 3344 3451 capitalium
3359 3377 3631 3451 _vitiorum

2035 3447 2233 3503 merito
2271 3447 2604 3516 recensetur,
2641 3463 2770 3505 cum
2809 3452 2881 3505 sit
2922 3447 3229 3506 multorum
3265 3447 3538 3505 malorum
3573 3456 3630 3504 et

2071 3527 2384 3594 eccatcrum
2431 3533 2628 3594 causa,
2668 3529 2728 3577 ut
2764 3519 3094 3594 experientia
3133 3528 3481 3594 compertum
3524 3527 3625 3576 est.

2092 3590 2196 3648 nde
2227 3589 2489 3664 Isidorus,
2523 3590 2619 3664 ubi
2641 3589 2993 3664 supra,'dicit
3019 3607 3082 3664 ex
3107 3589 3321 3650 tristitia
3349 3591 3477 3664 oriri
3502 3606 3630 3647 ran-

2029 3677 2240 3736 corem,
2293 3661 2820 3736 pusillanimitatem,
2854 3663 3320 3736 amaritudinem,
3371 3663 3630 3736 despera-

2029 3733 2266 3805 tionem,
2281 3732 2500 3805 Differe
2519 3741 2702 3789 autem
2724 3734 3007 3791 tristitiam
3033 3733 3140 3791 hoc
3157 3736 3328 3792 modo
3348 3732 3630 3805 acceptam

2030 3805 2098 3860 ab
2138 3803 2344 3870 acedia,
2375 3819 2472 3876 per
2513 3819 2572 3861 se
2600 3812 2796 3863 notum
2831 3813 2934 3876 est,
2973 3811 3028 3860 et
3054 3805 3249 3862 clarius
3289 3821 3354 3861 ex
3383 3803 3629 3874 sequenti

2031 3875 2172 3931 libro
2197 3875 2416 3931 patebit.
3515 3903 3528 3915 -

2049 3875 2172 3931 ibro
2197 3875 2416 3932 patebit.
3515 3903 3528 3915 -

2103 3891 2641 4018 ξοὸἓῐῗιιῖἑῑθθιίἰεςυθ
2669 3945 2903 4018 tristitiae
2937 3960 3034 4018 seu
3071 3943 3422 4018 impatientia:
3456 3957 3633 4018 nocu-

2037 4015 2257 4083 mentis,
2303 4017 2425 4075 vide
2466 4013 2922 4088 DCGregorium
2971 4015 3027 4070 iu
3074 4013 3334 4071 Pastorali
3379 4021 3531 4086 parte
3575 4013 3632 4070 in

2177 4091 2334 4238 {igne
2360 4156 2686 4238 sententiam
2723 4156 2777 4210 in
2810 4155 3047 4238 Hebraeo
3078 4151 3192 4211 non
3215 4154 3405 4238 haberi
3442 4162 3634 4238 notant

2038 4226 2495 4296 interpretes._D.
2543 4226 2790 4282 Thomas
2833 4226 2904 4296 ad
2947 4241 3178 4296 corpus,
3226 4226 3514 4284 Cassianus
3561 4226 3632 4284 ad

2036 4293 2279 4372 animam
2321 4293 2505 4372 refert,
2535 4310 2670 4372 qua:
2713 4295 2930 4372 passim
2959 4296 3015 4352 in
3048 4293 3344 4372 Scripturis
3366 4298 3634 4372 _appella-

2038 4366 2186 4422 tione
2209 4365 2391 4440 cordis
2419 4365 2755 4440 intelligitur.
2785 4370 2841 4426 S.
2871 4365 3290 4440 Chrysostomus
3318 4369 3386 4426 ad
3418 4365 3632 4428 utrum-

2036 4453 2142 4514 que
2161 4437 2345 4494 retulit
2367 4437 2421 4496 in
2444 4438 2528 4514 bis
2542 4437 2727 4514 verbis
2755 4443 2952 4512 (Epist.
2974 4437 3050 4497 ad
3076 4443 3313 4514 Olymp.)
3339 4461 3352 4498 :
3385 4445 3633 4499 Tristitia

2034 4511 2343 4586 animcrum
2371 4512 2581 4586 midele
2602 4511 2938 4586 tormentum
2962 4518 3066 4586 est,
3104 4511 3256 4570 dolor
3284 4515 3511 4586 quidam
3542 4519 3633 4571 in-

2031 4583 2330 4658 emplebilis,
2362 4587 2414 4638 et
2427 4583 2702 4654 judicium
2729 4601 2849 4658 cum
2865 4585 3097 4656 judicio,
3122 4583 3467 4658 vindictaque
3491 4587 3636 4642 dete-

2031 4656 2166 4708 rius.
2197 4656 2337 4712 Nam
2371 4659 2422 4710 et
2447 4658 2622 4710 vermi
2655 4657 2851 4711 similis
2884 4661 2962 4711 est
2998 4662 3289 4724 venenato;
3320 4656 3426 4712 non
3460 4658 3632 4711 solum

2031 4741 2263 4788 carnem,
2291 4725 2384 4798 sed
2411 4730 2462 4782 et
2487 4729 2727 4798 animam
2752 4730 2930 4798 ipsam
2951 4729 3252 4798 perimens;
3287 4731 3336 4779 et
3360 4729 3506 4778 tinea
3526 4741 3634 4798 non

2033 4797 2204 4851 solum
2231 4797 2306 4850 ad
2335 4811 2476 4859 ossa,
2505 4797 2600 4852 sed
2623 4797 2698 4852 ad
2725 4797 2889 4852 co-rda
2911 4797 3242 4867 pertingens,
3274 4799 3325 4847 et
3346 4797 3635 4862 perpetuus

2034 4867 2260 4936 quidam
2289 4868 2554 4934 carnifex,
2585 4874 2689 4922 etc.

2102 4939 2127 4968 ο
2169 4930 2459 5006 Eleganter
2497 4943 2552 4992 et
2587 4935 2805 5006 copiose
2844 4930 3034 5006 scribit
3066 4933 3135 5006 Ι).
3178 4930 3548 5006 Hieronymus
3575 4933 3634 4992 in

2037 5004 2184 5060 hunc
2223 5004 2492 5075 psalmum
2531 5004 2675 5077 (Lib:
2700 5020 2722 5077 ι
2761 5005 2827 5060 de
2858 5005 3002 5072 Ofﬁc.
3045 5005 3216 5077 divin.
3255 5004 3528 5077 cap—22}.
3561 5011 3637 5064 At

2038 5073 2318 5156 Rupertus
2346 5073 2807 5156 compendiosius,
2838 5083 2896 5132 et
2925 5083 3116 5156 nestrc
3136 5073 3388 5156 instituto
3405 5073 3636 5156 _accoin-_

2041 5144 2339 5214 modatius,
2369 5144 2421 5201 in
2455 5144 2602 5220 hunc
2639 5147 2865 5220 modum
2897 5165 2911 5202 :
2957 5149 3109 5217 Quod
3135 5154 3234 5213 est,
3267 5148 3466 5220 inquit,
3498 5153 3636 5208 illud

2042 5219 2411 5274 vestimentum
2425 5220 2454 5274 7
2487 5218 2680 5274 Sancta
2715 5219 2948 5276 Ecclesia
2977 5222 3260 5275 catholica.
3301 5218 3441 5279 Nam
3471 5222 3638 5280 barba

2045 5291 2232 5347 Aaron
2259 5289 2421 5360 (quod
2449 5291 2835 5360 interpretatur
2864 5307 3014 5347 mons
3040 5291 3410 5361 fortitudinis)
3447 5294 3636 5358 barba,

2046 5363 2290 5433 inquam,
2310 5361 2498 5419 Aaron
2523 5361 2727 5418 Christi
2739 5364 2969 5433 apostoli
2981 5367 3124 5428 sunt,
3146 5367 3197 5418 et
3215 5365 3494 5434 apostolici
3506 5367 3638 5429 viri,

2045 5435 2215 5504 fortes
2239 5437 2291 5489 et
2303 5435 2562 5504 perfecti;
2584 5439 2916 5502 unguentum
2938 5438 3116 5490 autem
3136 5436 3316 5504 regale
3334 5441 3386 5491 et
3410 5436 3642 5492 sacerdo-

2046 5505 2155 5560 tale
2194 5506 2430 5576 Spiritus
2471 5506 2647 5560 sancti
2677 5509 2777 5569 est,
2811 5506 2964 5576 cujus
3002 5511 3116 5562 tota
3145 5506 3428 5577 plenitudo
3463 5510 3562 5577 esti
3583 5508 3644 5560 in

2045 5575 2247 5647 capite,
2255 5577 2456 5632 scilicet
2466 5577 2704 5643 Christo;
2719 5575 2882 5647 atque
2898 5577 3020 5633 inde
3027 5575 3269 5648 primum
3284 5579 3342 5630 in
3359 5575 3642 5646 apostolos,

2046 5650 2210 5724 quasi
2229 5650 2286 5703 in
2308 5649 2549 5724 barbam,
2575 5647 2771 5724 deinde
2794 5650 2854 5724 in
2881 5647 3048 5704 totam
3060 5647 3380 5724 Ecclesium,
3401 5649 3458 5724 et
3475 5658 3644 5724 usque

2045 5716 2361 5848 3:841?"me
2377 5720 2610 5778 membra
2628 5721 2896 5785 Ecclesiae,
2911 5719 3071 5791 quasi
3087 5719 3145 5772 in
3159 5730 3305 5772 oram
3322 5716 3640 5772 vestimenti,

2114 5805 2230 5848 scen
2271 5809 2290 5848 ι
2320 5832 2334 5848 .

2114 5794 2334 5849 scendit.
