4012 6192
382 305 487 362 355

384 523 588 596 poterit
628 521 925 595 pertinere,
964 519 1122 592 cujus
1163 517 1365 573 Paulus
1402 515 1735 573 architectus
1775 517 1992 591 sapiens

386 618 570 691 posuit
595 615 971 682 fundamenta,
1009 612 1193 669 dicens
1231 630 1243 665 :
1281 614 1386 668 Vos
1418 612 1541 681 estis
1579 612 1832 682 templum
1868 616 1988 677 Dei,

388 716 439 767 et
459 714 682 783 spin'tus
701 712 801 765 Dei
815 709 1029 762 habitat
1049 708 1107 759 in
1124 706 1275 759 vobis
1298 705 1344 771 (Ι
1363 705 1479 761 Cor.
1503 704 1620 777 In);
1640 704 1796 777 cujus
1815 706 1990 776 qualia

387 804 496 862 sint
520 805 686 877 ligna,
718 816 919 874 sponsa
951 796 1206 854 describit
1240 797 1295 852 in
1333 796 1557 854 Cantico
1586 798 1928 855 canticorum
1975 816 1988 855 :

389 905 414 933 ³
444 898 656 959 Trabes,
682 894 949 964 inquiens,
980 896 1177 946 nostrce
1205 906 1501 961 cupressus,
1533 894 1685 961 tigna
1716 893 1993 948 domorum

386 995 695 1046 nostrarum
719 987 867 1042 cedri
890 986 1063 1058 (Cant.
1092 987 1156 1052 1).
1189 986 1261 1041 Et
1284 984 1483 1041 idcirco
1514 984 1891 1058 hujuscemodi
1920 985 1989 1042 ad

386 1082 656 1154 templum
687 1080 787 1137 Dei
832 1079 1103 1153 lignorum
1134 1093 1330 1151 genera
1367 1077 1663 1149 eliguntur,
1711 1092 1834 1149 quae
1866 1085 1996 1134 sunt

387 1186 443 1234 et
487 1176 650 1233 bonae
699 1173 1042 1247 fragrantiae,
1088 1180 1144 1229 et
1190 1171 1577 1245 imputribilia,
1615 1187 1846 1245 quaeque
1893 1187 1995 1229 nec

388 1270 716 1343 corruptelae
781 1266 1065 1325 vetustatis
1122 1281 1225 1324 nec
1277 1266 1391 1323 esui
1452 1265 1719 1323 vermium
1780 1265 1997 1324 valeant

388 1366 687 1439 subjacere.

1000 1458 1245 1514 CAPUT
1284 1458 1383 1513 IV.

553 1552 704 1609 Unde
734 1552 816 1606 vel
848 1551 1046 1621 quibus
1078 1550 1252 1605 modis
1289 1549 1520 1605 tristitia
1548 1551 1832 1618 gignatur.

462 1648 490 1686 ¹³
517 1655 945 1724 Nonnumquam
975 1659 1158 1707 tamen
1192 1651 1288 1708 ira:
1318 1649 1674 1723 praecedentis
1698 1649 1830 1706 vitio
1859 1650 1997 1708 sub-

390 1746 562 1818 sequi,
600 1761 697 1803 seu
724 1744 1180 1817 concupiscentia:
1201 1745 1222 1769 ⁶
1254 1743 1458 1799 lucrive
1501 1742 1784 1815 cujusdam
1811 1743 1996 1801 minus

391 1839 594 1911 indepti
637 1839 878 1912 generari
919 1838 1081 1906 solet,
1122 1852 1251 1894 cum
1292 1852 1350 1893 se
1391 1836 1588 1893 harum
1622 1851 1805 1893 rerum
1855 1853 1995 1910 qua—

392 1934 519 1992 dam
562 1949 657 2006 spe
695 1942 876 1989 mente
909 1938 1167 2003 concepta
1202 1930 1323 2003 quis
1349 1928 1540 1987 viderit
1578 1929 1859 1989 excidisse.
1901 1933 1999 1988 In-

390 2027 607 2086 terdum
638 2043 767 2085 vero
790 2026 957 2084 etiam
985 2024 1150 2082 nullis
1177 2024 1535 2081 existentibus
1563 2025 1760 2095 causis,
1797 2024 1999 2098 quibus

391 2123 460 2180 ad
488 2123 629 2179 hanc
656 2121 836 2178 labem
863 2134 1119 2177 corruere
1164 2134 1547 2191 provocemur,
1587 2118 1791 2175 inimici
1830 2118 2002 2177 subti-

393 2217 459 2273 lis
504 2216 785 2283 instinctu,
823 2219 974 2269 tanto
996 2220 1219 2284 repente
1258 2226 1502 2268 maerore
1529 2210 1907 2285 deprimimur,
1937 2220 1998 2269 ut

392 2326 463 2367 ne
499 2310 791 2365 charorum
829 2306 1054 2380 quidem
1092 2322 1155 2363 ac
1196 2306 1630 2363 necessariorum
1677 2314 1995 2364 nostrorum

392 2402 690 2460 adventum
727 2401 890 2458 solita
926 2399 1199 2471 suscipere
1239 2398 1559 2458 affabilitate
1601 2400 1899 2471 possimus,
1940 2408 1995 2456 et

394 2495 660 2568 quidquid
714 2495 783 2551 ab
842 2494 918 2550 eis
959 2492 1292 2565 competenti
1346 2491 1514 2555 fuerit
1558 2491 1997 2551 confabulatione

394 2588 695 2662 prolatum,
730 2588 1109 2660 importunum
1135 2585 1294 2643 nobis
1331 2603 1394 2644 ac
1417 2586 1753 2660 superfluum
1780 2587 1997 2661 judice-

393 2693 508 2753 tur,
546 2683 803 2756 nullaque
834 2699 866 2739 a
898 2681 1058 2739 nobis
1091 2681 1349 2740 reddatur
1384 2684 1463 2740 eis
1504 2692 1657 2756 grata
1686 2684 1993 2757 responsio,

394 2778 679 2835 universos
728 2775 908 2835 cordis
950 2777 1124 2834 nostri
1167 2793 1412 2835 recessus
1453 2778 1576 2836 felle
1620 2778 1997 2836 amaritudinis

396 2874 715 2942 occupante.
1407 2930 1415 2937 _

1019 2961 1260 3018 CAPUT
1300 2963 1369 3018 V.‘

396 3061 548 3130 Quod
591 3075 699 3114 non
748 3061 1006 3121 aliorum,
1050 3060 1143 3114 sed
1196 3063 1404 3122 nostro,
1448 3061 1581 3114 vitio
1631 3062 1997 3116 commotiones

894 3133 1191 3185 excitentur
1225 3132 1284 3184 in
1320 3130 1495 3183 nobis.

1728 295 2008 356 JOANNIS
2049 298 2352 356 CASSIANI

382 436 722 487 structuram
772 425 962 500 templi
1021 425 1165 483 illius
1218 422 1472 497 spiritalis
1522 430 1686 495 atque
1736 430 1992 481 ornatum
2021 428 2077 492 Α

3598 308 3707 365 356

2714 426 2964 484 CAPUT
2989 429 3086 484 VI.

2104 527 2258 597 Quod
2289 502 2483 603 nullus
2503 531 2781 603 repentino
2823 531 2983 601 lapsu
3014 535 3245 593 corruat,
3274 532 3369 587 sed
3404 534 3697 603 paulatim,

2318 615 2422 679 per
2449 600 2663 671 longam
2689 600 2961 672 injuriam
2987 602 3241 666 recidens,
3264 600 3475 673 pereat.

2177 704 2201 734 °
2259 703 2580 775 Numquam
2629 702 2779 759 enim
2825 703 2945 777 quis
2975 704 3210 780 alterius
3255 704 3383 762 vitio
3425 705 3705 768 lacessitus

2104 810 2325 868 peccare
2364 796 2725 869 compellitur,
2758 797 2802 853 si
2828 798 3123 870 repositam
3153 798 3438 857 materiem
3472 800 3704 862 delicto-

2102 904 2229 945 rum
2271 888 2329 945 iu
2372 904 2475 947 suo
2514 889 2678 947 corde
2717 906 2829 947 non
2873 891 3087 948 habeat.
3137 885 3155 924 ‘
3199 893 3315 949 Nec
3348 900 3482 951 tunc
3522 897 3704 955 subito

2102 980 2370 1054 quispiam
2400 981 2663 1055 deceptus
2699 999 2816 1041 esse
2840 985 3141 1042 credendus
3172 993 3276 1056 est,
3306 1002 3438 1045 cum
3466 1005 3704 1064 conspe-

2103 1083 2190 1131 cta
2241 1076 2488 1132 mulieris
2535 1076 2712 1134 forma
2767 1077 2826 1135 in
2878 1078 3199 1136 barathrum
3244 1083 3698 1155 concupiscentia

2104 1171 2276 1244 turpis
2334 1172 2585 1230 inciderit
2604 1214 2621 1244 ,
2678 1173 2776 1232 sed
2824 1176 3006 1248 potius
3059 1177 3304 1235 occultos
3351 1194 3417 1237 ac
3466 1179 3705 1240 latentes

2104 1264 2427 1322 medullitus
2465 1267 2692 1324 morbos
2730 1268 3017 1327 occasione
3064 1271 3213 1329 visus
3256 1272 3313 1329 in
3355 1274 3703 1347 superﬁciem

2103 1365 2236 1417 tunc
2262 1358 2434 1418 fuisse
2460 1360 2776 1434 productos.

2699 1471 2945 1529 CAPUT
2978 1474 3105 1529 VII.

2105 1570 2392 1648 Quodnon
2420 1571 2535 1648 sint
2564 1573 2812 1648 fratrum
2836 1573 3436 1648 deserendaconsortia,
3476 1581 3537 1632 ut
3568 1594 3703 1648 per-

2141 1642 2302 1707 fectio
2325 1645 2694 1712 conquiratur,
2718 1643 2813 1699 sed
2836 1647 3105 1714 patientia
3113 1644 3326 1715 jugiter
3353 1642 3661 1704 excolenda.

2175 1740 2414 1815 Ideoque
2439 1751 2650 1800 creator
2676 1744 2929 1800 omnium
2961 1747 3115 1802 Deus
3141 1744 3341 1818 opificii
3364 1748 3450 1805 sui
3477 1750 3708 1808 curatio-

2026 1864 2075 1927 B
2105 1848 2235 1890 nem
2279 1850 2390 1907 prae
2433 1836 2696 1893 omnibus
2733 1851 2996 1906 noscens,
3039 1844 3096 1893 et
3133 1838 3257 1909 quia
3275 1854 3413 1895 ~non
3454 1839 3510 1895 in
3552 1841 3707 1913 aliis,

2106 1928 2202 1985 sed
2236 1928 2293 1985 in
2327 1929 2734 2004 nobismetipsis
2775 1930 3137 1988 offensionem
3168 1932 3371 2008 radices
3398 1949 3700 2008 causaeque

2105 2022 2483 2093 consisterent,
2522 2041 2635 2082 non
2663 2023 2960 2083 deserenda
2996 2026 3253 2098 praecepit
3286 2024 3523 2083 fratrum
3560 2042 3708 2085 con-

2107 2116 2294 2186 sortia,
2324 2133 2426 2174 nec
2450 2117 2607 2175 vitari
2643 2134 2738 2175 eos
2765 2134 2905 2191 quos
2932 2119 3095 2176 laesos
3121 2135 3153 2176 a
3188 2119 3367 2188 nobis,
3400 2119 3542 2177 vela
3584 2120 3706 2194 qui-

2104 2208 2209 2266 bus
2256 2226 2358 2268 nos
2412 2211 2747 2269 arbitramur
2795 2212 3062 2283 offensos,
3118 2212 3215 2270 sed
3261 2212 3477 2270 deliniri
3518 2214 3702 2289 jubet,

2102 2303 2278 2361 sciens
2322 2306 2349 2346 3
2391 2304 2778 2378 perfectionem
2820 2307 3004 2364 cordis
3043 2323 3154 2363 non
3200 2314 3317 2363 tam
3366 2309 3706 2380 separatione

2099 2390 2389 2458 hominum
2451 2417 2616 2473 quam
2675 2401 2945 2474 patientia
2995 2401 3196 2458 virtute
3241 2402 3505 2474 conquiri.
3568 2406 3708 2475 Quae

2107 2489 2263 2547 ﬁrme
2305 2508 2571 2563 possessa,
2607 2493 2746 2550 sicut
2784 2502 2962 2566 potest
2998 2510 3101 2552 nos
3140 2495 3306 2552 etiam
3334 2511 3460 2552 cum
3489 2495 3577 2554 bis
3604 2498 3704 2570 qui

2105 2586 2340 2644 oderunt
2366 2604 2581 2661 pacem,
2620 2588 2883 2662 pacificos
2917 2605 3267 2661 conservare;
3295 2585 3323 2622 ¹¹
3353 2591 3426 2647 ita
3451 2592 3498 2647 si
3522 2599 3711 2665 parata

2103 2696 2214 2737 non
2249 2680 2437 2751 fuerit,
2480 2682 2551 2739 ab
2586 2683 2672 2740 bis
2706 2698 2925 2755 quoque
2966 2684 3060 2755 qui
3089 2683 3314 2756 perfecti
3342 2701 3407 2741 ac
3448 2685 3700 2743 meliores

2103 2774 2261 2831 nobis
2294 2784 2439 2843 sunt,
2486 2776 2619 2833 facit
2643 2776 2846 2849 jugiter
2885 2775 3171 2845 dissidere;
3213 2777 3528 2835 occasiones
3563 2779 3710 2836 enim

2105 2870 2566 2941 commotionum,
2606 2870 2677 2928 ob
2705 2886 2842 2945 quas
2870 2887 2962 2929 eos
2991 2871 3188 2945 quibus
3225 2872 3514 2946 jungimur
3549 2872 3714 2932 dese-

2103 2978 2226 3021 rere
2267 2963 2625 3034 festinamus,
2674 2965 2733 3021 in
2774 2966 3190 3023 conversatione
3236 2966 3479 3034 humana
3521 2968 3713 3027 deesse

2104 3072 2218 3114 non
2252 3065 2552 3137 poterunt,
2593 3067 2649 3116 et
2684 3058 2884 3117 idcirco
2931 3061 3162 3119 tristitiae
3197 3078 3416 3133 causas,
3457 3063 3529 3120 ob
3570 3079 3711 3136 quas

2104 3165 2134 3206 a
2191 3151 2464 3224 prioribus
2507 3169 2849 3228 separamur,
2902 3171 3014 3212 non
3060 3156 3380 3227 evadimus,
3424 3156 3521 3214 sed
3568 3173 3711 3216 mu-

464 3220 492 3264 δ
529 3230 692 3289 Unde
718 3231 1160 3289 manifestissime
1196 3231 1604 3305 comprobatur,
1632 3250 1742 3291 non
1780 3249 1997 3309 semper
2033 3253 2078 3317 ρ
2106 3220 2308 3301 tamus.

391 3321 551 3380 nobis
573 3322 806 3379 aliorum
836 3324 963 3382 vitio
989 3324 1430 3383 commotionum
1452 3326 1706 3384 stimulos
1740 3329 1993 3400 excitari;

393 3418 489 3475 sed
536 3417 716 3491 potius
760 3427 973 3487 nostro,
1008 3418 1105 3490 qui
1150 3419 1458 3477 reconditas
1498 3420 1557 3476 in
1597 3421 1998 3496 nobismetipsis

392 3511 662 3569 habemus
690 3511 1057 3571 offensionum
1087 3529 1276 3571 causas
1298 3530 1361 3570 ac
1394 3514 1680 3571 seminaria
1705 3517 1992 3588 vitiorum;

394 3620 543 3677 quae,
584 3620 714 3660 cum
749 3612 993 3660 mentem
1024 3612 1271 3661 nostram
1313 3606 1677 3662 tentationum
1713 3607 1888 3664 imber
1914 3610 1993 3667 al-

393 3696 586 3763 luerit,
640 3698 698 3753 in
743 3695 986 3770 germina
1034 3696 1321 3754 confestim
1367 3696 1687 3771 fructusque
1736 3717 1994 3773 prorum-

392 3798 547 3864 punt.

2691 3342 2935 3400 CAPUT
2963 3345 3117 3400 VIII.

2105 3441 2255 3509 Quod
2292 3445 2345 3498 si
2379 3458 2549 3521 mores
2573 3449 2791 3521 nostros
2822 3447 3123 3521 emendatos
3148 3448 3509 3513 habuerimus,
3532 3452 3713 3521 possit

2457 3514 2605 3571 nobis
2632 3532 2753 3572 cum
2779 3519 3022 3573 omnibus
3051 3521 3342 3574 convenire.

2172 3614 2588 3672 Procurandum
2631 3617 2814 3690 itaque
2856 3619 3016 3676 nobis
3061 3628 3164 3688 est,
3206 3629 3267 3677 ut
3298 3628 3485 3678 nostra
3520 3622 3707 3694 potius

2103 3706 2393 3765 emendare
2422 3709 2551 3766 vitia
2581 3718 2635 3768 et
2675 3728 2859 3770 mores
2890 3714 3167 3789 corrigere
3201 3714 3533 3773 festinemus.
3563 3716 3705 3787 Quae

2104 3799 2461 3871 proculdubio
2506 3802 2552 3859 si
2602 3803 2806 3863 fuerint
2847 3808 3154 3877 emendata,
3204 3824 3317 3865 non
3357 3807 3533 3866 dicam
3574 3825 3711 3868 cum

1492 3902 1746 3959 ALARDI
1785 3906 2010 3965 GAZEI
2048 3910 2607 3973 COMMENTARIUS.

466 4015 491 4045 ³
536 4014 604 4068 Ι).
649 4012 1021 4084 Hieronymus
1059 4025 1120 4067 ex
1151 4010 1386 4084 Origene
1426 4031 1442 4067 :
1476 4013 1670 4068 Trabes
1716 4014 1993 4072 domorum

392 4088 696 4157 nostrarum
745 4083 893 4138 cedri
908 4103 943 4157 ;_7
970 4087 1020 4137 et
1055 4083 1479 4157 contignationes
1521 4089 1717 4157 nostra:
1756 4091 1994 4157 cupressi

392 4154 570 4227 (Hom.
601 4159 633 4209 2
655 4156 799 4225 Orig.
827 4156 886 4208 in
906 4155 1106 4227 Cant).
1135 4154 1370 4227 Vulgata
1395 4154 1570 4211 versio
1598 4175 1610 4210 :
1638 4154 1994 4225 'I‘igna'domo-

391 4225 512 4299 rum
523 4230 830 4282 nostrarum
844 4225 1083 4299 cedrina,
1092 4225 1370 4299 laquearia
1385 4231 1569 4299 nostra
1579 4232 1994 4299 cupressina.De

391 4297 554 4352 cedro
585 4304 640 4367 et
673 4312 930 4367 cupresso
971 4297 1176 4353 Plinius
1216 4296 1352 4353 libro
1390 4296 1603 4354 decimo
1637 4296 1797 4356 sexto
1831 4310 1990 4358 natu-

391 4366 902 4445 ralisHistorI‘capj
929 4373 985 4421 4.
1024 4368 1266 4445 Arbores
1299 4376 1425 4445 sunt
1459 4367 1787 4439 durissimae,
1816 4371 1992 4445 impu-

392 4436 604 4503 tribiles
639 4445 693 4492 et
717 4435 1026 4503 odoriferae,
1054 4445 1115 4492 ut
1138 4436 1225 4492 hic
1250 4438 1523 4495 asseritur.

463 4499 490 4539 ¹³
527 4505 785 4594 Tristities
825 4499 1023 4594 pansas
1052 4507 1322 4594 _inquirjt,
1367 4517 1527 4594 atque
1546 4527 1640 4594 _ex_
1678 4512 1743 4570 iis
1786 4514 1991 4585 species
2020 4533 2068 4594 ι)
2099 4499 2653 4594 toiigm'iiﬁeRéai-bi

2101 4021 2398 4100 c_at_abbas
2430 4023 2757 4100 Theodorus
2795 4025 2976 4084 collat.
3013 4033 3048 4084 6
3078 4044 3200 4100 cap.
3250 4034 3335 4097 l7,
3372 4030 3462 4086 cui
3507 4029 3702 4089 similis

2100 4093 2288 4150 titulus
2312 4113 2324 4149 :
2349 4097 2500 4163 Quod
2519 4113 2668 4153 nemo
2690 4100 2854 4153 ruina
2874 4093 3162 4155 subitanea
3181 4093 3492 4158 collabatur.
3518 4103 3703 4160 Verba

2101 4163 2150 4236 ej
2158 4180 2220 4220 us
2230 4174 2357 4242 sunt
2373 4186 2384 4220 :
2398 4169 2888 4242 Lapsusguispiam
2896 4186 3235 4242 nequaquam
3245 4173 3527 4227 subitanea
3537 4176 3702 4230 ruina

2101 4239 2365 4313 corruisse
2395 4239 2684 4313 credendus
2723 4244 2831 4307 est;
2858 4242 2952 4296 sed
2968 4239 3098 4297 _aut‘
3109 4259 3299 4313 praua:
3340 4246 3700 4303 institutionis

2101 4306 2349 4382 deceptus
2391 4309 2627 4382 exordio,
2662 4314 2760 4365 aut
2792 4306 2889 4381 per
2927 4306 3142 4382 longam
3177 4317 3372 4371 mentis
3407 4316 3696 4382 incuriam,

2095 4380 2371 4456 paulatim
2399 4380 2619 4456 uirtute
2637 4380 2813 4436 animi
2836 4380 3127 4448 decidente,
3168 4391 3220 4441 et
3248 4402 3349 4456 per
3384 4388 3478 4442 hoc
3503 4380 3699 4443 sensim

2099 4449 2251 4502 vitiis
2288 4450 2715 4516 increscentibus,
2746 4469 2872 4509 casu
2895 4457 3199 4511 miserabili
3224 4449 3530 4513 cbrtcidisse.
3558 4459 3702 4515 Ante

2692 4526 2950 4594 praecedit
2995 4530 3181 4592 ruina,
3228 4532 3279 4583 et
3322 4533 3451 4583 ante
3486 4531 3703 4585 ruinam

394 4576 510 4649 ejus
554 4577 796 4670 aliquotL
811 4576 1486 4670 distinguit{sednpaulo
1508 4582 1711 4670 clarius
1748 4576 1992 4642 recenset
2020 4576 2067 4594 ³³
2098 4590 2242 4670 mala
2268 4576 2526 4670 cogitatio
2554 4612 2570 4648 :
2597 4576 3703 4670 quemadmodumdomusvnumquamms;

394 4646 525 4726 cap;
544 4646 739 4726 _ultiinp
765 4646 929 4719 hujus
956 4646 1098 4726 libri,
1116 4656 1180 4726 _et
1202 4646 1384 4726 collat.
1413 4659 1446 4708 5
1467 4669 1583 4726 cap.
1621 4660 1702 4709 ll.

460 4718 783 4796 éDionysius
795 4718 859 4796 pa
865 4734 920 4775 ra
927 4718 1331 4796 phrastice:Aut
1342 4741 1408 4779 ea:
1423 4718 1843 4796 concupiscentia
1857 4727 1995 4783 lucri

392 4807 510 4848 cum
536 4795 655 4863 quis
685 4792 884 4848 viderit
907 4807 961 4846 se
981 4794 1259 4863 priuatum
1282 4810 1373 4866 spe
1393 4813 1483 4851 seu
1510 4792 1867 4852 consecutione
1895 4799 1993 4854 ha-

390 4879 513 4919 rum
548 4881 731 4920 rerum
777 4880 939 4939 quam
968 4868 1141 4919 mente
1181 4869 1430 4939 concepit.
1472 4868 1555 4923 Ita
1583 4868 1786 4939 passim
1830 4868 1992 4927 inde-

391 4941 577 5007 ptum,
602 4952 759 5010 _pro_,
806 4935 1065 5010 adeptum
1109 4935 1342 5010 passive'
1369 4935 1602 5010 usurpat
1636 4938 1924 5010 Cassianus
1970 4961 1983 4997 :

390 5005 858 5082 quemadmodum
906 5005 961 5082 et
1003 5005 1243 5082 Plautus
1269 5008 1325 5082 in
1374 5005 1742 5082 Trifpassive
1788 5009 1926 5082 dixit
1970 5032 1983 5069 :

390 5076 507 5133 Non
529 5079 705 5152 tetate,
728 5091 908 5152 verum
934 5080 1150 5152 ingenio
1163 5078 1495 5152 adipiscitur
1512 5076 1799 5152 summa.
1820 5080 1989 5140 Idem-

390 5160 496 5217 que
522 5144 748 5234 verbum
783 5144 1045 5234 indipisc'o
1068 5144 1310 5234 activum
1336 5144 1667 5234 usurpatxin
1689 5154 1932 5234 eiulat),
1957 5171 1988 5212 a

393 5215 503 5288 quo
539 5215 836 5288 indipiscar
863 5215 1159 5286 passivum,
1183 5218 1328 5275 unde
1353 5215 1691 5293 participium
1714 5215 1982 5297 indeptus.

459 5274 487 5350 εξ
516 5286 671 5342 Idem
701 5286 884 5343 docuit
911 5287 1189 5350 superiore
1218 5289 1359 5347 libro
1388 5307 1506 5350 can.
1542 5299 1607 5349 16
1643 5301 1697 5349 et
1724 5310 1875 5350 seaa.

460 5303 487 5351 ’ξ
516 5303 671 5342 ιαθῐιὶ
701 5303 884 5343 αοοωι
911 5303 1189 5368 superiore
1218 5303 1359 5347 IlDI‘O
1388 5307 1506 5363 08p.
1542 5303 1607 5349 16
1643 5303 1697 5349 et
1724 5310 1875 5367 seqq.

460 5360 483 5389 °
517 5355 1058 5446 verearverear"
1088 5358 1221 5446 illus
1260 5363 1329 5416 ι)-
1361 5362 1760 5446 ριιςχεοειίξηξίς
1787 5380 1987 5446 quam.-

387 5427 470 5484 vis
499 5426 817 5500 paradoron
846 5428 1093 5486 videatur
1124 5450 1136 5487 :
1167 5433 1328 5490 Nemo
1358 5426 1580 5490 (ceditur
1607 5436 1719 5489 nisi
1745 5426 1779 5490 ὰ
1802 5426 1987 5493 semet-

387 5497 522 5583 ipso.
575 5497 891 5587 Laesionem
935 5500 1082 5587 enim
1125 5502 1375 5587 intelligit
1418 5521 1531 5563 non
1577 5506 1859 5587 corporis,_
1886 5508 1985 5566 sed

381 5569 624 5649 animaa_,_
646 5569 839 5649 id__es_t,
864 5581 1186 5649 peccatum,
1226 5569 1373 5645 quod
1412 5592 1598 5648 nemo,
1636 5569 1737 5633 nisi
1776 5569 1981 5649 volens,

384 5641 638 5718 admittit.
670 5642 831 5714 (Vide
851 5641 1045 5718 (fallat.
1064 5651 1128 5718 _6,
1144 5641 1199 5718 _c.
1222 5641 1279 5716 αἱ,
1306 5652 1355 5703 et
1376 5649 1453 5718 9.)

457 5705 475 5745 ί
504 5715 623 5796 ῌοο
652 5705 813 5771 sonat
843 5714 1035 5796 titulus
1063 5705 1225 5796 huius
1252 5705 1373 5791 cap.
1404 5705 1557 5787 Quod
1583 5721 1764 5796 nullus
1788 5740 1984 5796 repen-

385 5787 493 5840 tino
521 5786 682 5857 lapsu
709 5791 942 5851 corruat,
978 5794 1085 5861 etc.
1123 5786 1266 5844 Hinc
1291 5786 1361 5861 et
1387 5786 1732 5861 proverbium
1768 5813 1781 5850 :
1821 5786 1981 5855 Neirio

379 5862 592 5928 repente
625 5861 686 5929 ﬁt
712 5861 993 5929 pessimus.
1022 5859 1284 5933 Idemque
1312 5859 1556 5933 pluribus
1583 5864 1759 5923 verbis
1799 5865 1978 5924 incul-

2103 4660 2309 4742 bitanep
2334 4660 2409 4742 ad
2429 4660 2630 4742 terram
2642 4682 2863 4742 procum
2871 4669 2947 4723 bit
2963 4671 3221 4740 impulsu,
3243 4672 3350 4725 nisi
3365 4660 3461 4725 aut
3480 4674 3705 4742 antiquo

2099 4734 2242 4809 uitio
2258 4734 2769 4809 fundamenti—aut
2808 4740 2971 4809 longa
2999 4734 3419 4797 inhabitantium
3464 4734 3700 4809 desidia,

2100 4804 2218 4858 still
2222 4806 2645 4885 icidiisprimum
2649 4804 2995 4885 parvissimis
3002 4813 3432 4885 penetrantibus,
3447 4804 3706 4885 corrupta

2099 4877 2295 4955 sensim
2317 4877 2531 4955 fuerint
2548 4877 2885 4955 munimenta
2905 4877 3180 4947 tectorum,
3208 4884 3404 4955 quibus
3425 4900 3526 4955 per
3544 4877 3703 4943 uetu-

2096 4950 2236 5001 stam
2263 4949 2649 5025 negligentiam
2674 4953 2733 5025 in
2759 4953 3018 5023 majorem
3044 4949 3261 5010 modum
3280 4949 3597 5025 patefactis,
3624 4960 3703 5013 at-

2098 5033 2200 5143 gue
2224 5020 2492 5097 collapsis,
2519 5021 2748 5077 ubertim
2733 5020 2892 5143 Hpost
2918 5026 3028 5080 hate
3049 5028 3233 5097 inﬂuit
3249 5020 3567 5096 pluviarum
3591 5029 3703 5085 ὑη-

2130 5091 2372 5143 riumaue
2400 5095 2702 5143 tempestas-
2785 5110 2865 5143 me
2890 5094 3000 5143 ille-
3032 5105 3087 5143 et
3110 5112 3234 5143 mum
3257 5107 3587 5143 smnnntnr,

2130 5094 3707 5237 ηέίῗὲἥῗεοῖῖῗίὲγῗῖξὲ⁸ἀε³ῥῖῗεὲξὶῗέαθῖιὲεἳῖιῗνῗθεὲῗἘῗὲτε-

2095 5229 2515 5312 gorips‘(Lib._v
2539 5237 2730 5312 Moral.
2760 5229 2812 5312 ἷξε
2853 5243 2918 5296 13
2950 5244 3002 5294 et
3029 5241 3112 5309 14)
3150 5257 3163 5295 :
3196 5229 3554 5312 Ille'namque
3582 5256 3705 5298 vere

2089 5304 2363 5384 perfectus
2391 5310 2489 5384 est,
2512 5308 2611 5384 qui
2637 5304 3251 5384 ergaimperfectionem
3273 5304 3515 5382 proximi
3538 5315 3706 5384 impa-

2096 5374 2232 5428 tiens
2260 5390 2365 5455 n_on
2394 5374 2657 5455 estNam
2681 5374 3032 5455 quidlion
3053 5374 3520 5455 ‘imperfectionem
3554 5374 3708 5452 ferre

2093 5447 2396 5525 non‘valens
2408 5447 2735 5525 patientiam
2756 5452 2970 5525 deserit,
2994 5456 3107 5525 ipse
3126 5447 3246 5511 sibi
3257 5457 3411 5510 testis
3434 5459 3530 5518 est,
3554 5447 3708 5524 quod

2086 5517 2339 5596 perfecte
2362 5517 2598 5596 nondum
2636 5524 2887 5596 profecit.
2929 5517 3069 5582 Hinc
3101 5528 3164 5582 in
3206 5528 3505 5596 Evangelia
3549 5517 3701 5594 (Luc.

2092 5587 2248 5671 xxi).
2287 5591 2503 5647 Veritas
2539 5587 2675 5648 dicit
2704 5587 2821 5650 {In
2842 5599 3117 5722 patientia
3152 5602 3332 5655 uestra
3354 5587 3729 5668 possidebitis'

2092 5673 2303 5717 animas
2356 5668 2561 5720 uestras
2602 5665 2740 5722 (vide
2783 5682 2838 5722 co
2887 5672 2967 5722 at.
3018 5672 3106 5722 l9.
3154 5684 3200 5722 c.
3233 5674 3268 5722 9
3315 5674 3368 5722 et
3409 5674 3699 5722 seauent.).

2091 5665 2303 5740 anisz
2356 5668 2561 5740 uestras
2602 5665 2967 5740 (videcollat.
3018 5672 3106 5738 l9,
3154 5684 3200 5725 c.
3233 5674 3268 5724 9
3315 5665 3376 5724 et
3409 5674 3699 5740 sequent.).

2090 5723 2433 5874 ρᾶξίέἓῑίὲει,
2458 5734 2528 5793 ‘si
2567 5723 2836 5809 acquisita
2874 5723 2977 5797 seu
3016 5723 3357 5814 sesama
3380 5723 3704 5798 norifuerit
