4012 6192
274 169 363 225 357

829 169 931 255 DE.
955 168 1436 258 C(ENOBIORUM
1471 171 1716 229 INSTIT.
1761 174 1882 230 LIB.
1929 175 2018 229 IX.
2058 202 2130 216 -
2168 176 2258 231 DE
2302 174 2569 231 SPIRITU
2609 176 2995 236 TRISTITIAE.

3467 192 3570 247 358

275 290 611 356 hominibus,
658 292 758 351 sed
799 293 968 352 etiam
990 310 1117 351 cum
1148 294 1278 353 feris
1301 304 1358 353 et
1386 296 1582 354 belluis
1603 290 1865 356 facillime
1890 303 1945 366 A
1979 297 2259 357 tricidium
2285 300 2576 372 pmnitere,
2614 317 2714 359 nec
2737 301 2938 360 Iudam
2966 312 3091 378 post
3111 306 3463 368 traditionem
3502 313 3572 370 ad

278 385 426 444 nobis
448 386 764 455 conveniet,
793 386 1099 445 secundum
1121 387 1255 445 illud
1283 389 1432 463 quod
1456 390 1514 447 in
1540 391 1681 449 libro
1718 391 1867 449 beati

280 481 374 538 Job
400 481 594 539 dicitur
626 501 641 538 :
680 492 706 519 ⁸
731 484 925 539 Bestia
961 486 1104 539 enim
1142 488 1303 541 terra
1320 489 1536 556 pacatae
1572 490 1729 541 erunt
1771 487 1872 542 tibi

286 580 302 644 (
319 578 430 633 Job.
459 582 529 644 v)
556 597 573 633 :
604 577 946 635 extrinsecus
980 578 1181 652 quippe
1210 579 1488 637 venientia
1524 572 1639 639 non
1665 580 1872 636 verebi-

281 685 393 739 mur
415 668 771 741 offendicula,
792 666 819 706 υ
840 687 945 729 nec
982 672 1095 730 ulla
1122 680 1383 745 poterunt
1419 672 1676 731 scandala
1712 674 1876 731 nobis

282 763 477 822 deforis
536 765 760 835 inferri,
810 766 853 822 si
903 767 968 842 in
1008 765 1420 840 nobismetipsis
1469 769 1616 825 intus
1664 767 1876 825 radices

280 873 465 916 eorum
501 866 733 930 recepta:
758 860 1087 933 insertasque
1115 876 1230 917 non
1260 858 1464 917 fuerint
1511 881 1524 916 :
1567 865 1689 917 Pas:
1725 861 1873 918 enim

280 953 447 1007 multa
473 952 817 1022 diligentibus
860 954 1027 1023 legem
1065 957 1238 1019 tuam,
1284 955 1538 1017 Domine,
1586 959 1638 1010 et
1663 970 1769 1010 non
1799 958 1876 1010 est

282 1043 387 1104 illis
412 1047 731 1102 scandalum
754 1049 926 1114 (Psal.
953 1052 1197 1113 cxvm).

881 1152 1124 1208 CAPUT
1161 1153 1265 1206 1X.

280 1251 350 1304 De
376 1248 488 1304 alio
529 1264 717 1318 genere
744 1248 1195 1390 tristia}:2
1225 1246 1646 1337 desperationem
1678 1251 1875 1307 salutis

923 1335 946 1374 ι
1130 1336 1165 1374 a
1196 1361 1210 1374 .

923 1335 1210 1374 ιιηυονιατ.

345 1422 449 1476 Est
495 1420 659 1476 etiam
703 1423 727 1454 ε
776 1419 925 1477 aliud
972 1419 1346 1478 detestabilius
1386 1421 1624 1479 tristitiae
1680 1437 1873 1496 genus,

281 1512 422 1587 quod
470 1529 586 1570 non
634 1513 1036 1571 correctionem
1080 1515 1232 1584 vitae,
1280 1528 1382 1571 nec
1433 1515 1877 1573 emendationem

284 1608 556 1677 vitiorum,
604 1607 701 1664 sed
727 1608 1253 1680 perniciosissimam
1285 1607 1725 1681 desperationem
1750 1610 1878 1666 ani-

1973 391 2365 451 satisfaetionis
2388 392 2629 451 remedia
2665 393 2948 465 festinare,
2992 398 3091 455 sed
3119 399 3189 456 ad
3208 404 3570 476 suSpendium

1977 486 2156 559 laquei
2183 500 2281 542 sua
2301 485 2676 559 desperatione
2702 492 2983 561 pertraxit.

2588 592 2824 649 CAPUT
2858 596 2936 649 X.

2127 684 2189 739 In
2216 698 2322 753 quo
2348 686 2719 741 tantummodo
2747 688 2819 741 sit
2840 688 2990 743 nobis
3016 692 3246 747 tristitia
3266 696 3437 750 utilis.

2058 775 2298 848 Ideoque
2335 775 2491 832 utilis
2532 777 2697 834 nobis
2724 794 2831 834 una
2867 795 2927 836 re
2952 788 3166 838 tantum
3198 786 3418 843 tristitia
3435 787 3583 861 judi-

1982 867 2154 925 canda
2186 877 2291 938 est,
2320 885 2447 926 cum
2475 869 2617 927 hanc
2649 871 2730 927 vel
2760 873 3098 944 paenitudine
3120 875 3463 947 delictorum,
3500 896 3562 938 ve

1983 962 2252 1020 desiderio
2276 964 2627 1035 perfectionis
2667 968 2899 1033 accensi,
2935 969 3015 1024 vel
3051 968 3582 1042 futuraa_beatitudi-

1982 1057 2071 1114 nis
2108 1058 2565 1129 contemplatione
2606 1060 2970 1132 concipimus.
3019 1064 3102 1118 De
3147 1078 3254 1134 qua
3297 1073 3352 1121 et
3388 1064 3579 1122 beatus

1979 1152 2278 1224 Apostolus
2306 1169 2319 1206 :
2346 1140 2376 1184 ά
2399 1154 2526 1220 Quae
2545 1155 2835 1209 secundum
2858 1158 3027 1210 Deum
3052 1161 3149 1220 est,
3180 1156 3381 1228 inquit,
3404 1162 3580 1216 tristi-

1982 1248 2084 1311 tia,
2100 1248 2477 1318 pamitentiam
2497 1247 2570 1302 ad
2593 1249 2820 1304 salutem
2836 1250 3084 1304 stabilem
3107 1255 3360 1320 operatur
3376 1255 3588 1319 ;s¢eculi

1986 1345 2165 1396 autem
2193 1342 2427 1397 tristitia
2449 1346 2670 1398 mortem
2690 1348 2953 1413 operatur
2981 1343 3054 1417 (II
3085 1345 3204 1402 Cor.
3239 1349 3367 1412 v11).

2594 1446 2826 1503 CAPUT
2863 1447 2968 1503 ΧΙ.

1988 1536 2447 1604 Quemadmodum
2462 1538 2798 1593 discernatur
2816 1554 2935 1607 qua:
2956 1542 3027 1593 sit
3044 1542 3196 1595 utilis
3210 1556 3273 1595 ac
3294 1541 3581 1597 secundum

2057 1611 2227 1664 Deum
2246 1611 2501 1672 tristitia,
2517 1614 2566 1665 et
2594 1625 2716 1679 qua:
2744 1611 3010 1666 diabolica
3026 1615 3185 1680 atque
3208 1614 3510 1679 mortifera.

284 1716 382 1759 mm
404 1701 580 1774 injicit
597 1700 949 1774 delinquenti.
980 1702 1143 1772 Quod
1172 1717 1273 1760 nec
1293 1702 1429 1760 Cain
1457 1701 1590 1759 fecit
1608 1710 1734 1776 post
1760 1701 1876 1759 fra-
1913 1691 1962 1754 B
2063 1701 2170 1760 Sed
2211 1704 2305 1760 illa
2331 1708 2354 1738 °
2402 1704 2622 1762 tristitia
2665 1719 2787 1776 quae
2822 1706 3200 1777 paenitentiam
3241 1708 3308 1765 ad
3354 1708 3587 1765 salutem

1374 1853 1629 1909 ALARDI
1666 1854 1892 1911 GAZAL‘I
1929 1852 2493 1911 COMMENTARIUS.

353 1981 378 2011 ⁸
391 1980 473 2034 1).⁷
486 1977 783 2052 Gregorius
795 1978 913 2052 vult
926 1978 1029 2050 legi
1038 2019 1054 2052 ,
1064 1981 1324 2050 paciﬁca,
1337 1994 1448 2052 non
1459 1984 1693 2051 pacatae.
1718 1979 1879 2052 Ejus-

290 2064 397 2122 que_
412 2048 676 2122 rationem
704 2049 971 2122 moralem
983 2048 1159 2122 affert
1183 2048 1314 2122 qua:
1336 2050 1441 2107 huc
1459 2048 1582 2108 non
1620 2048 1875 2122 pertinet.

288 2119 489 2194 Eodem
517 2120 686 2177 modo
711 2121 843 2194 legit
855 2130 925 2194 et
943 2120 1107 2194 Beda,
1129 2119 1450 2194 et—Vulgata
1465 2119 1658 2194 versio.
1686 2124 1878 2177 Exem-

285 2192 369 2265 pla
388 2201 737 2265 sanctorum,
771 2191 975 2265 quibus
1002 2191 1193 2265 bestiae
1210 2233 1228 2262 ,
1261 2191 1373 2247 non
1402 2191 1573 2265 modo
1595 2200 1798 2265 pacatae
1827 2201 1881 2248 et

286 2261 541 2336 pacifica,
571 2263 668 2336 sed
697 2271 754 2320 et
772 2261 1016 2336 subdita
1050 2261 1277 2336 fuerint,
1325 2271 1380 2336 et
1415 2263 1485 2336 ad
1510 2261 1718 2336 nutum
1740 2263 1878 2320 obe-

288 2332 496 2404 dierint,
524 2334 691 2390 habes
731 2335 965 2407 plurima
992 2344 1049 2407 et
1074 2335 1285 2407 passim
1321 2332 1479 2390 obvia
1517 2333 1579 2390 in
1607 2333 1747 2392 Vitis
1779 2336 1879 2390 Pa-

287 2413 429 2476 trum
456 2415 512 2462 et
540 2414 857 2462 sanctorum
887 2406 1031 2476 apud
1062 2406 1136 2463 Su
1148 2407 1309 2462 rium.

353 2471 380 2510 δ
419 2477 751 2549 Scandalum
776 2471 1076 2547 passivum,
1097 2477 1242 2549 quod
1269 2475 1476 2549 deforis
1496 2518 1511 2545 ,
1537 2475 1642 2549 hoc
1671 2483 1775 2541 est,
1815 2476 1884 2533 ab

287 2548 403 2605 aliis
439 2548 617 2605 nobis.
637 2547 910 2620 infertur,_
943 2549 1025 2604 vel
1052 2547 1135 2605 est
1161 2548 1619 2620 pusillorum,iqui
1644 2563 1708 2603 ex
1733 2549 1884 2620 igno-

286 2622 463 2677 rantia
486 2620 815 2685 existimant
842 2618 1088 2675 illicitum
1115 2618 1233 2676 esse
1261 2619 1409 2690 quod
1433 2618 1643 2690 licitum
1678 2618 1803 2687 est‘,
1833 2627 1889 2690 et

287 2690 643 2748 offenduntur
651 2705 782 2762 cum
794 2691 979 2746 vident
999 2691 1088 2747 illa
1101 2691 1217 2747 fieri
1235 2689 1357 2762 qua:
1369 2689 1468 2761 ipsi
1489 2689 1892 2745 arbitranturil-

288 2762 450 2818 licita.
465 2762 630 2819 Unde
643 2761 1084 2834 D.Hieronymus
1098 2762 1183 2833 (In
1194 2761 1389 2819 Matth.
1406 2764 1616 2834 xvrii):
1637 2762 1741 2828 Qui
1749 2776 1891 2819 scan-

286 2835 579 2897 dalizatur,
593 2834 852 2904 parvulus
866 2831 963 2901 est;
979 2831 1210 2903 majbres
1222 2834 1365 2888 enim
1374 2831 1631 2887 scandala
1644 2848 1749 2887 non
1761 2835 1893 2904 reci-

282 2908 465 2987 piunt.
496 2902 610 2960 Veli
634 2913 716 2960 est
742 2902 1176 2987 Pharisaeorum,
1201 2905 1295 2987 qui
1331 2919 1395 2960 ex
1429 2903 1646 2985 propria
1678 2902 1890 2987 malitia

288 2975 343 3032 in
365 2976 613 3048 pejorem
656 2983 873 3048 partem
893 2976 1321 3048 interpretantur
1352 2975 1571 3048 _quaz_in
1598 2975 1891 3048 meliorem

287 3044 447 3104 erant
479 3044 903 3117 interpretanda.
928 3044 1078 3103 Talia
1125 3061 1238 3102 non
1273 3044 1476 3102 cadunt
1504 3046 1706 3117 in_vere
1760 3046 1893 3101 reli-

287 3119 480 3189 giosos
508 3125 565 3172 et
592 3113 895 3189 perfectos;
924 3126 980 3172 at
992 3118 1172 3174 multo
1201 3117 1385 3189 minus
1412 3113 1669 3189 scandala
1690 3116 1892 3189 activa,

292 3185 495 3257 quibus
521 3185 805 3258 proximus
839 3187 894 3241 in
924 3195 1208 3258 peccatum
1245 3185 1539 3250 inducitur,
1575 3187 1657 3240 vel
1686 3186 1743 3240 in
1773 3201 1897 3258 pec-

298 3256 427 3313 cato
449 3256 833 3312 confirmatur.
866 3256 944 3323 (Si
974 3260 1159 3313 Thom.
1179 3262 1298 3324 2-2,
1329 3272 1384 3325 q.
1418 3261 1509 3323 43,
1535 3272 1589 3309 a.
1615 3260 1646 3309 5
1663 3260 1712 3311 et
1740 3256 1820 3324 ϐξ)

367 3331 392 3361 ο
424 3328 755 3399 Pessimum,
792 3327 1029 3399 tristitiae
1078 3342 1254 3399 genus
1295 3343 1405 3399 quo
1427 3326 1559 3399 quis
1588 3327 1666 3399 vel
1704 3325 1775 3399 ad
1803 3326 1897 3383 de-

209 3450 217 3459 .
288 3399 676 3484 sperationem
690 3397 945 3471 adigitur,
977 3408 1036 3456 ut
1066 3396 1543 3484 (ζώω-θίξιιάὼῇ
1568 3398 1648 3484 vel
1680 3396 1747 3454 ad
1772 3414 1894 3482 gra-

288 3468 443 3527 viora
492 3477 714 3541 peccata
744 3468 985 3540 praeceps
1026 3470 1160 3540 ruit,
1190 3478 1251 3526 ut
1288 3469 1365 3525 illi
1403 3468 1547 3541 apud
1594 3468 1895 3527 Jeremiam

289 3542 535 3599 dicentes
586 3562 599 3597 :
642 3545 1081 3612 Despera-vimus;
1117 3547 1244 3614 post
1286 3544 1624 3612 cogitationes
1679 3547 1896 3599 nostras

290 3615 514 3676 ibimus,
537 3617 588 3668 et
616 3616 984 3685 unusquisque
1004 3617 1335 3686 pravitatem
1349 3614 1523 3686 cordis
1545 3617 1634 3669 sui
1652 3615 1791 3669 mali
1805 3614 1903 3682 fa-‘

292 3687 489 3758 ciemus
510 3689 529 3750 (
552 3688 739 3739 Jerem.
770 3700 929 3758 xvm
954 3684 1091 3753 );'et
1118 3685 1223 3753 illi,
1252 3684 1321 3742 de
1356 3684 1552 3755 quibus
1592 3686 1894 3758 Apostolus

295 3756 496 3827 Ephes.
544 3771 610 3811 ιν
640 3772 654 3809 :
690 3758 796 3823 Qui
821 3757 1186 3826 desperantes,
1210 3759 1515 3825 semetipsos
1545 3756 1896 3811 tradiderunt

292 3828 672 3899 impudicitia,
723 3829 784 3881 in
831 3831 1193 3899 operationem
1228 3827 1586 3899 immunditiis
1615 3830 1825 3899 omnis,_
1838 3829 1896 3882 in

293 3901 607 3953 avaritiam.

292 3968 365 4026 ad
400 3963 758 4026 Colossenses
800 3966 995 4020 iisdem
1022 3980 1164 4036 pene
1212 3963 1748 4036 verbis,_quibu's‘ad
1777 3969 1895 4019 Ro-

290 4044 495 4094 manos
522 4039 557 4104 E:
608 4041 821 4098 Patres,
854 4033 1133 4089 nolite—ad
1162 4033 1593 4100 indignationem
1621 4049 1904 4103 provocare

289 4112 439 4179 ﬁlios
454 4112 692 4169 vestros,
718 4110 781 4179 ut
808 4121 921 4179 non
942 4106 1143 4179 pusillo
1165 4106 1345 4159 animo
1364 4107 1538 4179 ﬁant(
1561 4105 1727 4179 Colos.
1758 4120 1832 4160 ιιι
1856 4108 1899 4175 ),

293 4173 506 4245 idest,
553 4192 626 4231 ne
670 4176 856 4247 animo
889 4173 1247 4247 déjiciantur,
1278 4173 1633 4247 ne'animum
1671 4173 1905 4247 despon-

290 4249 488 4312 deant,
522 4257 579 4302 et
596 4247 801 4303 doloris
830 4245 1165 4312 impatientia
1197 4246 1271 4303 ob
1295 4245 1524 4302 nimiam
1554 4245 1902 4303 severitatem

292 4319 599 4378 deteriores
620 4316 868 4375 evadant.
902 4316 974 4373 Et
1002 4319 1052 4373 ΙΙ
1073 4318 1197 4375 Cor.
1229 4332 1280 4374 ιι
1304 4325 1498 4374 monet
1520 4326 1581 4374 ut
1615 4318 1901 4375 Corinthio

295 4389 777 4462 excommunicato
814 4397 867 4447 et
902 4388 1114 4462 publice
1149 4388 1438 4462 objurgato
1470 4389 1677 4461 aliquid
1715 4389 1899 4446 solatii

297 4461 672 4535 impendatur,
722 4463 799 4519 Ne
831 4460 988 4535 forte,
1017 4460 1229 4535 inquit,
1255 4460 1898 4535 abundantioritristitia

297 4532 655 4590 absorbeatur
669 4535 770 4605 qui
786 4532 1208 4605 hujusmodiest,
1221 4535 1409 4605 Quam
1435 4533 1683 4605 Apostoli
1705 4532 1899 4590 doctri-

635 3900 829 3967 Quami
848 3895 920 3952 ob
948 3912 1173 3951 causam
1206 3895 1396 3967 scribit
1424 3895 1572 3967 idem
1599 3896 1897 3967 Apostolus
1927 3923 1933 3926 -

1988 1974 2113 2055 nus.
2144 1983 2322 2055 Porro
2339 1980 2593 2055 tristitia,
2624 1980 2703 2055 ait
2721 1984 2790 2037 D.
2824 1979 3065 2055 Thomas
3091 1986 3306 2053 (l-2,q.
3331 1989 3493 2049 37,a.
3518 1988 3594 2055 2),

1989 2053 2263 2107 absorbere
2303 2052 2561 2106 hominem
2601 2052 2818 2115 dicitur,
2861 2053 3079 2121 quando
3124 2055 3201 2107 sic
3237 2052 3473 2109 tetaliter
3514 2052 3593 2111 vis

1988 2125 2355 2195 contristantis
2366 2124 2514 2195 mali
2529 2123 2707 2191 afﬁcit
2725 2125 2985 2185 animum,
3012 2128 3074 2177 ut
3085 2140 3290 2179 omnem
3308 2140 3455 2195 spem
3477 2142 3595 2181 eva-

1992 2196 2161 2248 sionis
2186 2194 2460 2256 excludat,
2492 2198 2544 2249 et
2569 2196 2647 2248 sic
2672 2196 2836 2248 etiam
2864 2194 3042 2249 eodem
3066 2196 3219 2250 modo
3249 2194 3519 2265 aggravat
3545 2202 3596 2252 et

1987 2265 2268 2331 absorbet,-
2288 2266 2536 2334 quaedam
2580 2267 2721 2319 enim
2743 2282 2797 2320 se
2824 2270 3235 2335 consequuntur,
3262 2267 3393 2321 dum
3422 2272 3593 2323 meta-

1978 2337 2201 2406 phorice
2233 2336 2487 2391 dicuntur
2517 2352 2639 2406 qua
2656 2337 2765 2391 sibi
2786 2352 3091 2406 repugnare
3117 2338 3390 2402 videntur,
3422 2341 3475 2394 si
3508 2354 3594 2394 se-

1997 2408 2231 2462 cundum
2270 2410 2662 2477 proprietatem
2695 2410 3054 2477 accipiantur.
3084 2410 3218 2464 Haec
3252 2410 3308 2464 S.
3352 2409 3596 2466 Thomas

1994 2477 2198 2550 docens
2225 2478 2445 2550 nullam
2476 2493 2592 2534 esse
2624 2479 3069 2550 repugnantiam,
3117 2494 3245 2534 cum
3273 2480 3474 2537 dicitur
3502 2481 3595 2536 tri-

1995 2548 2143 2604 stitia
2191 2547 2487 2622 absorbere
2539 2556 2593 2602 et
2635 2547 2923 2620 aggravare
2979 2549 3221 2622 animum
3239 2590 3271 2622 ,μ
3297 2553 3423 2622 quia
3480 2550 3598 2608 haec

1996 2617 2377 2688 metaphorice
2418 2617 2696 2686 dicuntur,
2728 2633 2838 2672 non
2868 2619 3110 2689 proprie.
3146 2617 3331 2675 Unde—
3349 2630 3403 2676 et
3432 2624 3600 2677 Joan-

2001 2704 2111 2762 nes;
2143 2692 2520 2762 Damascenus
2556 2692 2675 2754 (De
2710 2689 2840 2743 Fide
2879 2690 3092 2744 orthod.
3132 2690 3225 2744 lib.
3258 2705 3305 2762 ιι
3336 2696 3599 2762 ςαμμ)

2000 2760 2313 2831 molestiam
2361 2767 2527 2831 vocat
2552 2767 2975 2831 paggravantem,
3011 2768 3072 2815 ut
3100 2760 3369 2831 superius
3393 2760 3602 2818 _visum

2002 2839 2107 2887 est.
2140 2830 2247 2887 Sed
2273 2837 2327 2886 et
2363 2829 2656 2904 Psalmista'
2679 2830 2796 2886 haec
2827 2839 2951 2901 apte
2987 2829 3301 2903 conjungit,
3332 2832 3464 2888 dum
3496 2833 3602 2904 pri-

2000 2917 2159 2958 mum
2184 2910 2305 2973 orat
2321 2921 2336 2973 ς
2359 2905 2476 2958 Non
2495 2918 2577 2956 me
2594 2903 2866 2971 deme-rgat
2889 2907 3173 2973 tempestas
3191 2919 3348 2973 aqua:
3376 2903 3599 2972 (Psa’lm.

2000 2973 2238 3048 vam),
2279 2971 2335 3029 id
2355 2980 2457 3041 est,
2478 2973 2905 3048 _molestiarum,_
2920 2982 2973 3029 et
2988 2971 3369 3048 azrumna'rum
3389 2971 3605 3048 magni-

2000 3044 2136 3101 tudo
2165 3058 2277 3119 non
2319 3059 2409 3119 me
2443 3043 2639 3119 obruat
2667 3052 2721 3119 et
2751 3043 3059 3119 opprimat,
3095 3044 3241 3116 quod
3285 3053 3368 3101 est
3407 3043 3600 3119 aggra-

2000 3131 2148 3171 vare.
2175 3115 2387 3172 Deinde
2408 3114 2593 3171 subdit
2611 3136 2624 3171 :
2649 3114 2830 3185 Neque
2846 3114 3129 3171 absorbeat
3144 3132 3227 3170 me
3238 3114 3598 3187 profundum.

2003 3188 2081 3241 Ac
2104 3194 2412 3259 postremo:
2439 3188 2617 3256 Neque
2632 3191 2826 3256 urgeat
2839 3203 2999 3257 super
3017 3203 3100 3242 me
3119 3193 3315 3258 puteus
3339 3205 3394 3244 os
3413 3206 3570 3245 suum
3582 3231 3600 3259 ,

2005 3255 2153 3331 quod
2189 3265 2273 3313 est
2302 3255 2616 3331 extremum
2627 3255 2936 3331 malorum.
2976 3260 3088 3331 Qui
3119 3255 3261 3313 enim
3298 3262 3355 3315 in
3378 3255 3604 3331 puteum

2008 3327 2228 3403 cadunt,
2270 3327 2343 3382 ait
2372 3330 2442 3382 D.
2475 3327 2706 3403 Basilius
2735 3331 2816 3393 (In
2842 3330 3097 3403 scholiis),
3127 3327 3398 3399 quamdiu
3414 3346 3469 3387 os
3494 3348 3601 3403 pu-

2006 3401 2084 3474 tei
2102 3403 2347 3474 apertum
2371 3403 2482 3474 e_st,_
2492 3399 2756 3474 modicum
2783 3401 2915 3469 quid
2940 3404 3058 3474 spei
3076 3401 3290 3465 habent,
3308 3404 3452 3472 quod
3472 3399 3603 3474 pos-

2004 3473 2117 3527 sint
2154 3486 2181 3525 e
2192 3471 2434 3540 periculo
2464 3471 2709 3537 liberari;
2734 3486 2915 3526 verum
2944 3473 3045 3526 ubi
3078 3477 3128 3527 et
3155 3474 3248 3528 hoc
3283 3471 3599 3539 occluditur,

2006 3543 2074 3598 de
2088 3543 2272 3613 salute
2288 3544 2509 3613 omnino
2521 3542 2857 3613 desperatur.

2077 3600 2105 3645 δ
2146 3612 2454 3688 Pleniorem
2503 3600 3066 3688 intellectumireddit
3102 3614 3307 3688 integra
3357 3617 3606 3688 Apostoli

2004 3684 2294 3750 sententia,
2325 3699 2447 3757 quae
2485 3684 2567 3757 sic
2596 3684 2763 3739 habet
2802 3685 2871 3755 (Il
2900 3685 3017 3740 Cor.
3065 3692 3186 3752 vn)
3218 3684 3387 3741 {Etsi
3411 3684 3609 3742 contri-

2004 3759 2149 3811 stavi
2172 3772 2261 3811 vos
2284 3756 2609 3826 in'epistola,
2641 3771 2747 3809 non
2774 3771 2856 3809 me
2880 3757 3132 3826 panitet;
3164 3762 3214 3810 et
3237 3759 3285 3809 si
3304 3760 3607 3824 paeniteret,

2003 3828 2191 3882 videns
2218 3827 2364 3896 quod
2389 3826 2615 3896 cpistola
2635 3827 2733 3879 illa
2756 3828 2879 3890 (etsi
2899 3826 2973 3879 ad
3002 3826 3213 3890 horam)
3239 3840 3327 3878 vos
3341 3828 3611 3880 contrista-

2005 3900 2121 3962 eit;
2146 3913 2287 3951 nunc
2303 3897 2530 3966 gaudeo,
2560 3912 2667 3950 non
2695 3898 2828 3964 quia
2857 3897 3165 3950 contristati
3186 3896 3332 3955 estis,
3362 3896 3454 3949 sed
3482 3898 3613 3964 quia

2008 3970 2320 4027 contristati
2342 3967 2417 4020 ad
2439 3968 2835 4036 pmnitentiam.
2872 3966 3189 4022 Contristati
3211 3966 3352 4018 enim
3387 3968 3510 4020 estis
3533 3982 3613 4021 se-

2010 4037 2243 4090 cundum
2272 4041 2455 4097 Deum,
2486 4041 2549 4089 ut
2571 4038 2629 4088 in
2653 4037 2803 4089 nullo
2841 4037 3222 4089 detrimentum
3238 4036 3535 4104 patiamini
3547 4052 3613 4092 ea:

2011 4106 2182 4160 nobis.
2213 4107 2510 4173 Quee,enim
2535 4105 2825 4176 secundum
2850 4109 3019 4160 Deum
3045 4106 3277 4159 tristitia
3311 4110 3407 4168 est,
3432 4110 3614 4176 parm“-

1986 4178 2235 4257 —te1_itiam
2272 4178 2331 4229 in
2358 4177 2587 4257 salutem
2619 4174 3185 4257 stabilemnoperatur;
3220 4177 3408 4257 saeuit
3432 4174 3613 4234 autem

2013 4248 2243 4327 tristitia
2270 4250 2489 4301 mortem
2517 4249 2797 4327 operatur.
2820 4244 2931 4327 tibi
2986 4261 3081 4327 per
3122 4246 3432 4327 antithesin
3453 4258 3507 4327 et_
3535 4266 3610 4327 ex

2011 4318 2284 4392 diametro
2326 4316 2625 4392 opponitur
2662 4315 3094 4392 et_distinguitur
3119 4318 3318 4392 duplex
3362 4321 3608 4392 tristitia;

2010 4391 2180 4447 altera
2217 4387 2596 4457 bonafaltera
2627 4387 2799 4458 mala;
2843 4387 3009 4446 altera
3058 4387 3359 4448 secundum
3400 4387 3608 4460 Deum,

2009 4462 2179 4519 altera
2209 4460 2370 4535 huius
2403 4461 2631 4530 saeculi;
2663 4460 2746 4517 illa
2778 4469 3000 4535 aeternae
3028 4461 3240 4533 salutis,
3271 4462 3388 4521 haec
3415 4466 3612 4522 mortis

2008 4532 2312 4606 operatrix’.
2345 4535 2505 4606 Hanc
2544 4535 2616 4590 D.
2636 4533 2977 4606 hBernardus
3004 4532 3273 4606 (SermJ
3295 4542 3308 4590 I
3326 4575 3341 4600 ,
3367 4536 3432 4591 de
3456 4537 3611 4592 modo

298 4619 430 4661 nam
459 4602 689 4660 secutus
719 4602 903 4660 itidem
927 4606 999 4659 D.
1029 4602 1358 4661 Benedictus
1399 4602 1551 4673 (Cap.
1586 4611 1615 4659 7
1655 4606 1895 4674 Regula)
2005 4602 2244 4672 vivendi)
2263 4604 2602 4672 smcnlarem,
2632 4603 2777 4659 illam
2790 4612 2983 4660 vocats
3025 4605 3281 4661 iritalem.
3305 4607 3387 4659 De
3406 4607 3609 4661 utrius-

301 4675 555 4729 eamdem
589 4675 647 4729 in
683 4674 877 4729 abbate
904 4673 1326 4729 sollicitudinem
1369 4674 1600 4729 reauirit
1640 4675 1779 4729 circa
1808 4691 1898 4729 ex-
1923 4655 1977 4719 Ῑ)
2008 4692 2113 4729 aue
2134 4691 2261 4729 vero
2287 4676 2495 4729 ratione
2532 4683 2588 4729 et
2610 4675 2817 4729 orieine
2849 4675 2967 4729 haic
2990 4622 3155 4729 habet
3181 4678 3251 4728 D.
3284 4673 3522 4727 Thomas
3556 4674 3609 4729 in

301 4655 1353 4749 zamia};assaiigaliiaaaaia‘
1369 4655 1604 4749 regigni
1640 4655 1898 4731 aiat}:
1923 4655 1977 4719 D
2008 4655 2967 4749 ait'iat'aiiaai'aisaa‘atis};

298 4746 741 4804 communicatos
765 4753 820 4801 et
844 4746 1243 4816 delinquentes,
1262 4748 1326 4799 ut
1343 4745 1627 4800 submittat
1647 4749 1898 4815 seniores,

302 4822 403 4889 qui
425 4820 590 4890 quasi
608 4822 802 4890 secreto
814 4818 1145 4874 consolentur
1164 4818 1395 4884 fratrem
1412 4816 1806 4890 delinquentem
1831 4817 1902 4889 (id

302 4887 408 4957 est,
427 4887 522 4962 Qui
550 4888 827 4961 deliquit),
850 4893 901 4944 et
921 4893 1205 4960 provocent
1227 4903 1348 4943 eum
1368 4887 1447 4962 ad
1464 4888 1791 4962 humilitatis
1809 4887 1903 4962 sa-

302 4956 697 5030 tisfactionem,
714 4964 764 5015 et
781 4956 1108 5016 consolentur
1131 4975 1269 5021 eum,
1297 4974 1362 5013 ne
1389 4956 1778 5030 abundantiori
1801 4961 1907 5013 tri-

303 5029 461 5088 stitia
490 5033 873 5098 absorbeatur;
890 5031 1002 5095 sed,
1033 5032 1172 5085 sicut
1183 5032 1263 5084 ait
1282 5029 1570 5098 Apostolus
1596 5030 1666 5094 (II
1693 5029 1811 5085 Cor.
1830 5034 1906 5099 ιι)

303 5107 649 5175 conﬁrmetur
677 5106 735 5158 in
772 5120 829 5158 eo
858 5104 1116 5164 Charitas,
1143 5105 1202 5175 et_
1221 5105 1404 5175 oretur
1421 5114 1524 5175 pro
1562 5115 1619 5175 eo
1647 5100 1714 5153 ab
1734 5102 1907 5175 muni-

478 5177 607 5256 Huc
637 5175 798 5256 etiam
827 5180 1036 5256 spectat
1050 5171 1205 5256 quod
1224 5170 1532 5256 seribit_9.
1575 5172 1910 5256 Augustinus

306 5243 401 5302 lib.
441 5262 537 5303 xn
565 5246 633 5302 de
663 5242 869 5302 Genesi
886 5244 952 5299 ad
982 5242 1218 5299 litteram
1236 5242 1384 5314 (Cap.
1417 5242 1505 5312 33)
1536 5258 1551 5297 :
1577 5242 1725 5298 Illud
1741 5244 1910 5314 etiam

308 5318 629 5387 quodJacob
643 5317 779 5373 dicit
796 5316 870 5370 ad
885 5317 1023 5386 ﬁlios
1046 5329 1167 5370 suos
1186 5318 1203 5382 (
1224 5313 1355 5373 Gen.
1389 5315 1573 5381 XLIV)
1605 5333 1616 5366 :
1628 5313 1912 5387 Deducetis

306 5385 631 5445 senectutem
649 5404 820 5443 meam
842 5385 958 5442 cum
983 5388 1210 5442 tristitia
1233 5387 1309 5442 ad
1330 5388 1555 5454 inferos,
1576 5385 1792 5440 videtur
1821 5386 1915 5440 hoc

311 5464 488 5529 magis
515 5462 776 5523 timuisse,
802 5466 867 5514 ne
886 5460 1055 5514 nimia
1066 5460 1291 5514 tristitia
1303 5459 1380 5513 sic
1388 5458 1824 5529 perturbaretur,
1850 5461 1915 5511 ut

312 5543 421 5585 non
436 5533 512 5587 ad
536 5533 777 5603 requiem
807 5531 1077 5586 beatorum
1097 5532 1216 5603 iret,
1243 5529 1337 5585 sed
1355 5530 1428 5585 ad
1448 5530 1651 5598 inferos
1677 5531 1915 5603 peccato-

314 5614 461 5657 rum.
489 5601 831 5675 Nequeenim
862 5618 1093 5675 paruum
1115 5602 1308 5656 animo:
1330 5603 1534 5675 malum
1555 5604 1634 5656 est
1657 5601 1912 5675 tristitia,

313 5686 433 5727 cum
454 5674 624 5730 etiam
652 5674 938 5743 Apostolus
961 5674 1174 5729 cuidam
1191 5676 1303 5727 tam
1322 5674 1546 5728 sollicite
1563 5674 1826 5735 timuerit,
1846 5686 1916 5743 ne

310 5745 520 5816 majore
544 5742 775 5802 tristitia
800 5745 1170 5802 absorberetur
1199 5744 1271 5817 (ll
1298 5744 1418 5803 Cor.
1448 5748 1514 5812 ι).
1544 5744 1639 5801 Sic
1664 5742 1917 5817 Augusti-

3029 4676 3155 4730 abet
3181 4678 3251 4728 D.
3284 4673 3522 4727 Thomas
3556 4674 3612 4729 in

2008 4740 2405 4804 commentario
2457 4765 2471 4800 :
2517 4740 2823 4807 Sciendum,
2868 4745 3063 4813 inquit,
3110 4742 3255 4811 quod
3304 4743 3537 4796 tristitia
3563 4748 3614 4799 et

2009 4819 2292 4888 gaudium,
2317 4821 2368 4870 et
2393 4817 2734 4888 communiter
2752 4815 2922 4888 omnis
2937 4814 3183 4888 affectio,
3199 4826 3267 4864 ex
3287 4825 3467 4888 amo_re
3489 4828 3616 4868 cau-

2009 4883 2185 4944 satur.
2219 4889 2486 4942 Tristatur
2514 4886 2655 4938 enim
2681 4886 2825 4952 quis,
2855 4883 2986 4951 quia
3008 4886 3151 4937 caret
3177 4898 3234 4937 eo
3271 4883 3417 4953 quod
3441 4889 3607 4942 amat.

2015 4958 2205 5027 Qualis
2233 4960 2411 5010 autem
2447 4957 2524 5009 est
2553 4968 2722 5027 amtor,
2748 4952 2894 5027 _talis
2928 4955 3005 5007 est
3051 4952 3291 5010 tristitia
3326 4971 3395 5010 ex
3436 4972 3616 5014 amore

2015 5023 2260 5084 causata.
2295 5028 2402 5098 Est
2420 5028 2600 5079 autem
2629 5023 2825 5095 duplea
2857 5038 3028 5098 amor,
3055 5042 3192 5082 unus
3228 5043 3331 5096 quo
3360 5028 3615 5098 diligitur

2017 5103 2180 5160 Deus,
2212 5100 2267 5151 et
2288 5111 2355 5150 ea:
2385 5097 2476 5150 hoc
2505 5099 2755 5151 causatur
2788 5097 3039 5165 tristitia,
3078 5114 3197 5168 qua:
3220 5103 3296 5153 est
3325 5097 3615 5156 secundum

2019 5173 2206 5226 Deum.
2239 5168 2400 5224 Alius
2437 5182 2592 5222 amor
2619 5182 2723 5237 quo
2754 5171 2970 5222 amatur
3005 5171 3287 5232 saxulum,
3330 5174 3381 5225 et
3424 5186 3493 5227 ea:
3521 5173 3616 5228 hoc

2020 5238 2275 5298 causatur
2304 5240 2533 5313 tristitia
2562 5238 2724 5313 hujus
2753 5239 2953 5294 seaculi.
2993 5242 3163 5297 Amor
3188 5257 3292 5313 quo
3328 5242 3607 5313 diligimus

2022 5318 2207 5376 Deum,
2239 5313 2375 5380 facit
2399 5326 2493 5366 nos
2513 5310 2737 5365 libenter
2760 5313 2957 5384 servire
2980 5315 3111 5377 Deo,
3136 5310 3357 5369 sollicite
3382 5310 3619 5384 quaerere

2023 5387 2269 5441 honorem
2297 5385 2412 5452 Dei,
2440 5386 2491 5437 et
2510 5398 2702 5438 vacare
2725 5385 2830 5455 Deo
2858 5381 3087 5439 dulciter
3110 5404 3126 5451 ;
3151 5390 3203 5440 et
3225 5388 3357 5454 quia
3372 5381 3472 5455 per
3488 5398 3615 5451 pec-

2023 5461 2204 5513 catum
2228 5455 2554 5527 impedimur
2579 5453 2845 5527 aservitio
2865 5456 2980 5518 Dei,
2999 5455 3116 5511 ideo
3139 5453 3290 5511 amor
3308 5453 3409 5511 Dei
3432 5456 3621 5527 causat

2026 5521 2318 5603 tristitiam“
2345 5527 2438 5603 de_
2451 5534 2685 5603 peccato,
2722 5528 2773 5579 et
2796 5525 2906 5603 ligio
2922 5530 3043 5603 ,θείῳ
3055 5528 3307 5603 tristitia
3330 5521 3619 5603 secundum

2027 5604 2212 5657 Deum.
2245 5600 2380 5654 Haec
2405 5592 2472 5654 Sf
2498 5598 2768 5654 Thomas.
2802 5597 2969 5668 (Vide
3006 5600 3062 5655 S.
3090 5598 3324 5665 August.
3355 5594 3421 5648 de
3457 5592 3614 5647 Civil.

2028 5672 2126 5732 Dei
2154 5670 2250 5725 lib.
2278 5682 2408 5738 xxv,
2437 5686 2481 5725 c.
2514 5675 2591 5740 7.)
2883 5738 2889 5740 Α
3081 5735 3105 5740 Α
3370 5731 3383 5740 ,
3463 5718 3593 5740 ML,

2096 5720 2123 5777 δ
2148 5720 2843 5814 έῐξιίιῇέέιίξᾶθίετέακίνητον,
2876 5738 3048 5805 idest,
3076 5735 3264 5802 lixam,
3290 5740 3343 5789 et
3367 5720 3621 5786 immobi—
