4012 6192
507 341 610 396 367

1851 326 2134 384 JOANNIS
2172 325 2478 383 CASSIANI

3719 321 3820 376 368

503 461 655 520 omni
700 477 759 518 se
803 459 951 518 dolet
986 457 1215 531 spiritali
1255 462 1470 528 quaestu
1498 452 1745 517 inanem,
1786 450 1842 507 in
1873 451 2105 524 locoque
2131 454 2184 517 Α
2214 465 2320 523 que
2350 448 2720 517 infirmorum,
2752 446 2832 503 vel
2863 443 3107 513 eminus,
3136 443 3217 499 vel
3247 441 3458 516 longius
3486 441 3817 514 positorum.

503 571 737 614 vacuum
791 553 1118 615 consistere,
1162 557 1351 622 utpote
1397 547 1489 620 qui
1537 561 1665 603 cum
1705 553 1892 617 posset
1940 544 2107 601 etiam

501 648 639 705 alios
664 662 851 719 regere
891 662 955 701 ac
1002 643 1259 716 prodesse
1299 640 1564 713 plurimis,
1610 638 1822 695 nullum
1865 636 2102 694 aedifica-

502 741 667 807 verit,
711 755 812 795 nec
851 753 1182 810 quemquam
1221 735 1561 792 institutione
1609 750 1706 790 sua
1743 731 2101 804 doctrinaque

500 833 738 889 lucratus
784 831 878 886 sit.
934 829 1195 886 Absentia
1243 828 1508 902 longeque
1574 826 1746 899 posita
1792 825 2105 898 magniﬁcat

501 924 855 995 monasteria,
886 925 1000 979 loca
1030 924 1196 979 etiam
1222 923 1311 979 illa
1334 922 1526 993 ;magis
1563 921 1633 979 ad
1665 919 2105 993 profectumxuti-

496 1017 570 1073 lia
597 1026 651 1074 et
672 1017 835 1074 saluti
861 1017 1280 1089 congruentiora
1308 1014 1599 1083 describit;
1645 1014 1920 1070 consortia
1955 1029 2103 1084 quo-

499 1126 606 1182 que
634 1111 839 1167 ibidem
877 1109 1114 1165 fratrum
1154 1108 1339 1165 suavia
1368 1117 1422 1164 et
1468 1108 1627 1179 plena
1664 1107 1925 1178 spirituali
1967 1122 2099 1163 con-

498 1204 804 1260 versatione
827 1202 1091 1274 depingit;
1138 1210 1361 1257 econtra
1391 1200 1638 1257 universa
1664 1215 1786 1271 quae
1830 1199 2104 1255 habentur

497 1296 553 1352 in
600 1296 851 1353 manibus
892 1312 1111 1368 aspera,
1174 1303 1229 1352 et
1279 1311 1393 1351 non
1445 1295 1627 1351 solum
1685 1292 2101 1350 aediﬁcationem

496 1390 705 1447 nullam
742 1405 858 1445 esse
890 1390 945 1445 in
975 1389 1234 1445 fratribus
1270 1388 1362 1461 qui
1404 1396 1692 1445 morantur
1718 1387 1776 1443 in
1808 1388 1960 1456 loco,
2006 1386 2102 1443 sed

493 1494 565 1535 ne
607 1480 789 1550 ipsum
835 1477 1056 1549 quidem
1097 1477 1296 1533 victum
1347 1477 1592 1550 corporis
1646 1476 1850 1547 absque
1896 1475 2100 1548 ingenti

496 1571 683 1629 labore
728 1572 997 1642 conquiri.
1049 1574 1337 1627 Postremo
1393 1585 1507 1626 non
1554 1584 1713 1641 posse
1764 1584 1823 1624 se
1873 1569 2100 1625 salutari

501 1672 657 1737 putat
686 1665 742 1720 in
793 1680 858 1720 eo
902 1664 1019 1719 loco
1058 1664 1379 1729 durantem,
1421 1662 1526 1718 nisi
1566 1662 1750 1719 relicta
1791 1662 1945 1731 cella,
1973 1678 2102 1719 cum

495 1774 607 1833 qua
638 1759 774 1828 sibi,
803 1759 849 1815 si
880 1758 1055 1815 adhuc
1090 1758 1147 1813 in
1183 1774 1246 1814 ea
1286 1754 1451 1813 fuerit
1485 1765 1825 1826 remoratus,
1873 1772 2102 1829 pereun-

2215 543 2481 613 Quaedam
2498 542 2659 599 etiam
2683 541 2770 614 pia
2798 556 2861 601 ac
2884 538 3141 613 religiosa
3160 536 3330 594 dictat
3355 534 3561 605 ofﬁcia,
3586 536 3713 593 illos
3739 536 3819 594 vel

2212 637 2333 694 illas
2373 636 2569 694 debere
2611 643 2863 708 parentes
2900 631 3137 706 inquiri,
3175 639 3232 686 et
3272 629 3341 686 ad
3379 628 3703 686 salutandos
3728 645 3819 688 eos

2212 730 2455 787 crebrius
2499 729 2810 801 properari;
2872 727 3026 783 illam
3084 724 3394 797 religiosam
3456 722 3817 797 devotamque

2209 827 2330 881 Deo
2366 822 2648 890 feminam,
2686 821 2838 878 omni
2891 818 3193 893 praesertim
3241 825 3529 891 parentum
3566 818 3817 889 praesidio

2209 916 2551 982 destitutam,
2590 930 2852 988 magnum
2897 928 3038 984 opus
3075 926 3193 968 esse
3244 909 3457 982 pietatis
3485 908 3818 981 frequentius

2210 1009 2477 1078 invisere,
2523 1024 2588 1064 ac
2624 1008 2670 1064 si
2716 1007 2846 1080 quid
2873 1006 2922 1062 ei
2959 1005 3031 1062 sit
3068 1003 3453 1071 necessarium,
3481 1018 3606 1075 quae
3634 1018 3665 1059 a
3695 1020 3821 1075 pro-

2213 1103 2340 1176 priis
2365 1103 2685 1174 parentibus
2726 1100 3019 1173 negligitur
3045 1107 3211 1169 atque
3248 1096 3557 1169 despicitur,
3590 1097 3818 1153 sanctis-

2211 1196 2418 1252 simum
2446 1195 2765 1267 procurari,
2797 1192 3075 1266 magisque
3116 1198 3372 1262 oportere
3401 1189 3456 1245 in
3485 1187 3568 1245 bis
3597 1204 3821 1260 operam

2212 1290 2428 1364 pietatis
2454 1288 2718 1361 impendi,
2752 1302 2916 1359 quam
2945 1284 3286 1342 infructuose
3314 1298 3379 1339 ac
3410 1282 3526 1339 sine
3558 1283 3669 1340 ullo
3697 1298 3821 1356 pro-

2214 1382 2361 1442 fectu
2388 1384 2444 1440 in
2473 1384 2670 1441 cellula
2697 1380 2953 1469 residere.

2815 1543 3057 1601 CAPUT
3093 1543 3195 1597 Ill.

2357 1699 2560 1766 Quibus
2584 1696 2860 1767 generibus
2888 1694 3207 1749 monachum
3228 1695 3439 1761 superet
3464 1691 3679 1747 acedia.

501 1853 641 1912 dum
681 1856 818 1922 erit,
863 1853 1056 1910 exinde
1097 1853 1453 1925 εθιηειίρευω
1498 1852 1822 1924 quantocius
1866 1860 2111 1924 aspol'ta-
2139 1866 2188 1930 Β
2287 1858 2485 1931 Agitur
2532 1858 2719 1930 itaque
2766 1854 2955 1913 infelix
2999 1854 3179 1910 anima
3228 1853 3416 1909 talibus
3460 1852 3833 1910 inimicorum

494 1948 656 2005 verit.
684 1946 896 2004 Deinde
924 1946 1303 2003 lassitudinem
1332 1945 1578 2017 corporis
1607 1945 1818 2019 cibique
1842 1946 2100 2017 esuriem,

496 2045 524 2076 ³
551 2043 745 2115 quinta
787 2050 1049 2113 sextaque
1094 2040 1230 2097 hora
1272 2048 1484 2096 tantam
1532 2040 1788 2108 suscitat,
1843 2050 1905 2098 ut
1958 2042 2102 2099 velut

496 2137 664 2206 longo
696 2134 888 2190 itinere
915 2133 1340 2206 gravissimoque
1366 2134 1549 2191 labore
1572 2133 1856 2192 confectus
1879 2135 2101 2193 sibimet

497 2228 783 2300 lassusque
827 2226 1096 2296 videatur,
1138 2237 1231 2284 aut
1277 2230 1429 2300 quasi
1468 2228 1821 2285 refectionem
1871 2229 1975 2286 cibi
2018 2230 2098 2287 bi-

496 2321 680 2379 duano
707 2321 915 2394 jejunio
937 2321 1299 2394 triduanoque
1339 2321 1625 2379 distulerit.
1663 2325 1806 2379 Tum
1838 2332 2101 2397 praeterea

496 2416 605 2474 huc
637 2418 870 2490 illucque
910 2417 1100 2474 anxius
1144 2418 1594 2491 circumspectat,
1643 2426 1700 2474 et
1741 2434 1841 2475 nec
1877 2418 2102 2477 fratrem

495 2512 599 2569 sibi
646 2511 956 2585 quempiam
1005 2511 1293 2569 adventare
1320 2512 1570 2584 suSpirat,
1619 2513 1926 2585 saepiusque
1955 2528 2104 2585 egre-

464 2604 646 2663 ‘ditur
688 2615 743 2662 et
784 2605 1081 2679 ingreditur
1126 2606 1319 2663 cellam
1357 2622 1419 2661 ac
1455 2606 1631 2663 solem
1655 2605 1800 2662 velut
1839 2605 1910 2663 ad
1949 2622 2104 2663 ceca-

496 2714 622 2756 sum
651 2699 856 2756 tardius
890 2708 1276 2772 properantem
1302 2700 1556 2769 crebrius
1598 2700 1841 2756 intuetur
1873 2720 1886 2755 :
1930 2709 1984 2756 et
2030 2701 2101 2758 ita

495 2791 733 2866 quadam
759 2793 1108 2850 irrationabili
1154 2793 1354 2850 mentis
1382 2792 1736 2861 confusione,
1780 2794 1927 2849 velut
1955 2804 2104 2850 terra

496 2887 778 2959 suppletur
816 2888 1062 2960 caligine,
1121 2888 1379 2959 omnique
1406 2896 1530 2943 actu
1575 2886 1808 2957 spiritali
1854 2886 2106 2944 redditur

499 2980 708 3037 otiosus
733 2996 796 3036 ac
829 2998 1029 3037 vacuus
1049 3024 1062 3048 ,
1109 2990 1170 3037 ut
1196 2981 1343 3036 nulla
1374 2996 1433 3036 re
1457 2980 1562 3036 alia
1599 2989 1766 3037 tantm
1818 2996 2103 3062 oppugna-

499 3074 665 3129 tionis
693 3075 1018 3142 remedium,
1045 3091 1209 3146 quam
1235 3075 1539 3131 visitatione
1561 3073 1751 3131 fratris
1775 3076 2099 3149 cujuspiam,

499 3180 597 3223 seu
647 3168 828 3224 somni
879 3168 1045 3225 solius
1095 3168 1295 3225 solatio
1343 3184 1501 3241 posse
1557 3170 1794 3227 aestimet
1853 3170 2101 3227 inveniri.

2208 1950 2470 2008 machinis
2523 1949 2812 2022 impedita,
2890 1947 3065 2005 donec
3120 1947 3318 2005 acedize
3365 1946 3552 2019 spiritu
3575 1989 3591 2015 ,
3660 1940 3844 2004 velut

2207 2045 2378 2102 ariete
2409 2044 2744 2102 validissimo
2791 2041 3050 2116 fatigata,
3106 2048 3202 2097 aut
3244 2041 3298 2096 in
3349 2055 3613 2096 somnum
3649 2038 3829 2097 discat

2206 2138 2519 2204 concidere,
2557 2132 2945 2194 autbexcussa
2990 2134 3243 2191 claustris
3287 2132 3494 2189 cellulae
3537 2147 3655 2187 suae
3695 2147 3832 2188 con-

2211 2234 2534 2292 solationem
2589 2227 3012 2304 impugnationis
3059 2228 3220 2301 hujus
3273 2226 3584 2283 visitatione
3638 2225 3827 2284 fratris

2209 2336 2533 2385 consuescat
2585 2326 2900 2398 acquirere,
2944 2324 3053 2380 hoc
3086 2338 3195 2396 quo
3243 2320 3415 2377 utitur
3452 2320 3522 2378 ad
3583 2335 3829 2392 praesens

2209 2421 2487 2488 remedio,
2545 2419 2706 2492 paulo
2747 2427 2873 2491 post
2916 2417 3095 2474 acrius
3134 2413 3483 2472 inﬁrmanda.
3534 2416 3828 2485 Frequen-

2211 2517 2325 2573 tius
2376 2516 2525 2573 enim
2586 2531 2651 2570 ac
2698 2513 2887 2571 durius
2954 2510 3301 2569 adversarius
3363 2508 3653 2565 attentabit
3696 2524 3832 2566 eum

2210 2627 2375 2684 quem
2432 2617 2682 2666 conserto
2738 2607 2923 2681 praelio
2991 2605 3353 2678 praebiturum
3412 2603 3666 2660 cominus
3720 2602 3833 2659 sibi

2211 2713 2361 2777 terga
2409 2701 2708 2776 cognoscit,
2753 2701 3093 2772 salutemque
3132 2699 3235 2756 sibi
3296 2713 3398 2754 nec
3452 2698 3521 2754 de
3576 2697 3835 2767 victoria,

2211 2814 2313 2855 nec
2362 2797 2431 2854 de
2488 2797 2784 2867 conﬂictu,
2832 2795 2926 2852 sed
2982 2794 3050 2852 de
3094 2793 3223 2866 fuga
3272 2808 3491 2863 sperare
3538 2791 3839 2864 pervidet;

2212 2900 2233 2928 ο
2274 2891 2449 2948 donec
2490 2890 2753 2962 paulatim
2803 2896 3111 2961 protractus
3138 2889 3180 2959 ie
3228 2885 3385 2956 cella,
3433 2874 3460 2919 δ
3507 2895 3665 2943 actus
3709 2901 3841 2944 sum

2212 2982 2564 3056 professionis
2607 2982 2831 3055 incipiat
2884 2981 3156 3049 oblivisci;
3212 2981 3307 3053 qui
3367 2996 3480 3036 non
3525 2988 3612 3037 est
3674 2979 3849 3037 aliud

2212 3094 2382 3152 quam
2420 3077 2651 3135 intuitus
2684 3085 2739 3134 et
2771 3075 3159 3148 contemplatio
3181 3074 3377 3131 divinae
3403 3073 3541 3149 illius
3565 3081 3618 3129 et
3639 3075 3853 3131 excel-

2214 3174 2375 3231 lentis
2419 3189 2583 3246 super
2627 3171 2811 3229 omnia
2848 3170 3119 3244 puritatis,
3144 3186 3268 3243 qute
3296 3186 3404 3226 non
3443 3167 3571 3225 alibi
3611 3177 3851 3240 potest,

498 3260 710 3317 Deinde
745 3260 1000 3318 honestas
1044 3261 1191 3319 idem
1232 3261 1459 3320 morbus
1497 3277 1561 3320 ac
1605 3264 1934 3321 necessarias
1974 3280 2103 3338 sug-
2141 3270 2186 3334 C
2214 3267 2319 3325 nisi
2360 3271 2385 3300 ⁸
2413 3267 2466 3323 in
2503 3266 2716 3325 silentio
2761 3272 2816 3323 et
2840 3265 2959 3338 jugi
3001 3264 3152 3321 cella:
3182 3261 3575 3335 perseverantia
3604 3277 3671 3318 ac
3716 3278 3861 3320 me»

501 3356 641 3429 gerit
685 3355 1035 3413 salutationes
1064 3352 1326 3414 fratribus
1350 3355 1704 3427 exhibendas,
1753 3357 2108 3415 visitationes-

2219 3358 2481 3416 ditatione
2528 3357 2773 3430 conquiri
2816 3364 3019 3429 :atque
3048 3355 3118 3412 ita
3153 3355 3365 3413 militia:
3406 3370 3521 3412 suae
3569 3352 3861 3427 fugitivus

1598 3484 1856 3539 ALARDI
1893 3485 2124 3541 GAZ/El
2162 3483 2723 3541 COMMENTARIUS.

571 3595 597 3625 ³
619 3593 740 3648 Hoc
775 3601 876 3661 est,
901 3593 1038 3649 circa
1089 3594 1397 3667 meridiem.
1424 3596 1563 3653 Cum
1583 3597 1728 3653 enim
1768 3607 1976 3655 veteres
2018 3606 2101 3667 tu,

501 3661 710 3742 dictum
746 3672 863 3733 est,
887 3672 1069 3742 totum
1093 3666 1211 3742 _diei
1244 3666 1477 3739 spatium
1511 3667 1582 3723 ab
1611 3677 1736 3742 ortu
1772 3669 1902 3742 solis
1930 3661 2105 3742 usque

498 3734 569 3791 ad
599 3750 852 3811 occasum
885 3736 939 3791 in
965 3735 1257 3811 duodecim
1274 3734 1461 3811 partes
1499 3741 1736 3811 aequales
1763 3734 2065 3811 dividerent
2083 3782 2099 3808 ,

499 3821 634 3878 quas
653 3805 815 3863 horas
833 3807 1121 3875 vocabant,
1147 3805 1298 3864 sexta
1324 3808 1455 3865 hora
1474 3809 1543 3865 ab
1565 3805 1686 3866 ortu
1703 3810 1832 3865 solis
1856 3805 2103 3868 necessaé

499 3878 725 3951 rio__erat
746 3878 867 3951 ipsa
885 3878 1161 3951 meridies,
1189 3880 1396 3951 quinta,
1412 3880 1659 3951 proxima
1679 3879 1813 3951 hora
1834 3890 1962 3938 aute
1987 3898 2105 3940 me-

499 3948 714 4004 ridiem.
744 3949 904 4006 Unde
944 3948 1246 4005 etiamnum
1283 3948 1426 4006 hora
1445 3959 1597 4008 sexta
1626 3950 1681 4007 in
1718 3950 1900 4008 officio
1925 3954 2106 4011 eccle-

499 4017 739 4087 siastico,
762 4019 1060 4096 meridiana
1076 4060 1090 4088 ,
1113 4022 1194 4076 vel
1215 4021 1809 4096 meridiesappellatur.
1828 4026 1950 4080 Huc
1974 4034 2105 4096 puto

500 4099 775 4160 spectasse
812 4092 1109 4149 Climacum
1149 4107 1310 4163 supra
1333 4134 1348 4159 ,
1393 4093 1489 4149 ubi
1518 4092 1652 4151 dixit
1687 4096 1911 4160 (Gradu
1943 4092 2041 4163 f3)
2087 4114 2102 4153 :

505 4164 699 4238 Tribus
717 4163 867 4238 ‘horis
888 4165 1177 4238 horrorem,
1199 4163 1536 4238 doloremque
1559 4168 1774 4236 capitis,
1798 4168 2108 4238 febremque

503 4246 566 4284 ac
591 4234 905 4299 vertiginem
937 4237 1270 4290 anachoretis
1292 4241 1343 4291 et
1373 4234 1637 4292 solitariis
1658 4239 1766 4292 illis
1788 4234 2106 4294 subinde—ab

500 4300 699 4375 acedice
715 4304 919 4375 spiritu
937 4306 1107 4375 fuisse
1128 4312 1458 4375 generatam.
1483 4308 1783 4375 Nimirum,
1807 4308 1938 4364 dum
1959 4309 2105 4365 circa

501 4368 795 4451 meridiem
846 4368 1024 4451 inedia
1079 4368 1149 4427 et'
1179 4374 1365 4429 labore
1415 4374 1652 4445 fatigati,
1703 4368 1885 4451 adhuc
1930 4378 2107 4451 tribus

500 4437 670 4513 horis,
706 4453 906 4513 nempe
934 4441 1001 4494 ad
1030 4456 1235 4496 nonam
1266 4458 1457 4513 usque,
1498 4437 1591 4499 sou
1627 4437 1845 4503 tertiam
1869 4448 2103 4513 pomeri-

501 4464 670 4505 uuns,
706 4464 835 4493 ucm
857 4464 906 4494 re
934 4464 1001 4494 au
1031 4464 1235 4496 nouam
1266 4464 1457 4513 usque,
1498 4464 1591 4499 seu
1627 4464 1845 4503 tertiam
1905 4464 2102 4504 omen-

501 4506 752 4592 diapam',
793 4464 976 4565 cibum
1021 4519 1399 4592 exspectarent
1444 4513 1778 4592 abstinentes
1815 4464 2102 4592 _prerique,

503 4578 835 4657 inﬁrmiores
856 4596 983 4657 _non
1019 4578 1151 4637 item
1172 4623 1187 4649 ,
1226 4598 1364 4653 quos
1401 4578 1929 4657 acediausuperabat.
1974 4578 2106 4646 Inde

500 4648 812 4732 horrorem,
840 4651 1087 4711 dolorem
1128 4648 1193 4711 ac
1220 4648 1544 4729 vertiginem
1587 4648 1704 4713 illis'
1722 4656 1891 4717 fuisse
1933 4674 2101 4732 gene-

498 4731 697 4782 ratam.
1818 4755 1830 4781 υ

573 4787 600 4828 δ
621 4798 705 4852 De
739 4795 988 4854 claustris
1021 4805 1076 4853 et
1106 4795 1357 4854 clausura
1388 4796 1687 4855 monastica
1727 4799 1899 4859 babes
1931 4804 2103 4861 multa

500 4866 827 4951 scitundigna
847 4867 916 4950 ad
935 4868 1112 4925 collat.
1140 4874 1211 4951 24
1225 4885 1349 4951 _cap.
1381 4875 1414 4926 4
1444 4878 1722 4951 annotata.

573 4940 606 5017 ξ.
625 4940 905 5017 Hujus_rei
935 4940 1635 5017 memorabile’exemplum
1656 4942 1779 5000 vide
1805 4943 1950 5017 apud
1972 4944 2101 5017 Pal-

500 5005 787 5089 ladium'in
809 5011 1100 5089 Lausiacis
1121 5029 1239 5089 cap.
1263 5018 1370 5089 26._
1386 5005 1551 5070 Aliud
1574 5014 1706 5071 item
1740 5005 1887 5088 apud
1914 5015 2101 5089 Sulpi-

501 5076 935 5156 tiqu_Sever;qm
961 5081 1020 5136 in
1041 5076 1264 5156 dialogo
1293 5085 1468 5155 primo
1499 5101 1618 5156 cap.
1645 5091 1731 5141 15.

572 5135 600 5180 δ
628 5148 910 5231 Actus
933 5135 1920 5231 genitivivastisS—codeyllasileensis
1948 5159 2095 5229 (Lib.

501 5233 568 5301 Iv
595 5236 711 5302 cap.
721 5225 832 5304 ἒξ.)
864 5220 991 5303 legit
1027 5222 1084 5304 in
1115 5225 1430 5304 accusativo
1443 5228 1701 5304 _:_Actum
1743 5244 1855 5304 suae
1890 5220 2100 5299 pr‘ofes-

497 5294 686 5373 sionis.
716 5294 1007 5373 piony_sius
1042 5294 1100 5348 in
1133 5295 1371 5373 plurali:
1395 5298 1649 5373 Oblitlisci
1665 5303 1814 5373 actus
1827 5294 1939 5355 sui
1963 5294 2099 5370 pro-

499 5361 770 5432 fessionis,
799 5361 896 5432 qui
916 5379 1019 5419 non
1041 5361 1168 5420 sunt
1190 5367 1364 5431 aliud,
1397 5374 1500 5423 etc.
1533 5367 1647 5422 Ubi
1681 5369 1906 5425 observa
1934 5361 2099 5427 voca-

499 5430 694 5509 bulum
713 5430 1085 5509 professionis
1110 5436 1270 5493 etiam
1299 5430 1534 5509 antiquis
1553 5438 1807 5495 Patribus
1841 5448 1895 5496 et
1916 5457 2098 5498 mona-

438 5526 442 5537 ε
499 5501 629 5590 cbis
642 5501 930 5590 usitatum,
947 5506 1013 5589 de
1037 5523 1148 5590 quo
1176 5510 1338 5565 etiam
1351 5501 1490 5590 aliis
1511 5509 1740 5590 egimus:
1768 5516 1938 5568 Actus
1969 5529 2097 5590 vero

495 5573 850 5654 professionis
863 5573 989 5654 _dici_
1011 5573 1243 5654 videtur,
1269 5580 1364 5654 qui
1407 5573 1733 5654 professioni
1773 5586 2098 5641 monasticae

496 5647 768 5774 gongruit,
797 5648 877 5704 vel
903 5649 990 5705 cui
1021 5664 1079 5706 se
1106 5650 1162 5706 in
1190 5647 1306 5709 sua"
1315 5647 1654 5725 professione
1680 5655 1986 5713 monachus
2009 5655 2099 5713 ad-

537 5733 609 5773 m
642 5761 654 5773 .

537 5733 654 5773 ιΧΙῐ.

568 5790 608 5870 ξ·
632 5790 947 5870 I_I_triusgue__
978 5792 1248 5870 praeclara
1283 5793 1533 5870 e_x_empla
1588 5797 1903 5870 suppeditat
1949 5796 2095 5857 idem

497 5859 766 5923 Palladius
792 5859 1035 5937 pluribus
1054 5865 1111 5923 in
1146 5864 1278 5923 locis
1308 5859 1573 5939 (Lausiac.
1606 5859 1674 5926 18
1691 5859 1741 5926 et
1764 5875 1853 5927 20.
1887 5875 1940 5928 et
1957 5876 2046 5941 50)
2076 5888 2091 5926 :

2215 3599 2313 3657 sed
2362 3598 2544 3671 quoad
2580 3599 2732 3671 cellae
2771 3598 3255 3671 perseverantiam,
3282 3598 3419 3655 illud
3459 3597 3749 3671 singulare
3785 3601 3863 3658 in

2214 3670 2452 3743 Macario
2489 3670 2603 3743 illo;
2625 3670 3025 3743 Alexandrino,
3068 3670 3161 3743 qui
3186 3670 3664 3743 _cumagspiritu,
3714 3672 3865 3731 sive

2214 3740 2433 3814 accdiaa,
2457 3739 2570 3796 sive
2589 3741 2767 3797 inanis
2782 3738 3224 3814 glorianut'vult
3243 3738 3529 3814 Palladius,
3556 3739 3869 3814 frequen-

2212 3820 2296 3868 ter
2315 3820 2371 3868 et
2388 3812 2699 3938 importune
2726 3810 3039 3895 admodum.
3057 3822 3341 3895 urgeretur
3367 3810 3438 3868 ad
3460 3810 3873 3893 deserendam

2214 3899 2373 3938 suam
2402 3900 2465 3938 ce
2486 3883 2631 3938 lam.
2676 3891 2981 3938 prostratus
3024 3900 3081 3938 1n
3120 3884 3336 3938 hmine.
3382 3880 3612 3938 pedibus
3666 3895 3873 3938 extra

2214 3899 2373 3939 suam
2402 3880 2632 3953 cellam,
2676 3891 2981 3955 prostratus
3024 3883 3081 3955 in
3120 3880 3336 3951 limine,
3382 3880 3612 3953 pedibus
3638 3895 3873 3955 extra

2214 3955 2405 4011 cellam
2432 3954 2699 4026 porrectis
2733 3973 2745 4010 :
2780 3956 3017 4019 Trahite,
3041 3954 3232 4025 inquit,
3255 3956 3456 4009 trahite
3469 3971 3585 4026 me,
3613 3954 3878 4026 daemo-

2213 4042 2327 4091 nes,
2353 4030 2403 4082 si
2417 4025 2798 4097 potestissEgo
2821 4029 2960 4081 enim
2967 4026 3200 4097 pedibus
3240 4043 3346 4081 non
3379 4025 3511 4097 vado
3528 4025 3672 4092 (Lib.
3711 4042 3769 4085 ν
3806 4047 3877 4087 c.

2218 4102 2333 4165 37),
2354 4095 2463 4168 qu’o
2490 4095 2631 4153 facto
2648 4095 2932 4168 daimones
2953 4095 3135 4168 elusit,
3158 4105 3211 4153 et
3240 4096 3543 4168 tentatione
3569 4100 3887 4168 superior

2215 4165 2402 4223 evasit.
2457 4168 2629 4223 Porro
2667 4167 2742 4229 de
2780 4168 2912 4224 cella
2941 4176 2997 4225 et
3039 4167 3233 4224 cellula
3279 4168 3412 4222 alias
3457 4165 3672 4223 dictum
3728 4181 3881 4229 est-
3976 4219 3984 4225 ,

2215 4238 2350 4310 Ejus
2377 4253 2505 4293 vero
2551 4237 2736 4310 laudes
2777 4248 2833 4295 et
2866 4238 3159 4310 commoda
3190 4238 3333 4310 mire
3350 4237 3614 4310 praedicat
3641 4248 3699 4310 et
3734 4258 3890 4299 ex—

2214 4308 2357 4382 tollit
2381 4308 2801 4382 D.__Basiliusgin
2828 4309 3071 4382 _quodam
3113 4308 3410 4382 opusculo,
3435 4309 3510 4382 de
3540 4309 3899 4373 Laudibus

2215 4378 2344 4435 vitae
2381 4378 2663 4447 solitariae,
2695 4380 2787 4436 ubi
2824 4378 2943 4437 haec
2971 4381 3109 4437 inter
3137 4378 3242 4437 alia
3273 4402 3286 4437 :
3339 4381 3382 4437 Ο
3419 4381 3551 4435 cella
3576 4387 3892 4450 negotia-

2216 4453 2395 4504 torum
2421 4450 2706 4505 caalestium
2748 4452 3033 4523 apotheca,
3073 4454 3131 4507 in
3162 4469 3271 4523 qua
3317 4452 3562 4506 videlicet
3598 4453 3903 4515 illam

2214 4522 2466 4576 mercium
2492 4537 2703 4576 summa
2740 4522 3067 4587 reconditur,
3109 4522 3301 4594 quibus
3337 4528 3497 4578 terra:
3527 4525 3902 4586 viventitma

2212 4595 2470 4716 gmsessio
2499 4598 2857 4664 comparatur.
2879 4596 2921 4652 Ο
2940 4596 3072 4650 cella
3098 4595 3366 4664 spiritalis
3393 4596 3646 4649 exercitii
3664 4600 3907 4656 mira,-

2264 4665 2342 4716 Ἰίε
2369 4666 2610 4716 officina.
2642 4666 2700 4716 in
2743 4682 2855 4716 qua
2896 4669 3034 4716 certe
3056 4666 3292 4716 humana
3322 4667 3510 4716 anima
3560 4665 3907 4716 Creatrnn‘s

2264 4665 2342 4719 llis
2369 4666 2610 4733 officina,
2642 4666 2700 4718 in
2743 4682 2855 4735 qua
2896 4669 3034 4721 certe
3056 4666 3292 4720 humana
3322 4667 3510 4719 anima
3560 4665 3918 4731 Creatoris

2210 4735 2502 4811 imaginem
2524 4737 2581 4811 in
2603 4750 2657 4791 se
2673 4741 2968 4811 restaurat,
2992 4736 3268 4811 et_ad_sur_e
3292 4738 3537 4811 originis
3552 4736 3710 4792 redit
3738 4758 3917 4811 pu-

2210 4808 2462 4873 ritatem;
2484 4807 2579 4861 ubi
2594 4822 2777 4861 sensus
2792 4807 2969 4861 obtusi
2988 4808 3063 4862 ad
3079 4809 3428 4863 subtilitatem
3447 4809 3539 4861 sui
3554 4807 3918 4873 acuminis

2127 4893 2180 4956 D
2211 4877 2457 4957 redeunt,
2483 4881 2646 4957 (ῃ)το
2665 4880 3084 4957 vitiatajmtura
3107 4880 3447 4957 sinceritatis
3458 4892 3662 4947 azyma
3682 4897 3937 4957 repe-

2209 4950 2371 5027 ritur.
2406 4949 2448 5005 Ο
2465 4949 2599 5027 cella
2621 4950 2911 5027 spirituale
2934 4949 3933 5027 prorsus_habz'tacttlum;_nam§1‘e

2211 5019 2277 5074 de
2296 5020 2540 5090 superbis
2562 5021 2703 5088 facis
2723 5021 2970 5083 humiles,
3000 5020 3066 5076 de
3081 5022 3281 5090 gulosis
3294 5020 3519 5083 sobrios,
3540 5020 3609 5074 de
3631 5019 3937 5088 cru—de.

2212 5090 2350 5145 libus
2373 5092 2512 5160 pios,
2543 5091 2608 5145 de
2634 5092 2908 5147 iracundis
2931 5093 3103 5155 mites,
3128 5093 3193 5147 de
3219 5093 3400 5147 otiosis
3428 5091 3619 5147 reddis
3649 5095 3729 5148 in
3782 5103 3950 5160 ἀί-

2210 5163 2340 5235 uina
2363 5162 2627 5235 charitate
2648 5164 2931 5235 ferventes.
2962 5165 3039 5217 Tu
3057 5163 3252 5218 odiosae
3276 5164 3477 5235 lingua:
3495 5164 3793 5233 frenum,
3834 5180 3957 5235 tu

2212 5232 2504 5287 luxuriosis
2530 5234 2745 5305 renibus
2776 5234 2968 5288 nitida
2986 5237 3255 5289 castitatis
3278 5233 3501 5288 adhibes
3516 5232 3917 5305 cingula";

2210 5307 2270 5359 tu
2288 5306 2430 5380 facis
2440 5309 2504 5380 ut
2523 5304 2656 5380 leves
2675 5307 2872 5375 quiq1te
2887 5306 2961 5359 ad
2972 5308 3294 5380 gravitatem
3309 5304 3552 5367 redeant,
3571 5298 3643 5361 ut
3652 5298 3919 5377 άοοδέ
3930 5298 3973 5380 ξ

2209 5375 2629 5451 s_cun‘ilitatibus
2650 5380 2902 5451 parcant,
2930 5380 2993 5430 ut
3010 5378 3293 5451 vaniloqui
3308 5380 3359 5431 et
3372 5391 3625 5451 Ρςοεαοᾳε
3645 5375 3729 5433 Se
3774 5375 3972 5451 sail;

2208 5445 2456 5524 districta
2472 5444 2937 5524 silentii_censura
2960 5444 3393 5524 castigenthetcf
3411 5444 3704 5524 Praeclare
3800 5444 3983 5524 iii:

2207 5514 2339 5592 dem
2374 5519 2442 5592 Ι).
2472 5517 2783 5592 Bernartius
2802 5525 2914 5592 ,_et
2944 5518 3024 5592 ad
3071 5514 3221 5576 hunc
3248 5519 3435 5575 locum
3476 5514 3881 5592 aptissimg

2209 5587 2384 5672 Cellae,
2402 5587 2599 5672 inquit,
2618 5593 2669 5644 et
2691 5590 2810 5672 caeli
2822 5590 3083 5672 liabitatio
3105 5595 3332 5672 cognata
3345 5593 3473 5644 sunt
3489 5585 3665 5672 {quia
3696 5585 3984 5672 είςῖιιξ

2206 5660 2391 5740 caelum
2414 5664 2467 5715 et
2482 5660 2613 5715 cella
2729 5663 2950 5740 invicem
2976 5662 3231 5740 videntur
3251 5662 3496 5740 aliquam
3520 5661 3794 5740 habere
3824 5660 3984 5740 οἷς

2204 5733 2788 5810 gmttcnem_1zominis,
2808 5735 2952 5810 s_ic_et
2965 5735 3208 5810 pietatis.
3233 5734 3284 5789 A
3304 5731 3525 5810 celando
3545 5736 3733 5810 enitr;
3774 5731 3984 5810 θείς

2207 5801 2567 5891 {miselle
2600 5801 3006 5891 maculari?
3028 5804 3308 5891 υίάεηειενε
3338 5803 3585 5891 ειηαιξοᾷ
3613 5801 3984 5891 φιᾳτῖιέ

2203 5873 2289 5948 ξπ,
2316 5873 2490 5940 caelis,
2546 5875 2640 5930 hoc
2678 5880 2729 5931 et
2774 5878 2831 5931 in
2881 5876 3058 5946 cellis;
3102 5876 3247 5948 quod
3296 5873 3507 5947 geritur
3536 5876 3595 5930 in
3626 5873 3923 5957 βοειέὲ
