4012 6192
468 213 569 271 371

1821 194 2096 254 JOANNIS
2131 191 2436 250 CASSle

3681 184 3789 241 372

466 341 601 393 tunc
621 330 737 405 jam
763 327 1100 402 conspiciens
1133 341 1382 400 serpere,
1417 322 1503 382 vel
1540 336 1891 381 emersurum
1919 321 2063 378 inter
2095 321 2150 385 Α
2173 326 2333 390 aptos
2358 314 2429 373 ad
2457 312 2866 388 perceptionem
2894 308 3146 405 perfectae
3178 307 3482 405 curationis
3507 306 3770 405 inveniat.

467 425 793 495 monachos,
822 431 1010 481 sancto
1038 422 1244 496 Spiritu
1271 418 1564 487 revelante,
1596 414 1957 489 prospiciens,
1988 429 2077 470 sa-

469 520 738 580 lutaribus
760 526 1163 592 praeceptorum
1183 528 1415 572 suorum
1435 509 1845 569 medicamentis
1870 524 2077 583 praeve-

468 617 594 674 nire
619 613 859 672 festinat.
903 607 1489 670 Thessalonicensibus
1526 606 1676 663 enim
1719 604 1983 675 scribens,
2020 611 2077 661 et

468 708 654 782 primo
681 714 741 765 ut
764 704 1123 779 peritissimus
1151 701 1377 775 quidam
1406 698 1787 773 perfectusque
1806 696 2076 766 medicus,

470 800 498 832 "
543 796 921 855 inﬁrmitatem
968 800 1354 865 susceptorum
1404 787 1606 846 blanda
1651 788 1873 861 lenique
1926 785 2077 845 verbi

470 889 749 947 curatione
766 885 1103 956 fomentans,
1118 900 1183 942 ac
1200 883 1268 942 de
1285 881 1555 940 charitate
1571 880 1863 953 incipiens,
1878 894 2081 953 eosque

472 982 534 1039 in
562 996 623 1039 ea
648 988 802 1054 parte
834 977 1173 1047 collaudans,
1201 991 1489 1051 quousque
1529 973 1728 1033 lethale
1768 974 1965 1032 vulnus
1998 972 2081 1029 le-

475 1075 634 1133 niore
662 1073 908 1132 remedio
944 1073 1252 1139 delinitum,
1288 1071 1534 1144 deposita
1558 1066 1794 1127 tumoris
1833 1067 2084 1140 indigna-

473 1170 645 1240 tione,
687 1168 904 1226 facilius
953 1166 1316 1224 medicamina
1359 1163 1655 1222 austeriora
1690 1162 1969 1231 sustineat,
2008 1160 2083 1217 ita

478 1264 556 1321 ait
584 1282 599 1319 :
628 1267 704 1321 De
732 1265 996 1319 charitate
1031 1266 1212 1318 autem
1239 1262 1611 1330 fraternitatis
1634 1275 1740 1314 non
1764 1272 1967 1314 necesse
1995 1257 2087 1311 ha-

481 1357 661 1413 bemus
690 1357 919 1413 seribere
943 1357 1111 1412 vobis.
1143 1357 1259 1427 Ipsi
1283 1357 1423 1411 enim
1450 1371 1485 1409 a
1508 1356 1612 1410 Deo
1648 1353 1816 1409 edocti
1842 1353 1989 1414 estis,
2023 1353 2089 1405 ut

480 1450 727 1521 diligatis
744 1452 984 1505 invicem.
1014 1451 1225 1506 Etenim
1244 1450 1432 1517 facitis
1453 1447 1597 1503 illud
1610 1450 1668 1501 in
1686 1460 1864 1502 omnes
1879 1446 2086 1513 fratres

481 1545 542 1599 in
567 1545 819 1599 universa
842 1544 1156 1599 Macedonia
1186 1543 1233 1610 (Ι
1258 1543 1435 1597 Thess.
1465 1544 1573 1608 Iv).
1604 1539 1883 1596 Praemisit
1908 1535 2088 1594 laudis

480 1635 732 1695 fomenta
762 1636 928 1707 lenia,
956 1634 1084 1692 fecit
1114 1650 1307 1691 eorum
1337 1650 1496 1691 aures
1518 1632 1588 1691 ad
1619 1647 1806 1689 curam
1835 1630 2089 1687 salutaris

2181 409 2326 485 Quid
2359 416 2443 466 est
2470 406 2622 481 quod
2648 420 2831 478 rogas,
2874 403 3151 477 Apostole,
3175 408 3238 459 ut
3265 401 3322 457 in
3354 416 3467 473 quo
3494 399 3779 458 abundent

2182 505 2359 577 magis
2384 503 2592 561 scilicet
2615 502 2673 558 in
2698 490 2983 567 charitate,
3012 496 3080 555 de
3110 512 3218 570 qua
3245 495 3497 569 superius
3521 494 3737 554 dixeras
3765 518 3779 554 :

2182 604 2259 657 De
2285 599 2548 654 charitate
2574 599 2755 652 autem
2781 593 3155 664 fraternitatis
3177 607 3281 647 non
3304 604 3507 647 necesse
3527 590 3781 648 habemus

2183 692 2413 749 scribere
2438 691 2627 748 vobis?
2653 691 2723 746 Et
2749 686 2883 761 quid
2910 700 3128 743 necesse
3156 691 3241 741 est
3262 691 3320 741 ut
3352 682 3505 740 dicas
3532 682 3611 741 eis
3639 702 3653 738 :
3684 687 3781 742 Ro-

2187 800 2377 856 gamus
2405 786 2584 838 autem
2611 798 2700 837 vos
2729 786 2790 836 ut
2825 778 3109 835 abundetis
3138 779 3333 846 magis,
3363 776 3459 848 qui
3490 790 3652 848 super
3677 775 3783 834 hac

2185 894 2246 937 re
2275 893 2344 934 ne
2375 872 2540 933 scribi
2569 873 2792 948 quidem
2814 872 2913 930 sibi
2948 870 3147 944 aliquid
3173 869 3460 942 indigent?
3484 885 3614 926 cum
3639 885 3783 944 prae-

2188 972 2379 1031 sertim
2421 978 2477 1028 et
2515 968 2717 1028 inieras
2763 984 2986 1025 causam
3032 966 3104 1024 ob
3145 980 3312 1037 quam
3358 963 3465 1022 hoc
3506 964 3625 1038 ipso
3665 979 3787 1023 non

2189 1072 2403 1139 egeant,
2443 1064 2633 1122 dicens
2666 1082 2679 1119 :
2713 1065 2827 1135 Ipsi
2855 1064 2996 1118 enim
3023 1076 3111 1118 vos
3140 1077 3175 1115 a
3210 1065 3315 1117 Deo
3355 1060 3501 1117 docti
3537 1062 3685 1125 estis,
3717 1065 3781 1119 ut

2191 1160 2437 1231 diligatis
2476 1161 2701 1214 invicem
2744 1177 2761 1214 :
2803 1156 3030 1213 tertium
3066 1169 3282 1227 quoque
3326 1152 3507 1227 majus
3534 1153 3787 1228 adjicias,

2192 1254 2342 1330 quod
2362 1270 2474 1311 non
2492 1254 2675 1311 solum
2692 1269 2724 1310 a
2745 1255 2861 1309 Deo
2881 1250 3058 1308 edocti
3085 1249 3214 1318 sint,
3235 1265 3429 1307 verum
3451 1248 3616 1305 etiam
3638 1264 3795 1307 com-

2193 1346 2376 1421 pleant
2399 1362 2561 1421 opere
2586 1360 2708 1420 quae
2736 1344 3038 1402 docentur?
3066 1344 3276 1400 Etenim
3296 1343 3483 1410 facitis
3511 1341 3670 1406 illud,
3697 1340 3791 1399 in-

2196 1440 2336 1515 quit,
2366 1456 2481 1497 non
2520 1438 2575 1496 in
2612 1454 2722 1496 uno
2758 1446 2976 1495 tantum
3010 1436 3089 1492 vel
3124 1435 3360 1506 duobus,
3390 1433 3489 1492 sed
3524 1436 3586 1491 in
3614 1450 3789 1494 omnes

2193 1535 2421 1603 fratres,
2448 1549 2550 1590 nec
2578 1532 2632 1588 in
2661 1540 2872 1589 vestros
2905 1527 3289 1586 tantummodo
3319 1529 3466 1586 cives
3500 1528 3584 1610 vel
3609 1537 3794 1600 notos,

2197 1627 2297 1685 sed
2323 1630 2382 1683 in
2409 1630 2659 1683 universa
2685 1625 3043 1683 Macedonia?
3069 1624 3164 1680 Dic
3185 1623 3347 1696 igitur
3378 1622 3623 1692 tandem,
3649 1622 3778 1695 quid

484 1727 636 1786 verbi
667 1726 907 1800 placidas
943 1736 999 1783 et
1025 1735 1257 1799 paratas.
1298 1728 1548 1782 Rursum
1581 1723 1744 1781 infert
1776 1742 1789 1779 :
1819 1726 2091 1793 Rogamus
2122 1733 2172 1798 Β
2200 1730 2284 1780 est
2322 1721 2470 1795 quod
2505 1729 2789 1794 tantopere
2827 1720 2932 1778 hoc
2962 1719 3287 1793 praemittis?
3319 1721 3529 1774 Iterum
3568 1716 3733 1775 infert
3773 1737 3788 1773 :

486 1826 667 1878 autem
693 1837 803 1887 vos,
841 1823 1070 1890 fratres,
1109 1825 1172 1876 ut
1216 1820 1500 1876 abundetis
1529 1820 1721 1888 magis.
1769 1814 1969 1874 Adhuc
1997 1830 2093 1873 eos

489 1914 689 1975 blanda
712 1915 1006 1973 verborum
1029 1913 1249 1973 lenitate
1272 1912 1573 1984 demulcet,
1602 1927 1673 1968 ne
1700 1908 1839 1968 forte
1859 1907 2094 1967 necdum

2199 1818 2464 1886 Rogamus
2493 1819 2670 1871 autem
2696 1829 2804 1879 vos,
2834 1815 3059 1882 fratres,
3091 1818 3153 1869 ut
3187 1813 3465 1868 abundctis
3490 1812 3683 1881 magis.
3725 1812 3795 1867 Et

2201 1910 2293 1968 vix
2318 1906 2612 1983 aliquando
2637 1908 2696 1966 in
2721 1907 2777 1966 id
2799 1907 2946 1981 quod
2971 1907 3104 1966 olim
3132 1906 3474 1977 moliebatur,
3501 1903 3745 1978 erumpit
3775 1925 3789 1961 :

1591 2103 1848 2160 ALARDI
1884 2103 2111 2160 GAZEI
2147 2100 2707 2159 COMMENTARIUS.

494 2275 768 2349 optimum
794 2280 851 2349 _et
877 2288 1137 2349 perquam
1172 2272 1547 2349 necessarium
1581 2271 1906 2349 remedium,
1942 2272 2089 2349 quod

494 2343 563 2405 ei
597 2343 1265 2419 apostoioruin'doctrina
1292 2351 1347 2400 et
1388 2343 1636 2419 exemplo
1662 2343 1978 2419 acceptum,
2014 2343 2090 2419 ab

496 2414 732 2489 antiquis
778 2415 977 2472 deinde
1019 2416 1271 2472 Patribus
1315 2423 1370 2489 et
1419 2414 1740 2489 monachis,
1785 2414 2090 2486 praesertim

496 2485 783 2562 Egyptiis,
809 2495 1071 2559 perpetuo
1102 2503 1205 2543 usu
1231 2485 1688 2562 etiobservatione
1714 2485 2007 2562 retentum,
2035 2492 2092 2542 et

496 2557 822 2631 usurpatum
843 2557 1541 2631 commemorat(Bonaven.
1563 2557 1629 2612 de
1647 2560 1877 2631 Pauper.
1899 2558 1992 2631 lib.
2018 2571 2090 2631 1r,

498 2646 545 2688 ο.
578 2637 609 2688 8
629 2626 653 2699 ξ
673 2636 787 2698 2-2,
815 2647 869 2700 q.
902 2635 1026 2697 187,
1054 2646 1108 2684 a.
1147 2633 1219 2695 3).
1254 2633 1335 2684 Ac
1364 2628 1606 2700 primum
1627 2626 1777 2700 quod
1796 2626 1865 2684 ad
1882 2627 2092 2700 doctri-

496 2698 874 2782 namitttine’t,
911 2706 1188 2782 praecepta
1211 2698 1458 2782 Apostoli
1484 2714 1551 2782 ex
1589 2698 1822 2782 utraque
1850 2698 2091 2782 Epistula

498 2773 570 2831 ad
610 2769 1116 2843 Thessalonicenses
1156 2769 1468 2843 desumpta,
1505 2778 1629 2827 tum
1664 2769 1858 2843 iur'hoc
1894 2769 2087 2841 capite,

499 2852 623 2924 tum
653 2843 778 2901 aliis
805 2842 1158 2924 sequentibus
1185 2841 1466 2924 diligenter
1505 2841 1780 2924 erpendit,
1811 2849 1867 2896 et
1894 2855 2091 2924 mona-

502 2859 623 2904 tum
653 2859 778 2901 alus
805 2859 1158 2925 sequentiuus
1185 2859 1466 2969 alllﬁenlel’
1505 2859 1780 2924 expendit,
1811 2859 1867 2896 et
1894 2859 2091 2922 mona-

502 2914 929 2993 chisnpecujiari
952 2992 957 2993 γ
974 2922 1190 2993 ratione
1245 2929 1275 2993 a
1317 2921 1497 2993 aptat;
1539 2914 1693 2993 hear
1726 2920 2094 2993 communiter

503 2981 759 3044 omnibus
784 2984 1107 3043 Christianis
1136 2982 1206 3039 ab
1233 2981 1496 3054 Apostolo
1535 2981 1733 3054 tradita
1756 2982 1885 3047 sint,
1905 2990 1974 3054 _et
1999 2996 2093 3054 saa-

2202 2286 2473 2343 manuum
2512 2268 2693 2327 omnis
2717 2268 2961 2343 operatio
2998 2267 3316 2343 intelligitur
3352 2266 3422 2325 de
3451 2283 3562 2340 quo
3594 2267 3805 2343 aliqui;

2197 2342 2339 2399 licite
2380 2342 2582 2414 victum
2622 2338 2798 2414 potest
2829 2339 3044 2414 lucrari.
3084 2338 3395 2414 secundum
3432 2338 3619 2414 autem
3646 2338 3801 2414 quod

2198 2409 2925 2485 Opusr'manuale'ordinatur
2950 2410 3020 2467 ad
3059 2410 3579 2485 otiumtollendum,
3616 2409 3697 2468 vél
3724 2409 3803 2468 ad

2198 2481 2374 2555 carnis
2407 2484 2852 2555 macerationem,
2880 2498 3000 2555 non
3020 2482 3161 2538 cadit
3182 2481 3285 2538 sub
3310 2481 3626 2555 necessitate
3657 2499 3803 2555 pra:-

2199 2554 2348 2626 cepti
2382 2553 2687 2610 secundum
2714 2569 2783 2626 se
2818 2553 3240 2626 consideratum,
3279 2554 3406 2626 quia
3446 2552 3635 2626 multis
3658 2552 3809 2626 aliis

2200 2623 2384 2698 modis
2422 2632 2605 2698 potest
2648 2625 2727 2681 vel
2769 2639 2897 2680 caro
2938 2624 3228 2698 macerari,
3275 2623 3357 2679 vel
3406 2623 3579 2698 etiam,
3619 2625 3795 2683 otium

2203 2696 2347 2778 tolli,
2374 2696 2537 2779 quam
2570 2711 2830 2779 peropus
2862 2696 3133 2779 manuale.
3165 2697 3473 2779 Maceratur
3496 2697 3642 2752 enim
3667 2712 3794 2779 garo

2205 2782 2305 2840 per
2327 2765 2529 2840 jejunia
2564 2765 2621 2823 et
2648 2765 2886 2840 vigilias,
2918 2775 2972 2823 et
2996 2767 3170 2823 otium
3200 2765 3545 2840 tollitur-per
3565 2766 3806 2840 _medita-

2202 2835 2396 2910 tiones'
2421 2835 2733 2910 sanctarum
2773 2838 3181 2910 Scripturarum
3219 2846 3275 2893 et
3318 2835 3508 2894 laudes
3549 2838 3796 2906 divinas;

2202 2916 2258 2966 et
2285 2909 2408 2965 ideo
2436 2917 2657 2981 propter
2683 2908 2782 2965 has
2810 2908 3003 2966 causas
3032 2908 3269 2981 religiosi
3302 2924 3415 2964 non
3448 2916 3703 2981 tenentur
3725 2910 3804 2981 ad

2205 2994 2370 3051 opera
2409 2980 2704 3049 manualia,
2747 2981 3025 3051 sicutinec
3053 2980 3371 3048 saeculares;
3413 2980 3520 3036 nisi
3559 2980 3702 3037 forte
3727 2980 3805 3040 ad

502 3056 778 3146 cularibus
805 3054 1025 3126 perinde
1065 3069 1128 3109 ac
1159 3048 1428 3125 religiosis
1456 3052 1802 3146 cgnveuiaut.
1829 3052 1921 3111 Ad
1946 3053 2100 3146 cjujus
2128 3082 2174 3146 C
2207 3048 2314 3107 hoc
2348 3058 2676 3146 perista‘tuta
2714 3052 2796 3135 sui
2823 3050 3040 3146 urdinis;
3054 3051 3386 3146 o‘hligrntur,
3421 3051 3563 3107 sicut
3598 3052 3805 3146 lgiero-

506 3122 941 3197 explicationem,
979 3133 1176 3197 praeter
1209 3122 1421 3197 quiquae
1454 3122 1584 3179 alias
1612 3122 1831 3197 _de_hac
1858 3138 1918 3179 re
1955 3122 2101 3197 dicta

506 3192 658 3263 sunt,
684 3192 996 3253 notandum
1026 3209 1091 3266 ex
1117 3196 1186 3248 D.
1215 3192 1449 3266 Thema,
1478 3192 1639 3266 quod
1659 3193 1813 3251 labor
1836 3194 2103 3266 manualis

507 3274 749 3337 quatuor
789 3281 853 3321 ex
896 3264 1073 3337 causis
1118 3263 1432 3337 suscipitur,
1477 3263 1533 3321 et
1577 3264 1653 3337 ad,
1690 3273 1926 3337 quatuor
1946 3265 2104 3337 _ﬁnes

510 3335 798 3394 ordinatur
838 3356 852 3390 :
908 3335 1113 3409 Brimo,
1156 3335 1441 3409 inquit,_et
1487 3335 1849 3409 principaliter
1895 3335 1966 3393 ad
2015 3336 2104 3392 vi-

508 3417 662 3465 ctum
690 3406 1073 3481 quaerendum;
1110 3406 1254 3464 unde
1287 3407 1463 3478 primo
1487 3406 1707 3465 homini
1738 3407 1944 3481 dictum
1974 3414 2099 3481 est:

511 3482 571 3536 In
590 3477 783 3550 sudore
806 3481 987 3534 vultus
1008 3481 1094 3534 tui
1116 3477 1335 3536 vesceris
1353 3496 1499 3550 pane
1527 3484 1637 3541 tuo.
1663 3478 1913 3536 Secundo
1937 3477 2004 3534 ad
2031 3477 2105 3550 vi-

512 3548 743 3620 tandum
784 3550 983 3617 otium,
1023 3565 1088 3605 ex
1116 3566 1226 3620 quo
1264 3548 1435 3605 multa
1469 3552 1614 3605 mala
1648 3550 1927 3615 oriuntur;
1960 3548 2106 3606 unde

512 3619 711 3677 dicitur
730 3620 1041 3675 Ecclesiast.
1062 3619 1146 3675 xx
1154 3636 1271 3676 xm
1296 3637 1309 3673 :
1334 3624 1490 3676 Mitte
1506 3637 1715 3676 servum
1737 3626 1893 3675 tuum
1909 3622 1971 3674 in
1994 3635 2109 3689 ope-

511 3692 792 3754 rationem,
812 3691 1041 3745 multam
1061 3694 1203 3745 enim
1224 3692 1497 3745 malitiam
1511 3691 1692 3746 docuit
1708 3693 1968 3746 otiositas.
1985 3692 2110 3747 Ter-

513 3762 591 3818 tio
645 3761 715 3819 ad
752 3761 1205 3833 concupiscentiae
1247 3759 1691 3833 refrenationem,
1739 3762 1798 3817 in
1842 3769 2108 3833 quantum

514 3849 613 3905 per
635 3833 741 3889 hoc
757 3831 1068 3889 maceratur
1084 3848 1299 3904 corpus.
1321 3831 1485 3889 Unde
1506 3848 1553 3889 ιι
1574 3833 1645 3889 ad
1670 3831 1918 3888 Corinth.
1941 3846 2003 3889 vr
2033 3832 2111 3888 di-

516 3904 659 3961 citur
695 3922 707 3959 :
736 3907 799 3961 In
829 3905 1122 3975 laboribus,
1157 3908 1215 3959 in
1235 3905 1485 3975 jejuniis,
1523 3906 1582 3959 in
1605 3905 1834 3975 vigiliis,
1858 3906 1917 3975 in
1942 3906 2110 3975 casti-

515 3980 646 4031 tate.
689 3977 903 4104 %uarto
945 3973 1247 4032 ordinatur
1271 3973 1341 4032 ad
1387 3973 1758 4047 eleemosynas
1808 3973 2105 4030 faciendas.

515 4046 682 4104 Unde
750 4047 911 4102 icitur
938 4046 1006 4102 ad
1037 4046 1233 4104 Enhes.
1264 4063 1327 4104 ιν
1356 4066 1368 4102 z
1401 4048 1504 4104 Οιιί
1528 4048 1840 4104 furabatur.
1859 4046 1980 4104 _iam
2005 4062 2105 4101 non

515 4046 682 4104 Unde
707 4046 911 4104 dicitur
938 4046 1006 4102 ad
1037 4046 1233 4118 Ephes.
1264 4063 1327 4104 ιν
1356 4066 1368 4102 z
1401 4048 1504 4115 Qui
1526 4046 1840 4114 furabamr,
1858 4046 1980 4115 jam
2005 4062 2112 4101 non

516 4120 755 4187 furctur,
787 4120 961 4188 magis
987 4124 1167 4173 autem
1194 4119 1397 4173 laboret
1422 4119 1691 4188 operando
1710 4118 1956 4172 manibus
1976 4119 2111 4180 suis,

521 4190 667 4260 quod
704 4191 896 4246 bonum
922 4193 1019 4253 est,
1047 4194 1112 4245 ut
1133 4191 1327 4245 habeat
1353 4190 1496 4245 unde
1519 4190 1729 4244 tribuat
1751 4191 2114 4260 necessitatem

517 4257 771 4333 patienti.
800 4263 1082 4333 Quatenus
1105 4276 1233 4333 ergo
1250 4260 1422 4333 labor
1446 4260 1711 4333 manualis
1734 4259 2019 4317 ordinatur
2046 4257 2115 4333 ad

524 4329 729 4385 victum
758 4329 1136 4402 quaerendum,
1167 4329 1315 4389 cadit
1344 4332 1446 4389 sub
1481 4332 1802 4388 necessitate
1836 4329 2114 4402 praecepti,

524 4408 689 4472 prout
731 4400 1066 4472 necessarius
1108 4411 1191 4456 est
1217 4402 1297 4472 ad
1347 4417 1481 4472 eum
1522 4402 1712 4457 ﬁnem.
1751 4400 1982 4458 Etideo
2016 4400 2113 4472 qui

2207 3120 2421 3195 nymus
2445 3120 2576 3178 dicit
2616 3122 2939 3195 in-epistola
2975 3122 3045 3195 ad
3083 3120 3377 3179 Rusticum
3417 3123 3746 3179 monachum
3786 3141 3802 3180 :

2313 3194 2589 3264 yptiorum
2641 3193 2970 3251 monasteria
3021 3193 3169 3250 hunc
3219 3201 3408 3250 tenent
3448 3209 3679 3263 morem,
3737 3203 3809 3251 ut

2208 3264 2422 3320 nullum
2450 3264 2656 3337 absque
2680 3281 2847 3337 opere
2872 3273 2967 3321 aut
2995 3264 3179 3321 labore
3203 3264 3519 3336 suscipiant,
3548 3281 3662 3321 non
3685 3274 3805 3322 tam

2250 3343 2434 3419 ropter
2455 3337 2630 3393 victus
2649 3338 3039 3419 necessitatem.
3053 3351 3221 3419 quam
3247 3344 3469 3419 propter
3486 3337 3684 3419 anima:
3710 3352 3813 3419 sa-

2234 3406 2414 3475 utem,
2465 3422 2533 3464 ne
2583 3416 2848 3479 vagentur
2890 3406 3209 3479 perniciosis
3228 3406 3691 3479 _cogitationibus.
3740 3410 3812 3465 In

2213 3486 2480 3550 quantum
2498 3493 2634 3550 vero
2651 3476 2817 3550 'opus
2856 3476 3122 3550 niauuale,
3148 3476 3428 3550 ordinatur
3462 3476 3531 3533 ad
3569 3477 3819 3535 eleemo-

2213 3547 2379 3621 s'ynas
2404 3548 2698 3617 faciendas,
2718 3547 2840 3605 'non
2876 3549 3020 3606 cadit
3041 3549 3148 3606 sub
3175 3547 3483 3621 necessitate
3517 3550 3811 3621 praecepti,

2212 3617 2318 3703 nisi
2344 3617 2490 3703 forte
2528 3635 2602 3703 eo_
2624 3636 2777 3689 casu,
2809 3621 2867 3675 in
2895 3636 3003 3703 quo
3037 3617 3590 3703 quis‘eleemosyna-‘m
3623 3617 3819 3678 facere

2215 3696 2510 3774 teneretur,
2555 3699 2622 3773 et.
2643 3708 2753 3774 non
2779 3690 2966 3774 possét
3007 3690 3137 3747 alias
3164 3691 3381 3774 habere,
3422 3690 3566 3774 unde
3596 3706 3820 3774 paupe-

2216 3760 2371 3835 ribus
2398 3760 2729 3835 subveniret.
2776 3760 2840 3817 In
2869 3778 2980 3835 quo
3019 3779 3150 3819 casu
3172 3762 3542 3835 obligarentur
3565 3760 3821 3835 similiter

2216 3831 2450 3916 religiosi
2475 3834 2842 3916 etﬁsaeculares
2863 3831 2932 3916 ad
2950 3850 3119 3906 opera
3145 3831 3418 3916 manualia
3446 3833 3815 3916 exsequenda.

2218 3904 2495 3977 Hactenus
2516 3906 2726 3961 Doctor
2744 3904 3128 3977 Angelicus,ea
3148 3904 3822 3977 doctrinat_perspicuitate

2220 3981 2275 4030 et
2311 3974 2604 4043 soliditate,
2655 3984 2717 4032 ut
2762 3974 2898 4031 nihil
2941 3976 3141 4032 clarius
3183 3985 3236 4032 et
3276 3974 3631 4044 enucleatius,
3676 3974 3820 4033 nihil

2220 4045 2387 4101 etiam
2424 4047 2730 4119 accuratius
2756 4056 2811 4119 et
2838 4046 2906 4119 ad
2931 4063 3172 4119 praesens
3211 4047 3520 4103 institutum
3545 4046 3614 4102 de
3646 4062 3822 4119 opere

2220 4117 2458 4173 manuali
2488 4117 2954 4190 accommodatius
2980 4118 3099 4190 dici,
3119 4119 3309 4190 possit.

2290 4190 2324 4259 ιγ
2350 4190 2474 4244 Non
2512 4187 2978 4259 praetermittenda
3016 4187 3234 4247 videtur
3260 4190 3503 4247 Ciaconii
3529 4190 3825 4248 annotatio

2222 4256 2290 4314 de
2315 4258 2416 4314 hac
2441 4256 2570 4315 voce
2596 4263 2842 4331 suscepti.
2874 4261 3176 4331 Susceptos,
3203 4261 3397 4332 inquit,
3422 4267 3575 4317 vocat
3600 4264 3826 4319 Cassia-

2222 4344 2324 4403 nus
2353 4335 2594 4403 aegrotos,
2632 4348 2764 4402 quos
2798 4332 3033 4387 medicus
3070 4334 3333 4388 curandos
3360 4336 3612 4403 suscepit.
3654 4334 3742 4389 Sic
3773 4336 3825 4390 is

2223 4401 2321 4475 qui
2333 4401 2611 4475 Ambrosii
2622 4401 2831 4475 nomine
2844 4405 3221 4469 circumfertur
3232 4406 3291 4459 in
3308 4421 3424 4475 cap.
3446 4418 3469 4459 ι
3486 4401 3661 4474 Epist.
3680 4406 3732 4459 Π
3746 4405 3831 4460 ad

524 4469 639 4554 non
674 4469 837 4525 habet
867 4470 1083 4552 aliunde
1121 4471 1266 4527 unde
1302 4471 1484 4528 vivere
1521 4473 1715 4554 possit,
1751 4480 1968 4554 tenetur
1990 4469 2114 4554 ma-
2142 4476 2193 4539 Ι)
2224 4469 3825 4554 Corinth.:Quis,_inquit,medicorumnonarguitsusceptum

523 4539 1378 4623 nibusnoperarihcujuscumque
1413 4539 1745 4623 conditionis
1777 4543 1866 4598 sit.
1903 4545 1982 4623 Et
2010 4543 2115 4599 hoc

525 4609 835 4683 signiﬁcant
862 4610 1020 4685 verba
1046 4609 1305 4685 Apostoli
1321 4611 1546 4685 dicentis
1574 4631 1587 4666 :
1618 4614 1724 4681 Qui
1748 4630 1850 4669 non
1869 4615 1985 4669 vult
2004 4630 2115 4685 ope-

524 4682 663 4746 rari,
694 4698 786 4738 nec
804 4683 1117 4755 manducet;
1148 4684 1300 4755 quasi
1328 4682 1529 4755 diceret
1557 4703 1570 4740 :
1599 4699 1659 4740 ea
1687 4685 2007 4741 necessitate
2029 4682 2113 4755 te:

525 4762 690 4829 netur
720 4754 840 4827 quis
854 4753 936 4829 _ad
962 4753 1301 4828 operandum
1339 4754 1619 4829 manibus,
1660 4771 1766 4829 qua
1793 4764 2020 4829 tenetur
2048 4754 2120 4813 ad

526 4825 1215 4899 manducandumlnempe
1235 4836 1294 4883 ut
1310 4827 1482 4899 vitam
1499 4825 1809 4899 sustentet).
1834 4830 1902 4884 Et
1925 4826 2119 4899 eadem

526 4898 671 4955 ratio
698 4906 780 4955 est
810 4897 879 4971 de
908 4898 1016 4955 illis
1044 4897 1510 4971 qui—nonhabent
1534 4899 1671 4956 alias
1697 4898 1841 4956 unde
1866 4898 2009 4955 licite
2038 4898 2119 4971 vi-

526 4985 655 5025 vere
688 4970 914 5044 possjnt.
954 4968 1078 5044 Non
1106 4970 1248 5044 euim
1286 4970 1602 5043 intelligitur
1628 4971 1821 5044 aliquis
1849 4985 2009 5043 posse
2037 4968 2116 5044 la-

529 5054 653 5096 cere
674 5040 821 5120 guod
837 5057 949 5124 non
973 5040 1113 5098 licite
1135 5041 1312 5099 facere
1335 5040 1532 5115 potest.
1557 5040 1735 5124 Unde
1751 5050 1806 5099 et
1822 5040 2121 5124 postulus

530 5124 656 5185 n_on_
671 5112 943 5185 invenitur
976 5126 1115 5183 opus
1140 5112 1401 5170 manuum
1429 5114 1766 5185 praecepisse,
1797 5112 1901 5170 nisi
1926 5112 1996 5169 ad
2023 5128 2117 5168 ex-

530 5178 1188 5257 cludendum_pecéatu_m
1226 5178 1549 5257 eorum'qui
1586 5178 1767 5257 illicita
1796 5186 1998 5257 victum
2034 5199 2121 5257 ao-

531 5251 1003 5327 quirebant.-H_a:c
1026 5254 1082 5307 S.
1113 5253 1354 5311 Thomas
1387 5251 1566 5327 paucis
1596 5255 1934 5327 intermediis
1957 5255 2122 5311 omis-

532 5321 628 5377 sis.
660 5324 743 5396 Ac
771 5321 964 5396 deinde
1005 5331 1129 5395 post
1162 5341 1331 5396 pauca
1359 5321 1542 5382 subdit
1573 5348 1585 5381 :
1619 5326 1906 5383 Sciendum
1933 5334 2120 5382 tamen

533 5391 681 5479 qugd
704 5393 808 5449 sub
823 5409 985 5479 opere
1005 5391 1246 5479 manuali
1271 5396 1643 5479 intelliguntur
1660 5396 1847 5479 omnia
1880 5396 2120 5479 humana

534 5461 718 5538 ofﬁcia
746 5461 1046 5538 exquibus
1084 5465 1332 5525 homines
1379 5461 1527 5525 liCite
1568 5467 1775 5538 victum
1815 5467 2119 5538 lucrentur,

534 5533 647 5610 sive
673 5533 952 5606 manibus,
977 5537 1088 5593 sive
1120 5538 1366 5610 pedibus,
1393 5539 1507 5596 sive
1531 5538 1713 5610 lingua
1734 5537 1885 5595 ﬁant.
1919 5533 2122 5610 Vigiles

535 5606 703 5682 enim,
737 5614 794 5664 et
824 5624 1094 5682 cursores,
1120 5606 1179 5666 et
1217 5610 1309 5682 alii
1341 5606 1657 5682 hujusmodi
1683 5608 1753 5666 de
1791 5625 1893 5667 suo
1935 5606 2121 5682 labore

534 5677 797 5762 viventes,
829 5680 1210 5762 intelliguntur
1242 5680 1309 5740 de
1346 5677 1598 5753 operibus
1624 5696 1889 5739 manuum
1917 5681 2116 5738 vivere.

535 5750 678 5825 Quia
696 5752 847 5809 enim
875 5750 1072 5812 manus
1093 5761 1174 5812 est
1196 5750 1460 5827 organum
1481 5768 1836 5827 organorum,
1863 5770 1962 5829 per
1983 5768 2123 5827 opus

2221 4556 2379 4597 suum
2396 4544 2753 4613 negligentius
2767 4561 2821 4600 se
2833 4550 3168 4610 tractantem,
3190 4563 3257 4602 ne
3264 4563 3393 4601 cura
3412 4544 3694 4601 medicina:
3708 4561 3828 4601 sua

2220 4615 2336 4668 sine
2352 4615 2537 4681 fructu
2559 4620 2869 4673 remaneat?
2886 4618 2943 4674 S.
2980 4618 3292 4672 Ambrosius
3317 4634 3473 4673 serm.
3500 4622 3569 4671 27
3597 4638 3610 4673 :
3636 4619 3703 4675 Si
3725 4633 3830 4672 me-

2225 4685 2404 4740 dicum
2447 4688 2755 4744 animarum
2801 4694 3111 4744 nostrarum
3153 4689 3386 4758 ﬁdeliter
3430 4704 3734 4753 exoremus,
3775 4694 3831 4745 et

2221 4761 2492 4826 praecepta
2519 4760 2653 4829 ejus,
2686 4764 2962 4829 tamquam
2989 4762 3220 4830 suscepti
3248 4762 3443 4823 idonei,
3474 4762 3701 4814 minime
3731 4759 3834 4814 di-

2226 4843 2559 4897 spernamus.
2602 4834 2675 4887 Et
2720 4832 3083 4887 Tertullianus
3110 4832 3366 4887 adversus
3408 4832 3836 4887 Valentinianos

2228 4899 2394 4973 (Capi
2430 4904 2518 4968 l6)
2560 4919 2575 4973 ;
2607 4904 2710 4957 Hic
2748 4904 2959 4972 opinor,
2989 4904 3085 4958 ille
3117 4909 3413 4973 susceptam
3440 4904 3747 4971 conﬁrmat,
3780 4905 3836 4957 et

2226 4971 2474 5026 omnibus
2484 4972 2707 5044 injuriis
2710 4971 2980 5044 passionis
2990 4971 3652 5044 empumica'tﬂicebantur
3661 4976 3835 5029 etiam

2226 5044 2459 5116 suscepti
2503 5044 2712 5099 clientes
2757 5060 2886 5114 quos
2928 5048 3154 5116 patroni
3189 5046 3412 5100 tuendos
3457 5049 3832 5115 susceperant.

2225 5113 2441 5170 Servius
2462 5116 2710 5171 Eneidos
2729 5113 2813 5183 vi,
2827 5116 2901 5170 ad
2914 5113 3074 5171 illud.
3099 5117 3211 5172 Aut
3229 5118 3389 5183 fraus
3406 5113 3845 5177 innexa'clienti,

2234 5184 2387 5258 Vult,
2403 5187 2600 5254 inquit,
2622 5185 2847 5257 intelligi
2857 5190 3322 5258 pravaricatores,
3343 5190 3444 5258 qui
3454 5190 3692 5257 patroni
3703 5190 3840 5242 sunt

2227 5256 2521 5319 clientium,
2559 5274 2689 5327 quos
2720 5256 3156 5329 nuncfsusceptos
3186 5256 3471 5314 vocamus:
3488 5260 3839 5328 Augustinus

2227 5330 2383 5400 epist.
2421 5333 2493 5383 59
2537 5329 2747 5399 (Collat.
2778 5336 2813 5385 6
2848 5346 2969 5400 cap.
3005 5333 3092 5396 10)
3124 5350 3138 5386 :
3183 5332 3327 5385 Tunc
3354 5332 3495 5385 enim
3525 5331 3835 5392 antistites,

2225 5399 2370 5454 velut
2394 5400 2663 5463 advocati,
2680 5399 2958 5473 susceptos
2997 5416 3138 5466 suos,
3165 5417 3266 5473 per
3293 5417 3489 5458 manus
3517 5402 3840 5473 impositio-

2226 5485 2346 5544 nem
2380 5471 2887 5527 misericordissima
2915 5471 3185 5542 offerunt?
3194 5476 3469 5544 potestati.
3510 5474 3578 5528 Et
3609 5471 3709 5527 ille
3738 5473 3846 5542 qui

2225 5541 2371 5615 inter
2397 5544 2699 5612 Augustini
2723 5560 2884 5614 opera
2910 5541 3010 5600 sub
3043 5546 3159 5615 ejus
3194 5541 3413 5600 nomine
3443 5541 3841 5607 delitescitfin

2230 5613 2519 5687 Question.
2565 5617 2691 5670 novi
2731 5613 2783 5671 et
2823 5620 3014 5672 veteris
3057 5613 3394 5679 Testamenti,
3426 5622 3621 5687 quast.
3676 5618 3787 5669 102
3828 5626 3845 5665 :

2224 5685 2504 5755 Numquid
2520 5688 2574 5742 si
2586 5688 2744 5742 malle
2758 5690 2883 5743 vitce
2905 5692 2979 5744 sit
2994 5688 3301 5750 advocatus,
3323 5685 3509 5743 contra
3523 5689 3840 5757 susceptum

2227 5770 2386 5815 Suum
2400 5758 2886 5828 pronuntiabitur?
2903 5760 3221 5817 Ambrosius
3238 5761 3365 5815 item
3380 5775 3615 5816 sermon.
3631 5762 3707 5816 93
3735 5776 3749 5814 :
3773 5757 3849 5813 In
