4048 6200
315 282 424 340 373

957 280 1050 337 DE
1085 278 1565 338 CMOBIORUM
1600 279 1846 336 INSTIT.
1893 278 2024 337 LIB.
2065 280 2128 338 X.
2167 307 2241 321 —
2276 279 2367 336 DE
2403 279 2674 339 SPIRITU
2713 283 3008 339 ACEDIA'I.

3534 289 3641 348 374

313 419 342 450 ι
357 413 434 470 Et
451 422 668 480 operam
694 405 857 471 detis,
887 410 952 462 ut
970 407 1316 478 quieti
1347 404 1496 462 Dixit
1527 404 1766 478 primam
1791 421 1924 464 cau-
1953 408 2008 473 Α
2037 421 2203 479 quam
2231 405 2481 464 claustris
2509 407 2660 466 cella:
2681 416 2736 466 et
2758 407 2908 482 Operi
2931 423 3201 466 manuum
3229 423 3454 467 suarum
3477 409 3623 470 inhm

311 519 460 564 sam.
492 500 708 560 Deinde
733 499 899 558 infert
927 499 1262 558 secundam:
1292 503 1365 558 Et
1395 505 1460 557 ut
1484 504 1668 558 vestra
1709 503 1924 572 negotia

311 599 522 671 agatis.
561 594 804 654 Tertiam
834 611 1090 670 quoque:
1120 598 1192 654 Et
1213 597 1509 668 operemini
1532 597 1784 654 manibus
1829 613 1924 654 ue-

309 693 462 756 stris,
490 683 521 724 δ
546 693 688 746 sicut
705 691 1058 761 precepimus
1087 691 1257 747 vobis.
1284 689 1556 761 Quartam
1584 711 1600 745 :
1630 694 1702 750 Et
1733 696 1794 748 ut
1823 691 1924 751 ho-

307 792 454 846 ueste
478 786 768 842 ambuletis
789 784 868 839 ad
891 798 978 840 eos
999 787 1099 855 qui
1113 785 1253 854 foris
1270 789 1414 841 stud.
1445 784 1708 858 Quintam
1734 804 1746 841 :
1767 789 1842 843 Et
1859 791 1924 842 ut

307 882 514 940 nullius
536 879 758 950 aliquid
783 879 1120 935 desideratis.
1145 881 1284 936 Ecce
1305 878 1396 936 illa
1425 880 1724 948 cunctatio,
1754 895 1920 953 quam

309 973 482 1033 tantis
507 965 754 1046 proferre
784 970 1069 1044 prommiis
1089 969 1395 1040 differebat,
1426 971 1560 1046 quid
1593 972 1648 1028 in
1675 972 1794 1045 ejus
1821 987 1921 1046 pe-

309 1074 466 1124 ctore
512 1065 872 1140 parturiebat,
909 1066 1246 1138 agnoscitur.
1300 1069 1372 1124 Et
1411 1082 1630 1148 operam
1677 1068 1816 1124 detis
1857 1071 1921 1148 ut

309 1161 488 1232 quieti
525 1162 669 1224 sitis,
717 1158 773 1216 id
801 1165 906 1227 est,
949 1157 1006 1214 in
1035 1157 1226 1216 vestris
1251 1159 1460 1217 cellulis
1482 1170 1914 1234 commorantes,

308 1269 416 1312 nec
440 1251 672 1310 diversis
709 1251 1047 1321 rumoribus,
1075 1251 1168 1323 qui
1206 1251 1386 1310 solent
1420 1253 1726 1311 otiosorum
1749 1255 1916 1326 votis,

307 1347 396 1405 vel
421 1345 628 1403 fabulis
645 1345 908 1416 generari,
951 1344 1176 1417 inquieti
1203 1344 1408 1416 effecti,
1432 1346 1550 1404 aliis
1578 1363 1800 1422 quoque
1827 1349 1916 1406 in-

309 1439 660 1514 quietudines
681 1438 946 1497 inferatis.
969 1443 1044 1496 Et
1063 1443 1125 1494 ut
1146 1443 1326 1496 vestra
1343 1444 1560 1511 negotia
1576 1445 1775 1512 agens,
1800 1457 1915 1500 non

310 1541 490 1593 vestra
525 1533 844 1592 curiositate
882 1541 1036 1590 actus
1061 1531 1250 1590 mundi
1291 1533 1472 1592 velitis
1508 1535 1806 1608 inquirere,
1844 1551 1910 1594 ac

307 1629 652 1690 diversorum
701 1626 1142 1686 conversationes
1188 1628 1555 1702 explorantcs,
1602 1645 1768 1703 opera
1822 1645 1916 1687 ve-

309 1731 422 1784 stra
453 1739 569 1781 non
594 1722 665 1782 ad
691 1722 1090 1780 correctionem
1119 1731 1358 1780 vestram
1383 1738 1482 1781 seu
1507 1723 1775 1782 virtutum
1803 1732 1917 1783 stu-

2029 515 2152 558 rere
2174 507 2463 558 contentus
2485 508 2591 572 est,
2624 501 2722 560 sed
2747 518 2968 561 necesse
2995 511 3079 562 est
3106 519 3237 561 eum
3277 502 3635 564 inhonestum

2030 609 2167 664 esse,
2196 594 2333 653 dum
2359 596 2662 654 necessaria
2689 597 2865 655 victus
2882 597 3150 671 requirit;
3171 597 3474 656 adulationi
3501 613 3640 672 quo-

2030 704 2140 763 que
2163 705 2392 764 operam
2422 690 2578 763 dare,
2606 692 2875 750 novitates
2903 692 3072 750 etiam
3098 707 3390 751 rumorum
3411 693 3636 761 sectari,

2029 797 2320 841 causarum
2363 782 2779 859 fabularumque
2813 787 3126 844 occasiones
3161 786 3506 860 conquirere,
3537 802 3638 860 per

2029 893 2165 952 quas
2199 878 2524 953 sibimetipsi
2550 880 2759 938 aditum
2782 889 2955 953 paret,
2983 896 3048 938 ac
3070 879 3388 939 facultatem
3416 897 3523 954 qua
3551 879 3636 939 di-

2028 987 2310 1030 versorum
2335 972 2531 1030 domos
2557 973 2733 1031 valeat
2755 983 3059 1047 penetrare.
3089 979 3161 1032 Et
3180 975 3386 1031 nullius
3413 974 3634 1044 aliquid

2028 1065 2360 1123 desideretis.
2389 1068 2514 1123 Non
2543 1073 2724 1138 potest
2749 1083 2864 1123 non
2886 1067 3079 1124 alienis
3107 1067 3268 1124 donis
3295 1075 3350 1123 et
3380 1066 3630 1126 muneri-

2026 1158 2131 1218 bus
2158 1160 2389 1230 inhiare,
2419 1159 2514 1233 qui
2529 1175 2648 1216 non
2675 1159 2978 1218 delectatur
3005 1161 3096 1232 pio
3132 1161 3424 1234 quietaque
3443 1159 3634 1218 labore

2025 1252 2210 1326 operis
2251 1251 2355 1318 sui,
2408 1253 2712 1326 quotidiani
2769 1254 2943 1311 victus
2994 1269 3185 1326 parare
3243 1254 3626 1312 substantiam.

2028 1347 2242 1404 Videtis
2282 1353 2369 1404 tot
2415 1363 2628 1417 causas,
2659 1355 2776 1404 tam
2815 1362 3009 1422 graves
3055 1363 3122 1404 ac
3163 1353 3351 1419 turpes
3387 1362 3495 1403 una
3529 1346 3630 1404 otii

2019 1441 2154 1502 labe
2179 1441 2466 1515 generari?
2506 1441 2754 1516 Denique
2781 1442 2882 1500 hos
2927 1441 3078 1516 ipsos
3116 1457 3256 1514 quos
3293 1440 3350 1496 in
3385 1439 3631 1514 Epistola

2023 1537 2224 1610 prima,
2253 1535 2411 1594 molli
2437 1535 2652 1595 foverat
2678 1536 2987 1610 palpatione
3013 1535 3342 1603 verborum;
3370 1533 3626 1608 qualiter,

2024 1631 2082 1688 in
2123 1631 2386 1702 secunda,
2428 1633 2578 1690 velut
2617 1631 2710 1705 qui
2737 1647 2850 1689 non
2896 1631 3254 1705 profecissent
3303 1627 3374 1686 ad
3419 1627 3627 1686 leviora

2025 1726 2296 1797 remedia,
2325 1735 2348 1763 °
2375 1725 2773 1784 austerioribus
2800 1725 3126 1800 quibusdam
3153 1733 3210 1781 et
3234 1722 3491 1781 causticis
3517 1737 3632 1780 me-

308 1818 420 1889 dia,
447 1818 545 1876 sed
585 1818 659 1876 ad
691 1817 1056 1878 detractiones
1089 1815 1327 1875 fratrum
1364 1817 1539 1875 velitis
1578 1818 1911 1892 impendere.
1944 1833 1994 1897 Β
2027 1819 2356 1878 dicamcntis
2391 1836 2584 1878 sanare
2615 1819 2946 1894 aggreditur,
2977 1819 3233 1891 nullaque
3259 1817 3380 1891 jam
3404 1815 3626 1873 mitium

308 1916 382 1973 Et
402 1913 958 1986 opereminimanibus
981 1914 1190 1977 vestris,
1210 1914 1348 1968 siem
1357 1917 1710 1985 precepimus
1733 1916 1878 1971 vobis
1895 1935 1914 1972 :

308 2007 388 2064 Ut
413 2006 505 2064 illa
524 2005 718 2062 ﬁerent
740 2020 864 2078 qua:
887 2012 1180 2063 monuerat
1205 2005 1455 2079 superius
1489 2022 1560 2064 ne
1585 2017 1828 2081 agerent,
1854 2008 1914 2066 id

308 2107 412 2171 est,
443 2116 513 2158 ne
548 2099 778 2173 inquieti
823 2107 1024 2169 essent,
1061 2107 1118 2156 et
1153 2099 1325 2157 aliena
1373 2109 1626 2159 curarent
1669 2103 1910 2176 negotia,

307 2193 395 2252 vel
416 2195 700 2250 inhoneste
734 2193 1077 2250 ambularent
1125 2192 1195 2251 ad
1221 2208 1317 2252 eos
1357 2195 1451 2268 qui
1481 2193 1618 2253 foris
1655 2205 1800 2262 sunt,
1826 2196 1913 2254 vel

309 2288 542 2346 alterius
581 2287 782 2360 aliquid
819 2287 1214 2356 desiderarent;
1257 2303 1410 2346 nunc
1449 2289 1652 2358 intulit,
1679 2289 1903 2348 dicens:

309 2384 390 2438 Et
402 2383 697 2452 operemini
703 2382 950 2438 mambus
959 2385 1167 2448 uestris,
1187 2375 1215 2415 ⁸⁵
1226 2385 1367 2438 sicut
1372 2385 1726 2455 precepimus
1739 2385 1907 2441 vobis.

307 2474 393 2530 Ut
438 2471 584 2528 enim
627 2471 716 2529 illa
776 2473 990 2544 tierent,
1051 2490 1178 2548 quae
1228 2474 1476 2548 superius
1532 2475 1909 2550 reprehendit,

306 2565 482 2624 otium
509 2580 730 2623 causam
757 2581 876 2624 esse
902 2567 1182 2625 evidenter
1209 2569 1492 2641 expressit.
1531 2569 1726 2627 Nullus
1757 2570 1912 2626 enim

305 2667 490 2733 potest
526 2659 609 2717 vel
635 2659 911 2733 inquietus
939 2676 1079 2730 esse,
1105 2661 1191 2718 vel
1215 2661 1397 2720 aliena
1433 2678 1628 2720 curare
1665 2661 1908 2736 negotia,

307 2754 418 2812 nisi
445 2754 538 2826 qui
574 2755 727 2828 operi
766 2770 1033 2812 manuum
1056 2756 1278 2814 suarum
1313 2773 1428 2814 non
1450 2756 1747 2831 acquiescit
1774 2757 1910 2814 insi-

305 2856 471 2907 stere.
497 2849 766 2920 Quartum
802 2865 1021 2924 quoque
1049 2850 1236 2908 intulit
1275 2850 1556 2918 morbum,
1584 2850 1678 2924 qui
1708 2865 1776 2907 ex
1804 2849 1912 2908 hoc

303 2943 424 3018 ipso
459 2945 571 3002 otio
597 2945 864 3014 nascitur,
889 2945 944 3003 id
990 2953 1092 3016 est,
1122 2953 1186 3002 ut
1230 2944 1518 3002 inhoneste
1558 2961 1672 3002 non
1711 2943 1910 3002 ambu-

305 3036 440 3108 lent,
467 3037 690 3094 dicens:
719 3042 792 3096 Et
823 3042 887 3094 ut
911 3039 1124 3096 honeste
1150 3039 1436 3095 ambuletis
1472 3040 1548 3096 ad
1587 3053 1671 3094 eos
1697 3040 1800 3110 qui
1823 3040 1908 3106 fo-

287 3133 388 3188 ‘ris
410 3138 556 3190 sunt.
591 3134 908 3204 Numquam
934 3141 1134 3206 potest,
1157 3148 1258 3190 nec
1280 3131 1424 3204 apud
1448 3147 1544 3190 eos
1565 3130 1788 3205 quidem
1813 3131 1906 3204 qui

2028 1915 2322 1972 verborum
2365 1913 2609 1972 fomenta
2648 1914 2951 1989 praemittit,
2993 1929 3106 1972 non
3144 1913 3312 1970 ullam
3364 1921 3609 1970 teneram

2022 2024 2215 2067 vocem
2244 2023 2308 2066 ac
2336 2009 2615 2080 blandam,
2636 2017 2698 2065 ut
2720 2009 2793 2066 ibi
2820 2028 2832 2064 :
2865 2012 3132 2078 Rogamus
3160 2013 3342 2064 autem
3360 2022 3472 2072 vos,
3501 2009 3625 2076 fra-

2021 2107 2160 2172 tres,-
2184 2102 2301 2172 sed,
2330 2105 2721 2160 Denunt-iamus
2739 2103 2906 2167 vobis,
2930 2104 3157 2170 fratres,
3187 2103 3249 2156 in
3271 2105 3482 2158 nomine
3516 2105 3621 2157 Do-

2020 2201 2162 2254 mini
2173 2201 2349 2255 nostri
2366 2202 2489 2256 Jesu
2513 2199 2735 2262 Christi,
2763 2203 2826 2253 ut
2863 2197 3202 2254 subtrahatis
3240 2212 3330 2253 vos
3360 2198 3430 2251 ab
3473 2197 3623 2252 omni

2019 2291 2917 2361 fratreambulanteinordinateal
2933 2291 3110 2346 Thess.
3128 2293 3245 2358 III).
3261 2287 3342 2344 lbi
3353 2295 3526 2360 regat,
3537 2287 3628 2345 hic

2019 2384 2320 2443 denuntiat.
2354 2386 2418 2441 ln
2459 2384 2550 2440 illa
2578 2383 2904 2442 blandientis
2932 2381 3184 2453 affectus,
3227 2383 3284 2439 in
3324 2381 3428 2438 hac
3455 2381 3618 2440 obte-

2019 2479 2210 2536 stantis
2225 2478 2486 2537 severitas
2507 2486 2566 2536 et
2589 2477 2871 2535 minantis.
2895 2479 3284 2534 Denuntiamus
3304 2477 3472 2540 vobis,
3493 2477 3623 2544 fra-

2023 2579 2130 2631 tres
2172 2591 2186 2628 :
2237 2574 2366 2647 quia
2418 2573 2570 2646 prius
2631 2579 2888 2644 rogantes
2938 2569 3345 2642 contempsistis
3403 2567 3610 2634 audire,

2019 2667 2214 2725 saltem
2242 2683 2390 2724 nunc
2415 2665 2908 2724 denuntiationibus
2933 2663 3174 2720 obedite.
3213 2666 3509 2736 lpsamque
3531 2661 3622 2719 de.

2019 2761 2419 2819 nuntiationem
2449 2776 2562 2817 non
2589 2759 2740 2816 nudo
2769 2757 2957 2828 verbo,
2977 2756 3074 2814 sed
3097 2772 3224 2814 cum
3253 2754 3622 2813 obtestatione

2019 2855 2258 2913 nominis
2286 2853 2512 2912 Domini
2535 2852 2704 2910 nostri
2731 2854 2862 2909 Jesu
2890 2849 3090 2909 Christi
3114 2849 3408 2907 terribilem
3433 2846 3619 2917 infert,

2019 2963 2092 3005 ne
2117 2946 2262 3005 forte
2307 2948 2616 3020 simplicem
2661 2945 2822 3004 velut
2863 2945 3108 3002 humana
3162 2959 3296 3001 voce
3347 2941 3619 3016 prolatam

2019 3055 2244 3099 rursum
2267 3047 2700 3110 contemnerent,
2726 3054 2828 3096 nec
2849 3052 3184 3111 magnopere
3219 3035 3483 3093 ducerent
3510 3034 3616 3091 oh-

2015 3133 2356 3192 servandam.
2411 3134 2719 3206 Statimque
2763 3119 2793 3165 ά
2840 3140 2903 3189 ut
2944 3129 3307 3204 peritissimus
3363 3126 3618 3185 medicus

303 3229 493 3288 seculi
529 3228 783 3286 homines
822 3237 971 3300 stmt,
1011 3227 1243 3286 honeste
1270 3227 1543 3297 incedere,
1572 3227 1666 3299 qui
1699 3242 1908 3300 nequa-
1939 3212 1986 3277 C
2019 3225 2266 3300 putribus
2294 3227 2581 3296 membris,
2625 3224 2823 3298 quibus
2864 3224 2971 3282 leni
3000 3223 3403 3280 medicamento
3439 3234 3621 3277 reme-

1412 3404 1668 3462 ALARDI
1701 3403 1926 3461 GAZAE]
1963 3402 2520 3460 COMMENTARIUS.

305 3580 517 3633 tantum
529 3579 714 3632 vicinia
727 3593 934 3648 present
941 3579 1019 3633 tia
1035 3578 1266 3648 efﬁcacis
1279 3577 1613 3649 praebebitur
1624 3575 1891 3649 advocati,

301 3651 363 3704 in
376 3654 638 3719 quantum
655 3649 826 3714 fuerit
847 3649 978 3718 ﬁdes
1001 3647 1189 3704 devota
1209 3647 1455 3719 suscepti.
1483 3649 1759 3704 Hactenus
1784 3647 1898 3704 Cia-

302 3719 495 3776 conius
529 3719 816 3794 diligenter
865 3728 920 3775 et
967 3728 1237 3794 accurate.
1289 3721 1464 3794 Porro
1511 3719 1654 3775 hanc
1702 3733 1897 3774 vocem

302 3798 534 3863 usurpat
567 3790 1038 3863 et'Cassianusin
1079 3791 1258 3863 priore
1293 3791 1626 3863 signiﬁcatu,
1665 3804 1786 3861 cap.
1829 3795 1894 3846 14

300 3859 470 3934 hujus
488 3861 606 3934 libri
630 3880 646 3929 ;
679 3861 734 3916 in
773 3859 1228 3934 posteriore'vero
1255 3859 1439 3934 collat.
1469 3865 1506 3915 6
1525 3876 1644 3934 cap.
1676 3859 1758 3934 ιρζ

373 3931 607 3989 iMultis
649 3939 706 3988 et
732 3931 893 3988 variis
929 3932 1165 4000 morbis,
1189 3947 1284 3987 seu
1306 3932 1451 3988 vitiis
1477 3931 1680 3987 aeediat
1703 3932 1758 3987 in
1789 3931 1895 3988 hoc

300 4002 477 4074 capite
515 4003 800 4060 recensitis
827 4003 970 4074 inter
1003 4017 1064 4058 se
1103 4001 1348 4074 cognatis
1391 4003 1894 4074 etgconcomitanti-

297 4071 428 4141 hu‘s,
455 4073 686 4130 totidem
728 4073 952 4145 opponit
991 4071 1294 4145 Aposttilus
1328 4074 1374 4136 (ι
1405 4072 1584 4145 Thess.
1619 4085 1708 4134 Iv,
1749 4077 1800 4127 et
1843 4076 1894 4130 Il

301 4145 484 4202 Thess.
509 4146 626 4214 ιη),
653 4152 708 4200 et
732 4141 1084 4214 ei'Apostolo
1110 4142 1396 4214 Cassianus
1419 4141 1670 4214 antidota
1686 4149 1740 4196 et
1765 4157 1896 4214 con-

293 4215 466 4272 traria
491 4212 714 4272 adhibet
752 4212 1164 4268 medicamenta.
1201 4212 1414 4269 Primus
1446 4212 1676 4268 morbus
1709 4221 1792 4269 est
1818 4213 1898 4270 in-

293 4285 582 4356 quietudo,
607 4300 776 4358 quam
800 4286 871 4358 l_).
894 4284 1191 4356 Gregorius
1199 4285 1524 4358 _(Lib._xgtt_xt
1549 4285 1742 4341 Moral.
1774 4301 1894 4358 cap.

295 4353 386 4427 3!)
423 4353 1243 4427 vocatievagationem'mentis
1290 4353 1362 4412 ad
1399 4355 1584 4412 illicita
1614 4375 1627 4412 :
1657 4353 1899 4414 Audivi-

293 4423 412 4484 mus
438 4426 704 4498 quosdam
735 4423 886 4499 inter
915 4443 1005 4482 vos
1031 4428 1366 4483 ambulantes
1389 4430 1651 4499 inquiete;
1677 4427 1894 4499 antido-

291 4497 463 4571 tumgf
486 4499 716 4571 Operam
745 4498 902 4567 detis,
933 4503 996 4554 ut
1022 4501 1196 4568 quieti
1223 4501 1364 4571 sitis,
1393 4497 1546 4571 quod
1580 4508 1664 4556 est
1686 4497 1898 4571 placide

295 4577 353 4642 et
378 4569 508 4642 sine;
528 4569 768 4642 tumultu
797 4585 974 4642 agere,
1001 4571 1234 4626 aliorum
1258 4569 1502 4642 quietem
1521 4585 1633 4626 non
1652 4569 1887 4626 turbare.

295 4640 609 4698 Secundum
639 4640 854 4696 malum
875 4643 1180 4711 curiositas.
1209 4640 1365 4699 Nihil
1384 4645 1684 4711 operantes,
1704 4642 1798 4696 sed
1815 4657 1897 4696 cu-

296 4714 453 4782 riose
466 4716 710 4782 agentes;
736 4711 1047 4782 antidotum
1067 4706 1085 4766 Ξ
1119 4713 1186 4766 Ut
1207 4706 1440 4767 vestrum
1464 4713 1736 4782 negotium
1755 4728 1896 4782 agas

295 4784 394 4854 tis,
443 4781 550 4838 hoc
593 4791 696 4850 est,
747 4781 1121 4854 unusquisque
1158 4795 1287 4854 suae
1337 4781 1608 4854 vocationi
1659 4789 1716 4838 et
1745 4781 1897 4854 operi

297 4852 545 4953 erat?
587 4855 680 4953 θέεν
867 4851 1375 4953 ξιῑειθίῑνξεδυξρξξ
1405 4851 1897 4953 rem}???
1931 4891 1984 4953 ι)

295 4924 550 4995 morbus,
573 4929 759 4989 otium,
790 4928 899 4980 sive
921 4926 1183 4981 otiositas.
1225 4924 1375 4984 Nihil
1411 4924 1717 4995 operantes:
1759 4924 1900 4980 anti-

295 4994 499 5067 dotum
526 5014 539 5050 :
576 4998 644 5052 Ut
669 4995 962 5067 operemini
983 4996 1237 5067 manibus
1258 4994 1471 5067 vestris.
1504 4997 1774 5067 Quartum
1796 5009 1903 5052 ma-

294 5065 442 5134 lum,
477 5065 792 5124 scandalum
815 5069 1074 5135 aliorum,
1095 5065 1243 5139 quod
1271 5065 1540 5139 signiﬁcat
1551 5107 1580 5139 ,ί
1595 5065 1892 5130 inhoneste,

295 5151 395 5194 seu
418 5139 731 5196 inordinate
753 5139 1064 5206 ambulare;
1088 5137 1398 5194 antidotum
1425 5155 1439 5192 :
1471 5139 1540 5194 Ut
1563 5138 1773 5193 honeste
1791 5153 1899 5192 am-

301 5209 496 5281 buletis
522 5211 706 5281 adreos
743 5213 841 5281 qui
863 5211 1002 5278 foris
1023 5213 1168 5274 sunt,
1193 5208 1251 5264 id
1276 5215 1380 5276 est,
1397 5208 1550 5281 citra
1577 5207 1900 5281 scandalum

296 5279 452 5352 apud
485 5278 860 5364 inﬁdelem—vel
881 5281 978 5410 Si;
999 5295 1228 5364 scopum
1257 5279 1535 5364 Cassiani).
1557 5278 1700 5364 apud
1723 5291 1899 5336 saecu-

297 5351 440 5408 ιω
501 5367 814 5408 versamini.
981 5351 1390 5410 ndallzabantur
1447 5365 1599 5407 enim
1659 5349 1903 5407 [nﬁdeles

297 5436 432 5479 cum
461 5422 718 5480 videbant
748 5423 1088 5482 Christianos
1129 5423 1320 5480 alienis
1346 5423 1511 5480 bonis
1544 5421 1679 5479 velle
1702 5421 1901 5490 vivere,

297 5492 447 5548 sicut
478 5493 917 5552 scandalizentur
937 5495 1220 5552 saeculares
1235 5494 1373 5550 dum
1393 5493 1696 5552 monachos
1719 5493 1905 5561 vident

300 5562 658 5639 vagabundos
695 5573 751 5623 et
790 5567 1017 5639 otiosos.
1063 5567 1297 5639 Quintus
1333 5565 1567 5624 morbus
1612 5565 1903 5639 cupiditas,

302 5646 410 5690 seu
439 5637 869 5722 concupiscentia
897 5654 1082 5694 rerum
1110 5638 1436 5722 alienarum,
1462 5653 1531 5723 ex
1561 5637 1906 5766 qua‘furtum

302 5713 592 5763 nascitur:
619 5711 928 5766 antidotum
957 5729 970 5765 :
998 5714 1072 5766 Et
1094 5711 1302 5766 nullius
1325 5710 1540 5766 aliquid
1606 5711 1901 5766 esideretts.

295 5710 558 5780 nascitur
579 5727 594 5780 ξ
619 5710 928 5766 antidotum
957 5729 970 5765 :
998 5714 1072 5767 Et
1094 5711 1302 5766 nullius
1325 5710 1540 5780 aliquid
1563 5710 1901 5766 desideratis.

296 5778 379 5833 Et
393 5774 467 5853 ad
505 5779 694 5851 Ephes.
736 5797 844 5836 1v:
877 5783 981 5850 Qui
1016 5783 1332 5851 furabatur,
1369 5774 1493 5853 jdm
1531 5797 1638 5840 non
1664 5783 1904 5851 νῆιν-οων»

296 5851 484 5921 magis
499 5856 681 5908 autem
701 5853 926 5923 laboret,
945 5860 1050 5910 etc.

2077 3567 2104 3607 ¹³
2129 3572 2394 3646 Praecepit
2433 3572 2731 3646 Apostolus
2776 3586 2892 3628 non
2943 3569 3217 3646 omnibus,
3249 3576 3305 3625 et
3335 3566 3603 3634 absolute,

2003 3653 2068 3702 ut
2095 3641 2394 3717 operentur
2419 3641 2692 3717 manibus,
2733 3651 2831 3699 aut
2869 3641 3247 3717 mechanicum
3271 3654 3418 3717 opus
3445 3653 3604 3694 exer-

2039 3711 2192 3772 ean't:
2239 3715 2336 3773 sed
2366 3716 2428 3772 iis
2473 3715 2564 3784 qui
2593 3711 2776 3786 egent,
2801 3729 2903 3786 nec
2929 3712 3050 3786 aliis
3071 3711 3390 3786 melioribus
3415 3726 3481 3764 ac
3506 3723 3609 3765 su-

2044 3787 2350 3844 Iimioribus
2386 3783 2658 3843 exercitiis
2689 3793 2783 3842 aut
2820 3783 3191 3840 {unctionibus
3242 3788 3603 3852 occupantur,

2005 3866 2068 3916 ut
2094 3874 2157 3915 ex
2189 3859 2352 3930 dictis
2372 3857 2660 3930 colligitur.

2075 3932 2101 3963 °
2147 3929 2399 3988 Caustica
2445 3920 2888 4000 m‘édicamenta,_
2911 3925 2985 3982 ait
3039 3922 3352 3996 Cuychius;
3411 3920 3606 4000 Graece

2005 4001 2242 4054 καῦστικα
2290 4002 2524 4074 φάρμακα
2552 4008 2707 4074 sunt
2749 3988 2944 4054 acerba
2986 4004 3043 4053 et
3080 3988 3303 4074 austera
3341 3988 3598 4074 medica-

2005 4079 2216 4143 menta,
2244 4065 2437 4143 utpote
2462 4071 2766 4143 incisiones,
2794 4077 2848 4143 et
2872 4083 2933 4143 ea
2957 4081 3080 4140 quae
3106 4065 3313 4143 habent
3334 4065 3445 4143 vim
3471 4075 3603 4142 cau-

2007 4137 2222 4209 sticam,
2251 4137 2448 4208 id'est,
2489 4141 2752 4196 ustivam.
2793 4138 2942 4209 Inde
2968 4137 3250 4206 ῖιαυτήριον,
3281 4137 3606 4209 cauterium,

2004 4203 2447 4282 instrumentum
2477 4219 2560 4282 est
2604 4226 2716 4281 quo
2765 4208 3000 4282 putrida:
3044 4203 3236 4263 carnes
3279 4203 3607 4261 aduruntur.

2007 4284 2145 4352 Vide
2176 4283 2332 4352 plura
2361 4281 2430 4339 ad
2457 4281 2638 4338 collat.
2673 4287 2707 4337 6
2735 4281 2856 4352 cap.
2897 4285 2981 4352 ll.

2077 4343 2106 4386 ά
2133 4343 2253 4410 Hoc
2277 4354 2459 4425 ipsum
2481 4343 2902 4425 D.7Benedic'tus
2932 4351 3080 4425 (Cap.
3109 4353 3176 4404 27
3201 4351 3251 4405 et
3271 4352 3360 4410 28,
3381 4344 3613 4425 ubivide

2010 4415 2363 4493 Turrecreni.)
2390 4424 2571 4481 abbati
2601 4415 3000 4480 observandum
3021 4415 3203 4493 'docet
3243 4434 3389 4493 erga
3405 4415 3608 4493 fratres

2007 4487 2382 4568 delinquentes
2404 4504 2460 4553 et
2494 4495 3022 4562 excommunicatos,
3059 4487 3609 4568 aut_i_ncorr_igibiles,

2008 4559 2186 4644 ani;
2218 4568 2310 4638 ait,
2340 4567 2705 4644 sollicitudine
2725 4582 2910 4622 curam
2945 4559 3101 4644 gerat
3128 4564 3297 4644 abbas
3333 4559 3609 4644 circaue-

2008 4631 2310 4710 linquentes
2344 4643 2572 4710 fratres,
2606 4641 2739 4710 quia
2775 4653 2884 4693 non
2906 4631 2984 4693 est
3010 4651 3144 4707 opus
3169 4636 3322 4710 sanis
3348 4631 3607 4710 medicus,

2007 4701 2118 4766 sed.
2135 4713 2276 4768 male
2315 4701 2634 4767 habentibus
2677 4710 2892 4780 (Matth.
2925 4701 3058 4774 mf
3077 4710 3148 4780 ξε
3179 4706 3300 4760 ideo
3337 4705 3424 4758 uti
3451 4701 3607 4780 debet

2003 4785 2150 4854 omni
2160 4783 2338 4846 modo,
2360 4788 2424 4837 ut
2442 4785 2656 4852 sapiens
2674 4776 2932 4842 medicus,
2954 4786 3058 4833 etc.
3080 4779 3153 4830 Et
3171 4790 3297 4854 cap;
3309 4776 3569 4854 sequenti,
3592 4787 3606 4821 :

2007 4853 2070 4908 Si
2092 4856 2212 4923 quis
2230 4839 2409 4920 frater
2421 4839 2733 4922 frequenter
2754 4839 3024 4918 correptus
3046 4861 3148 4923 pro
3166 4839 3408 4923 qualibet
3427 4839 3615 4921 σᾳιΡαρ,

2010 4925 2062 4979 si
2095 4915 2257 4978 etiam
2293 4915 2777 4977 emco'mnfunicatus
2804 4915 2914 4973 non
2939 4915 3316 4993 emendaverit,
3340 4915 3534 4993 acrior
3561 4915 3612 4963 ei

2009 4994 2230 5049 accedat
2251 4995 2517 5060 correctio,
2547 4993 2609 5046 id
2625 4995 2724 5058 est,
2754 4994 2816 5044 ut
2837 4989 3120 5060 verberum
3146 4983 3389 5060 vindicta
3413 4983 3469 5036 in
3482 4995 3610 5060 eum

2001 5064 2280 5136 procedat.
2313 5063 2463 5136 Quod
2480 5053 2532 5117 si
2549 5077 2642 5118 nec
2665 5053 2759 5136 ita
2774 5059 3088 5136 corruperit,
3114 5060 3251 5136 etc”
3281 5059 3416 5136 tunc
3437 5053 3610 5136 abbas

2005 5126 2201 5206 faciat,
2241 5126 2616 5206 quodsapiens
2637 5131 2889 5206 medicus.
2914 5132 2978 5189 Si
2993 5129 3240 5206 eahibuit
3264 5129 3528 5206 fomenta,
3557 5126 3610 5179 si

2006 5199 2283 5276 unguenta
2329 5199 2784 5267 adhortationum,
2827 5205 2879 5260 si
2911 5203 3267 5259 medicamina
3294 5199 3610 5281 divinarum

2007 5281 2433 5336 Scripturarum.
2449 5279 2500 5332 si
2514 5277 2588 5332 ad
2615 5275 2866 5331 ultimum
2897 5277 3162 5331 ustionem
3189 5283 3608 5327 excommunica-

2189 5293 2433 5341 urat-um,
2449 5292 2496 5332 ει
2514 5292 2588 5332 aa
2615 5292 2866 5331 ultimum
2897 5292 3162 5331 usnonem
3189 5292 3608 5327 ea'wmmunwu-

2011 5295 2433 5350 scripturarum,
2449 5295 2496 5332 St
2514 5295 2588 5332 aa
2615 5295 2866 5331 ultimum
2897 5295 3162 5331 usrwnem
3189 5295 3608 5327 εει-απηιιιωιιαιο

2011 5352 2195 5414 tionis,
2211 5351 2293 5406 vel
2298 5351 2496 5422 plagas
2512 5346 3008 5422 virgarum,_et_jam
3021 5347 3072 5401 si
3085 5345 3278 5422 uiderit
3291 5341 3414 5422 nihl
3417 5341 3436 5396 ι
3449 5354 3614 5422 suam

2004 5411 2322 5493 prmalere.
2333 5411 2708 5486 industridm;
2735 5411 2994 5474 adhibeat
3035 5413 3392 5493 etiam_(_quod
3430 5411 3612 5493 maius

2011 5487 2109 5559 est)
2127 5509 2283 5549 suam
2300 5498 2352 5548 et
2377 5495 2618 5549 omnium
2636 5494 2874 5560 fratrum
2887 5505 2990 5562 pro
3014 5504 3071 5562 eo
3099 5489 3412 5562 orationem,
3432 5487 3497 5562 ut
3514 5487 3614 5538 Deo

2010 5556 2188 5621 minus
2209 5568 2310 5636 qui
2317 5567 2498 5638 omnia
2507 5556 2711 5638 potest,
2726 5556 2968 5638 operetur
2979 5561 3207 5638 salutem
3221 5559 3360 5638 circa
3379 5556 3613 5638 fratrem

2013 5627 2308 5706 inﬁrmum.
2341 5637 2494 5706 Quod
2507 5627 2674 5692 ’sinec
2686 5627 2794 5690 isto
2820 5634 2974 5690 modo
3009 5635 3246 5706 sanatus
3261 5627 3458 5706 fuerit,
3485 5627 3612 5706 tunc

2003 5696 2127 5780 jam
2145 5696 2524 5764 utaturbbbas
2543 5709 2692 5776 ferro
2715 5707 3076 5767 abscissionis,
3101 5706 3162 5780 u_t
3187 5701 3271 5780 ait
3287 5696 3612 5780 :

2013 5765 2245 5850 'Auferte
2269 5781 2471 5836 malum
2499 5765 2568 5836 ea:
2587 5780 2769 5846 vobis;
2797 5782 2848 5834 et
2865 5765 3065 5833 iterum
3079 5793 3096 5828 :
3117 5765 3354 5840 Ιηπάθτίέ

2015 5837 2190 5916 cedat,
2224 5867 2289 5908 ne
2313 5867 2424 5908 una
2445 5854 2560 5908 eois
2579 5837 2796 5908 mortua
2819 5862 3026 5906 omnem
3042 5837 3252 5914 gregem
3267 5837 3612 5893 contaminet.
