4012 6192
416 242 520 302 373

1750 232 2030 289 JOANNIS
2066 231 2375 289 CASSIANI

3617 227 3723 283 3'76

413 368 565 425 dium
595 365 736 423 ferre
775 380 887 422 non
913 363 1113 438 potuit,
1159 361 1370 420 mederi
1399 358 1672 435 .spiritalis
1708 357 1841 415 ferri
1870 359 2010 415 inci-
2044 364 2097 425 Α
2123 357 2431 431 inquietum
2457 356 2597 413 inter
2618 368 2714 412 eos
2740 368 2853 410 non
2877 351 3049 409 fuisse
3074 366 3170 424 per
3200 348 3380 422 operis
3407 348 3729 406 exercitium

414 461 569 517 sione
592 466 863 532 pertentat
886 475 901 513 :
925 463 986 514 ut
1007 458 1344 514 subtrahatis
1363 470 1475 518 vos,
1492 453 1765 526 inquiens,
1789 453 1857 507 ab
1876 454 2023 507 omni

414 557 597 623 fratre
616 554 925 609 ambulante
941 551 1251 606 inordinate
1271 554 1322 604 et
1338 564 1445 604 non
1467 547 1754 603 secundum
1773 546 2023 601 traditio-

419 664 560 713 nem,
591 664 755 718 quam
783 648 1097 716 acceperunt
1121 660 1156 698 a
1181 644 1354 698 nobis.
1387 644 1581 714 Itaque
1608 640 1679 697 ab
1703 639 1791 695 his
1810 639 1903 712 qui
1932 655 2021 695 va-

416 755 540 797 care
569 720 718 812 operi
758 740 975 805 nolunt,
1005 737 1162 809 jubet
1199 733 1472 803 subtrahi,
1515 741 1572 789 et
1599 732 1748 789 velut
1773 730 2022 787 membra

425 834 522 890 otii
552 842 806 905 corrupta
832 831 1114 905 putredine
1143 829 1410 888 desecari:
1433 844 1503 884 ne
1526 827 1741 883 inertiae
1768 825 2022 892 morbus,

425 927 576 983 velut
606 926 805 983 lethale
849 926 1193 998 contagium,
1228 925 1396 980 etiam
1429 936 1592 978 sanas
1639 921 2025 976 membrorum

423 1029 606 1094 partes
630 1021 757 1077 tabe
777 1028 1024 1093 serpente
1053 1026 1404 1090 corrumpat;
1446 1015 1801 1087 dicturusque
1834 1015 1903 1071 de
1943 1013 2025 1070 his

423 1114 513 1187 qui
544 1114 755 1187 operari
783 1114 1043 1170 manibus
1064 1113 1179 1168 suis
1195 1111 1411 1177 nolunt,
1434 1117 1487 1164 et
1505 1124 1699 1181 panem
1719 1124 1881 1164 suum
1900 1122 2028 1163 cum

421 1208 637 1265 silentio
666 1207 1024 1275 manducare,
1045 1222 1076 1261 a
1106 1205 1308 1277 quibus
1334 1204 1500 1259 etiam
1528 1202 1789 1275 prmeepit
1816 1199 2030 1257 subtra-

424 1300 706 1369 hendum;
734 1300 987 1372 qualibus
1006 1314 1102 1355 eos
1123 1314 1152 1354 a
1189 1297 1460 1370 principio
1486 1294 1791 1367 opprobriis
1820 1294 2027 1363 inurat,

424 1391 712 1449 attendite.
746 1395 809 1448 In
840 1392 1028 1464 primis
1053 1390 1398 1448 inordinatos
1418 1389 1569 1457 dicit,
1593 1404 1695 1444 nec
1722 1385 2028 1444 secundum

422 1501 580 1543 suam
607 1485 961 1541 traditionem
1007 1484 1322 1541 ambulare:
1360 1482 1478 1539 aliis
1518 1481 1699 1538 verbis
1731 1489 2029 1537 contuma-

426 1592 516 1634 ces
543 1593 657 1648 eos,
699 1586 890 1649 utpote
914 1579 1008 1649 qui
1049 1578 1260 1633 nollent
1284 1576 1443 1648 juxta
1472 1573 1872 1631 institutionem
1912 1572 2031 1644 ejus

428 1671 699 1739 incedere,
729 1681 788 1727 et
814 1672 1134 1727 inhonestos
1168 1685 1290 1727 esse
1314 1669 1631 1742 designans,
1660 1667 1716 1723 id
1747 1676 1850 1734 est,
1871 1669 1897 1698 ⁸
1921 1680 2033 1721 non

424 1764 813 1836 processionis,
858 1780 970 1819 non
1006 1763 1351 1832 visitationis,
1397 1776 1510 1817 non
1539 1759 1710 1828 verbi,
1741 1775 1858 1816 non
1885 1766 2022 1814 tem-
2056 1768 2103 1831 Β

424 1857 573 1930 poris
586 1858 1058 1929 opportunitatem
1072 1871 1376 1927 congruam
1390 1854 1787 1926 honestamque
1810 1860 2028 1910 sectan—

430 1957 532 2006 tes.
564 1949 837 2007 Omnibus
859 1951 1008 2007 enim
1038 1951 1159 2006 istis
1186 1949 1332 2004 vitiis
1358 1948 1727 2004 inordinatum
1757 1961 2031 2019 quemque

428 2057 646 2100 necesse
674 2052 757 2100 est
794 2044 1092 2115 subjacere.
1124 2047 1196 2099 Et
1223 2060 1329 2097 non
1364 2043 1657 2098 secundum
1685 2042 2031 2097 traditionem

432 2152 596 2205 quam
630 2141 944 2207 acceperunt
971 2152 1007 2190 a
1057 2137 1245 2190 nobis:
1295 2144 1351 2191 et
1399 2135 1457 2190 in
1506 2134 1613 2191 hoc
1660 2134 1889 2191 rebelles
1934 2150 2030 2191 eos

429 2228 844 2303 quodammodo
868 2235 920 2283 et
938 2235 1344 2300 contemptores
1366 2235 1545 2293 notat,
1563 2228 1654 2298 qui
1676 2227 2031 2285 traditionem

432 2338 598 2396 quam
626 2331 954 2395 acceperunt
980 2322 1049 2378 ab
1090 2338 1176 2392 60,
1223 2331 1409 2379 tenere
1457 2330 1888 2391 contemnerent,
1931 2336 2032 2377 nec

433 2412 632 2469 imitari
661 2413 856 2468 vellent
884 2412 962 2479 id,
987 2412 1134 2485 quod
1163 2413 1492 2485 magistrum
1520 2428 1635 2469 non
1653 2413 1835 2469 solum
1865 2411 2030 2468 verbo

433 2506 687 2565 docuisse
715 2508 1087 2573 meminerint,
1116 2508 1217 2565 sed
1242 2508 1408 2565 etiam
1437 2524 1603 2580 opere
1630 2509 1885 2565 noverint
1908 2522 2030 2579 per-

434 2600 643 2660 fecisse.
673 2606 789 2673 Ipsi
814 2605 955 2657 enim
989 2605 1136 2658 scitis
1158 2603 1609 2672 quemadmodum
1641 2606 1879 2672 oporteat
1904 2603 2034 2657 imi-

434 2698 546 2752 tari
559 2711 672 2752 nos.
697 2698 1003 2752 Immunem
1029 2695 1314 2752 cumulum
1343 2695 1775 2767 reprehensionis
1802 2711 2030 2769 exagge-

433 2796 540 2855 rat,
583 2804 715 2845 cum
756 2788 863 2845 hoc
907 2803 1002 2845 eos
1042 2789 1246 2862 asserit.
1282 2805 1394 2845 non
1430 2789 1742 2857 observare,
1785 2789 1934 2862 quod
1978 2798 2036 2846 et

436 2882 720 2940 memoriae
744 2898 941 2939 eorum
970 2882 1251 2951 inhaereat,
1278 2891 1335 2939 et
1357 2882 1425 2939 ad
1453 2882 1785 2940 imitandum
1808 2899 1920 2939 non
1938 2899 2033 2940 so-

434 2977 576 3049 lum,
608 2978 775 3035 verbo
804 2979 1126 3049 instruente,
1163 2978 1468 3046 didicerint,
1510 2978 1607 3035 sed
1633 2978 1820 3048 etiam,
1849 2994 2033 3035 exem-

435 3071 525 3143 plo
547 3087 779 3144 operum
807 3074 1159 3144 pro’vocante,
1185 3072 1538 3144 susceperint.

1017 3174 1260 3229 CAPUT
1297 3175 1448 3229 VIII.

442 3270 595 3336 Quod
607 3286 810 3327 necesse
820 3272 894 3326 sit
908 3272 1211 3341 inquietum
1225 3287 1334 3327 esse
1346 3288 1467 3327 eum
1485 3275 1583 3342 qui
1598 3289 1753 3344 opere
1771 3290 2032 3332 manuum

760 3358 983 3398 suarum
1012 3357 1117 3397 non
1142 3344 1258 3398 vult
1286 3359 1394 3398 esse
1415 3349 1707 3400 contentus.

2127 453 2489 524 comprobare
2525 465 2621 508 eos
2661 449 2757 523 qui
2798 447 3013 521 operari
3059 445 3273 515 nolunt,
3317 443 3537 501 abunde
3584 452 3742 502 notat

2128 546 2416 604 otiositatis
2459 545 2588 601 vitio
2630 543 2904 616 inquietos
2917 542 3161 613 fsemper
3204 539 3455 595 existere.
3487 548 3509 573 °
3553 541 3734 610 Neque

2130 643 2306 712 gratis
2350 655 2549 712 panem
2573 640 3018 695 manducavimus
3059 636 3130 690 ab
3164 635 3369 704 aliquo.
3395 635 3500 689 Per
3523 632 3735 706 singula

2129 735 2294 791 verba
2318 733 2775 807 interpretationis
2797 730 3046 789 auxesim
3072 726 3202 784 facit
3232 729 3442 782 Doctor
3465 725 3733 798 gentium.

2132 828 2458 887 Prmdicator
2502 826 2780 900 Evangelii
2824 825 2953 883 dicit
2991 840 3051 880 se
3092 838 3205 879 non
3236 820 3401 895 gratis
3437 836 3635 893 panem
3663 821 3735 878 ab

2132 924 2316 997 aliquo
2336 922 2720 990 manducasse,
2750 920 2842 993 qui
2871 919 3025 975 novit
3048 916 3357 974 Dominum
3389 915 3735 988 praecepisse,

2133 1024 2196 1072 ut
2223 1015 2314 1087 qui
2357 1012 2713 1085 Evangelium
2743 1010 3064 1067 denuntiant
3105 1008 3175 1065 de
3216 1006 3511 1080 Evangelio
3558 1007 3739 1064 vivant

2139 1111 2162 1165 Ι
2191 1110 2308 1166 Cor.
2336 1110 2460 1176 1x);
2486 1115 2541 1163 et
2563 1120 2782 1163 rursum
2815 1123 2828 1161 :
2854 1107 3066 1175 Dignus
3093 1107 3176 1158 est
3202 1104 3481 1172 operarius
3506 1102 3621 1157 cibo
3642 1116 3739 1157 suo

2137 1202 2359 1275 (Matth.
2387 1208 2471 1267 χ).
2499 1203 2641 1257 Cum
2662 1198 2840 1269 itaque
2868 1197 3097 1269 [utique]
3125 1211 3236 1252 non
3259 1195 3422 1268 gratis
3447 1194 3539 1266 qui
3571 1197 3739 1251 Evan-

2136 1295 2338 1369 gelium
2374 1292 2724 1366 praedicabat,
2764 1300 2879 1347 tam
2922 1290 3161 1347 sublime
3199 1304 3263 1345 ac
3306 1286 3548 1360 spiritale
3596 1302 3740 1360 opus

2135 1404 2410 1458 exercens,
2452 1388 2638 1444 cibum
2669 1386 2769 1443 sibi
2798 1384 3105 1442 Dominicae
3124 1383 3389 1456 jussionis
3419 1382 3739 1440 auctoritate

2134 1490 2514 1557 praesumeret,
2532 1536 2541 1557 ι
2561 1480 2697 1552 quid
2723 1495 2826 1536 nos
2857 1478 3139 1547 iaciemus,
3185 1478 3383 1550 quibus
3423 1493 3539 1533 non
3563 1477 3740 1535 solum

2138 1579 2286 1635 nulla
2332 1577 2641 1651 praedicatio
2688 1575 2838 1632 verbi
2883 1574 3179 1631 commissa
3208 1582 3312 1642 est,
3358 1572 3457 1630 sed
3492 1589 3597 1629 nec
3632 1572 3739 1631 ulla

2139 1673 2384 1745 quidem,
2420 1672 2523 1729 nisi
2551 1671 2750 1727 animat
2786 1679 2992 1727 nostra:
3039 1670 3208 1736 solius
3235 1684 3366 1725 cura
3392 1668 3689 1726 mandatur
3716 1672 3740 1726 ἓ

2133 1754 2161 1798 ἀ
2201 1768 2320 1836 Qua
2368 1764 2563 1821 ﬁducia
2593 1764 2784 1820 otiosis
2825 1762 3080 1820 manibus
3127 1763 3296 1835 gratis
3344 1777 3542 1833 panem
3582 1776 3739 1818 eom-

2136 1861 2296 1918 edere
2342 1860 2684 1929 audebimus,
2718 1874 2885 1931 quem
2933 1861 3041 1916 Vas
3085 1857 3385 1925 electionis,
3431 1857 3741 1929 evangelica

2137 1952 2495 2010 sollicitudine
2522 1960 2577 2008 et
2603 1950 2990 2024 praedicatione
3036 1949 3388 2016 constrictus,
3413 1948 3527 2004 sine
3570 1962 3741 2019 opere

2137 2062 2402 2105 manuum
2445 2045 2735 2104 comedere
2760 2062 2871 2102 non
2915 2044 3246 2119 pratsumit?
3282 2045 3388 2101 Sed
3439 2047 3497 2098 in
3539 2044 3738 2107 labore,

2137 2140 2331 2212 inquit,
2352 2146 2403 2197 et
2429 2142 2775 2210 fatigatione,
2805 2144 2958 2196 nocte
2986 2144 3037 2195 et
3060 2140 3150 2194 die
3170 2138 3467 2209 operantes,
3496 2153 3563 2192 ne
3585 2151 3741 2206 quem

2138 2240 2373 2291 vestrum
2392 2250 2738 2305 gravaremus
2762 2235 2826 2305 (II
2856 2235 3034 2290 Thess.
3061 2232 3175 2304 tu).
3198 2231 3355 2289 Aduc
3372 2230 3742 2287 additamenta

2137 2345 2253 2386 sua:
2290 2328 2657 2401 castigationis
2700 2337 3006 2403 exaggerat.
3064 2330 3190 2383 Non
3226 2325 3373 2382 enim
3420 2324 3743 2396 simpliciter

2139 2420 2295 2489 dixit,
2323 2437 2436 2477 non
2471 2420 2811 2478 comedimus
2851 2436 3049 2493 panem
3093 2419 3260 2493 gratis
3308 2418 3374 2473 ab
3421 2416 3606 2488 aliquo
3644 2430 3741 2472 ve-

2138 2524 2337 2585 strum,
2368 2524 2425 2572 et
2461 2515 2742 2587 hucusque
2770 2515 2940 2583 stetit,
2991 2522 3206 2588 poterat
3231 2513 3377 2568 enim
3406 2509 3575 2567 videri
3609 2526 3741 2583 pro-

2139 2608 2261 2682 prio
2309 2609 2591 2681 otioseque
2635 2616 2863 2682 sumptu
2911 2624 2975 2664 ac
3013 2607 3294 2664 recondita
3339 2602 3586 2678 pecunia,
3658 2603 3745 2660 vel

2140 2702 2396 2771 aliorum,
2421 2702 2547 2759 licet
2569 2718 2682 2759 non
2710 2702 2968 2769 istorum,
2997 2700 3288 2757 collatione
3312 2714 3409 2755 seu
3430 2696 3744 2754 muneribus

2140 2803 2477 2852 sustentatus
2513 2794 2701 2864 fuisse,
2740 2796 2835 2850 sed
2866 2797 2925 2849 in
2966 2794 3163 2857 labore,
3200 2792 3397 2864 inquit,
3427 2792 3745 2859 fatigatione

2140 2895 2286 2946 nocte
2310 2906 2372 2945 ac
2400 2891 2489 2945 die
2507 2894 2801 2960 operantes,
2823 2888 2878 2944 id
2903 2896 3009 2958 est,
3034 2896 3226 2944 nostro
3253 2901 3415 2958 opere
3438 2883 3746 2957 specialiter

2140 2982 2445 3038 sustentati.
2474 2984 2546 3037 Et
2573 2982 2699 3051 hoc,
2733 2981 2932 3054 inquit,
2972 2997 3085 3037 non
3124 2996 3223 3052 pro
3252 2988 3442 3036 nostra
3474 2977 3745 3034 voluntate

2143 3074 2608 3147 perpetrabamus,
2639 3090 2740 3131 nec
2780 3073 3287 3147 prodelectatione,
3326 3080 3391 3129 ut
3435 3070 3652 3143 requies
3688 3076 3747 3127 et

2068 3164 2114 3228 C
2144 3169 2465 3225 exercitium
2504 3169 2748 3242 corporis
2790 3168 3075 3236 invitabat,
3117 3166 3215 3223 sed
3263 3174 3326 3223 ut
3351 3164 3644 3221 necessitas
3686 3171 3748 3220 et

2138 3261 2319 3334 inopia
2361 3262 2536 3320 victus
2577 3278 2692 3320 non
2722 3263 2841 3318 sine
2884 3261 3091 3333 ingenti
3140 3258 3452 3333 fatigatione
3498 3257 3746 3331 corporis

2141 3354 2320 3412 facere
2346 3356 2726 3429 compellebat.
2769 3357 2894 3411 Non
2934 3354 3115 3410 solum
3158 3367 3397 3424 namque
3425 3367 3521 3423 per
3564 3358 3745 3407 totum

508 3434 535 3473 ¹³
563 3444 700 3509 Quia
725 3459 829 3499 non
868 3448 1097 3515 inquieti
1119 3447 1329 3514 fuimus
1365 3448 1509 3501 inter
1529 3463 1640 3501 vos.
1672 3449 1812 3503 Cum
1839 3463 1896 3504 se
1923 3447 2039 3503 vult
2144 3448 2249 3506 diei
2274 3451 2534 3522 spatium,
2566 3449 2663 3506 sed
2688 3449 2855 3506 etiam
2883 3447 3058 3503 noctis
3090 3455 3361 3519 tempore,
3396 3444 3546 3517 quod
3573 3443 3741 3516 quieti

1544 3556 1798 3610 ALARDI
1836 3557 2061 3614 GAZ/El
2096 3558 2652 3615 COMMENTARIUS.
3180 3554 3189 3559 ”

513 3650 540 3680 ³
572 3648 865 3724 Respicere
895 3649 1109 3724 videtur
1154 3650 1284 3707 illud
1324 3652 1663 3709 Ecclesiastis
1704 3654 1853 3724 (Cap.
1905 3661 2040 3722 ut):

448 3719 643 3793 Omnia
671 3724 879 3793 tempus
901 3722 1130 3788 habent;
1162 3727 1364 3793 tempus

444 3791 661 3869 quendi,
691 3800 794 3869 etc:
823 3792 993 3869 Sic_et
1031 3791 1604 3869 tempus'prpcedendi
1633 3791 2044 3869 foras,_supple,

442 3861 861 3919 ad.visitandos
903 3863 1119 3932 fratres,
1149 3861 1232 3919 vel
1270 3861 1538 3931 infirmos,
1586 3866 1736 3937 quod
1764 3866 1855 3922 hic
1883 3861 2042 3925 vocat

443 3949 725 4017 congruam
753 3938 1205 4017 opportunitatem
1228 3938 1580 4017 processionis
1606 3942 1661 4017 et
1687 3941 2038 4017 visitatipnis,

440 4018 605 4076 quam
635 4005 889 4062 homines
913 4007 1205 4063 inordinati
1228 4005 1283 4063 et
1311 4006 1608 4064 honestatis
1641 4007 1915 4067 incuriosi
1930 4005 2042 4067 non

439 4076 744 4206 (ipssrvant,
773 4078 1078 4135 nescientes
1106 4078 1161 4134 in
1208 4079 1468 4137 omnibus
1508 4095 1725 4136 servare
1751 4080 2035 4139 decorum.

498 4164 532 4203 n
575 4164 604 4205 e
635 4165 822 4206 versus
851 4170 863 4206 :
1762 4205 1768 4206 κ

498 4164 604 4206 nae
635 4165 822 4206 versus
851 4170 863 4206 Ξ

568 4254 772 4303 Rustica
800 4255 1056 4318 progenies
1082 4256 1241 4308 nescit
1258 4256 1441 4308 habere
1466 4258 1690 4309 modum.

507 4349 1098 4446 ξξρεέειξρριτίρειηει
1126 4372 1461 4446 arreptum
1492 4366 1829 4446 Apostoliw
1859 4366 2037 4422 Thess-

440 4426 539 4507 m_)
559 4426 627 4482 de
642 4442 805 4496 opere
826 4430 1069 4507 manuali
1089 4426 1157 4507 ad
1180 4426 1463 4507 vitandum
1492 4426 1667 4490 otium
1686 4426 1895 4507 aliaque
1915 4452 2037 4507 pec-

440 4504 577 4575 cata
608 4497 910 4575 exercendo
953 4500 1204 4575 superius
1244 4501 1564 4575 allegatum,
1614 4507 1788 4575 pergit
1804 4497 2043 4562 'Au'ctor

439 4565 773 4646 ad_ejusde_m
808 4565 1057 4646 Apostoli
1084 4565 1392 4646 exemplum
1415 4565 1852 4646 proponendum.
1881 4578 2042 4646 Quod

440 4637 586 4724 enim
617 4638 787 4724 verbo
815 4637 892 4724 et.
902 4641 1112 4724 scripto
1159 4637 1653 4724 doépitﬂapost’olus
1683 4637 2042 4724 lfaulusChoc

439 4709 673 4786 et__facto
714 4711 987 4786 praestitit,
1017 4709 1466 4786 idque‘pluribgus
1495 4715 1551 4771 in
1601 4716 1738 4773 locis
1779 4709 2040 4776 testatum

438 4781 681 4866 reliquit.
706 4781 856 4866 ςΗᾳᾳ
905 4785 1052 4866 enim
1090 4781 1293 4866 'fecis'se
1352 4785 1753 4866 Thessalonicae
1798 4804 1869 4846 ex
1923 4790 2040 4863 ejus

439 4855 756 4931 testimonio
797 4855 883 4912 hic
921 4856 1092 4913 citato
1139 4865 1372 4931 constat.
1423 4860 1544 4915 Hoc
1589 4859 1770 4931 ipsum
1823 4855 2039 4931 postea,

439 4925 632 4996 Ephesi
660 4942 787 4982 cum
815 4938 1144 5002 moraretur,
1188 4929 1382 5002 egisse,
1419 4930 1584 4987 etiam
1612 4925 1743 5002 "ipse
1777 4925 2038 5002 afﬁrmat,

438 5009 565 5075 cum
595 5010 689 5051 eos
716 5004 1053 5075 contestatur
1078 5000 1164 5055 his
1192 5000 1372 5058 verbis
1396 5020 1407 5056 :
1430 5005 1555 5075 Ipsi
1586 5000 1754 5068 scitis,
1787 5000 2041 5075 quoniam

438 5065 514 5150 ad
540 5082 619 5150 ea.
643 5083 762 5136 quia
789 5068 930 5150 mihi
970 5085 1103 5138 opus
1131 5076 1320 5150 erant,
1346 5078 1397 5150 et
1423 5065 1505 5129 his
1525 5078 1636 5150 qui
1660 5065 1863 5150 meeum
1888 5082 2036 5150 sunt,

435 5142 879 5213 ministraverunt
900 5153 1091 5193 manus
1118 5142 1238 5213 istae
1260 5144 1406 5213 (Act.
1438 5142 1563 5213 xxi.
1597 5147 1668 5201 Et
1694 5147 1762 5203 ad
1790 5148 2034 5205 Corinth.

435 5207 710 5284 scribens;
750 5210 1094 5284 Laboramus,
1125 5210 1319 5283 inquit,
1349 5207 1628 5284 operantes
1652 5220 1901 5273 manibus
1946 5235 2041 5274 no-

436 5280 572 5352 stris
587 5280 629 5352 (1
657 5281 894 5336 Corinth.
924 5280 1003 5352 χ).

507 5350 613 5431 fid
641 5358 741 5431 est,
772 5350 1214 5431 manducandum
1237 5355 1567 5431 accepimus.
1603 5357 1768 5431 Panis
1794 5359 2036 5431 nomine,

475 5418 702 5501 pidquid
745 5420 814 5477 ad
870 5423 1098 5501 victum_
1116 5418 1646 5501 pertinet'Hebrazis
1699 5418 2031 5501 intelligitur:

494 5490 601 5547 nde
653 5493 812 5549 Luca:
860 5508 1009 5550 XIV:
1059 5490 1187 5552 eum
1230 5500 1482 5552 intrasset
1522 5501 1673 5553 Jesus
1718 5502 1777 5553 in
1820 5490 2036 5558 demum

435 5562 702 5619 Pharisaei
722 5565 947 5641 sabbato
964 5567 1293 5641 manducare
1306 5585 1525 5638 panem,
1550 5568 1604 5625 id
1623 5576 1725 5641 est,
1746 5572 2032 5641 prandere,

433 5641 531 5715 aut
553 5639 891 5715 cmnareLEt
918 5638 942 5691 Ι
973 5639 1107 5709 Reg.
1137 5653 1243 5694 xxv
1273 5656 1287 5693 :
1315 5641 1654 5715 Maledictus,
1684 5638 1857 5713 inquit
1883 5638 2032 5715 Saul,

432 5707 826 5793 quiicomederit
845 5724 1044 5779 panem
1067 5707 1656 5793 usqueadpesperam.
1677 5707 1905 5793 partem
1932 5707 2034 5793 ροζ

432 5776 650 5835 minans
681 5776 866 5836 omne’
890 5795 1065 5853 genus
1103 5776 1209 5837 cibi
1239 5776 1531 5855 intellexit;
1586 5783 1730 5844 unde
1769 5785 2034 5844 Jonathas

1392 3725 1622 3796 tacendi,
1641 3729 1709 3796 _et
1737 3730 1944 3796 tempus
1973 3728 2047 3781 lo-

2153 3665 2368 3730 gustato
2410 3658 2571 3714 melle
2616 3671 2742 3713 reus
2783 3655 3169 3713 exsecrationis
3205 3653 3426 3730 habitus
3471 3662 3552 3709 est
3611 3654 3752 3730 (Au-

2154 3728 2296 3798 gust.
2321 3730 2411 3783 lib.
2439 3730 2505 3783 de
2522 3731 2689 3799 Opere
2709 3744 2884 3784 mona.
2903 3745 2949 3783 c.
2977 3734 3007 3784 3
3027 3732 3078 3783 et
3102 3733 3177 3793 4).
3202 3729 3373 3853 Negat
3393 3733 3573 3780 autem
3601 3728 3754 3807 Apo-

2154 3799 2329 3853 stolus
2353 3815 2547 3853 nauem
2575 3814 2633 3853 se
2660 3799 3016 3853 manducasse
3037 3798 3225 3853 aratis.
3265 3798 3280 3852 i
3344 3804 3447 3853 est.
3477 3802 3750 3853 gratuito.

2152 3796 2329 3855 etolus
2353 3815 2547 3870 panem
2561 3796 2633 3855 ’se
2660 3799 3016 3871 manducasse
3037 3798 3225 3871 gratis,
3265 3796 3319 3853 id
3344 3804 3447 3871 est,
3477 3796 3751 3871 gratuito,

2153 3885 2249 3926 seu
2281 3865 2525 3952 ἐξώρμα
2570 3870 2881 3952 largitione;
2927 3870 3007 3925 vel
3035 3865 3270 3952 fotiose2
3316 3866 3457 3952 nihil
3488 3865 3747 3952 agendo,

2148 3936 2529 4025 quodvGallice
2569 3936 2800 4024 dicimus
2818 3936 3397 4025 pounneantpidque
3424 3936 3623 4025 dupliqi
3662 3953 3754 4025 rag-

2148 4008 2297 4069 tione
2321 4033 2333 4069 :
2367 4014 2606 4095 primum
2632 4013 2756 4095 quia
2787 4008 3066 4095 insudare
3095 4008 3755 4095 vultus—suijescebatur

2149 4099 2285 4155 pane
2308 4081 2430 4148 suo,
2460 4084 2541 4140 vel
2571 4081 2767 4155 utipse
2786 4082 2999 4139 subdit:
3024 4086 3086 4138 In
3105 4083 3308 4155 labore,
3325 4086 3376 4135 et
3394 4081 3751 4155 fatigatione,

2147 4151 2294 4210 nocte
2336 4161 2386 4210 et
2415 4157 2502 4211 die
2541 4151 2841 4223 operando;
2871 4162 2991 4224 tum
3035 4152 3157 4224 quia
3208 4151 3756 4224 ratione_ministerii

2148 4225 2435 4297 evangelici
2465 4220 2767 4297 debebatur
2804 4224 2855 4297 ei
2888 4220 3165 4297 alimonia.
3197 4225 3321 4297 Non
3367 4220 3511 4297 enim
3548 4235 3755 4297 panem

2147 4291 2314 4368 gratis
2341 4294 2641 4350 manducet
2672 4296 2764 4368 qui
2788 4294 2856 4351 de
2879 4294 3173 4368 Evangelio
3203 4293 3356 4368 vivit,
3379 4291 3602 4368 etiamsi
3633 4307 3755 4368 gna-

2148 4362 2310 4438 nibus
2328 4381 2436 4438 non
2460 4362 2716 4436 operetur
2743 4385 2756 4421 :
2780 4366 2975 4438 accipit
3007 4362 3152 4421 enim
3180 4364 3284 4438 sibi
3307 4363 3576 4438 debitum,
3602 4362 3752 4419 sicut

2070 4460 2121 4521 D
2153 4436 2267 4521 ipse
2297 4436 2458 4521 paulq
2489 4434 2613 4507 post
2656 4434 2921 4521 signiﬁcat
2955 4435 3237 4521 potestatis
3259 4450 3374 4521 suae
3405 4434 3755 4521 mentionem

2152 4507 2374 4575 faciens,
2402 4510 2519 4563 Non
2565 4511 2725 4578 quasi
2757 4525 2861 4564 non
2890 4510 3235 4563 habuerimus
3258 4511 3596 4576 potestatem.
3635 4513 3753 4561 etc.

2219 4566 2247 4611 ά
2278 4577 2487 4633 Eodem
2544 4589 2866 4633 argumento
2916 4582 2984 4633 D.
3038 4579 3404 4633 Hierenvmus
3451 4577 3643 4633 (Epist.
3691 4578 3753 4633 4)

2219 4577 2247 4611 α
2278 4577 2487 4634 Eodem
2544 4577 2866 4651 argumento
2916 4582 2984 4634 D.
3038 4579 3404 4650 Hieronymus
3451 4577 3643 4649 (Epist.
3691 4578 3755 4644 4)

2148 4651 2442 4706 Rusticum
2475 4651 2806 4707 monachum
2834 4648 2903 4705 ab
2940 4649 3054 4706 otio
3081 4649 3338 4730 deterret,
3387 4657 3458 4729 et.
3484 4647 3551 4730 ad
3601 4661 3750 4730 opus

2149 4736 2410 4794 manuum
2438 4737 2539 4794 suo
2567 4730 2816 4794 tempore
2862 4720 3224 4794 exercendum
3246 4736 3335 4794 ac
3381 4720 3759 4794 spiritualibns

2148 4790 2634 4849 intermiscendum
2677 4790 2998 4848 exstimulat
3037 4791 3123 4847 his
3151 4790 3362 4847 verbis:
3413 4790 3592 4845 Facito
3645 4792 3756 4845 ali-

2148 4865 2282 4933 quid
2304 4868 2503 4934 operis,
2518 4870 2580 4919 ut
2597 4869 2647 4919 te
2668 4880 2869 4934 semper
2887 4863 3133 4918 diabolus
3151 4864 3393 4917 inveniat
3408 4866 3753 4934 occupatum.

2148 4937 2211 4991 Si
2254 4933 2501 5005 Apostoli
2526 4933 2782 4991 habentes
2801 4939 3118 5005 potestatem
3155 4934 3220 4988 de
3243 4933 3536 5003 Evangelia
3569 4935 3756 5005 eicere

2149 5004 2469 5061 laborabant
2495 5008 2740 5061 manibus
2769 5004 2900 5069 suis,
2923 5022 2988 5060 ne
3011 5021 3165 5076 quem
3195 5009 3503 5075 gravarent,
3543 5006 3595 5057 et
3609 5004 3759 5076 aliis

2151 5078 2462 5132 tribuebant
2499 5079 2790 5146 refrigeria
2810 5074 3038 5147 quorum
3057 5093 3155 5147 pro
3179 5074 3563 5147 spiritualibus
3585 5074 3760 5130 debe-

2149 5147 2279 5203 bant
2296 5153 2490 5203 metere
2525 5151 2770 5203 carnalia
2792 5165 2924 5216 ;cur
2943 5152 3002 5203 tu
3021 5150 3080 5203 in
3099 5164 3227 5202 usus
3253 5152 3370 5202 tuos
3396 5162 3613 5201 cessura
3639 5161 3757 5216 non

2140 5234 2418 5290 prepares
2440 5222 2469 5274 ?
2503 5221 2586 5274 vel
2616 5220 2868 5289 ﬁscellam
2896 5223 3013 5275 texe
3027 5219 3211 5289 junco,
3244 5219 3558 5290 etc.”Urget
3600 5215 3759 5290 idern

2146 5288 2533 5363 argnmentum
2561 5288 2730 5363 etiam
2769 5293 2841 5345 D.
2872 5288 3209 5363 Augustinus
3255 5288 3308 5344 in
3335 5288 3431 5344 lib.
3465 5288 3630 5363 quem
3676 5288 3757 5363 de

2145 5358 2326 5433 opere
2372 5360 2799 5433 manachorumg
2817 5358 3317 5433 conscripsit_(Cap.
3351 5367 3406 5425 3,
3436 5358 3554 5433 {et
3581 5359 3633 5431 2)
3653 5358 3759 5417 ad-

2144 5430 2333 5489 versus
2378 5433 2598 5506 ignavos
2626 5430 2899 5506 quosdam
2925 5448 2990 5506 ac
3011 5430 3222 5488 desides
3256 5430 3571 5488 'monachos
3600 5430 3757 5506 Opus

2144 5503 2422 5559 manuum
2457 5503 2615 5576 inani
2643 5503 2910 5576 praetextu
2958 5503 3342 5576 detrectantes.
3398 5506 3457 5576 in
3494 5503 3760 5576 eamdem

2144 5590 2364 5647 quoque
2387 5574 2714 5632 sententiam
2750 5574 2937 5631 scribit
2962 5574 3208 5632 Isidorus
3244 5574 3544 5647 Pelusiotes
3572 5574 3669 5631 lib.
3704 5589 3752 5647 ι,

2147 5643 2400 5719 epist._49
2427 5647 2786 5719 (Supraadc.
2809 5654 2873 5719 71,
2917 5650 2967 5703 et
2989 5649 3143 5716 infra
3175 5663 3219 5703 c.
3262 5645 3368 5719 ll).
3396 5643 3506 5702 Sed
3550 5648 3654 5703 hac
3679 5645 3756 5702 de

2142 5716 2202 5774 re
2234 5716 2355 5775 vide
2381 5716 2535 5791 plura
2561 5717 2681 5775 aliis
2716 5717 2870 5777 locis.
