4048 6200
375 209 482 266 377

1017 205 1104 259 DE
1140 201 1620 260 C(ENOBIORUM
1655 201 1902 259 INSTIT.
1943 203 2071 260 LIB.
2112 205 2178 261 Χ.
2218 203 2292 248 -ἓ-
2327 207 2417 262 DE
2453 205 2726 264 SPIRITU
2766 205 3060 262 ACEDIE.

3591 209 3696 266 378

373 333 632 408 corporis
659 330 873 389 videtur
909 327 1208 400 indultum,
1255 328 1362 388 hoc
1389 344 1526 403 opus
1567 344 1833 386 manuum
1883 345 1984 402 pro
2011 332 2064 398 Α
2093 345 2260 404 quam
2289 329 2522 403 exempli
2561 329 2734 404 gratia
2770 327 3018 386 laborem
3056 327 3202 386 hunc
3245 337 3301 386 et
3323 327 3697 403 fatigationem

371 443 522 488 escas
533 424 902 487 sollicitudine
913 423 1288 482 indesinenter
1307 425 1588 498 urgebam.

991 517 1235 574 CAPUT
1271 519 1374 574 IX.

376 615 532 686 Quod
551 630 660 671 non
679 614 857 669 solum
879 613 1190 686 Apostolus,
1219 612 1314 686 sed
1342 613 1506 686 etiam
1549 610 1610 665 hi
1629 613 1729 681 qui
1749 626 1874 668 cum
1889 611 1986 668 illo

703 688 864 740 erant
891 684 1143 738 manibus
1161 685 1273 739 suis
1285 685 1498 754 operati
1511 687 1660 738 sunt.

445 781 564 838 Nec
588 787 776 836 tamen
799 793 860 836 se
885 777 1064 834 solum
1094 775 1340 833 totalitor
1368 775 1512 832 inter
1557 790 1652 832 eos
1689 789 1985 832 conversa-

376 883 500 933 tum
524 873 690 930 fuisse
715 879 966 940 testatur,
994 887 1068 928 ne
1089 869 1233 927 forte
1253 885 1368 927 non
1395 885 1592 941 magna
1615 885 1716 926 nec
1751 884 1982 941 genera.-

379 967 450 1024 lis
467 965 746 1023 videretur
779 963 896 1022 haec
923 961 1128 1027 forma,
1161 963 1209 1020 si
1238 963 1410 1035 ipsius
1449 961 1829 1019 tantummodo
1865 970 1984 1018 tra—

383 1059 610 1118 deretur
631 1057 922 1130 exemplo;
952 1055 1048 1114 sed
1085 1056 1253 1113 etiam
1277 1071 1470 1114 omnes
1495 1055 1587 1129 qui
1612 1063 1769 1112 erant
1793 1071 1981 1112 secum

385 1153 455 1210 ad
496 1152 872 1209 ministerium
903 1149 1184 1224 Evangelii
1212 1149 1478 1223 deputati,
1515 1149 1570 1206 id
1610 1157 1712 1218 est,
1749 1161 1775 1185 ³
1808 1149 1982 1206 Silva-

380 1259 518 1302 num
546 1253 604 1301 et
615 1243 990 1311 Timotheum,
1011 1243 1108 1315 qui
1134 1241 1252 1299 haec
1269 1241 1458 1300 eadem
1484 1257 1608 1299 cum
1621 1257 1686 1299 eo
1710 1241 1980 1312 scribunt,

378 1339 577 1396 asserit
619 1337 784 1396 simili
827 1351 990 1410 opere
1044 1335 1338 1394 laborasse.
1400 1339 1466 1392 In
1510 1352 1576 1394 eo
1625 1337 1795 1394 etiam
1836 1337 1984 1410 quod

379 1431 514 1492 dicit
541 1451 555 1488 :
589 1433 673 1489 Ne
704 1446 869 1504 quem
901 1438 1144 1488 vestrum
1186 1446 1567 1503 gravaremus,
1599 1432 1982 1488 verecundiam

380 1525 461 1583 eis
503 1525 703 1582 incutit
741 1540 1016 1598 magnam.
1061 1525 1118 1582 Si
1163 1525 1312 1581 enim
1354 1524 1445 1582 ille
1491 1525 1582 1598 qui
1623 1526 1982 1599 Evangelium

379 1619 743 1694 praedicabat,
768 1619 938 1692 signis
965 1619 1096 1676 illud
1119 1618 1517 1692 virtutibusque
1547 1619 1945 1676 commendans
1963 1661 1980 1689 ,

378 1728 449 1770 ne
487 1720 740 1786 gravaret
786 1711 1130 1786 quempiam,
1185 1712 1352 1786 gratis
1397 1727 1594 1784 panem
1653 1711 1980 1770 manducare
2015 1723 2064 1786 Β

377 1822 488 1864 non
513 1805 696 1871 audet,
724 1804 1006 1878 quomodo
1044 1804 1120 1860 illi
1151 1820 1264 1861 non
1304 1804 1581 1862 aestimant
1617 1821 1676 1862 se
1727 1821 1980 1879 gravare,

378 1899 470 1973 qui
499 1899 746 1973 quotidie
761 1915 886 1955 eum
905 1898 1071 1956 otiosi
1101 1907 1462 1970 vacantesque
1489 1903 1874 1970 praesumunt?

1001 1993 1240 2050 CAPUT
1285 1995 1366 2049 X.

383 2091 538 2160 Quod
564 2093 630 2147 ob
659 2091 754 2146 hoc
770 2091 1018 2146 manibus
1053 2093 1169 2146 suis
1199 2091 1489 2160 Apostolus
1515 2095 1768 2160 operatus
1799 2095 1891 2158 sit,
1921 2096 1984 2148 ut

653 2163 804 2217 nobis
827 2162 1092 2233 ope-randi
1101 2163 1368 2232 praeberet
1391 2163 1715 2232 exemplum.

458 2254 576 2311 Non
601 2256 759 2322 quasi
775 2269 879 2309 non
893 2255 1233 2310 habuerimus
1254 2258 1596 2324 potestatem,
1617 2246 1645 2286 δ
1671 2255 1765 2309 sed
1793 2258 1854 2309 ut
1872 2270 1984 2311 nos-

383 2348 637 2416 metipsos
668 2347 902 2414 far-mam
938 2348 1188 2404 daremus
1223 2349 1370 2402 vobis
1401 2347 1477 2402 ad
1519 2348 1845 2403 imitandum
1888 2363 1983 2404 nos

381 2441 460 2506 (II
498 2441 674 2495 Thess.
699 2441 812 2510 In).
846 2439 1039 2497 Pandit
1057 2457 1278 2498 causam
1295 2457 1394 2498 cur
1412 2449 1629 2497 tantum
1653 2439 1856 2497 laboris
1877 2442 1982 2500 sibi

378 2531 640 2589 indixerit
674 2553 686 2590 :
732 2537 819 2598 Ut,
848 2535 1051 2607 inquit,
1079 2537 1318 2604 formam
1344 2536 1593 2591 daremus
1611 2536 1760 2590 vobis
1773 2537 1849 2590 ad
1861 2539 1984 2591 imi-

383 2627 609 2682 tandum
626 2642 745 2696 nos,
777 2635 838 2684 ut
859 2628 904 2684 si
940 2627 1078 2686 forte
1107 2628 1414 2686 doctrinam
1441 2630 1731 2686 verborum
1761 2630 1986 2687 auribus

382 2721 576 2778 vestris
647 2720 965 2795 frequenter
1020 2723 1287 2795 ingestam
1345 2723 1606 2780 oblivioni
1667 2721 1979 2792 traderetis;

380 2813 580 2871 saltem
618 2815 1050 2872 conversationis
1095 2817 1342 2889 exempla
1387 2815 1492 2874 sub
1541 2817 1826 2873 oculorum
1877 2815 1985 2873 ﬁde

380 2909 540 2966 vobis
565 2911 768 2967 tradita
806 2911 1130 2969 memoriter
1167 2911 1492 2969 retineretis.
1531 2911 1694 2969 Haud
1723 2911 1852 2968 levis
1884 2927 1984 2968 eo-

382 3018 506 3060 rum
539 3012 595 3061 et
624 3004 680 3060 in
725 3003 832 3060 hoc
859 3003 1238 3078 reprehensio,
1268 3021 1397 3063 cum
1423 3005 1552 3062 dicit
1595 3021 1654 3062 se
1689 3004 1836 3062 nulla
1877 3005 1984 3062 alia

2089 422 2177 481 die
2203 433 2478 498 noctuque
2509 423 2756 496 corporis
2783 423 3026 498 exegisse
3043 465 3059 494 ,
3090 431 3146 480 et
3200 438 3296 480 eos
3338 423 3698 484 nihilominus

2095 519 2297 576 erudiri
2327 519 2471 576 nolle
2492 561 2508 588 ,
2533 527 2760 592 propter
2799 533 2944 591 quos
2989 519 3106 592 ipse
3152 518 3536 575 necessitatem
3583 535 3698 576 non

2093 611 2338 683 habens,
2375 619 2595 669 tantum
2633 611 2740 670 sibi
2772 611 3108 686 fatigationis
3149 611 3415 670 indixerit.
3456 614 3528 668 Et
3573 603 3698 685 qui-

2093 707 2254 778 dem,
2283 709 2501 782 inquit,
2537 723 2665 765 cum
2703 707 3038 766 haberemus
3074 716 3433 781 potestatem,
3462 717 3517 766 et
3543 717 3700 782 pate-

2091 809 2220 858 rent
2242 801 2402 858 nobis
2449 800 2729 859 facultates
2777 803 3031 859 omnium
3071 810 3316 859 vestrum
3365 811 3527 876 atque
3563 803 3700 860 sub-

2090 895 2326 964 stantiae,
2367 903 2425 952 et
2467 895 2656 953 utendi
2710 896 2788 953 eis
2840 897 3068 954 Domini
3110 897 3286 953 nostri
3336 912 3554 953 nossem
3609 911 3698 953 me

2089 988 2292 1047 habere
2320 988 2682 1062 promissum;
2716 1005 2828 1046 non
2857 1005 2985 1047 sum
3025 999 3211 1048 tamen
3237 990 3340 1047 hac
3369 1005 3501 1047 usus
3541 997 3700 1062 pote-

2088 1091 2248 1152 state,
2275 1099 2346 1140 ne
2369 1083 2520 1156 quod
2559 1099 2592 1140 a
2629 1098 2722 1139 me
2749 1083 2889 1140 bene
2915 1086 2992 1157 Lac
3032 1084 3181 1140 licito
3221 1084 3398 1152 ﬁeret,
3437 1083 3560 1140 aliis
3599 1083 3697 1139 otii

2088 1178 2240 1234 noxii
2285 1177 2555 1248 praeberet
2595 1177 2934 1250 exemplum.
2983 1180 3051 1234 Et
3093 1177 3295 1234 idcirco
3337 1177 3698 1250 Evangelium

2089 1271 2411 1344 praedicans,
2460 1271 2602 1329 meis
2640 1271 2895 1328 manibus
2941 1279 3107 1342 atque
3138 1285 3302 1343 opere
3349 1270 3518 1325 malui
3571 1285 3699 1326 sus-

2089 1367 2308 1434 tentari,
2367 1373 2431 1422 ut
2479 1366 2638 1422 nobis
2681 1380 2900 1438 quoque
2940 1363 3244 1422 volentibus
3292 1362 3438 1418 inter
3483 1362 3699 1418 virtutis

2091 1459 2364 1528 incedere,
2406 1460 2553 1516 viam
2593 1458 2940 1532 perfectionis
2977 1457 3268 1531 aperirem,
3319 1463 3374 1512 et
3402 1470 3698 1512 conversa-

2090 1553 2253 1610 tionis
2269 1551 2511 1610 formam
2530 1568 2656 1610 meo
2677 1553 2861 1609 labore
2880 1552 3184 1625 praeberem
3197 1591 3212 1608 .

2697 1673 2941 1730 CAPUT
2977 1674 3088 1728 X.I

2095 1791 2247 1858 Quod
2261 1806 2366 1846 non
2394 1791 2566 1848 solum
2591 1792 2852 1862 exemplo,
2879 1791 3146 1846 scdctia-m
3169 1791 3343 1845 verbis
3366 1786 3694 1860 pradicans,

2631 1865 2904 1917 monuerit
2922 1864 3152 1932 operari.

2161 1975 2270 2034 Sed
2296 1991 2365 2032 ne
2391 1975 2535 2032 forte
2557 1976 2753 2032 tacitus
2777 1993 3030 2050 operans,
3057 1986 3113 2033 et
3139 1977 3354 2032 erudire
3375 1991 3473 2033 eos
3505 1974 3695 2032 volens

2088 2067 2372 2141 exemplis,
2403 2068 2631 2124 minime
2663 2068 2786 2125 illos
2822 2070 2991 2125 etiam
3043 2077 3440 2140 praeceptorum
3470 2067 3692 2124 monitis

2091 2162 2412 2220 instruxisse
2429 2161 2720 2228 videretur,
2768 2161 2933 2217 infert
2976 2182 2988 2216 :
3031 2164 3174 2220 Nam
3207 2167 3257 2216 et
3291 2177 3411 2216 cum
3441 2175 3693 2224 essemus,

2090 2256 2282 2328 inquit,
2314 2257 2464 2326 apud
2483 2271 2595 2324 vos,
2645 2256 2740 2310 hoc
2765 2255 3217 2310 denuntiabamus
3233 2255 3398 2316 vobis,
3436 2256 3694 2322 quoniam

2087 2353 2139 2405 si
2154 2353 2274 2420 quis
2297 2367 2402 2404 non
2425 2351 2542 2405 vult
2564 2351 2800 2420 operari,
2825 2364 2918 2403 nec
2938 2347 3229 2402 manducet
3258 2346 3327 2418 (ΙΙ
3362 2346 3542 2401 Thess.
3572 2351 3688 2412 ιιι).

2089 2442 2288 2500 Adhuc
2314 2442 2536 2500 illorum
2575 2441 2849 2498 desidiam
2873 2441 2965 2514 qui
3013 2442 3246 2496 scientes
3284 2454 3411 2494 eum
3435 2445 3495 2494 ut
3515 2437 3696 2510 magi-

2089 2547 2266 2595 strum
2293 2539 2504 2596 bonum
2525 2537 2792 2594 doctrina:
2831 2537 3002 2610 gratia
3027 2545 3082 2592 et
3109 2535 3472 2592 institutionis
3495 2533 3695 2589 obten-

2091 2638 2155 2688 tu
2183 2631 2295 2688 suis
2320 2631 2580 2688 manibus
2617 2638 2909 2704 operatum
2931 2673 2946 2702 ,
2975 2629 3174 2686 imitari
3208 2621 3603 2695 contemnunt,
3639 2634 3696 2682 et

2091 2722 2428 2794 diligentiam
2471 2723 2891 2792 cautionemque
2920 2735 3098 2792 suam
3138 2725 3453 2792 exaggerat,
3506 2717 3692 2772 dicens

2089 2832 2203 2873 non
2231 2825 2446 2872 tantum
2474 2831 2534 2872 se
2561 2815 2668 2873 hoc
2692 2815 2796 2872 illis
2823 2815 3074 2886 exemplo
3114 2813 3409 2869 tradidisse
3453 2825 3694 2883 prazsen-

2089 2917 2225 2979 tem,
2271 2910 2365 2966 sed
2404 2912 2575 2966 etiam
2620 2910 2800 2966 verbis
2835 2909 3038 2981 jugiter
3075 2906 3422 2980 praedicasse,
3477 2914 3541 2960 ut
3585 2907 3610 2936 ο
3648 2903 3694 2958 si

2091 3005 2214 3078 quis
2241 3005 2446 3062 scilicet
2474 3020 2583 3062 non
2606 3005 2718 3061 vult
2737 3003 2974 3076 operari,
2996 3017 3096 3059 nec
3128 3000 3440 3058 manducet.

1471 3149 1732 3206 ALARDI
1769 3151 1993 3206 ΟΑΖᾹΞΙ
2031 3148 2590 3206 COMMENTARIUS.

465 3283 494 3314 ³
523 3279 661 3338 Cum
682 3281 844 3364 enim.
865 3281 1166 3364 Apostolus
1206 3281 1296 3364 hic
1324 3289 1590 3364 perpetuo
1633 3281 1889 3364 loquatur
1931 3283 1986 3339 in
2017 3288 2062 3352 (ζ

394 3366 630 3424 numero
648 3351 868 3424 plurari,
897 3351 1192 3409 verisimile
1215 3361 1298 3408 est
1325 3351 1506 3424 ipsum
1537 3368 1648 3407 non
1665 3351 1723 3408 iri
1739 3369 1836 3408 sua
1859 3359 1992 3424 itan-

394 3423 688 3495 tumloqui
714 3439 968 3495 persona,
999 3439 1189 3495 verum
1211 3423 1378 3495 etiam
1405 3423 1758 3495 collegarum,
1794 3423 1996 3480 Silvani

391 3502 448 3552 et
470 3493 770 3568 Timothei.
797 3495 889 3566 qui
913 3493 1258 3568 coadjutores
1287 3494 1404 3568 ejus
1435 3493 1670 3568 erantin
1694 3496 1994 3568 Evangelio

393 3581 631 3639 quorum
676 3565 841 3639 etiam
901 3565 1218 3639 nominibus
1264 3565 1550 3639 utriusque
1602 3565 1878 3639 Epistolas
1924 3567 1995 3624 ad

394 3635 896 3693 Thessalonicenses
931 3637 1121 3693 titulus
1157 3635 1498 3694 inscribitur.
1542 3635 1733 3694 Sed'et
1762 3645 1995 3696 caeteros

389 3708 669 3782 apostolos
709 3707 937 3782 subinde
961 3723 1100 3782 opus
1129 3724 1409 3782 manuum
1447 3709 1751 3782 exercuisse
1780 3709 1996 3765 creden-

387 3777 524 3836 dum
549 3787 652 3847 est,
683 3795 809 3836 cum
843 3777 1083 3852 locus'et
1112 3790 1330 3852 tempus
1359 3778 1415 3852 id
1443 3779 1821 3852 concessisset.
1847 3782 1993 3836 Nam

391 3859 754 3933 praeterquam
781 3851 929 3923 quod
962 3854 1030 3907 B.
1074 3851 1276 3933 Petrus
1296 3851 1564 3974 (princeps
1614 3851 1992 3922 apostolorum

391 3935 519 3974 cum
545 3931 755 3974 caeteris
782 3922 1047 3974 anostolis
1075 3921 1238 3974 rediit
1261 3937 1294 3974 a
1361 3929 1711 3974 piscationem
1741 3931 1866 3974 nost
1899 3938 1992 3974 re-

389 3919 519 3977 cum
545 3919 755 4002 caeteris
782 3919 1050 4002 apostoiiu
1075 3921 1238 4002 rediit
1261 3919 1332 4002 ad
1361 3919 1711 4002 piscationem
1741 3931 1993 4002 ροβε-τε-

391 3993 786 4048 surrectionem
817 3989 1092 4059 Domini;
1134 3989 1227 4044 ubi
1261 3991 1332 4059 D.
1376 3989 1674 4058 Gregorius
1717 3989 1986 4056 ait(Hom.

393 4067 462 4118 24
489 4067 546 4118 in
573 4061 810 4133 Evang.)
835 4058 1148 4129 :Negotium
1177 4058 1320 4133 quod
1335 4062 1462 4112 ante
1480 4062 1862 4133 conversionem
1883 4067 1996 4118 sine

385 4138 603 4204 peccato
633 4131 869 4204 exstitit,
898 4135 1023 4204 post
1041 4131 1674 4204 conversionemfepetere
1701 4131 1860 4204 culpa
1887 4149 1996 4188 non

390 4199 545 4272 fuit;
585 4207 668 4258 De
695 4203 753 4257 S.
786 4199 1037 4256 Barnaba
1081 4208 1318 4272 testatur,
1346 4199 1875 4272 itidcmﬁApostolus
1922 4209 1939 4271 (
1969 4206 1994 4259 Ι

393 4270 619 4334 σοτζιν
651 4275 700 4326 et
727 4275 814 4338 ιχ)
854 4285 1211 4328 communem
1256 4271 1362 4327 sibi
1393 4287 1520 4328 cum
1547 4270 1644 4326 illa
1671 4270 1840 4328 fuisse
1873 4270 1990 4329 ma-

387 4359 574 4402 nuum
595 4341 857 4416 laborem,
883 4341 955 4398 ob
983 4342 1238 4400 eumdem
1263 4343 1422 4400 etiam
1458 4342 1621 4398 ﬁnem
1643 4350 1946 4416 etscopum
1977 4361 1992 4400 :

393 4419 472 4475 Ne
496 4414 652 4486 quod
681 4414 1056 4486 offendiculum
1086 4416 1281 4470 darent
1321 4415 1616 4484 Evangelia
1655 4414 1872 4472 Christi.
1923 4418 1998 4472 Et

392 4484 540 4557 apud
593 4484 927 4557 Clementem
985 4485 1126 4542 inter
1187 4486 1532 4557 Apostolicas
1581 4486 1995 4545 constitutiones

394 4556 536 4627 (Lib.
562 4571 630 4621 ιι,
665 4572 711 4612 c.
739 4559 831 4624 67)
855 4556 1052 4629 legitur
1076 4577 1088 4612 :
1125 4556 1312 4626 Qui’in
1333 4558 1569 4612 Ecclesia
1584 4558 1809 4627 juvenes
1838 4560 1990 4624 estis,

393 4632 581 4684 curate
602 4629 661 4682 in
685 4629 928 4682 omnibus
947 4630 1106 4684 rebus
1125 4629 1438 4683 necessariis
1461 4629 1644 4682 sedulo
1663 4631 1990 4695 ministrare,

395 4715 515 4755 cum
534 4702 678 4755 omni
694 4701 982 4754 sanctitate
1005 4701 1158 4770 operi
1179 4702 1578 4770 vestravacate,
1602 4703 1665 4753 ut
1691 4703 1839 4754 omni
1863 4673 1994 4756 tem:
2026 4671 2078 4733 D

387 4786 522 4841 pare
543 4775 592 4825 et
613 4771 762 4824 vobis
783 4775 834 4824 et
863 4769 1137 4840 egentibus
1169 4769 1518 4840 suppeditare
1538 4771 1778 4839 possitis,
1810 4787 1876 4826 ne
1901 4775 2000 4828 Ec-

396 4842 612 4896 clesium
652 4843 752 4897 Dei
789 4843 1032 4896 oneret-is.
1085 4843 1298 4898 Etenim
1347 4855 1439 4894 nos
1489 4855 1697 4910 quoque
1747 4848 1996 4898 vacantes

2099 3299 2164 3340 eo
2190 3283 2341 3356 quod
2365 3283 2663 3356 Apostolus
2689 3280 2818 3356 dicit
2851 3294 3050 3356 se_non
3077 3291 3394 3356 u_s_um__esse
3425 3282 3694 3356 potestate

2101 3349 2272 3426 qua'm
2299 3349 2534 3428 habebat
2558 3353 2773 3428 vivondi
2799 3350 3206 3428 exEvangelio.
3235 3349 3356 3428 idae
3385 3355 3568 3403 autem
3595 3361 3695 3428 su-

2141 3424 2514 3497 ererogatione
2559 3423 2815 3497 utebatur
2853 3419 3148 3497 Apostolus
3186 3419 3380 3497 tribus
3395 3433 3457 3473 ex
3493 3419 3690 3497 causis.

2141 3441 2514 3497 ereroganone
2559 3441 2811 3480 utebatur
2853 3441 3148 3494 Aposwius
3187 3441 3358 3475 UIDUS
3395 3441 3457 3473 ex
3493 3441 3690 3473 causis.

2102 3441 2288 3568 Erimo
2313 3495 2534 3568 quidem
2558 3503 2618 3568 ut
2643 3494 2954 3550 occasiones
2981 3490 3248 3568 gloriandi
3283 3488 3520 3568 auferret
3548 3503 3698 3568 pseu-

2103 3503 2288 3552 Primo
2313 3503 2534 3568 quidem
2558 3503 2618 3551 ut
2643 3503 2954 3550 occasiones
2981 3503 3248 3618 gloriandi
3283 3503 3520 3545 auterret
3541 3503 3693 3616 (oscu-

2103 3566 2456 3640 doapostolis,
2481 3565 2594 3640 _qui
2636 3573 2873 3640 propter:
2915 3580 2976 3640 so
2998 3580 3037 3640 a_
3065 3560 3386 3640 temporalia
3427 3575 3540 3640 pra
3582 3575 3693 3640 lca-

2103 3633 2251 3694 bant.
2275 3637 2438 3696 Unde
2467 3633 2600 3693 dicit
2632 3633 2683 3692 ῘΙ
2723 3633 2792 3692 ad
2833 3633 3144 3692 Corinthios
3173 3633 3241 3689 ιιι
3274 3653 3286 3687 :
3320 3633 3474 3700 Quod
3513 3636 3696 3686 autem

2101 3713 2263 3778 facio,
2297 3715 2347 3765 et
2367 3711 2593 3778 faciam,
2623 3713 2687 3763 ut
2713 3712 2988 3778 amputem
3014 3721 3196 3762 eorum
3225 3706 3570 3778 occasionem,
3598 3704 3698 3772 qui

2100 3777 2286 3836 volunt
2307 3777 2647 3842 oceasiancm,
2681 3777 2820 3834 utin
2849 3793 2954 3848 quo
2984 3779 3312 3848 gloriantur,
3339 3777 3489 3848 sich
3501 3779 3552 3828 et
3575 3789 3691 3848 nos,

2139 3851 2230 3924 uia
2269 3851 2314 3908 si
2342 3850 2827 3924 Aob_Evfangelium
2857 3843 3113 3924 sumptus
3158 3845 3426 3924 acciperet
3460 3843 3689 3924 gaulus,

2139 3868 2230 3908 una
2269 3867 2314 3908 Si
2365 3867 2439 3907 ου
2473 3867 2827 3922 nvangenum
2862 3867 3113 3918 sumptus
3158 3867 3426 3916 accnperet
3461 3867 3689 3908 ramus,

2101 3867 2178 3978 illi
2217 3938 2276 3978 se
2310 3922 2519 3979 similes
2542 3921 2712 3977 Paulo
2737 3919 3120 3995 gloriarentur,
3159 3915 3252 3995 qui
3299 3929 3410 3995 non
3442 3913 3689 3995 pietatis,

2099 3994 2224 4064 sed,
2250 4001 2493 4064 quaestus
2543 4007 2704 4048 causa
2737 3982 3128 4064 praedicabant.
3174 3982 3692 4064 'Seouudo'adevi-

2100 4054 2328 4136 tandu'm
2359 4054 2872 4136 grayameneorum
2901 4060 3097 4136 quibus
3120 4054 3508 4136 prazdioabant.‘
3525 4054 3696 4136 _Unde

2101 4133 2229 4189 dicit
2259 4136 2308 4206 ll
2340 4127 2407 4188 a‘d
2433 4131 2753 4206 Corinthios
2775 4147 2868 4186 ιιι
2888 4127 3078 4206 {Quid
3097 4127 3274 4183 minus
3295 4127 3556 4206 habuistis
3576 4141 3694 4206 prro

2101 4205 2305 4258 caeteris
2328 4203 2594 4270 Ecclesiis,
2619 4204 2727 4256 nisi
2761 4201 2904 4270 quod
2923 4215 3012 4268 ego
3042 4203 3153 4270 ipse
3175 4213 3281 4252 non
3309 4199 3535 4270 gravavi
3554 4212 3642 4250 vos
3665 4199 3695 4251 ?

2099 4273 2286 4331 Tertio
2319 4281 2382 4328 ut
2413 4267 2602 4327 otiosis
2647 4279 2702 4327 et
2737 4267 2806 4327 de
2861 4270 3035 4326 alieno
3056 4267 3245 4324 'vivere
3270 4267 3515 4332 assuetis,
3553 4282 3691 4338 qua-

2101 4343 2180 4400 les
2209 4343 2366 4400 multi
2385 4343 2526 4414 apud
2541 4341 3008 4414 Thessalonicam,
3041 4341 3349 4414 exemplum
3373 4338 3529 4395 daret
3557 4355 3692 4414 ope-

2099 4415 2257 4472 randi
2285 4423 2340 4472 et
2359 4410 2583 4486 proprio
2611 4413 2792 4486 labore
2833 4412 3036 4469 victum
3061 4410 3340 4486 quazrendi
3381 4431 3392 4466 :
3437 4410 3582 4486 quod
3610 4411 3690 4466 si-

2099 4485 2654 4560 gniﬁcatillisfverbis
2683 4503 2714 4560 :_
2731 4487 2798 4542 Ut
2816 4485 3160 4560 nosmetipsos
3186 4487 3420 4553 formam
3437 4485 3691 4560 daremus

2097 4555 2344 4630 vobisLad
2371 4558 2833 4630 imitandumfnos,
2850 4555 2969 4630 hoc
2991 4555 3094 4630 es],
3125 4563 3187 4612 ut
3223 4564 3418 4630 nostra
3441 4555 3689 4626 exemplo

2103 4645 2202 4686 vos
2239 4627 2308 4687 ad
2337 4628 2676 4709 aperandum
2707 4637 2764 4685 et
2797 4627 3157 4709 laborandum
3191 4627 3464 4709 similiter,
3481 4641 3691 4709 provo-

2106 4716 2354 4758 caremus
2367 4696 2392 4756 ,⁷
2416 4703 2689 4758 Caeterum
2737 4708 2921 4755 censet
2955 4701 3027 4754 D.
3067 4696 3418 4770 'Augustinus
3449 4696 3590 4770 (Lib.
3625 4696 3692 4750 de

2107 4774 2274 4846 Opere
2299 4789 2440 4827 man.
2483 4788 2528 4826 ο.
2560 4771 2666 4840 28)
2691 4771 3000 4846 apostolum
3033 4785 3145 4846 non
3169 4765 3384 4838 semper
3409 4773 3462 4818 et
3475 4765 3692 4846 ‘ubique

2105 4831 2538 4915 operatumesse
2566 4831 2822 4915 manibus
2845 4840 2992 4915 suis,
3023 4838 3116 4892 sed
3143 4851 3268 4915 cum
3289 4831 3322 4890 'a
3348 4831 3694 4915 praedicatio-

395 4913 552 4967 verba
569 4912 858 4980 Evangelii
869 4912 1163 4968 subcisivas
1181 4925 1372 4981 operas
1398 4903 1870 4980 non-negligimus;
1898 4915 2001 4968 alii
2105 4903 2174 4970 ne
2198 4911 2347 4967 verbi
2381 4911 2612 4981 daretur
2638 4910 2852 4981 otium;
2883 4903 3537 4981 aliis_vero_t_emporibus,
3579 4920 3695 4960 non

393 4985 536 5038 enim
557 4999 623 5037 ϐω
645 4983 797 5038 nobis
816 4985 1113 5054 piscatores
1138 4987 1286 5050 sunt,
1314 4982 1419 5036 alii
1433 4996 1706 5036 scenarum
1725 4985 1958 5053 artiﬁces
1977 5023 1992 5052 ,

393 5055 498 5109 alii
547 5055 827 5124 agricolis;
873 5069 977 5124 nec,
999 5069 1257 5124 umquam
1297 5054 1692 5124 otiosisumus.
1733 5055 1866 5110 Hiec
1895 5055 1989 5110 ibi.

396 5127 568 5182 Porro
591 5123 665 5180 de
685 5124 796 5180 Sila
825 5135 881 5180 et
907 5123 1126 5180 Silvano
1156 5123 1277 5180 vide
1305 5123 1648 5179 notationem
1673 5124 1896 5180 Baronii
1925 5125 1992 5182 ad

390 5195 866 5252 Martvrol.Rom.
901 5200 964 5252 13
989 5195 1136 5251 Julii.

453 5204 539 5252 art

463 5211 866 5268 anyron.rtom.
901 5211 964 5252 13
989 5211 1136 5251 Jum.

463 5260 493 5300 δ
523 5265 684 5340 Quod
711 5266 960 5340 Apostoli
978 5262 1566 5340 manibuslaborurint,
1586 5271 1649 5340 ut
1665 5265 1994 5340 vic_tum_sibi

391 5334 670 5420 pararim,
721 5334 994 5420 interdum
1033 5335 1390 5420 necessitatis.
1411 5334 1508 5420 fuit
1545 5344 1598 5392 et
1634 5335 1944 5420 indigentia;
1977 5359 1991 5395 :

390 5406 673 5480 interdum
715 5415 899 5464 autem
928 5406 1442 5480 supererogationis.
1472 5406 1575 5480 hac
1611 5415 1726 5478 est,
1754 5406 1996 5478 'sponta-

391 5494 514 5538 nea!
542 5479 857 5548 voluntatis,
879 5487 943 5550 ut
967 5477 1130 5536 docet
1150 5477 1234 5550 Π.
1259 5477 1502 5534 Thomas
1527 5478 1674 5550 (2-2,
1707 5496 1760 5550 q.
1789 5477 1912 5549 187,
1939 5497 1992 5536 a.

401 5554 459 5618 3,
500 5551 680 5623 adg5).
727 5549 1098 5623 Necessitatis,
1143 5549 1354 5623 inquit,
1397 5549 1616 5623 quando
1655 5549 1733 5608 ab
1751 5552 1872 5608 aliis
1911 5551 1992 5607 vi-

399 5627 562 5696 (ξζιιιτιιΔ
576 5621 814 5696 invenire
852 5637 964 5678 non
991 5621 1631 5696 peieraut_,_preesert_im
1662 5623 1820 5680 initio
1847 5637 1994 5696 prae-

397 5689 716 5766 dicationis,
765 5709 894 5750 cum
947 5689 1090 5766 apud
1127 5689 1374 5766 inﬁdeles
1413 5692 1660 5750 nondum
1703 5689 1995 5752 convérsos

395 5761 784 5836 praedicarent;
826 5761 1320 5839 super'erogationis
1368 5771 1575 5836 autem,
1625 5772 1688 5822 ut
1734 5773 1883 5840 patet
1925 5781 1992 5823 ex

607 5195 866 5252 ol.Rom.
901 5200 964 5252 13
989 5195 1136 5251 Julii.

2105 4991 2321 5038 tantum
2346 4979 2416 5036 ab
2445 4979 2800 5050 offerentibus
2837 4974 3128 5050 accepisse,
3155 4974 3208 5032 id
3236 4974 3561 5050 exposcente
3599 4991 3696 5050 ne-

2101 5053 2372 5116 cessitate,
2407 5051 2503 5107 sed
2547 5051 2719 5108 etiam
2751 5049 2944 5122 litteris
2968 5048 3033 5105 id
3068 5048 3390 5122 praecepiSSe
3435 5063 3534 5120 pro
3569 5048 3692 5106 aliis

2104 5123 2443 5190 faciendum;
2477 5131 2538 5179 ut
2557 5136 2682 5178 cum
2713 5121 2782 5177 ad
2813 5120 3291 5190 Galatasjscribit':
3337 5122 3694 5178 Communicet

2103 5198 2148 5252 is
2175 5195 2273 5266 qui
2291 5195 2654 5250 catechizatur
2671 5195 2844 5258 verba,
2866 5195 2918 5266 ei
2933 5196 3032 5264 qui
3045 5209 3101 5249 se
3123 5193 3693 5266 catechizat,in_amni-

2107 5262 2204 5323 bus
2235 5267 2384 5321 bonis
2409 5267 2612 5333 (Galat.
2639 5269 2750 5332 γι).
2781 5265 2880 5320 Vel
2909 5262 3034 5320 cum
3056 5265 3338 5321 collectam
3359 5262 3556 5320 indixit
3581 5266 3692 5320 Ec-

2103 5337 2295 5421 clesiis_
2323 5335 2674 5420 Macedoniae
2691 5344 2746 5392 et
2793 5335 2909 5420 aliis
2953 5351 3052 5418 pro
3090 5335 3354 5393 fratribus
3397 5335 3454 5392 in
3497 5335 3692 5394 Judaaa

2103 5407 2402 5484 agentibus,
2433 5424 2630 5482 magna
2659 5407 3083 5490 inopiapressis.
3542 5478 3556 5491 .

2175 5484 2200 5515 ο
2235 5483 2362 5540 Non
2382 5489 2465 5560 est
2500 5479 2608 5537 mei
2617 5479 2866 5560 instituti
2897 5480 3137 5560 singulas
3171 5495 3414 5552 quasque
3442 5479 3698 5560 scriptu-

2103 5568 2181 5624 raz
2226 5552 2522 5610 sententias
2549 5568 2580 5608 a
2604 5551 2866 5624 Cassiano
2916 5551 3104 5624 citatas
3123 5551 3416 5623 exponere,
3444 5551 3549 5624 nisi
3568 5563 3693 5621 qua-

2104 5620 2736 5696 tenusejuselucidatio
2775 5620 2832 5696 id
2857 5621 3082 5696 omnino
3121 5620 3413 5696 exposcere
3446 5620 3690 5690 videtur;

2103 5703 2198 5752 aut
2235 5692 2434 5768 aliquid
2458 5696 2742 5752 continent
2759 5693 3072 5768 singulare,
3098 5692 3248 5768 quod
3271 5692 3340 5768 ad
3367 5706 3468 5747 nos
3503 5699 3559 5768 et
3585 5706 3692 5746 no-

2103 5775 2278 5824 strum
2301 5762 2610 5825 institutum
2635 5762 2918 5840 pertineat.
2941 5762 3272 5835 Atquihanc
3294 5762 3542 5834 Apostoli
3566 5775 3688 5815 sen-
