4048 6200
361 224 466 280 379

951 342 1194 401 CAPUT
1232 340 1367 397 XII.

365 450 518 521 Quod
540 465 646 506 non
675 451 949 505 contentus
974 446 1088 501 sola
1106 444 1423 521 monitione,
1440 440 1817 521 auctoritatem
1834 453 1967 511 quo-

577 538 680 593 que
696 525 747 576 et
760 521 1089 591 praceptum
1104 514 1425 585 adjunaerit
1437 510 1745 581 Apostolus.

430 631 559 688 Non
595 629 712 703 jam
751 625 995 685 doctoris
1040 623 1123 681 vel
1164 619 1369 679 medici
1411 620 1585 677 utitur
1612 616 1683 677 ad
1710 634 1806 677 eos
1828 634 1963 676 con-

359 723 515 795 silio,
561 724 656 783 sed
697 722 1036 781 districtione
1078 719 1134 775 in
1181 731 1277 775 eos
1294 715 1596 791 judiciaria
1646 714 1959 789 pronuntia-

364 820 530 877 tionis
559 816 855 885 invehitur,
888 822 945 871 et
981 812 1283 886 apostolica
1327 817 1600 884 potestate
1644 816 1924 880 resumpta
1946 847 1962 877 ,

361 912 507 970 velut
536 927 566 968 e
595 910 857 967 tribunali
904 908 963 964 in
996 913 1401 978 contemptores
1437 902 1766 961 sententiam
1804 899 1961 971 dicit,

360 1005 452 1062 illa
480 1021 677 1078 nempe
709 1009 974 1076 potestate
1000 1016 1167 1074 quam
1193 1014 1320 1056 cum
1360 995 1803 1055 interminatione
1826 994 1967 1053 scri-

359 1098 495 1156 bens
522 1098 595 1155 ad
622 1097 966 1163 Corinthios,
997 1111 1029 1152 a
1066 1093 1310 1151 Domino
1338 1093 1442 1150 sibi
1471 1090 1720 1159 asseruit
1754 1089 1962 1158 datam,

362 1208 490 1250 cum
516 1207 611 1250 eos
638 1194 693 1249 in
722 1191 922 1250 delicto
944 1188 1155 1263 positos
1182 1195 1568 1260 pramoneret,
1609 1193 1672 1243 ut
1705 1194 1835 1241 ante
1862 1183 1967 1242 ad-

360 1296 588 1345 ventum
622 1302 787 1344 suum
821 1284 1148 1357 semetipsos
1176 1283 1447 1355 corrigere
1496 1279 1846 1349 festinarent,
1890 1279 1966 1336 ita

361 1381 685 1453 pracipiens
709 1399 722 1436 :
758 1383 901 1451 Rogo
920 1395 1010 1435 eos
1038 1395 1105 1435 ne
1118 1393 1358 1450 praesens
1379 1377 1666 1448 compellar
1688 1376 1891 1431 audere
1909 1376 1967 1430 in

361 1476 624 1547 quosdam
640 1478 907 1547 potestate
926 1474 1047 1537 illa,
1078 1489 1201 1544 qua
1229 1472 1365 1527 data-
1391 1476 1470 1527 est
1494 1472 1633 1525 mihi
1643 1473 1702 1525 in
1728 1470 1876 1525 vobis
1897 1469 1969 1538 (ll

365 1570 486 1627 Cor.
517 1569 603 1641 χ).
634 1572 705 1625 Et
742 1569 939 1625 iterum
968 1588 980 1623 :
1008 1569 1072 1624 Si
1096 1565 1243 1622 enim
1277 1566 1493 1620 voluero
1523 1562 1727 1635 aliquid
1751 1560 1971 1635 gloriari

362 1663 429 1720 de
439 1666 711 1734 potestate
732 1677 897 1731 quam
922 1660 1074 1715 dedit
1109 1660 1250 1714 mihi
1273 1659 1533 1715 Dominus
1555 1658 1614 1710 in
1652 1656 1972 1725 adificatio-

1705 210 1986 270 JOANNIS
2021 210 2323 270 CASSIANI

1985 342 2041 406 Α
2068 340 2302 410 operari,
2323 351 2419 395 nec
2443 338 2762 407 munducet;
2793 351 2907 395 non
2938 337 3119 412 gladio
3142 337 3347 397 carnali
3370 351 3469 395 eos
3506 336 3673 396 addi-

3566 215 3673 273 380

2070 447 2221 503 cens,
2254 431 2354 489 sed
2385 433 2705 491 auctoritate
2734 432 2973 507 Spiritus
3000 433 3195 502 sancti,
3228 432 3391 507 hujus
3419 432 3547 490 vita
3588 434 3672 492 eis

2071 524 2401 583 interdicens
2420 526 2819 596 substantiam;
2856 532 2920 582 ut
2954 525 3001 583 si
3026 523 3171 583 forte
3203 540 3427 598 poenam
3467 524 3673 585 futura

2070 617 2265 675 mortis
2287 618 2517 676 minime
2536 618 2856 694 cogitantes,
2901 616 3081 675 adhuc
3100 612 3300 675 vellent
3338 614 3539 698 amore
3570 619 3672 678 otii

2071 709 2299 769 existere
2348 719 2727 782 contumaces,
2786 713 2980 771 saltem
3041 711 3366 769 necessitate
3428 712 3672 770 naturali

2071 804 2375 875 constricti,
2415 813 2471 861 et
2520 814 2674 863 metu
2730 806 3021 878 prasentis
3070 805 3323 863 interitus
3344 847 3358 874 ,
3414 805 3672 865 salutaria

2069 905 2344 972 praecepta
2363 897 2638 972 suscipere
2652 907 2939 972 cogantur.

2644 1002 2890 1059 CAPUT
2938 1004 3098 1060 XIII.

2071 1103 2149 1158 De
2176 1116 2234 1157 eo
2256 1100 2400 1172 quod
2424 1100 2583 1175 dicit,
2603 1101 2931 1175 Audiuimus
2959 1104 3100 1157 enim
3127 1102 3272 1157 inter
3293 1116 3384 1158 vos
3409 1101 3669 1174 quosdam

2583 1173 2862 1229 ambulare
2902 1175 3156 1245 inquiete.

2145 1274 2277 1330 Post
2325 1279 2544 1331 tantum
2598 1273 2763 1348 igitur
2811 1275 3047 1349 rigorem
3103 1275 3429 1349 evangelica
3490 1275 3671 1334 distri-

2074 1366 2293 1439 ctionis,
2330 1382 2477 1424 nunc
2504 1366 2623 1441 jam
2660 1384 2880 1426 causam
2927 1367 3167 1442 exponit,
3222 1384 3321 1426 cur
3364 1368 3492 1425 hac
3542 1371 3671 1428 uni-

2078 1476 2231 1518 versa
2269 1460 2592 1534 pramiserit
2633 1482 2649 1517 :
2682 1463 3010 1519 Audiuimus
3060 1465 3199 1519 enim
3243 1463 3503 1534 quosdam
3530 1466 3674 1521 inter

2075 1571 2166 1612 vos
2189 1564 2211 1591 ι
2233 1556 2513 1612 ambulare
2550 1558 2805 1628 inquiete,
2834 1558 2978 1613 nihil
3010 1562 3313 1629 operantes,
3342 1556 3436 1613 sed
3472 1561 3673 1616 curiose

2075 1655 2312 1721 agentes.
2352 1652 2636 1723 Nusquam
2660 1666 2755 1708 eos
2787 1653 2878 1724 qui
2913 1651 3081 1709 dediti
3121 1667 3241 1709 esse
3268 1652 3419 1725 operi
3449 1653 3670 1723 nolunt,

360 1772 503 1820 nera,
535 1759 585 1810 et
609 1770 715 1809 non
736 1756 792 1809 in
808 1754 1221 1808 destructionem
1244 1755 1501 1814 vestram,
1514 1765 1620 1804 non
1640 1749 1966 1804 erubescam.
2002 1774 2050 1836 Β
2078 1760 2188 1801 uno
2210 1751 2423 1801 tantum
2466 1746 2662 1802 morbo
2686 1754 2976 1819 corruptos
3000 1747 3349 1819 pronuntiare
3381 1755 3673 1806 contentus

359 1849 474 1918 llla,
498 1836 763 1921 inquam,
791 1854 1065 1920 potestate
1087 1844 1442 1919 pronuntiat,
1483 1845 1546 1901 Si
1572 1846 1696 1914 quis
1722 1858 1829 1898 non
1857 1842 1972 1897 vult
2002 1832 2042 1836 “
2079 1846 2180 1897 est.
2234 1832 2263 1872 ι’
2318 1841 2383 1895 In
2421 1839 2589 1912 priori
2638 1855 2878 1915 namque
2930 1841 3172 1914 Epistola
3217 1841 3551 1900 inordinatos
3573 1857 3672 1901 eos

1461 1979 1718 2034 ALARDI
1756 1977 1983 2033 (ΞΑΖᾸΞΙ
2020 1975 2577 2033 COMMENTARIUS.

361 2107 620 2175 tentiam,
651 2106 705 2162 in
748 2122 855 2177 qua
902 2114 1017 2177 tota
1056 2103 1349 2177 disputatio
1387 2102 1456 2160 de
1497 2117 1663 2177 opere
1701 2116 1966 2177 manuum

361 2172 717 2251 pracipu’um‘
739 2172 1389 2251 liabet_f_uudamentum,
1438 2172 1747 2251 nullatenus
1778 2172 1968 2251 videor

361 2242 862 2321 posse:pratérire.
913 2247 1024 2321 _Ubi
1078 2250 1139 2302 ιο
1173 2244 1604 2313 observandum,
1637 2244 1966 2321 Apostolum

362 2315 477 2391 non
501 2315 718 2391 dicere,
751 2319 805 2373 Si
839 2318 1115 2391 quisenon
1151 2325 1441 2391 operatur,
1468 2331 1584 2391 non
1611 2315 1915 2391 manducet
1947 2334 1960 2391 ξ

363 2389 463 2461 sed
506 2390 569 2446 Si
606 2392 725 2461 quis
764 2384 875 2461 non
897 2389 1015 2444 vult
1046 2384 1280 2460 operari.
1331 2386 1489 2461 Multi
1535 2384 1962 2461 enimsuntqui

362 2460 561 2535 yellent
587 2456 834 2535 operari,
855 2468 915 2535 _et
956 2456 1359 2535 non—possunt,
1382 2458 1480 2535 _vel
1518 2457 1591 2514 ob
1621 2457 1817 2535 virium
1854 2456 1963 2512 im-

363 2527 737 2598 becillitatem,
789 2527 869 2587 vel
908 2531 1033 2600 quia
1068 2527 1181 2586 non
1216 2529 1496 2586 inveniunt
1532 2527 1683 2600 quod
1729 2543 1965 2598 operen-

368 2610 458 2660 tur
486 2623 499 2658 :
536 2602 679 2659 unde
706 2602 781 2657 illi
807 2599 952 2673 apud
987 2601 1314 2673 Matthaum
1342 2599 1658 2673 interrogati
1688 2600 1824 2669 quid
1851 2603 1963 2654 sta-

362 2678 481 2729 rent
510 2679 619 2729 tota
640 2674 727 2729 die
756 2669 956 2728 otiosi?
981 2672 1226 2743 protinus
1253 2669 1653 2743 responderunt
1688 2688 1701 2725 :
1731 2673 1861 2740 quia
1883 2687 1964 2743 ne-

363 2760 450 2799 mo
468 2759 558 2799 nos
584 2745 844 2800 conduxit
862 2741 1196 2814 (Matthaxx)
1209 2774 1229 2796 .-
1243 2741 1597 2814 Quamquam
1624 2742 1810 2814 Patres
1837 2741 1967 2797 sub—

364 2814 491 2886 inde
512 2816 584 2870 ita
613 2816 785 2871 citant
825 2834 838 2869 :
866 2814 934 2886 Si
952 2814 1074 2886 quis
1086 2810 1207 2870 non
1237 2810 1468 2886 laborat,
1496 2827 1612 2868 non
1635 2810 1960 2886 manducet;

361 2885 458 2943 sed
486 2886 685 2954 obiter,
716 2895 770 2943 et
794 2882 1015 2941 cursim.
1052 2890 1110 2940 2°
1139 2883 1301 2957 Quod
1327 2892 1511 2940 autem
1540 2882 1783 2957 sequitur
1815 2900 1965 2957 :__nec

362 2952 680 3029 manducet,
709 2956 980 3029 duplicem
1008 2952 1187 3029 potest
1216 2955 1417 3011 habere
1447 2952 1691 3010 sensum.
1730 2952 1965 3029 Quidam

364 3028 692 3100 inimodum
737 3024 1127 3100 pfohibitionis
1150 3027 1227 3083 ita
1268 3033 1548 3100 exponunt
1604 3043 1615 3079 :
1660 3039 1827 3100 nemo
1872 3024 1966 3100 det

366 3098 443 3170 illi
465 3099 611 3170 quod
632 3096 923 3155 manducet
942 3140 956 3162 ,
999 3104 1059 3170 ut
1085 3098 1163 3155 sic
1186 3096 1510 3170 necessitate
1535 3096 1853 3170 compulsus
1883 3096 1964 3151 vel

366 3165 570 3225 invitus
605 3178 887 3248 operetur.
926 3169 1193 3248 Sed_cum
1224 3183 1335 3223 non
1363 3167 1433 3223 sit
1460 3165 1965 3248 cujusvisjudicare

365 3255 501 3312 num
531 3237 663 3311 quis
685 3238 1089 3312 velit‘operari,
1126 3253 1381 3312 an_non,
1419 3237 1631 3312 melunt
1671 3237 1761 3293 alii
1791 3253 1963 3312 asser-

364 3310 475 3366 tive
503 3308 780 3382 eiponere
814 3308 1081 3367 in'hunc'
1104 3309 1329 3382 modum
1377 3308 1493 3382 :_Si
1531 3308 1655 3380 quis
1700 3309 1965 3382 non_vult

366 3378 602 3454 uperari',
635 3380 829 3454 dignus
870 3397 983 3438 non
1021 3388 1103 3454 est
1145 3380 1238 3453 qui
1271 3378 1595 3454 manducet,
1652 3378 1880 3454 preinde
1919 3379 1963 3436 si

364 3450 514 3508 fame
551 3450 888 3523 conﬁciatur,
928 3467 1043 3508 sua
1084 3450 1315 3523 imputet
1362 3451 1572 3523 inertia
1607 3450 1671 3507 ac
1705 3450 1961 3519 desidia;

366 3522 511 3581 sicut
539 3538 568 3578 e
603 3521 882 3579 contrario
909 3524 1118 3579 dictum
1150 3521 1231 3578 est
1272 3537 1301 3577 a
1332 3521 1569 3578 Domino
1599 3543 1610 3577 :
1648 3524 1857 3591 Dignus
1889 3527 1968 3577 est

369 3597 653 3677 oper-uritis
670 3597 780 3651 cibo
797 3611 896 3677 sup
918 3595 1134 3662 (Matth.
1162 3594 1240 3677 χ).
1268 3595 1580 3677 Utrumque
1599 3607 1825 3677 seusum
1850 3600 1967 3648 tan-

369 3662 447 3738 git
487 3666 805 3738 Cassianus,
829 3666 1061 3720 alterum
1092 3662 1268 3738 capite
1307 3662 1578 3738 sequenti,
1608 3662 1840 3738 alterum
1870 3678 1967 3738 ca-

369 3679 447 3738 git
487 3679 805 3732 uassmnus,
829 3679 1061 3720 alterum
1092 3679 1268 3737 capite
1307 3679 1578 3788 seqluenu,
1608 3679 1840 3719 alterum
1870 3679 1967 3719 ca-

368 3735 481 3807 pite
537 3743 621 3805 l9,
657 3737 729 3791 ‘in
765 3737 873 3792 ﬁne
914 3743 965 3793 3.
1007 3736 1213 3807 Quarit
1241 3737 1312 3790 D.
1350 3736 1391 3789 T
1434 3749 1608 3800 omas,
1650 3750 1721 3788 an
1768 3736 1863 3789 hoc
1895 3737 1967 3807 sit

362 3806 712 3887 praereptum,
733 3824 820 3887 _an
845 3806 1122 3887 consilium
1142 3811 1268 3887 ?_(In
1298 3810 1572 3887 comment.
1604 3807 1780 3887 Epist.
1814 3806 1969 3887 llud

372 3875 696 3959 Thessalon.)
728 3879 1046 3959 Respondet
1056 3877 1274 3959 _d_u_obus
1284 3876 1467 3959 modis
1479 3875 1696 3959 aliquid
1723 3876 1963 3959 pracipi,

362 3947 688 4021 simpliciter
715 3959 770 4007 et
796 3947 897 4006 sub
931 3949 1266 4006 conditione.
1299 3947 1656 4021 Simpliciter,
1679 3947 1786 4021 ait,
1816 3947 1964 4020 pra-

370 4016 567 4093 cipitur
596 4021 747 4092 quod
784 4036 879 4092 per
902 4036 960 4093 se
992 4029 1075 4077 est
1108 4016 1475 4093 necessarium
1510 4018 1578 4075 ad
1616 4016 1873 4093 salutem,
1909 4027 1966 4093 et

366 4088 487 4149 hac
515 4088 646 4149 sun—t
672 4088 837 4165 epeia
868 4092 1128 4165 virtutum
1165 4096 1308 4164 (qua
1338 4088 1827 4165 nimirum_cadu_ut
1861 4091 1965 4147 sub

368 4172 678 4237 pracepto;
710 4160 830 4237 'sub
876 4160 1391 4237 conditione'vero,
1438 4160 1656 4235 quando
1702 4161 1827 4219 talis
1884 4170 1967 4237 est

368 4232 569 4303 casus;
587 4232 696 4307 quo
736 4235 852 4292 sine
899 4252 1063 4304 opere
1109 4234 1345 4292 manuali
1388 4232 1719 4360 praeceptum
1764 4232 1965 4290 servari

368 4319 483 4360 non
536 4313 731 4360 notest.
781 4308 1105 4360 Pracinitur
1159 4315 1344 4360 autem
1438 4305 1609 4360 omini
1662 4312 1723 4360 ut
1766 4320 1965 4360 cornus

368 4319 483 4360 non
536 4305 731 4388 potest.
759 4308 1105 4388 _P_racipitur
1133 4315 1362 4388 _autet_n_
1389 4305 1609 4388 homini
1662 4312 1966 4388 utcorpus

370 4374 551 4446 suum
564 4381 868 4442 sustentet,
903 4374 1034 4430 alias
1061 4377 1207 4431 enim
1234 4384 1316 4431 est
1349 4375 1620 4430 homicida
1665 4374 1746 4431 sui
1776 4374 1965 4446 ipsius.

280 4445 289 4453 ’
375 4445 576 4501 Genes.
607 4459 656 4499 ιι
686 4464 698 4500 :
725 4447 801 4498 De
821 4449 968 4499 omni
989 4447 1135 4517 ligno
1164 4446 1424 4516 paradisi
1459 4446 1679 4501 comede.
1714 4445 1970 4517 Ex’pra-

372 4523 535 4586 cepto
578 4527 712 4586 ergo
750 4522 967 4571 tenetur
1001 4515 1174 4572 homo
1212 4530 1409 4586 corpus
1449 4530 1612 4570 suum
1646 4515 1887 4584 nutrire,
1916 4526 1970 4574 et

373 4585 628 4642 similiter
645 4585 881 4659 :tenetur
912 4586 985 4659 ad
1018 4587 1201 4659 omnia
1225 4585 1339 4643 sine
1375 4586 1574 4659 quibus
1612 4601 1813 4659 corpus
1852 4602 1969 4659 non

375 4664 558 4732 potest
610 4656 806 4713 vivere.
860 4658 1027 4715 Unde
1081 4655 1420 4732 quicumque
1460 4672 1573 4714 non
1628 4655 1793 4732 habet
1841 4657 1973 4732 alias

377 4727 521 4800 unde
575 4743 775 4800 corpus
820 4727 1422 4800 sustentet'ilicitefvel
1465 4729 1837 4800 possessione,
1888 4730 1968 4787 vel

377 4746 521 4785 unae
575 4746 775 4800 corpus
820 4746 1086 4785 sumente:
1128 4746 1296 4798 ncne,
1340 4746 1422 4786 Vel
1504 4746 1837 4799 ossessione,
1888 4746 1968 4787 vel

368 4797 516 4857 licito
545 4798 783 4874 negotio,
818 4807 1037 4875 tenetur
1064 4798 1330 4875 laborare,
1354 4814 1424 4856 ne
1455 4746 1680 4875 giretur.
1718 4803 1967 4875 Estergo
1994 4791 2045 4854 D

360 4871 741 4954 praceptum_,_
775 4871 1192 4954 quando_aliter
1211 4887 1332 4954 Inon
1360 4879 1539 4954 potest
1571 4872 1775 4954 _vivere.
1815 4871 1964 4929 Hac-

362 4942 521 5000 tenus
547 4942 634 5000 'D.
679 4942 940 5002 Thomas.
998 4946 1079 5000 Ex
1131 4943 1329 5016 quibus
1364 4942 1712 5070 intelligimus
1761 4959 1962 5016 prace-

362 5022 523 5070 ntum
558 5013 625 5070 de
654 5016 931 5070 onerando
953 5056 969 5070 .
1007 5023 1068 5070 ut
1093 5024 1176 5070 est
1203 5014 1450 5070 naturale
1468 5058 1483 5070 .
1553 5016 1795 5070 unliciter
1819 5015 1962 5070 obli-

361 5022 523 5086 ptum
558 5013 625 5070 de
654 5016 931 5089 operando
949 5056 985 5089 ,_
1007 5023 1068 5071 ut
1093 5013 1176 5073 est
1203 5014 1450 5089 naturale
1468 5058 1483 5084 ,
1512 5013 1795 5089 dupliciter
1819 5015 1962 5089 obli-

364 5085 494 5157 gare
548 5105 559 5140 :
607 5085 1240 5157 nempeabsomtetvel
1290 5087 1346 5143 in
1385 5094 1535 5143 certo
1566 5085 1714 5144 casu.
1770 5088 1961 5144 Primo

364 5153 536 5213 modo
583 5171 695 5211 non
738 5153 957 5230 obiigat
976 5156 1254 5230 singulos,
1298 5157 1393 5213 sed
1420 5158 1855 5230 rempublicam,
1901 5168 1964 5216 ut

364 5235 560 5301 notum
592 5234 677 5282 est
695 5225 872 5301 ,_quia'
894 5225 962 5282 ad
991 5225 1096 5301 illa_
1108 5236 1375 5300 pracepta
1417 5225 1813 5301 legis'natura,
1839 5225 1964 5301 qua

364 5241 560 5282 nctum
592 5241 677 5282 esr
695 5268 711 5295 ,
735 5241 864 5352 (puta
894 5241 962 5282 au
991 5241 1080 5282 ma
1108 5241 1375 5300 pracepta
1418 5241 1548 5301 legis
1574 5241 1813 5295 natura,
1839 5246 1962 5300 qua

363 5297 637 5371 pertinent
665 5296 737 5371 ad
770 5312 969 5371 fenum
987 5297 1307 5367 multorum,
1336 5314 1448 5355 non
1467 5308 1722 5371 tenentur
1734 5299 1962 5371 singuli,

365 5366 628 5442 aituidem
671 5369 743 5442 S._
766 5367 1017 5424 Thomas
1052 5373 1195 5438 (2-2,
1228 5388 1277 5441 q.
1298 5366 1415 5442 '_187
1433 5411 1451 5442 ,
1484 5387 1538 5425 a.
1573 5376 1626 5442 3,
1649 5369 1718 5426 ad
1752 5366 1856 5442 1λῖ
1867 5366 1964 5442 sed

363 5436 567 5495 sufﬁcit
599 5437 747 5511 quod
777 5454 918 5511 unus
953 5448 1104 5511 vacet
1132 5436 1474 5507 uni'oflicio',
1516 5448 1568 5497 et
1593 5436 1730 5497 alius
1767 5440 1962 5510 alteri,

364 5517 494 5586 puta
533 5508 929 5586 quodquidam
978 5510 1090 5586 sint
1127 5512 1380 5586 Opiﬁces,
1424 5508 1960 5586 quidamiagricola,

363 5580 592 5655 quidam
610 5580 931 5655 judices,_et
958 5583 1038 5639 sic
1058 5581 1127 5639 de
1149 5580 1263 5639 aliis
1280 5626 1295 5651 ,
1332 5580 1633 5642 secdndum
1662 5580 1793 5640 illud
1828 5586 1964 5655 Apo-

364 5650 491 5725 stoii
514 5653 538 5706 Ι
563 5650 633 5709 ad
659 5653 908 5711 Corinth.
939 5668 1037 5711 xu
1073 5674 1084 5710 :
1115 5655 1176 5711 Si
1211 5659 1379 5710 totum
1422 5670 1610 5725 corpus
1635 5656 1828 5719 oculos,
1869 5650 1967 5712 ubi

363 5721 584 5777 auditus
602 5728 631 5779 ?
657 5730 708 5780 et
728 5728 780 5780 si
802 5729 975 5779 totum
1005 5725 1248 5789 auditus,
1276 5727 1375 5781 ubi
1399 5721 1653 5781 odoratus
1671 5730 1699 5782 ?
1726 5735 1831 5785 etc.
1859 5728 1965 5782 At-

363 5792 461 5866 qui
498 5808 564 5851 ex
605 5793 707 5852 hac
748 5803 900 5868 parte
952 5808 1065 5854 non
1113 5797 1364 5854 convenit
1400 5795 1671 5869 religiosis
1716 5796 1965 5856 laborare

2071 2098 2348 2171 manibus.
2374 2099 2471 2171 Illi,
2491 2099 2640 2156 enim
2660 2098 2867 2171 habent
2888 2097 3130 2171 ol'ticium
3160 2098 3217 2171 in
3240 2098 3517 2171 republica
3554 2115 3665 2157 non

2073 2170 2350 2243 cperandi,
2380 2169 2476 2226 sed
2504 2170 2719 2243 orandi,
2742 2170 3020 2243 psallendi,
3046 2168 3409 2243 eoncionandi
3433 2210 3449 2237 ,
3488 2178 3565 2243 et
3587 2172 3667 2228 si-

2072 2240 2590 2314 miliaprastandi.
2643 2240 2894 2300 Secundo
2917 2240 3112 2314 modo
3150 2249 3403 2314 tenentur
3438 2241 3663 2314 quidem

2072 2312 2289 2385 singuli
2312 2313 2425 2385 hoc
2473 2322 2779 2385 pracepto,
2842 2312 2939 2370 sed
2965 2329 3077 2369 non
3127 2312 3310 2370 minus
3372 2312 3663 2371 saculares

2072 2383 2237 2456 quam
2277 2383 2530 2457 religioSi.
2581 2383 2723 2441 Nam
2751 2399 3111 2457 quocumque
3134 2400 3264 2457 casu
3292 2391 3386 2440 aut
3426 2385 3662 2457 necessi-

2075 2454 2190 2511 tate
2236 2454 2555 2527 occui'rente.
2583 2454 2839 2511 tenentur
2865 2454 3065 2527 singuli
3096 2454 3343 2527 laborare
3374 2455 3658 2523 manibus;

2072 2525 2429 2607 proculdubiu
2483 2525 3090 2607 tenentur_saculares_
3106 2526 3459 2607 nihilominus
3489 2540 3664 2607 quam

2073 2596 2337 2668 religiosi.
2366 2597 2505 2668 _Qua
2529 2597 2598 2654 de
2627 2614 2686 2653 re
2713 2597 2833 2655 vide
2869 2597 3019 2655 card.
3051 2597 3445 2654 Bellarminum
3489 2596 3584 2655 lib.
3615 2613 3669 2656 ιι

2073 2665 2145 2751 de
2165 2665 2447 2751 Monachis
2482 2684 2600 2751 cap.
2624 2671 3031 2751 42:.Postremp
3054 2668 3370 2751 meminisse
3391 2668 3483 2751 hic
3506 2684 3670 2751 opor-

2072 2745 2173 2812 tet,
2199 2740 2343 2811 quod
2395 2740 2645 2812 superius
2670 2740 2835 2796 etiam
2868 2755 2936 2796 ex
2966 2741 3029 2795 D.
3064 2740 3280 2812 Tboma
3322 2747 3664 2810 annotatum,

2019 2832 2027 2839 -
2072 2809 2321 2894 laborem
2341 2809 2627 2893 manuum,
2650 2812 2731 2894 vel
2760 2827 2899 2894 opus
2917 2810 3314 2894 manuumhdici
3339 2826 3505 2894 omne
3529 2827 3666 2894 opus

2074 2884 2378 2952 corporale,
2411 2882 2529 2938 sine
2571 2881 2951 2938 mechanicum
2988 2882 3120 2939 illud
3149 2882 3239 2950 sit,
3269 2883 3382 2941 sive
3424 2881 3667 2952 liberale,

2073 2951 2188 3026 sive
2220 2953 2721 3026 manibusutantum
2751 2960 3085 3026 exerceatur,
3114 2954 3228 3026 sive
3268 2953 3496 3026 pedibus
3514 2993 3534 3026 ,
3559 2951 3670 3010 sive

2073 3020 2273 3107 lingua,
2305 3024 2415 3080 sive
2436 3024 2544 3080 alio
2570 3022 2772 3094 modo;
2803 3020 3107 3107 appellatur
3129 3020 3287 3107 euim'
3304 3040 3443 3107 opus
3482 3020 3669 3107 corpo-

2072 3092 2204 3160 rale,
2228 3108 2365 3166 opus
2399 3110 2701 3163 manuum,
2727 3092 2857 3168 quia
2879 3092 3087 3168 manus
3108 3104 3189 3168 est
3213 3092 3548 3168 praecipuum
3580 3092 3663 3168 in-

2072 3165 2440 3250 strumeptum
2474 3181 2584 3250 quo
2598 3165 2916 3250 .operamur.
2932 3237 2945 3249 .
2962 3165 3196 3250 Proiude
3215 3165 3400 3250 etiam
3440 3166 3664 3250 religio-

2073 3236 2121 3289 si
2150 3236 2438 3307 psallentes
2478 3236 2534 3295 iu
2566 3236 2760 3305 choro,
2791 3237 3208 3305 concionantes,
3240 3246 3337 3293 aut
3365 3236 3623 3295 docentes
3645 3279 3659 3305 ,

2073 3306 2213 3380 etei,
2241 3308 2399 3380 plane
2420 3308 2673 3365 manibus
2701 3308 2948 3366 laborare
2976 3307 3084 3380 dici
3130 3318 3377 3380 possunt.
3407 3306 3662 3380 Viderint

2072 3377 2299 3458 proinde
2342 3380 2578 3458 haeretici
2615 3396 2781 3458 quam
2804 3396 2915 3436 non
2952 3377 3443 3458 solumlimprobe,
3474 3379 3571 3458 sed
3612 3388 3667 3437 et

2074 3449 2326 3519 imperite
2372 3451 2513 3508 hanc
2550 3449 2876 3521 sententiam
2930 3449 3178 3521 Apostoli
3217 3449 3273 3506 in
3323 3451 3662 3521 monachos,

2073 3521 2378 3594 prasertim
2402 3520 2791 3594 mendicantes,
2821 3520 3188 3594 intorqueant.

2144 3592 2438 3666 °_Inquie_te
2474 3593 2736 3666 ambulat,
2779 3590 2880 3666 qui
2902 3590 3073 3666 quod
3097 3593 3179 3648 sui
3226 3597 3309 3657 est
3334 3590 3515 3666 #oflicii
3555 3608 3667 3666 non

2074 3657 2223 3730 facit,
2254 3657 2308 3719 e't
2349 3664 2483 3720 alios
2513 3657 2774 3720 facientes
2803 3657 3016 3720 'turb'at.
3056 3665 3141 3719 De
3181 3679 3291 3736 quo
3331 3664 3392 3718 Β.
3425 3663 3662 3721 Benedi-

2073 3738 2198 3807 ctus
2221 3749 2341 3806 cap.
2366 3741 2434 3790 48
2473 3736 2701 3807 Regula
2742 3756 2754 3792 :
2794 3736 3032 3793 Videant
3057 3737 3287 3790 seniores
3315 3750 3381 3789 ne
3404 3736 3548 3807 forte
3572 3738 3659 3791 in-

2073 3805 2326 3860 veniatur
2357 3809 2539 3875 frater
2554 3805 2846 3875 accdiosus,
2876 3809 2975 3877 qui
2997 3811 3148 3861 vacet
3170 3809 3276 3861 otio
3305 3810 3403 3860 aut
3428 3806 3655 3873 fabulis,

2075 3878 2128 3928 et
2150 3891 2253 3931 non
2277 3883 2355 3932 est
2382 3882 2616 3932 intentus
2640 3878 2871 3940 lectioni,
2892 3882 2941 3935 et
2978 3893 3084 3932 non
3110 3877 3281 3932 solum
3307 3877 3416 3931 sibi
3446 3879 3663 3933 inutilis

2074 3948 2173 4017 est,
2218 3949 2313 4003 sed
2340 3952 2505 4004 etiam
2542 3950 2678 4004 alios
2707 3950 2952 4016 eatellit;
2979 3947 3037 4004 id
3060 3956 3164 4017 est,
3209 3955 3359 4004 extra
3397 3947 3557 4015 tollit,
3590 3949 3664 4005 ait

2073 4015 2544 4091 :I‘urrecrematus,
2576 4019 2681 4076 hoc
2703 4028 2805 4089 est,
2840 4035 2871 4075 a
2891 4015 3124 4091 lectione
3148 4015 3230 4074 vel
3257 4034 3425 4091 opere
3448 4018 3663 4076 abstra-

2074 4084 2176 4175 hit.
2208 4084 2742 4175 .Smaragdushveno
2770 4084 3050 4175 eumdem}
3071 4091 3252 4146 locum
3293 4084 3602 4173 'enplanans
3645 4109 3658 4146 :

2074 4158 2389 4227 Acediosus,
2423 4158 2627 4234 inquit,
2671 4164 2868 4218 dicitur
2912 4163 3183 4225 tadiosus,
3232 4158 3462 4223 anxius,
3514 4178 3670 4218 uana

2074 4236 2288 4298 mentis,
2305 4235 2388 4288 uel
2398 4237 2577 4287 animo
2589 4234 2717 4288 levis
2731 4254 2748 4302 ;
2766 4236 2866 4304 qui
2882 4234 3042 4288 tactio
3056 4234 3248 4288 mentis
3262 4237 3567 4297 commotus,
3584 4234 3670 4289 uel

2077 4306 2292 4363 levitate
2318 4307 2493 4359 animi
2510 4306 2836 4368 sublevatus,
2866 4321 2959 4359 nec
2976 4320 3030 4360 se
3047 4307 3179 4359 sinit
3196 4304 3387 4373 legere,
3419 4320 3511 4359 nec
3529 4306 3665 4361 alios

2078 4377 2289 4433 lectioni
2303 4390 2517 4441 vacare;
2548 4378 2646 4445 qui
2666 4380 2717 4430 et
2742 4378 2850 4431 sibi
2869 4376 3187 4444 vagabundo
3208 4376 3443 4438 inutilis,
3465 4380 3516 4429 et
3538 4376 3663 4432 aliis

2078 4448 2368 4518 legentibus
2395 4448 2665 4500 invenitur
2687 4463 2795 4502 esse
2810 4449 3112 4502 contrarius
3132 4448 3331 4514 ;otium
3359 4449 3501 4501 enim
3516 4451 3568 4501 et
3583 4448 3665 4514 fa-

2081 4520 2235 4573 bulas
2263 4518 2471 4585 diligit,
2511 4521 2561 4572 et
2596 4518 2712 4572 ideo
2740 4522 2789 4572 et
2816 4534 2871 4573 se
2899 4522 2949 4573 et
2986 4518 3120 4573 alios
3165 4534 3200 4572 a
3236 4532 3395 4573 sacra
3446 4518 3666 4574 lectione

2078 4590 2330 4658 distollit,
2347 4589 2409 4643 id
2431 4592 2527 4651 est,
2553 4594 2795 4658 segregat
2820 4593 2870 4645 et
2896 4589 3190 4644 disturbat.

2148 4653 2177 4693 ¹⁵
2196 4653 2407 4731 Lapsus
2427 4658 2514 4731 hic
2534 4653 2795 4716 memoria
2819 4659 3030 4731 videtur
3055 4659 3368 4731 Cassianus,
3399 4658 3479 4731 vei
3510 4673 3667 4731 men-

2078 4731 2212 4790 dum
2250 4728 2485 4803 irrepsit.
2532 4733 2657 4803 Non
2680 4731 2830 4788 enim
2868 4731 2922 4786 in
2936 4730 3115 4803 priori
3155 4730 3391 4803 Epistola
3414 4728 3484 4786 ad
3502 4728 3666 4803 Thes

2072 4800 2461 4874 salonicens‘es,
2502 4802 2597 4874 sed
2645 4803 2701 4858 in
2746 4800 3044 4874 posteriore
3092 4800 3475 4874 atqueeodem
3523 4800 3668 4873 capi-

2071 4883 2161 4947 te,
2204 4873 2348 4947 unde
2384 4872 2930 4947 pnacedentia'uerba
2971 4872 3217 4947 Appstoli
3258 4872 3348 4947 hic
3392 4872 3661 4947 citantur;

2070 4946 2175 5017 nisi
2214 4945 2356 5003 forte
2384 4943 2459 5002 ad
2486 4944 2622 5001 illud
2658 4943 2906 5017 respiciat
2932 4943 3080 5016 quod
3109 4944 3165 5000 in
3208 4943 3665 5017 prioreEpistola

2073 5016 2343 5074 habetur:
2366 5018 2624 5088 Cormpite
2640 5013 2908 5088 inquietos
2931 5013 2985 5083 (ἶ
3018 5017 3194 5088 Thess.
3210 5013 3326 5088 ιι),
3347 5013 3449 5088 ubi
3473 5013 3667 5073 Graec

2073 5090 2332 5153 ατάκτους,
2357 5087 2410 5144 id
2451 5084 2552 5157 est,
2593 5084 2948 5157 inordinatos.
2977 5086 3081 5143 Sed
3106 5101 3234 5143 cum
3265 5084 3430 5157 hujus
3448 5096 3668 5143 senten-

2073 5159 2167 5231 tia
2202 5160 2463 5215 hactenus
2500 5155 2611 5215 non
2647 5156 2981 5231 meminerit,
3023 5166 3077 5214 et
3120 5157 3311 5231 statim
3339 5155 3450 5231 hic
3506 5157 3669 5231 subji-

2074 5230 2181 5287 ciat
2212 5250 2226 5288 :
2256 5235 2327 5288 Et
2362 5247 2466 5286 non
2492 5230 2779 5287 secundum
2824 5230 3169 5284 traditionem
3200 5229 3502 5298 ambulare,
3536 5229 3663 5294 εαξη

2072 5301 2291 5358 videtur
2320 5302 2547 5358 omnino
2571 5300 2713 5357 hanc
2757 5300 3078 5373 posterioris
3118 5299 3377 5371 Epistula
3419 5309 3672 5372 spectare

2072 5373 2423 5441 sententiam,
2459 5388 2626 5445 quam
2671 5379 2725 5428 et
2750 5370 2998 5445 superius
3033 5370 3290 5428 citaverat
3321 5390 3334 5426 :
3361 5370 3671 5445 Denuntia-

2073 5460 2192 5500 mus
2233 5446 2379 5499 vobis
2424 5443 2493 5499 in‘
2510 5445 2717 5499 nomine
2744 5444 2962 5500 Domini
2997 5445 3174 5499 nostri
3197 5445 3319 5498 Jesu
3348 5443 3570 5508 Christi,
3611 5446 3674 5498 ut

2074 5517 2411 5571 subtrahatis
2429 5530 2519 5571 vos
2535 5516 2605 5571 ab
2630 5517 2780 5570 omni
2787 5515 2965 5582 fratre
2991 5514 3304 5569 ambulante
3323 5513 3566 5579 ατάκτως,
3592 5516 3677 5571 in-

2075 5588 2344 5652 ordinate,
2365 5590 2416 5641 et
2441 5602 2547 5642 non
2562 5587 2850 5642 secundum
2866 5586 3210 5657 traditionem
3225 5628 3241 5648 ,
3265 5602 3431 5656 quam
3455 5600 3673 5657 accepe-

2073 5662 2263 5713 mnta
2291 5658 2446 5715 nobis
2484 5660 2571 5724 (II
2598 5658 2775 5714 Thess.
2820 5661 2927 5725 ιι).
2965 5658 3131 5713 Porro
3176 5654 3404 5710 ἆτάῖιτειν
3441 5654 3673 5715 verbum

2073 5728 2313 5802 militare
2340 5736 2440 5802 est,
2464 5727 2835 5802 significatque
2877 5742 2936 5784 se
2965 5734 3117 5802 extra
3145 5727 3395 5802 ordinem
3425 5743 3634 5802 ponere
3653 5768 3673 5798 ,

2074 5815 2139 5856 ac
2193 5800 2263 5858 de
2309 5800 2480 5858 classe
2507 5797 2842 5866 subducere;
2871 5797 3151 5871 quomodo
3195 5797 3520 5864 ἁτάχτοι,“ἰά
3562 5797 3674 5865 est,
