4012 6192
348 223 447 282 381

986 227 1077 282 ne
1115 187 1596 284 cmuosioaun
1640 224 1886 282 lNS'l‘l'l‘.
1927 225 2057 284 LIB.
2096 226 2165 282 x;
2200 255 2273 269 —
2307 226 2397 284 ne
2434 227 2706 287 suam;
2743 232 3036 289 acaum.

3564 241 3668 298 382
3714 201 3719 205 ’

347 348 604 424 appellat,
636 365 739 407 nec
767 311 1072 409 secundum
1099 351 1452 410 traditionem
1477 350 1762 409 ambulare
1789 366 1956 424 quam
1980 355 2036 420 Α
2063 350 2400 423 vulneribus,
2445 354 2540 411 sed
2581 354 2747 414 etiam
2789 357 2958 428 sanis,
3015 358 3215 432 quibus
3263 376 3456 419 eorum
3498 364 3671 437 possit

350 451 665 516 acceperant
683 443 753 500 ab
782 460 889 515 eo;
938 445 1209 519 inquietos
1251 445 1421 504 etiam
1457 460 1579 504 esse
1604 444 1874 516 deﬁnivit,
1903 454 1960 503 et
2068 451 2329 517 perpetua
2369 446 2603 517 sospitas
2652 446 2934 519 custodiri,
2999 449 3254 506 similiter
3312 454 3666 525 congruentia

347 536 513 609 gratis
553 552 751 610 panem
800 539 1150 597 manducare.
1183 541 1423 598 Rursum
1455 539 1572 597 hic:
1602 540 1955 605 Audiuimus,

348 629 546 703 inquit,
568 632 835 702 quosdam
857 635 1000 690 inter
1015 650 1105 691 vos
1122 636 1403 692 ambulare
1420 638 1660 707 inquiete
1675 635 1691 707 (
1704 637 1756 691 ll
1775 636 1954 693 Thess.

345 730 478 794 ιιι).
508 725 578 781 Et
599 724 881 799 subjungit
914 728 1103 786 statim
1128 727 1429 786 secundum
1472 729 1814 803 languorem,
1860 729 1954 802 qui

356 822 735 896 nquietudinis
787 822 949 897 hujus
996 833 1083 883 est
1107 825 1311 883 radix:
1352 827 1530 890 Nihil,
1574 826 1775 899 inquit.
1828 841 1952 897 ope-

348 920 557 984 rantes,
587 915 818 972 tertium
853 932 1079 990 quoque
1110 919 1399 989 morbum,
1442 920 1533 993 qui
1573 936 1637 977 ex
1666 920 1768 977 isto
1805 918 1958 977 velut

348 1007 578 1082 quidam
606 1009 961 1067 ramusculus
990 1011 1165 1068 oritur
1195 1030 1209 1068 :
1236 1014 1331 1069 sed
1348 1017 1553 1071 curiose
1574 1017 1809 1086 agentes.

618 1151 622 1155 .
874 1137 880 1141 υ
950 1105 1193 1163 CAPUT
1217 1108 1367 1163 XIV.

647 1197 803 1264 Quod
824 1199 998 1253 multa
1016 1200 1154 1253 vitia
1177 1202 1421 1270 amputet
1447 1201 1645 1257 oratio.

416 1290 611 1361 Itaque
632 1287 806 1347 iomiti
832 1291 1091 1348 vitiorum
1126 1300 1411 1351 tantorum
1452 1309 1759 1368 congruam
1805 1311 1952 1353 nunc

347 1381 789 1442 emendationem
836 1382 1088 1444 conferre
1124 1385 1364 1458 festinat,
1411 1397 1467 1446 et
1499 1389 1590 1446 illa
1628 1389 1946 1465 apostolica,

342 1490 452 1549 qua
476 1492 608 1535 usus
635 1476 813 1535 fuerat
855 1478 1021 1552 paulo
1068 1487 1221 1552 ante,
1246 1480 1507 1554 depositae
1526 1491 1813 1555 potestate,
1843 1484 1945 1542 ite-

340 1582 470 1626 rum
493 1568 564 1626 ad
609 1571 814 1628 viscera
859 1572 932 1645 pii
982 1572 1152 1647 patris
1194 1573 1280 1631 vel
1326 1576 1613 1634 clementis
1658 1577 1949 1635 revertitur

341 1661 556 1733 medici,
586 1672 642 1720 et
681 1664 828 1722 velut
863 1665 988 1724 ﬁliis
1031 1668 1406 1743 susceptisque
1441 1670 1558 1728 suis
1588 1670 1814 1728 consilio
1863 1686 1951 1728 sa-

2065 543 2337 610 praecepta
2365 539 2731 611 commendat,
2761 541 2969 612 dicens,
2998 546 3105 601 Vos
3134 549 3313 602 autem
3340 548 3502 603 nolite
3529 548 3660 619 deﬁ-

2066 643 2179 686 cere
2206 630 2591 701 benefacientes
2616 636 2692 703 (Il
2720 636 2894 693 Thess.
2922 640 3052 709 In),
3081 639 3317 711 quinos,
3342 640 3396 697 id
3420 650 3520 711 est,
3552 640 3668 703 vias

2063 732 2300 793 nostras,
2327 734 2617 797 sectantes,
2649 730 2898 803 exempla
2924 732 3080 789 vobis
3104 734 3303 791 tradita
3331 735 3510 808 operis
3534 735 3657 792 imi-

2065 818 2273 875 tatione
2307 820 2614 892 completis,
2651 838 2715 878 ac
2762 839 3107 898 nequaquam
3162 841 3357 883 eorum
3391 826 3658 886 desidiam

2066 909 2428 985 inertiamque
2467 916 2774 971 sectamini.
2809 908 2837 949 δ
2872 917 3049 975 Nolite
3079 919 3293 987 deﬁcere
3334 920 3658 988 benefacien-

2065 1007 2163 1073 tes,
2207 1005 2264 1062 id
2305 1013 2410 1076 est,
2439 1006 2841 1065 humanitatem
2878 1018 3116 1067 vestram
3159 1027 3284 1083 erga
3311 1027 3426 1081 eos,
3450 1014 3497 1069 si
3525 1011 3669 1071 forte

2062 1100 2395 1172 neglexerint
2429 1100 2720 1158 observare
2767 1119 2892 1176 quae
2940 1104 3202 1173 diximus,
3257 1106 3512 1164 similiter
3564 1106 3669 1164 im-

2060 1194 2279 1267 pertire.
2320 1196 2401 1253 Ut
2426 1197 2707 1269 castigavit
2742 1212 2879 1270 ergo
2907 1213 3001 1254 eos
3029 1198 3122 1270 qui
3155 1208 3309 1255 erant
3338 1199 3562 1271 infirmi,
3598 1215 3667 1256 ne

2061 1288 2174 1345 otio
2197 1288 2440 1346 dissoluti
2483 1289 2844 1361 inquietudini
2881 1299 2937 1348 et
2965 1291 3267 1347 curiositati
3315 1307 3542 1365 Operam
3582 1292 3673 1350 da-

2057 1392 2207 1452 rent;
2238 1383 2317 1441 ita
2343 1382 2445 1441 hos
2485 1383 2575 1456 qui
2612 1384 2730 1441 sani
2757 1392 2886 1441 sunt
2921 1393 3246 1458 praemonet,
3272 1393 3334 1442 ut
3358 1385 3664 1444 humanita-

2055 1482 2195 1546 tem,
2229 1492 2397 1549 quam
2436 1476 2596 1534 bonis
2640 1492 2703 1534 ac
2732 1477 2889 1534 malis
2930 1477 3207 1551 impertire
3244 1478 3473 1535 Domini
3522 1494 3659 1552 prte-

2054 1577 2213 1642 cepto
2267 1570 2546 1643 jubemur,
2593 1569 2642 1627 si
2680 1569 2825 1627 forte
2879 1571 3102 1643 quidam
3152 1574 3305 1645 pravi
3347 1573 3418 1630 ad
3463 1589 3654 1631 sanam

2054 1660 2363 1719 doctrinam
2398 1664 2641 1720 converti
2678 1663 2981 1732 noluerint,
3015 1680 3127 1721 non
3173 1664 3499 1723 abscindant
3524 1666 3657 1736 [ab-

341 1753 484 1812 iubri
523 1755 688 1812 infert
719 1757 962 1815 remedia
1003 1759 1272 1831 sanitatis,
1318 1760 1503 1819 dicens
1556 1782 1570 1820 ;
1602 1765 1699 1819 His
1745 1768 1948 1827 autem,
1980 1762 2029 1825 Β
2057 1756 2354 1825 scondant]
2382 1757 2449 1812 ab
2495 1756 2605 1825 eis;
2636 1757 2733 1813 sed
2770 1756 3105 1814 benefacere.
3132 1766 3187 1815 et
3212 1758 3396 1816 fovere
3433 1775 3526 1817 eos
3548 1769 3663 1818 tam

342 1850 442 1919 qui
460 1847 732 1919 ejusmodi
753 1856 900 1916 sunt,
926 1852 1312 1912 denuntiamus
1336 1858 1387 1910 et
1419 1856 1750 1911 obsecramus
1779 1858 1837 1910 in
1864 1856 1952 1911 do.-

338 1942 484 1998 mino
520 1944 663 2007 Iesu,
691 1946 717 1976 ⁸
746 1948 810 1999 ut
848 1960 968 2000 cum
1000 1946 1213 2002 silentio
1237 1953 1516 2018 operantes
1548 1964 1747 2020 panem
1791 1963 1950 2005 suum

340 2035 685 2093 manducent.
732 2039 939 2095 Causas
980 2045 1264 2096 tantorum
1312 2039 1562 2096 ulcerum
1591 2056 1715 2113 qua:
1759 2039 1829 2098 de
1858 2055 1952 2097 ra-

340 2126 463 2186 dice
504 2129 800 2189 otiositatis
842 2141 1135 2205 emergunt
1178 2120 1292 2188 uno
1330 2131 1667 2205 Operationis
1727 2133 1948 2191 salutari

341 2232 613 2297 praecepto
642 2223 877 2295 curavit,
920 2234 984 2282 ut
1023 2224 1385 2297 peritissimus
1423 2224 1803 2295 medicorum;
1836 2241 1947 2284 cm-

346 2322 491 2374 teras
527 2332 746 2390 quoque
784 2317 1119 2376 valetudines
1153 2317 1326 2375 mala
1347 2317 1545 2376 eodem
1574 2316 1787 2392 cespite
1823 2319 1946 2392 pul-

348 2407 578 2466 lulantes
614 2410 791 2467 sciens
810 2411 1062 2484 protinus
1086 2410 1529 2484 exstin'guendas,
1559 2411 1767 2486 origine
1795 2426 1945 2469 mor-

348 2500 401 2558 bi
429 2502 743 2576 principalis
771 2512 1044 2578 exempta.

954 2598 1199 2656 CAPUT
1224 2600 1353 2655 XV.

341 2690 748 2748 Dehumam'tate
757 2694 915 2748 etiam
924 2695 1105 2748 otiosis
1114 2694 1946 2765 etnegligentibusimpartienda.

408 2784 782 2843 Nihilominus
828 2794 1013 2843 tamen
1052 2794 1114 2844 ut
1140 2787 1648 2860 perspicacissimus
1668 2804 1734 2845 ac
1762 2790 1948 2862 provi-

342 2877 441 2936 dus
467 2879 735 2950 medicus,
763 2896 881 2938 non
906 2881 1085 2938 solum
1115 2880 1514 2940 infirmantium
1552 2883 1707 2956 cupit
1739 2883 1948 2941 mederi

2058 1848 2456 1905 consolationis
2495 1855 2547 1905 et
2582 1848 2944 1920 correptionis
2985 1864 3265 1920 sermone,
3297 1866 3466 1924 quam
3494 1851 3661 1909 bene-

2056 1940 2198 1999 ﬁciis
2226 1940 2399 2000 solitis
2425 1950 2481 1999 et
2506 1941 2844 1999 humanitate
2872 1959 2984 2000 non
3009 1942 3318 2016 designant.

2647 2044 2894 2102 CAPUT
2921 2046 3075 2101 XVI.

2054 2105 2206 2212 Quod
2225 2159 2329 2199 non
2342 2144 2473 2208 odii,
2503 2143 2598 2199 sed
2611 2143 2911 2199 dilectionis
2935 2160 3098 2200 causa
3119 2159 3201 2200 eos
3222 2147 3322 2215 qui
3334 2146 3651 2216 delinquunt

2561 2217 2830 2286 corripere
2857 2216 3127 2271 debemus.

2126 2318 2375 2375 Rursum
2421 2324 2605 2373 tamen
2639 2331 2709 2372 ne
2750 2313 2891 2373 forte
2939 2315 3042 2372 hac
3088 2315 3309 2372 lenitate
3372 2317 3651 2387 provocati

2054 2411 2279 2486 quidam
2324 2412 2608 2484 praceptis
2650 2410 2770 2484 ejus
2821 2409 3043 2469 obedire
3084 2419 3460 2480 contemnant,
3486 2410 3655 2467 inter-

2053 2508 2248 2565 miscet
2282 2505 2638 2581 apostolicam
2685 2504 3028 2563 severitatem
3058 2524 3071 2561 :
3107 2507 3257 2574 Quod
3295 2509 3346 2563 si
3387 2508 3507 2577 quis
3549 2521 3653 2563 non

2054 2604 2234 2659 obedit
2250 2601 2409 2656 uerbo
2428 2603 2629 2662 nostro,
2652 2615 2754 2670 per
2770 2600 3051 2669 epistolam
3075 2600 3426 2671 huncZnotate,
3450 2604 3501 2655 et
3515 2595 3540 2625 °
3575 2616 3658 2656 no-

2058 2700 2153 2753 lite
2181 2696 2507 2752 commisceri
2519 2695 2760 2760 cumillo,
2776 2693 3299 2763 utconfundatur(ll
3321 2694 3501 2749 Thess.
3520 2694 3648 2765 ut).

2058 2792 2406 2860 Monensque
2447 2802 2543 2844 eos
2589 2802 2688 2859 pro
2732 2786 3031 2841 reverentia
3061 2785 3143 2841 sui
3168 2793 3224 2840 et
3241 2784 3470 2841 utilitate
3497 2801 3654 2841 com-

2059 2883 2212 2941 muni
2237 2881 2370 2956 quid
2395 2888 2645 2954 oporteat
2669 2878 2967 2947 observari,
2999 2892 3212 2951 quaque
3240 2875 3488 2933 cautione
3524 2890 3656 2948 apo-

1438 3036 1696 3094 ALARDl
1733 3037 1959 3095 GAZAEI
1996 3034 2561 3096 COMMENTARIUS.

339 3163 633 3244 inordinati
653 3164 934 3244 dicuntur,
955 3174 1019 3244 et
1041 3166 1347 3244 inordinate
1391 3170 1691 3244 ambulare,
1721 3171 1945 3244 quihin-
1976 3181 2021 3244 ο
2049 3172 2381 3244 nicationem
2407 3185 2520 3226 non
2559 3167 2852 3244 signiﬁcari
2884 3166 3013 3244 inde
3048 3166 3338 3244 colligitur,
3382 3163 3653 3244 quod_eos

339 3235 1105 3313 tra__ecclesiasticae_militia3
1160 3238 1246 3294 vel
1284 3241 1605 3313 monasticae
1640 3235 1944 3313 disciplina:

341 3303 596 3361 ordinem
636 3320 696 3360 se
742 3306 1021 3378 continere
1061 3317 1363 3378 nequeunt,
1395 3310 1633 3366 claustro
1658 3326 1716 3367 se
1743 3303 1945 3369 subdu-

338 3382 496 3456 cunt,
526 3389 628 3456 nec
651 3375 1039 3456 communibus
1060 3375 1216 3456 su_bd_i
1237 3377 1457 3450 legibus,
1475 3381 1770 3452 sustinent,
1799 3383 1946 3456 quod

338 3444 397 3501 in
427 3444 623 3502 castris
644 3444 850 3500 ἀτάκτοι
875 3446 1077 3504 milites
1106 3444 1336 3505 faciunt.

341 3586 354 3599 ο
408 3519 436 3550 ⁸
468 3517 680 3599 APaucis
726 3516 900 3575 verbis
941 3518 1244 3599 Apostolus
1266 3520 1408 3599 _duo
1432 3521 1585 3599 __vitia
1641 3520 1757 3581 fere
1807 3541 1945 3582 con-

333 3590 543 3667 juncta,
592 3603 895 3667 eorumque
941 3590 1205 3658 antidota,
1251 3590 1319 3649 de
1353 3592 1553 3667 quibus
1574 3610 1755 3667 supra,
1782 3612 1945 3653 com-

337 3660 525 3741 plexus
571 3669 671 3741 est,
704 3660 951 3741 quietem
983 3677 1265 3741 opponens
1309 3660 1944 3741 curiositatifetopera-

339 3730 547 3807 tionem
596 3730 736 3787 otio.
759 3730 1035 3807 Operatqu
1057 3730 1222 3807 enim
1269 3750 1396 3791 cum
1419 3730 1657 3807 silentio,
1682 3738 1736 3795 id
1756 3730 1862 3806 est,
1887 3739 1944 3796 in

338 3798 554 3887 silentio
581 3809 636 3884 et
680 3798 889 3887 quiete,
939 3804 1371 3887 quiualienarum
1410 3824 1598 3887 rerum
1635 3798 1946 3868 incuriosus

338 3886 437 3955 suo
462 3872 613 3955 operi
630 3872 722 3955 ve]
744 3872 975 3955 muneri
982 3874 1269 3955 diligenter
1290 3876 1574 3955 incumbit.

407 3936 435 3976 δ
459 3936 554 4001 Sic
582 3944 651 3999 ad
680 3945 904 4000 Galatas
933 3960 992 4000 v1
1021 3963 1035 3998 :
1071 3936 1272 3999 Formm
1308 3953 1490 4001 autem
1526 3950 1784 4014 facientes
1837 3967 1947 4005 non

335 4013 671 4089 deﬁciamus;
742 4018 974 4083 tempore
1027 4016 1170 4068 enim
1222 4026 1318 4066 suo
1370 4013 1621 4071 metermts
1663 4036 1771 4074 non
1813 4022 1946 4089 deli-

335 4087 552 4141 cientes.

408 4152 654 4221 “,Verba
683 4160 864 4209 textus
903 4169 920 4207 :
949 4154 1043 4223 Ne,
1067 4156 1511 4211 commisceamim’
1550 4169 1670 4210 cum
1713 4157 1830 4223 illo,
1887 4164 1948 4214 ut

340 4223 729 4297 confundatur.
774 4223 927 4297 Idem
975 4222 1099 4297 aliis
1139 4225 1321 4283 verbis
1377 4224 1539 4297 paulo
1580 4233 1711 4283 ante
1738 4222 1948 4285 dixerat

336 4293 644 4367 Apostolus
668 4313 689 4367 7:
729 4297 797 4352 Ut
808 4294 1148 4367 subtrahatis
1168 4312 1259 4353 vos
1274 4298 1340 4352 ab
1363 4293 1512 4352 omni
1533 4298 1717 4365 fratre
1732 4300 1946 4355 inordi-

335 4365 467 4439 nate
493 4366 835 4439 ambulante;
863 4365 969 4439 hoc
990 4375 1093 4437 est,
1126 4368 1243 4439 ejus
1263 4366 1602 4439 colloquium
1633 4377 1687 4425 et
1714 4386 1942 4427 consor-

332 4436 479 4519 tium
510 4436 713 4519 vitatis,
762 4445 823 4494 ut
846 4436 1068 4519 pudore
1091 4436 1345 4519 affusus
1383 4436 1834 4519 resipiscat,_cum
1862 4441 1943 4498 vi-

335 4507 484 4565 derit
524 4523 584 4564 se
611 4506 679 4563 ab
716 4506 975 4565 omnibus
1017 4509 1195 4566 vitari.
1221 4512 1288 4566 Et
1326 4509 1451 4567 lad
1491 4506 1802 4569 Corinthios
1853 4529 1886 4567 v
1924 4532 1935 4568 :

2049 3243 2341 3315 Apostolus
2370 3257 2481 3315 non
2511 3236 2698 3315 tradit,
2731 3255 2832 3295 nec
2872 3238 3014 3294 tradi
3037 3236 3211 3315 .jube't
3241 3239 3478 3315 Satanae,
3506 3236 3651 3315 sicut

2051 3306 2403 3370 Corinthium
2427 3312 2583 3367 illum
2603 3306 2997 3378 incestuosum,
3023 3306 3091 3365 de
3114 3324 3225 3381 quo
3243 3309 3295 3363 in
3324 3307 3564 3381 Epistula
3582 3306 3653 3364 ad

2051 3383 2382 3451 Corinthios,
2410 3382 2648 3452 itemque
2691 3383 3057 3452 Hymenaeum
3080 3377 3523 3452 et’Alcxandrum
3537 3377 3652 3452 ha:-

2052 3454 2270 3531 reticos,
2306 3455 2333 3508 1
2368 3444 2440 3509 ad
2468 3444 2612 3508 Tim.
2653 3467 2699 3519 1,
2730 3444 2827 3507 s'ed
2864 3448 3249 3531 tantummodo
3280 3448 3528 3505 vitandos
3555 3444 3650 3531 de-

2052 3525 2247 3594 cernit,
2296 3531 2487 3597 utpote
2534 3537 2771 3595 qnorum
2817 3529 3039 3602 peccata
3075 3536 3186 3577 non
3233 3527 3349 3576 tam
3399 3525 3651 3602 enormia

2052 3590 2243 3673 erant,_'
2270 3604 2341 3673 u_t_
2362 3590 2710 3673 'propterea_
2728 3590 3070 3673 mererentur
3091 3609 3135 3673 ,ᾳ
3158 3607 3427 3673 corpore.
3452 3590 3652 3673 Christi

2048 3661 2363 3744 praescindi,
2387 3661 2443 3724 et
2483 3661 2639 3722 extra
2667 3663 2969 3744 Ecclesiam
2986 3663 3172 3744 projici
3193 3687 3206 3730 ;
3229 3661 3322 3744 sed
3335 3661 3651 3744 hujusmodi

2049 3733 2256 3814 tamen,
2304 3733 2376 3814 ob
2418 3735 2779 3814 quaemerito
2829 3733 3035 3814 vitandi
3077 3733 3259 3791 essent
3299 3750 3329 3789 a
3374 3733 3645 3814 ﬁdelibus.

2048 3810 2214 3868 Unde
2245 3806 2418 3865 etiam
2432 3806 2851 3880 ‘colligiturnec
2878 3806 3156 3880 minorem
3191 3806 3650 3880 excommunica-

2050 3882 2278 3952 tionem,
2299 3881 2495 3952 iisdem
2522 3874 2702 3952 verbis
2722 3877 3017 3952 designari,
3044 3890 3173 3930 cum
3191 3874 3312 3930 haec
3330 3888 3443 3927 non
3461 3888 3508 3952 ei
3521 3888 3654 3952 con-

2050 3953 2225 4025 sortio
2254 3951 2515 4018 ﬁdelium,
2542 3948 2638 4025 sed
2663 3943 2873 4025 tantum
2898 3964 2931 4004 a
2957 3948 3442 4025 anranientorum
3461 3943 3652 4025 Ecclef

2051 4023 2147 4078 sim
2196 4038 2317 4095 usu
2344 4030 2402 4078 et
2438 4016 2849 4095 participatione
2877 4016 3158 4095 excludat._
3178 4017 3368 4095 Restat
3402 4016 3567 4095 igitur
3591 4020 3651 4095 ut

2091 4108 2226 4147 enus
2253 4084 2475 4165 aliquod
2499 4084 3084 4165 excommunicationis
3112 4086 3179 4141 ab
3206 4084 3646 4165 Apostoloosigni-

2091 4108 2226 4147 enus
2253 4107 2475 4164 auquou
2499 4107 3084 4146 excommunicationls
3112 4107 3179 4141 at)
3206 4107 3646 4165 Λρυδιυιυρικω·

2054 4107 2271 4232 ﬁcetur,
2312 4161 2463 4232 quod
2491 4159 2735 4232 medium
2763 4159 2832 4213 sit
2856 4159 2997 4232 inter
3025 4156 3648 4232 excommunicationem

2058 4225 2350 4301 majorem",
2367 4238 2424 4285 et
2459 4229 2752 4301 minorem,
2783 4243 2917 4301 quas
2937 4225 3105 4301 hodie
3130 4239 3386 4301 vocamus
3429 4232 3483 4281 et
3526 4239 3647 4301 cen-

2054 4296 2211 4357 suras
2248 4300 2483 4357 dicimus
2507 4296 2909 4354 ecclesiasticas.
2946 4300 3065 4353 Hac
3094 4296 3241 4353 enim
3264 4296 3648 4352 excommuni-

2050 4370 2423 4451 catione_nibil
2449 4368 2784 4451 aliudyoluit
2803 4369 3304 4451 Apostolus,_quar_n
3328 4367 3644 4451 hujusmodi

2114 4443 2390 4500 avioribus
2431 4440 2661 4514 peccatis
2706 4448 2761 4497 et
2788 4440 3051 4514 scandalis
3076 4440 3344 4514 obnoxios
3368 4456 3398 4496 a
3418 4440 3647 4514 Acazteris

2090 4513 2300 4596 delibus
2338 4512 2530 4596 vitari;
2563 4513 2723 4596 idque
2776 4512 3231 4596 duplicinratione
3286 4531 3319 4596 ε.
3348 4512 3524 4584 primo
3574 4528 3644 4596 ne

335 4557 495 4648 ἐῖἐέ,
522 4557 1262 4655 ἷιξιείὴαὲἇῖὄτῖιξηάὶὶιῖξὲεῖ
1270 4557 1937 4650 haematitem;
1966 4559 2018 4622 D
2047 4557 2530 4644 ἔιὶἷὲ”ἶὶι’ὂτιᾶί’ἑ“ὶί’
2563 4557 2722 4641 ait;
2750 4557 3251 4641 εῇὖέἷὶιιῑοθὶειηε
3280 4557 3643 4655 Coit-amburat

335 4656 433 4725 aut
458 4650 777 4715 maledicus,
807 4656 904 4706 aut
919 4653 1176 4716 ebriosus,
1202 4660 1333 4721 etc.,
1362 4669 1485 4707 cum
1513 4654 1825 4725 hujusmodi
1847 4673 1942 4713 nec

337 4721 511 4794 cibum
553 4736 779 4777 sumere.
821 4725 1088 4794 Quaerunt
1128 4725 1454 4794 interpretes
1491 4721 1713 4781 an'illis
1764 4726 1943 4785 verbis

337 4740 511 4777 cwum
553 4740 779 4777 sumere.
821 4740 1088 4794 quaerunt
1128 4740 1242 4780 inte
1310 4740 1454 4779 tetes
1491 4740 1564 4779 an
1603 4740 1713 4781 nus
1764 4740 1943 4785 verbis

333 4792 673 4866 signiﬁcetur
697 4794 1196 4866 excommunicatio
1218 4740 1378 4850 Prgoc
1406 4801 1512 4866 est,
1529 4809 1600 4866 an
1619 4810 1713 4852 eos
1727 4813 1944 4853 excom-

338 4863 608 4938 m'unicari
638 4864 870 4938 voluerit
894 4866 1213 4937 Apostolus,
1250 4880 1388 4938 quos
1428 4880 1459 4920 a
1483 4863 1736 4923 ﬁdelibus
1783 4868 1941 4925 vitari

335 4935 627 5008 praecipit?
672 4935 781 4992 Ubi
828 4935 895 4992 de
944 4935 1069 5008 vera
1095 4945 1150 4992 et
1186 4935 1446 5008 canonica
1497 4939 1942 5008 excommunica-

333 5005 649 5079 tione,'_sive
697 5020 924 5064 censura
961 5007 1359 5079 ecclesiastica,
1373 5006 1649 5079 quaeritur
1685 5023 1807 5079 qua:
1855 5018 1938 5066 est

333 5077 582 5148 praecisio
619 5092 923 5149 acorpore
956 5077 1178 5145 Christi,
1220 5077 1366 5149 quod
1390 5077 1495 5149 'est
1526 5077 1786 5144 Ecclesia,
1822 5080 1937 5136 sive

336 5147 368 5203 ξι
392 5147 1088 5222 communioneﬁdelium.
1141 5147 1281 5219 Qua:
1330 5148 1552 5222 quidem
1593 5151 1827 5222 quaestio
1869 5150 1936 5222 ad

335 5220 624 5294 rationein
651 5219 883 5294 instituti
908 5219 1078 5294 nostri
1121 5235 1315 5294 parum
1347 5219 1581 5289 iaceret,
1607 5219 1712 5294 nisi
1732 5221 1938 5294 aliquid

338 5288 479 5347 lucis
538 5288 768 5364 afferret
796 5289 871 5364 ad
906 5288 1313 5364 intelligentiam
1341 5288 1935 5364 excommunicationi,

334 5375 503 5434 quam
529 5361 835 5434 praescrihit
879 5364 945 5416 D.
975 5361 1133 5434 Pater
1170 5370 1358 5419 noster
1397 5361 1721 5434 Benedictus
1748 5362 1803 5417 in
1831 5365 1941 5419 Re-

337 5432 462 5506 gula
488 5432 590 5505 pro
617 5432 794 5506 culpis
828 5440 948 5506 tum
988 5433 1349 5505 gravioribus,
1372 5441 1493 5491 tum
1521 5432 1829 5506 levioribus.
1867 5436 1939 5491 Et

338 5503 563 5574 quidem
596 5503 1218 5578 excommunicatiouem
1233 5506 1334 5578 _hic
1349 5514 1648 5578 agnoscunt
1666 5505 1922 5576 interpre-

338 5578 422 5648 tes
474 5582 592 5631 tam
631 5575 830 5645 Graici,
864 5592 1028 5646 quam
1065 5576 1245 5633 Latini
1268 5575 1594 5648 (Chrysostu
1638 5575 1934 5648 Theophil,,

342 5644 587 5720 Augusti
629 5648 725 5702 lib.
758 5644 824 5703 de
849 5644 981 5704 Fide
1022 5654 1073 5705 et
1113 5644 1326 5720 Operib.
1357 5644 1475 5720 cap.
1504 5654 1558 5706 5.
1582 5649 1643 5705 S.
1664 5644 1847 5717 Thom.
1888 5654 1940 5704 et

341 5715 492 5792 Cajet
526 5721 596 5792 in
628 5719 1081 5792 comment.);sed
1106 5715 1174 5778 de
1204 5720 1372 5778 modo
1404 5715 1458 5792 et
1486 5715 1686 5792 speciei
1712 5734 1935 5776 excom-

346 5788 724 5846 municationis
744 5789 831 5845 hic
853 5788 1130 5863 quaeritur.
1158 5793 1298 5849 Nam
1327 5788 1597 5865 majorem
1619 5806 1938 5849 excommu-

2048 4661 2191 4716 enim
2220 4661 2378 4716 bonos
2406 4672 2573 4714 mores
2602 4658 2861 4728 colloquia
2884 4672 3083 4728 prava,
3119 4657 3141 4709 l
3172 4654 3420 4711 Corinth.
3448 4654 3532 4711 xv
3554 4677 3568 4720 ;
3593 4661 3650 4709 et

2048 4729 2247 4787 ibidem
2275 4747 2394 4802 cap.
2425 4744 2507 4784 v:
2527 4727 2899 4805 Nescitisquia
2916 4727 3543 4805 modicumfennentum.
3560 4728 3645 4805 to:

2052 4805 2163 4856 tam
2206 4791 2443 4857 massam
2488 4791 2827 4869 corrumpit?
2870 4795 3112 4869 secundo
3143 4801 3206 4847 ut
3234 4792 3440 4862 pudore
3465 4791 3644 4849 affecti

2051 4872 2452 4941 resipiscerent,
2497 4868 2602 4923 hoc
2631 4866 2734 4941 est,
2764 4867 2833 4922 ad
2860 4866 3139 4941 saniorem
3170 4868 3414 4941 men_tem
3439 4870 3639 4941 et_me-

2052 4931 2247 4994 liorem
2305 4931 2530 5008 frugem;
2585 4936 2846 5008 redirent,
2915 4933 2994 4990 uti
3035 4947 3219 5008 supra.
3277 4933 3469 5008 Porro_
3501 4931 3644 4991 hunc

2047 5003 2556 5064 excommuniiandi
2603 5004 2866 5077 modum,
2914 5018 3026 5077 quo
3073 5003 3536 5077 scilicetpublice
3581 5020 3645 5077 ac

2045 5078 2374 5148 nominatim
2429 5075 2885 5133 denuntiabantur
2930 5074 3023 5148 qui
3077 5074 3385 5148 aiﬁdelibus
3439 5075 3646 5134 vitandi

2047 5156 2246 5219 essent,
2276 5146 2478 5205 fatetur
2505 5156 2570 5221 et
2607 5146 2965 5221 conqueritur
2989 5151 3054 5203 D.
3092 5147 3646 5221 Chrysostomﬁussuo

2039 5221 2169 5294 jam;
2181 5218 2434 5294 tempore
2454 5218 2769 5286 exolevisse,
2786 5219 3074 5294 “nimirum
3101 5218 3155 5273 in
3183 5218 3462 5276 communi
3489 5218 3646 5294 plebe

2047 5289 2394 5349 ﬁdeliumEAt
2420 5291 2476 5346 in
2506 5289 2850 5346 monasteriis
2879 5304 3248 5362 perseverasse
3283 5300 3430 5348 recte
3453 5289 3646 5349 obser-

2047 5364 2191 5435 vavit
2238 5363 2529 5435 Cajetanus
2581 5364 2679 5429 (In
2723 5366 3038 5435 comptam),
3095 5362 3563 5435 quemadmodum
3591 5370 3645 5418 et

2046 5434 2207 5492 hodie
2233 5432 2432 5506 adhuc;
2447 5440 2784 5506 perseverat,
2819 5432 2953 5489 dum
2982 5433 3049 5490 ab
3077 5432 3321 5493 oratorio
3351 5436 3433 5491 vel
3461 5450 3492 5488 a
3517 5448 3645 5506 con-

2048 5506 2350 5581 versatione
2401 5503 2666 5581 fratrum,
2708 5504 2789 5561 vel
2836 5520 2871 5581 a
2910 5520 3127 5581 .mensa,
3176 5507 3258 5563 vel
3313 5524 3344 5562 a
3394 5503 3646 5581 portione

2046 5577 2325 5635 communi
2366 5577 2533 5654 aliqui
2581 5574 2812 5654 propter
2839 5574 3033 5654 delicta
3065 5574 3516 5654 soparanturgaut
3537 5574 3645 5654 pri-

2044 5657 2262 5723 vantur,
2290 5642 2758 5723 quemadmodum
2797 5648 2853 5704 in
2880 5647 3065 5720 regula
3094 5642 3164 5703 D.
3200 5642 3479 5703 Benedicti
3504 5653 3645 5713 prte—

2045 5720 2350 5792 scribitur'(
2364 5722 2496 5794 Cap.
2527 5724 2596 5777 24
2626 5724 2677 5777 et
2693 5725 2763 5777 44
2780 5725 2816 5790 ).
