4048 6200
307 189 313 195 ’
346 222 448 279 383
1179 225 1185 231 ·
1694 215 1973 273 JOANNIS
2008 215 2311 274 CASSIANI
3048 222 3065 237 κ
3553 217 3660 274 384

347 344 543 402 stolica
567 343 822 402 mandata
857 343 1185 410 custodiant,
1228 342 1509 416 subjungit
1538 343 1825 399 confestim
1853 357 1946 414 pa-
1970 344 2023 407 A
2053 344 2332 413 Aquilam,
2351 343 2629 399 Ponticum
2645 357 2849 413 genere,
2875 346 2927 398 et
2944 343 3248 398 Priscillam
3268 357 3495 398 umorem
3520 341 3657 412 ejus,

349 441 452 498 tris
481 439 937 514 indulgentissimi
960 440 1343 509 lenitatem;et
1369 448 1431 496 ut
1454 438 1595 494 filios
1613 452 1765 507 suos,
1781 454 1947 510 quem
2052 439 2269 492 accessit
2298 436 2374 491 ad
2412 452 2517 501 eos,
2543 452 2600 492 eo
2634 437 2782 507 quod
2809 436 3047 506 ejusdem
3073 440 3243 492 essent
3272 439 3435 506 artis,
3467 441 3521 492 et
3546 453 3663 492 ma-

354 551 481 609 erga
523 536 811 609 praedictos
852 551 952 608 pro
987 534 1248 591 charitate
1291 532 1650 589 fraternitatis
1687 530 1947 589 affectum
2053 531 2215 585 nebat
2233 546 2354 585 cum
2376 532 2473 593 eis,
2492 535 2544 586 et
2559 531 2900 601 operabatur.
2924 533 2948 563 °
2974 532 3152 586 Erant
3170 533 3310 586 enim
3332 534 3661 600 scenofacto-

353 630 586 688 debeant
622 629 874 696 retinere,
919 628 1167 684 similiter
1189 626 1366 683 docet.
1399 629 1423 659 ³
1449 629 1521 682 Et
1541 627 1724 691 nolite,
1751 625 1946 698 inquit,

353 727 511 795 quasi
539 727 814 780 inimicum
842 722 1176 783 existimare,
1207 720 1301 775 sed
1326 721 1580 792 corripite
1608 725 1672 775 ut
1694 721 1944 788 fratrem.

353 818 637 874 Severitati
674 815 974 888 iudiciariae
1021 821 1305 885 paternam
1351 812 1716 869 intermiscuit
1768 813 1949 885 pieta-

352 918 486 977 tem,
524 917 580 965 ct
614 908 937 964 sententiam
966 906 1269 979 apostolico
1299 908 1482 979 rigore
1527 908 1820 980 prolatam,
1845 908 1952 965 cle-

354 1002 526 1058 menti
539 999 963 1057 mansuetudine
984 1001 1323 1074 temperavit.
1350 1004 1493 1058 Nam
1511 1010 1567 1058 et
1592 1002 1771 1058 notari
1793 1002 1952 1075 jubet

354 1110 483 1151 eum
541 1094 635 1167 qui
684 1094 910 1151 obedire
947 1095 1235 1168 praeceptis
1283 1096 1397 1152 suis
1440 1096 1847 1169 contempserit,
1895 1105 1952 1153 et

347 1203 474 1245 cum
516 1188 611 1245 illo
655 1205 770 1245 non
815 1188 1196 1258 commisceri;
1243 1197 1299 1246 et
1331 1197 1514 1246 tamen
1556 1190 1675 1248 haec
1706 1189 1821 1246 ﬁeri
1842 1206 1954 1246 non

350 1281 458 1338 odii
494 1282 627 1338 vitio
657 1282 920 1355 praecipit,
951 1282 1047 1339 sed
1072 1281 1329 1340 fraterna:
1354 1282 1658 1341 dilectionis
1678 1293 1733 1341 et
1756 1300 1953 1340 eorum

366 1374 766 1431 emendationis
794 1375 1015 1432 intuitu.
1049 1378 1240 1440 Nolite,
1275 1376 1465 1449 inquit,
1487 1379 1813 1434 commisceri
1834 1392 1955 1432 cum

348 1469 468 1537 illo,
511 1473 575 1523 ut
600 1470 985 1538 confundatur,
1020 1477 1084 1525 ut
1124 1470 1215 1543 qui
1240 1485 1352 1525 non
1392 1477 1477 1527 est
1498 1470 1637 1527 meis
1673 1470 1954 1542 praeceptis

274 1628 283 1645 χ
352 1561 574 1619 mitibus
603 1564 945 1633 emendatus,
966 1564 1160 1620 saltem
1185 1564 1401 1636 publica
1431 1565 1683 1621 omnium
1710 1573 1952 1620 vestrum

349 1657 724 1728 segregatione
758 1656 1045 1725 confusus,
1072 1657 1142 1713 ad
1185 1657 1467 1714 tramitem
1510 1658 1699 1715 salutis
1730 1657 1955 1729 incipiat

348 1747 639 1819 aliquando
667 1749 927 1805 revocari.

929 1848 1174 1904 CAPUT
1202 1850 1385 1903 XVII.

357 1942 581 1998 Diversa
602 1943 922 2009 testimonia,
944 1942 1135 2011 quibus
1160 1944 1448 2013 Apostolus
1472 1943 1726 2013 prtecipit
1744 1947 1962 2014 operari

394 2014 597 2075 debere,
628 2015 710 2067 vel
738 2014 929 2083 quibus
958 2016 1072 2083 ipse
1096 2018 1348 2084 operatus
1376 2017 1548 2082 fuisse
1570 2020 1917 2071 monstratur.

421 2117 483 2171 In
512 2114 749 2188 Epistola
777 2130 993 2187 quoque
1029 2115 1100 2173 ad
1131 2116 1397 2188 Ephesios
1425 2116 1493 2173 de
1517 2115 1623 2174 hoc
1649 2116 1768 2189 ipso
1794 2133 1959 2190 cpere

352 2208 427 2266 ita
457 2209 697 2283 praecipit
723 2209 910 2265 dicens
950 2227 964 2264 :
1012 2203 1039 2242 ι’
1065 2212 1168 2278 Qui
1214 2211 1508 2278 furabatur
1527 2210 1651 2281 jam
1677 2227 1783 2265 non
1810 2212 1958 2278 fure-

356 2308 479 2373 tur;
499 2306 671 2374 magis
698 2309 876 2360 autem
899 2305 1103 2361 laboret
1124 2306 1393 2376 operando
1410 2307 1657 2361 manibus
1680 2307 1795 2362 suis
1814 2307 1960 2376 quod

355 2400 545 2455 bonum
565 2405 662 2463 est,
676 2404 736 2454 ut
756 2400 951 2454 habeat
965 2399 1105 2454 unde
1120 2400 1327 2455 tribuat
1344 2402 1707 2456 necessitatem
1720 2401 1961 2470 patienti

358 2491 561 2564 (Ephes
591 2493 712 2562 IV).
760 2496 825 2548 In
844 2492 1071 2549 Actibus
1107 2492 1273 2549 etiam
1315 2493 1688 2565 apostolorum
1714 2493 1834 2550 haec
1862 2509 1957 2550 ea-

357 2585 484 2643 dem
514 2602 625 2642 non
644 2587 826 2643 solum
856 2585 1109 2643 docuisse
1145 2602 1294 2655 eum,
1333 2585 1430 2642 sed
1454 2586 1616 2642 etiam
1641 2601 1805 2658 opere
1829 2602 1955 2657 per-

353 2677 569 2748 fecisse,
597 2680 847 2735 similiter
882 2678 1208 2736 invenimus.
1256 2682 1398 2736 Nam
1438 2694 1565 2735 cum
1597 2680 1830 2735 venisset
1849 2680 1956 2736 Co-

356 2772 627 2841 rinthum,
675 2773 801 2829 alibi
849 2789 910 2829 se
950 2788 1171 2829 manere
1220 2788 1334 2829 non
1379 2772 1605 2845 patitur,
1635 2771 1740 2827 nisi
1812 2771 1958 2843 apud

365 2869 616 2940 Aquilam
639 2876 696 2924 et
720 2867 1133 2945 Priscillam,.eo
1162 2866 1311 2939 quod
1336 2865 1585 2938 ejusdem
1620 2866 1752 2923 artis
1778 2874 1959 2922 essent

363 2962 580 3035 Opiﬁces
617 2978 778 3034 quam
827 2962 941 3033 ipse
990 2969 1107 3017 erat
1139 2961 1331 3017 solitus
1380 2975 1657 3016 exercere.
1690 2962 1772 3015 Ita
1804 2959 1956 3015 enim

370 3055 537 3113 babes
568 3077 579 3111 :
613 3060 737 3111 Post
774 3058 883 3110 haec
922 3057 1128 3111 Paulus
1169 3071 1411 3126 egressus
1447 3056 1515 3110 ab
1540 3055 1787 3123 Athenis,
1812 3056 1957 3110 venit

2054 626 2155 680 rite
2173 626 2315 679 artis
2343 624 2553 695 (Actor.
2580 628 2799 689 xvm).

2605 728 2851 784 CAPUT
2887 728 3099 783 XVIII.

2059 821 2210 890 Quod
2239 825 2448 877 tantum
2460 823 2710 891 operatus
2727 823 2800 876 sit
2809 822 3115 891 Apostolus,
3129 824 3397 891 quantum
3417 826 3469 877 et
3485 823 3597 877 sibi
3609 829 3662 881 et

2094 894 2224 948 aliis
2254 894 2492 963 quicum
2525 907 2582 947 eo
2603 897 2761 947 erant
2783 895 3030 962 sufﬁcere
3051 908 3204 963 posse
3222 892 3623 950 arbitrabatur.

2131 991 2345 1050 Deinde
2392 982 2419 1025 δ
2465 993 2771 1066 procedens
2800 993 3075 1063 Miletum,
3123 1002 3180 1050 et
3204 993 3403 1050 exinde
3433 994 3663 1055 mittens

2058 1086 2367 1160 Ephesum,
2388 1102 2802 1160 convocansque
2834 1086 2905 1144 ad
2932 1102 2992 1145 se
3022 1086 3372 1159 presbyteros
3398 1089 3660 1163 Ephesio-

2060 1197 2188 1237 rum
2209 1182 2492 1250 Ecclesiae,
2531 1189 2588 1253 et
2623 1181 2761 1238 dans
2789 1181 2867 1237 eis
2904 1189 3172 1254 praecepta
3194 1180 3660 1252 quemadmodum

2064 1290 2251 1348 regere
2275 1274 2576 1332 Ecclesiam
2603 1276 2708 1331 Dei
2728 1290 2788 1332 se
2828 1276 3053 1332 absente
3088 1274 3376 1343 deberent,
3402 1276 3478 1332 ait
3504 1298 3515 1333 :
3547 1280 3663 1335 Au-

2062 1384 2184 1424 rum
2203 1373 2253 1424 et
2266 1372 2548 1439 argentum
2576 1370 2778 1424 nullius
2803 1371 3100 1439 concupivi,
3118 1370 3230 1439 ipsi
3243 1370 3391 1424 scitis
3407 1373 3664 1439 quoniam

2061 1464 2137 1518 ad
2149 1467 2328 1519 omnia
2342 1481 2463 1534 qua:
2490 1465 2628 1518 mihi
2651 1479 2783 1534 opus
2800 1468 2973 1527 erant,
3004 1468 3055 1518 et
3078 1463 3159 1518 his
3179 1465 3277 1533 qui
3298 1480 3504 1519 mecum
3517 1471 3662 1532 sunt,

2060 1561 2505 1614 ministraverunt
2520 1574 2711 1613 manus
2730 1560 2866 1612 istae.
2891 1558 3084 1614 Omnia
3109 1558 3319 1612 ostendi
3340 1559 3507 1625 vobis,
3533 1562 3664 1629 quia

2060 1654 2136 1706 sic
2160 1653 2459 1724 laborantes
2488 1655 2693 1722 oportet
2706 1652 2973 1721 suscipere
2998 1652 3258 1719 inﬁmos,
3282 1667 3345 1706 ac
3368 1655 3665 1710 meminisse

1988 1748 2036 1810 B
2062 1748 2211 1802 verbi
2247 1749 2465 1803 Domini
2496 1750 2638 1810 Iesu,
2670 1748 2926 1816 quoniam
2966 1748 3080 1815 ipse
3129 1746 3279 1800 diarit
3304 1765 3320 1800 :
3346 1749 3564 1803 Beatius
3589 1753 3668 1804 est

2064 1843 2239 1909 magis
2255 1840 2407 1904 dare,
2424 1856 2589 1911 quam
2602 1843 2840 1910 accipere
2852 1840 3056 1908 (Actor.
3076 1844 3200 1907 xx).
3224 1839 3407 1895 Grave
3419 1840 3665 1911 [grande]

2063 1933 2223 1990 nobis
2263 1949 2380 1991 suae
2417 1932 2853 1989 conversationis
2889 1932 3112 2004 reliquit
3150 1932 3490 2004 exemplum,
3539 1950 3666 1992 cum

2063 2041 2124 2082 se
2145 2042 2257 2083 non
2284 2027 2469 2083 solum
2497 2026 2552 2083 id
2579 2034 2871 2098 operatum
2895 2040 3015 2082 esse
3041 2032 3291 2092 testatur,
3313 2025 3463 2097 quod
3478 2042 3667 2084 neces-

2065 2119 2210 2177 sitati
2265 2120 2660 2178 tantummodo
2712 2120 2798 2177 sui
2856 2120 3105 2193 corporis
3151 2119 3449 2192 expediret,
3508 2124 3533 2155 ε
3573 2122 3669 2180 sed

2066 2214 2232 2269 etiam
2252 2214 2402 2286 quod
2439 2214 2629 2271 usibus
2671 2229 2865 2270 eorum
2914 2214 3006 2286 qui
3058 2229 3249 2270 secum
3285 2223 3443 2270 erant
3487 2224 3669 2287 posset

2067 2308 2322 2365 sufﬁcere
2353 2327 2366 2363 :
2403 2307 2488 2365 his
2530 2307 2782 2365 videlicet
2805 2307 2898 2379 qui
2927 2306 3172 2379 quotidie
3212 2309 3542 2364 necessariis
3571 2308 3672 2365 mi-

2066 2402 2302 2459 nisteriis
2343 2403 2616 2475 occupati,
2663 2418 3015 2475 nequaquam
3066 2402 3168 2458 sibi
3209 2417 3398 2474 parare
3420 2402 3670 2459 similiter

2067 2494 2269 2551 victum
2296 2494 2411 2551 suis
2435 2495 2688 2550 manibus
2712 2495 3094 2550 occurrebant.
3127 2496 3197 2549 Et
3229 2493 3366 2549 sicut
3391 2492 3460 2550 ad
3486 2493 3665 2551 Thes-

2065 2589 2426 2647 salonicenses
2460 2598 2748 2662 operatum
2787 2604 2906 2647 sese
2950 2590 3107 2653 dixit,
3163 2598 3224 2653 ut
3273 2589 3373 2645 illis
3424 2588 3669 2646 formam

2066 2681 2240 2748 daret,
2264 2683 2329 2739 ad
2355 2682 2687 2740 imitandum
2731 2699 2860 2740 eum
2905 2686 2981 2752 (Il
3015 2686 3193 2740 Thess.
3227 2686 3349 2753 u);
3399 2684 3475 2739 ita
3504 2692 3563 2739 et
3582 2683 3674 2741 hic

2066 2775 2174 2832 tale
2216 2774 2350 2848 quid
2378 2776 2580 2846 intulit,
2623 2776 2850 2834 dicens:
2880 2779 3071 2835 Omnia
3102 2778 3314 2834 ostendi
3334 2779 3504 2840 vobis,
3544 2780 3674 2848 quia

2064 2871 2140 2924 sic
2175 2870 2475 2925 laborantes
2519 2874 2722 2940 oportet
2748 2873 3013 2941 suscipere
3050 2873 3330 2941 inﬁrmos;
3356 2869 3567 2926 scilicet
3590 2870 3673 2925 vel

2065 2969 2251 3017 mente
2296 2961 2379 3017 vel
2421 2977 2675 3035 corpore,
2725 2962 2780 3019 id
2824 2971 2931 3032 est,
2962 2972 3024 3019 ut
3053 2972 3245 3020 nostro
3276 2963 3465 3036 potius
3490 2964 3676 3020 labore

2063 3065 2396 3129 sumptuque
2436 3056 2618 3130 operis
2659 3057 2863 3114 sudore
2885 3058 3136 3129 quaesito,
3158 3066 3215 3114 et
3247 3074 3359 3114 non
3384 3057 3454 3114 de
3497 3057 3671 3114 abun-

364 3152 696 3214 Corinthum,
756 3155 806 3205 et
823 3152 1092 3206 inveniens
1113 3151 1398 3221 quemdam
1432 3150 1683 3205 Judamm
1744 3151 1958 3205 nomine
1986 3132 2031 3196 C
2068 3148 2545 3221 dantiaefcumulo,
2597 3165 2697 3207 seu
2741 3149 2979 3222 reposita
3024 3149 3277 3223 pecunia,
3340 3149 3439 3207 sed
3493 3165 3562 3206 ne
3605 3149 3674 3207 de

1465 3299 1722 3354 ALARDI
1761 3297 1986 3353 GAZIEI
2023 3296 2581 3354 COMMENTARIUS.

432 3435 457 3465 ⁸
505 3432 719 3505 Colligit
744 3432 871 3488 hinc
916 3431 1229 3505 Cajetanus,
1260 3432 1413 3505 quod
1440 3432 1651 3505 licitum
1679 3432 1749 3488 sit
1783 3432 1971 3505 admo:

371 3518 501 3559 nere
542 3503 1067 3569 excommunicatos,
1107 3512 1162 3559 et
1202 3503 1487 3571 instruere,
1541 3514 1597 3561 et
1644 3504 1851 3559 hortari
1902 3503 1973 3560 ad

368 3589 439 3647 ,ea
484 3588 607 3645 qua:
640 3574 997 3647 suntsalutis.
1023 3575 1185 3632 Unde
1213 3584 1269 3631 et
1304 3578 1373 3631 D.
1418 3575 1749 3631 Benedictus
1783 3573 1971 3647 sedulo

375 3645 636 3702 admonet
670 3654 727 3701 et
767 3645 1025 3714 inculcat,
1072 3647 1317 3714 Qualiter
1353 3647 1613 3701 sollicitus
1644 3661 1752 3700 esse
1783 3645 1973 3700 debeat

375 3717 544 3772 abbas
557 3718 700 3771 circa
730 3720 1219 3781 emcommunicatos,
1251 3723 1302 3772 et
1326 3720 1559 3772 seniores
1578 3718 1864 3771 immittere
1877 3718 1976 3785 qui

372 3789 706 3842 consolentur
741 3790 941 3855 fratem
984 3792 1350 3858 fluctuantem,
1380 3794 1430 3843 et
1452 3792 1736 3858 provocent
1765 3787 1839 3840 ad
1866 3787 1973 3841 hu-

367 3861 623 3931 militatis
642 3861 1099 3928 satisfactionem(
1117 3862 1249 3929 Cap.
1272 3863 1393 3928 27),
1407 3868 1508 3915 etc.
1520 3899 1536 3927 ,
1553 3858 1700 3931 quod
1722 3858 1974 3928 superius

368 3931 535 3985 etiam
570 3930 672 3990 alia
699 3932 981 3987 occasione
1001 3932 1330 3987 notavimus.

438 3995 466 4034 δ
501 4005 569 4056 Ι).
588 4004 963 4074 Hieronymus
991 4002 1045 4056 in
1075 4002 1222 4056 hunc
1254 4001 1440 4056 locum
1476 4019 1487 4054 ε
1516 4001 1653 4068 Quia
1677 4000 1754 4063 hi,
1777 3998 1972 4074 inquit,

364 4076 463 4142 qui
486 4076 541 4128 in
591 4077 714 4127 vita:
734 4072 888 4128 istius
924 4074 1148 4141 negotiis
1184 4075 1581 4135 conversantur,
1622 4076 1845 4142 propter
1873 4072 1977 4126 ali-

367 4149 547 4199 menta
575 4149 627 4199 et
644 4160 773 4200 usus
796 4146 1120 4200 necessarios
1138 4148 1441 4214 coquuntur
1465 4145 1657 4213 aliqua
1679 4144 1762 4197 vel
1788 4158 1974 4210 emere,

371 4217 454 4269 vel
484 4218 729 4279 vendere,
757 4221 808 4272 et
836 4218 985 4271 lucra
1004 4216 1070 4270 de
1087 4213 1425 4285 negetatione
1445 4216 1663 4282 sectari;
1686 4219 1737 4269 et
1755 4213 1978 4284 difﬁcile

376 4290 454 4339 est
483 4290 646 4339 etiam
665 4303 747 4341 eos
768 4290 915 4356 quia
936 4290 1138 4342 steteris
1158 4287 1504 4357 passionibus
1525 4287 1680 4341 liberi
1695 4290 1840 4347 sunt,
1862 4287 1980 4352 for-

374 4358 646 4410 nicatione
667 4359 930 4422 videlicet,
962 4359 1291 4422 idololatria,
1323 4359 1589 4412 adulterio
1604 4364 1654 4412 et
1674 4357 1974 4425 homia'dio,

373 4426 467 4481 hoc
496 4429 625 4481 vitio
654 4444 758 4483 non
791 4432 993 4495 teneri;
1015 4433 1303 4497 propterea
1330 4444 1472 4482 nunc
1502 4429 1755 4496 Ephesios
1779 4431 1974 4494 monet,

372 4512 457 4561 ne,
488 4500 586 4553 sub
606 4503 871 4555 occasione
896 4500 1251 4560 emolumenti,
1279 4500 1424 4564 furti
1441 4500 1637 4551 crimen
1662 4500 1974 4564 incurrant;

374 4570 593 4635 furtum
612 4575 890 4626 nominans
910 4585 1062 4623 omne
1075 4568 1217 4638 quod
1236 4570 1458 4622 alterius
1474 4568 1672 4622 damno
1686 4569 1975 4637 quaeritur.

379 4643 557 4711 Neque
576 4660 699 4697 vero
720 4644 800 4695 ait
827 4661 842 4695 :
873 4642 1055 4707 Magis
1083 4643 1258 4693 autem
1291 4639 1776 4711 laboretoperando
1792 4640 1976 4711 mani-

383 4707 484 4768 bus
503 4717 617 4769 suis
636 4713 779 4782 quod
811 4713 1003 4766 bonum
1034 4714 1130 4773 est,
1157 4714 1221 4763 ut
1258 4726 1365 4763 non
1406 4709 1666 4782 indigeat,
1695 4713 1758 4782 _et
1786 4707 1979 4782 habeat

376 4786 596 4852 victum,
624 4779 676 4840 et
702 4786 845 4840 nulli
882 4783 1180 4839 molestiam
1208 4782 1478 4844 exhibeat,
1505 4779 1597 4834 sed
1613 4779 1856 4852 Laboret,
1887 4780 1976 4852 in-

380 4858 519 4923 quit,
558 4857 805 4913 manibus
832 4858 948 4912 suis
990 4854 1134 4926 quod
1178 4852 1368 4907 bonum
1400 4856 1498 4915 est,
1528 4856 1592 4926 ut_
1619 4851 1813 4926 habeat
1838 4851 1981 4906 unde

382 4922 728 4997 communicet
748 4922 1129 4997 indigentibus.
1158 4926 1263 4994 Qui
1309 4927 1477 4995 igitur
1518 4922 1593 4977 ad
1634 4922 1728 4977 hoc
1759 4926 1980 4997 tantum

380 4996 592 5049 laborat
629 5001 689 5048 ut
718 4999 828 5063 ipse
864 4995 969 5052 non
998 5003 1168 5067 egeat,
1209 5001 1259 5052 et
1284 5013 1319 5051 a
1337 4996 1539 5052 ueteris
1566 4995 1834 5049 contrahit
1858 5010 1980 5049 ma-

382 5079 530 5129 num,
573 5068 819 5132 quamvis
863 5070 1164 5135 applaudat
1194 5069 1317 5135 sibi,
1363 5072 1539 5126 tamen
1574 5067 1822 5136 Apostoli
1836 5082 1982 5136 pra:-

381 5138 590 5210 ceptum
638 5149 741 5187 non
792 5137 942 5210 fecit,
992 5138 1140 5210 Haec
1173 5138 1567 5210 Hieronymus.
1605 5136 1748 5210 Illud
1794 5146 1981 5193 autem

381 5205 761 5289 quodnbonum.
790 5210 868 5260 est
908 5205 1071 5261 docet
1106 5206 1165 5289 S‘.
1212 5205 1456 5289 Thomas
1487 5207 1785 5289 dupliciter
1822 5223 1985 5289 posse

385 5275 640 5348 intelligi,
681 5274 861 5346 primo
889 5292 985 5346 per
1027 5274 1651 5348 modumqnominativi,
1696 5286 1762 5348 ut
1806 5274 1851 5331 si
1881 5293 1984 5348 pa-

381 5344 657 5417 renthesis
684 5344 842 5415 quod
881 5344 1071 5402 bonum
1100 5351 1196 5410 est,
1240 5345 1292 5403 id
1333 5359 1437 5417 est,
1464 5364 1589 5417 quae
1613 5344 1701 5403 res
1725 5344 1983 5403 bona'est

388 5427 447 5492 et
471 5416 728 5484 honesta;
759 5418 1004 5492 secundo
1034 5418 1240 5489 absque
1284 5416 1597 5492 parenthesi
1627 5426 1684 5473 et
1718 5432 1816 5490 per
1855 5432 1979 5492 mo-

385 5489 521 5545 dum
561 5487 898 5560 accusativi,
926 5497 992 5560 ut
1032 5487 1226 5546 sensus
1254 5487 1328 5545 sit
1368 5510 1384 5545 :
1424 5491 1665 5546 Laboret
1704 5487 1981 5560 operando

388 5560 661 5630 manibus,
709 5567 766 5616 et
810 5559 1034 5633 quidem
1075 5575 1189 5615 non
1214 5560 1425 5633 illicita,
1469 5560 1565 5617 sed
1588 5558 1980 5633 quod—bonum

386 5639 509 5705 est,
533 5632 588 5705 id
622 5641 723 5701 est,
768 5631 1026 5705 operetur
1056 5631 1440 5705 remAbonam,
1483 5640 1539 5688 et
1576 5645 1692 5686 non
1738 5646 1803 5687 ex
1831 5631 1978 5704 turpi

388 5702 605 5785 opiﬁcio
625 5701 829 5785 victum
854 5710 1091 5785 quaerat,
1108 5701 1202 5758 sed
1229 5703 1477 5785 honesto.

447 5776 473 5808 ο
518 5769 952 5842 Scenofactoria,
1010 5772 1093 5829 vel
1144 5769 1559 5841 scencfactoria,
1603 5788 1709 5830 vox
1749 5775 1979 5833 Grzeco-

2078 3431 2288 3489 Latina.
2324 3434 2459 3504 Nam
2481 3433 2659 3499 σκήνη,
2692 3446 2875 3504 scena,
2918 3432 3133 3504 proprie
3168 3430 3579 3504 tabernaculum
3603 3431 3675 3504 di-

2078 3504 2221 3560 citur
2249 3522 2261 3557 :
2290 3503 2433 3574 unde
2458 3505 2597 3574 apud
2616 3502 2880 3560 Hebraeos
2898 3502 3373 3559 tabernaculorum
3407 3502 3670 3574 dedicatio

2079 3590 2111 3630 a
2166 3573 2517 3646 similitudine
2555 3574 2961 3630 domiciliorum
3013 3573 3671 3646 annvonnylaappellabaa

2079 3653 2190 3713 tur,
2220 3645 2295 3716 ait
2340 3642 2585 3716 Isidorus
2619 3648 2830 3716 (Etym.
2877 3660 3043 3716 xvm
3086 3662 3206 3715 cap.
3252 3642 3361 3714 ‘42)
3399 3642 3506 3700 Ars
3542 3659 3671 3716 ergo

2079 3713 2477 3771 scenofactoria
2502 3713 2805 3782 dicebatur,
2830 3713 3427 3787 secundum'quosdam
3451 3722 3469 3781 (
3483 3713 3674 3773 Catius

2026 3830 2031 3833 ν
2079 3787 2306 3856 Rhedig.
2330 3787 2443 3841 lect.
2463 3789 2637 3855 antiq.
2658 3788 2750 3840 lib.
2768 3800 2886 3842 vm
2905 3803 2948 3841 c.
2973 3792 3036 3855 8;
3059 3787 3205 3844 Beda
3219 3790 3275 3841 in
3295 3792 3674 3854 commentata),

2080 3872 2171 3913 ars
2199 3857 2368 3913 aulaea
2395 3857 2656 3925 texendi;
2688 3857 2784 3913 sed
2817 3857 2996 3914 verius
3031 3857 3383 3914 tabernacula
3412 3858 3525 3913 sive
3551 3867 3675 3913 ten-

2079 3928 2218 4010 toria
2242 3944 2308 4010 ex
2337 3927 2565 4010 pellibus
2592 3927 3147 4010 consuegditquibus
3172 3929 3371 4010 milites
3392 3936 3677 4010 uterentur

2080 3998 2138 4054 in
2185 3997 2399 4065 castris,
2445 3998 2515 4056 de
2560 3997 2758 4070 quibus
2806 3997 3025 4055 Tacitus
3065 4003 3362 4056 :Retentus
3401 4005 3480 4055 est
3505 4001 3675 4055 omnis

2083 4074 2347 4126 exercitus
2372 4071 2469 4125 sub
2508 4072 2771 4140 pellibus;
2797 4079 2851 4126 et
2876 4070 2968 4142 qui
2998 4070 3313 4143 hujusmodi
3339 4079 3517 4127 artem
3591 4085 3677 4126 ro-

2083 4140 2401 4197 ﬁtebantur.
2438 4142 2750 4197 σχηνοποιοί.
2780 4142 3075 4197 scenonuai.
3107 4141 3449 4197 dicebantur.
3492 4087 3673 4197 tager-

2083 4140 2401 4209 ﬁtebantur,
2438 4142 2750 4210 σχηνοποιοί,
2780 4140 3449 4213 ξοθιῐορωὶᾗόίοθὺθηῐῃῃ
3492 4140 3673 4197 taber-

2083 4214 2427 4285 naculorum,
2458 4213 2568 4285 sive
2593 4211 2962 4285 tentoriorum
2983 4211 3221 4285 opiﬁces.
3246 4215 3329 4267 De
3373 4211 3483 4269 hoc
3514 4228 3676 4285 porro

2084 4284 2314 4355 apostoli
2361 4283 2512 4338 Pauli
2551 4283 2767 4355 opificio
2815 4282 2934 4339 haec
2974 4282 3260 4355 origines:
3304 4282 3534 4339 Paulus'
3562 4288 3679 4339 arte

2083 4355 2239 4422 faber
2289 4358 2406 4422 erat
2433 4355 2895 4410 tabernaculorum
2915 4357 3097 4421 (Hom.
3136 4361 3196 4410 17
3229 4357 3287 4408 in
3316 4357 3580 4421 Numer.).
3610 4356 3679 4409 Et
3766 4378 3779 4389 -

2085 4425 2245 4495 paulo
2270 4421 2493 4479 inferius
2522 4445 2532 4480 :
2566 4428 2715 4482 Sicut
2736 4427 2821 4480 illi
2840 4442 2907 4480 ex
2928 4428 3225 4496 piscatione
3248 4429 3476 4496 piscium
3493 4429 3677 4494 pisca-

2084 4500 2217 4550 tores
2233 4496 2505 4551 hominum
2523 4497 2660 4563 facti
2687 4501 2830 4560 sunt,
2856 4499 2936 4550 ita
2965 4502 3016 4551 et
3044 4500 3143 4552 iste
3167 4514 3202 4552 a
3222 4497 3484 4566 faciendis
3502 4496 3677 4549 taber-

2082 4567 2292 4621 naculis
2332 4570 2558 4622 terrenis
2581 4568 2656 4623 ad
2698 4569 2924 4623 ccelestia
2953 4568 3295 4624 tabernacula
3325 4566 3678 4622 construenda

2084 4638 2389 4694 translatus
2407 4642 2504 4712 est.
2537 4641 2617 4694 De
2643 4638 2841 4712 eodem
2868 4641 2935 4712 Ω.
2969 4638 3395 4712 Chrysostomus
3423 4637 3544 4694 haec
3565 4638 3679 4712 ele-

2005 4746 2057 4809 D
2088 4717 2278 4834 genter
2302 4726 2315 4763 :
2342 4709 2847 4792 Tabernaculorum,
2878 4709 3451 4794 inquit,'teavendorum
3471 4711 3680 4794 artifex

2126 4796 2174 4834 ιο
2208 4796 2312 4834 non
2338 4781 2583 4834 Siciliam
2608 4780 2762 4834 modo
2801 4786 2966 4834 ataue
2990 4783 3229 4834 Italiam.
3250 4798 3432 4834 verum
3458 4796 3680 4834 uniuer-

2126 4783 2174 4835 ic
2208 4796 2312 4835 non
2338 4781 2583 4837 Siciliam
2608 4780 2762 4835 modo
2801 4780 2966 4851 atque
2990 4783 3229 4846 Italiam,
3250 4798 3432 4837 verum
3458 4783 3682 4835 univer-

2084 4866 2205 4906 sum
2242 4855 2513 4906 terrarum
2532 4852 2728 4915 orbem,
2757 4852 2971 4907 verbum
2990 4856 3091 4909 Dei
3100 4854 3406 4923 praedicans
3421 4867 3683 4923 peragra-

2087 4924 2199 4990 vit;
2235 4940 2353 4978 cum
2376 4925 2593 4978 interim
2606 4927 2779 4977 artem
2797 4939 2904 4978 non
2923 4924 3322 4990 intermitteret,
3352 4925 3445 4979 sed
3466 4925 3547 4978 vel
3569 4929 3682 4978 tum

2087 5010 2294 5064 quoque
2318 4995 2483 5065 pelles
2526 4998 2794 5049 consueret
2818 4999 2869 5048 et
2891 4997 3122 5065 ofﬁcina
3149 5011 3261 5051 sum
3279 5000 3555 5066 praeesset.
3580 4996 3683 5066 Ne-

2087 5081 2189 5136 que
2217 5068 2355 5120 enim
2384 5082 2447 5121 ea
2493 5081 2577 5120 res
2607 5067 2868 5135 patricios
2896 5071 2995 5121 aut
3033 5065 3308 5136 magnates
3347 5065 3680 5134 offendebat,

2088 5135 2249 5205 idque
2262 5137 2389 5206 jure
2416 5139 2632 5207 optimo.
2658 5139 2774 5193 Non
2802 5139 2941 5191 enim
2961 5141 3106 5193 artes
3125 5135 3188 5193 ac
3215 5140 3423 5206 studia,
3449 5138 3544 5192 sed
3567 5151 3685 5191 con-

2085 5210 2212 5293 ficta
2227 5207 2481 5293 dogmata
2505 5208 2854 5293 despicabiles
2875 5208 3101 5293 reddere
3123 5210 3288 5293 solent
3301 5213 3680 5293 ‘prwceptores‘.

2088 5279 2226 5334 Haec
2266 5280 2697 5350 Chrysostomus
2740 5281 2966 5345 (Homil.
3000 5286 3031 5335 2
3057 5282 3116 5335 in
3153 5279 3332 5350 Epist.
3383 5280 3458 5333 ad
3486 5281 3682 5345 Rom).

2152 5335 2536 5431 .d_l_)_i.onysius_
2558 5348 2685 5431 legit
2707 5350 2830 5431 :nA.
2855 5351 3078 5431 Miletot.
3102 5352 3200 5431 Est
3226 5360 3416 5431 autem
3443 5350 3684 5431 Miletus,

2087 5418 2169 5475 vel
2199 5418 2473 5491 Miletum,
2492 5418 2681 5491 civitas
2710 5419 2885 5478 Cariae
2911 5419 3269 5491 nobilissima,
3292 5419 3362 5479 ad
3384 5436 3539 5479 mare
3552 5418 3678 5478 sita.

2086 5492 2168 5546 De
2196 5505 2304 5564 qua
2330 5490 2534 5547 Plinius
2558 5490 2652 5564 lib.
2681 5505 2721 5564 γ
2754 5507 2873 5564 cap.
2907 5497 2995 5548 29.

2154 5564 2178 5637 ἐ
2208 5560 2457 5637 Ephesus
2498 5562 2732 5637 Minoris
2761 5560 2912 5637 Asiae
2941 5562 3275 5637 metropolis,
3301 5572 3357 5621 et
3374 5562 3685 5637 emporium

2084 5630 2231 5721 vita
2258 5630 2815 5721 εβιεέξςπίπηυεηιυιὶί
2837 5630 3137 5721 temples
3165 5630 3686 5721 υίδυεεᾸῑεῖιοείεξὲ

2084 5704 2447 5777 mum,_cujus
2475 5705 2724 5763 meminit
2769 5704 2976 5765 Lucas'
2999 5708 3125 5763 Act.
3165 5723 3277 5765 xx.
3326 5704 3557 5777 Plidius,
3588 5704 3683 5764 ubi

2081 5789 2267 5848 supra.
