4012 6192
399 321 504 378 385

1033 324 1128 380 DE
1164 325 1643 385 C(ENOBIORUM
1680 328 1925 387 lNSTl'l‘.
1966 330 2101 388 LIB.
2141 333 2206 388 X.
2245 359 2319 375 —
2353 333 2444 389 DE
2478 334 2746 393 SPIRITU
2784 336 3080 396 ACEDUE.

3604 349 3710 406 386

338 468 348 477 '
403 450 572 508 aliena
615 449 845 524 quidem
894 451 1144 526 largitate
1179 469 1244 512 ac
1285 454 1595 514 substantia
1643 471 1740 514 eos
1781 457 2004 516 reﬁcere
2031 463 2085 526 Α
2113 459 2302 518 multis
2345 475 2412 517 ex
2450 461 2626 520 causis
2657 462 2936 522 offensum
2981 464 3326 540 conﬁngebat
3361 469 3496 526 velle
3533 470 3715 529 disce-

397 543 742 602 festinemu.
767 593 786 610 ,

975 641 1216 700 CAPUT
1251 644 1416 700 XIX.

395 742 855 811 Quemadmodum
897 744 1134 818 intelligi
1168 745 1357 800 debeat
1395 764 1412 800 :
1441 749 1662 804 Beatius
1701 750 1780 803 est
1819 749 1998 818 magis

895 815 1026 871 dare
1053 831 1218 886 quam
1241 819 1497 888 accipere.

468 917 542 971 Et
567 914 675 972 hoc
699 916 878 987 ipsum
907 917 1132 974 Domini
1159 917 1294 997 dicit
1315 933 1433 976 esse
1459 919 1789 978 mandatum
1818 938 1833 976 :
1863 923 1998 990 Quo-

393 1013 546 1066 niam
565 1012 701 1081 ipse,
723 1010 923 1084 inquit,
938 1013 1110 1077 dixit,
1134 1012 1188 1070 id
1207 1021 1308 1082 est,
1325 1013 1588 1071 Dominus
1607 1017 1638 1070 J
1641 1031 1768 1072 esus
1793 1035 1806 1071 :
1827 1018 1852 1049 "
1873 1019 1998 1072 Bea-

395 1106 502 1160 tius
526 1109 606 1160 est
638 1107 818 1174 magis
845 1107 977 1162 dare
1002 1123 1167 1177 quam
1197 1109 1432 1178 accipere
1457 1111 1673 1176 (Actor.
1713 1109 1840 1181 xx).
1870 1113 1997 1165 Hoc

392 1207 499 1268 est,
540 1199 902 1272 impartientis
944 1201 1155 1256 beatior
1197 1201 1418 1273 largitas
1457 1218 1630 1275 quam
1676 1203 1996 1276 accipientis

391 1295 646 1365 penuria,
680 1308 804 1365 qua:
842 1307 954 1349 non
995 1293 1064 1350 de
1103 1295 1332 1368 pecunia
1362 1311 1459 1368 per
1493 1296 1872 1354 inﬁdelitatem
1912 1299 1994 1354 vel

388 1383 749 1444 difﬁdentiam
805 1396 1106 1458 reservata,
1151 1404 1255 1446 nec
1307 1389 1377 1446 de
1419 1390 1712 1447 reconditis
1751 1391 1994 1451 avaritiae

389 1477 656 1536 thesauris
684 1479 1036 1552 impenditur,
1066 1480 1160 1538 sed
1183 1497 1310 1554 quin
1347 1481 1416 1539 de
1445 1481 1627 1540 fructu
1657 1485 1840 1556 operis
1867 1501 1995 1557 pro-

389 1573 490 1646 prii
515 1581 571 1630 et
593 1574 686 1646 pio
709 1573 911 1631 sudore
939 1575 1235 1646 profertur.
1273 1579 1344 1633 Et
1371 1576 1490 1634 ideo
1530 1579 1744 1636 beatius
1767 1585 1848 1636 est
1869 1597 1989 1636 ma-

391 1669 474 1738 gis
497 1668 636 1723 dare
670 1686 841 1740 quam
885 1673 1144 1741 accipere,
1173 1672 1298 1743 quia
1328 1688 1459 1730 cum
1500 1673 1648 1730 illius
1673 1675 1767 1748 qui
1798 1676 1997 1748 accipit

391 1755 420 1796 δ
449 1763 496 1819 is
526 1763 620 1836 qui
648 1763 838 1820 tribuit
866 1763 1070 1822 habeat
1098 1774 1497 1838 paupertatem,
1523 1767 1884 1826 nihilominus
1911 1769 1996 1825 la-

2110 555 2274 624 dere,
2331 557 2378 614 si
2431 558 2689 616 solatium
2741 559 2950 618 itineris
3002 562 3084 618 vel
3128 563 3348 620 comitis
3395 566 3705 638 repetisset.

2112 650 2360 723 Cumque
2385 668 2513 710 eum
2534 653 2605 710 ad
2627 669 2957 712 consensum
2977 655 3203 714 occultis
3220 657 3710 740 obtrectationibus

2109 746 2430 803 monasterii
2465 747 2794 820 pellexisset,
2834 748 3130 808 condicens
3166 752 3215 808 ei
3252 751 3466 819 horam,
3499 769 3608 826 qua
3639 754 3708 812 de

2107 839 2445 897 monasterio
2475 841 2703 899 deberet
2733 841 2900 912 exire,
2929 843 3012 899 vel
3049 843 3231 901 locum
3265 862 3374 918 quo
3409 861 3468 902 se
3494 862 3710 920 praeve-

2106 931 2260 990 niens
2293 943 2653 1006 exspectaret,
2693 937 2810 1007 ipse
2849 937 2997 992 velut
3021 936 3161 994 illico
3189 938 3582 998 subsecuturus
3609 941 3711 997 ibi-

2107 1024 2234 1082 dem
2273 1026 2624 1084 subsistebat.
2663 1027 2876 1102 Illoque
2899 1029 3038 1102 jam,
3067 1046 3166 1102 pro
3193 1031 3464 1090 discessus
3495 1035 3578 1090 sui
3617 1049 3708 1092 ve-

2105 1119 2382 1188 recundia,
2413 1135 2530 1177 non
2567 1120 2804 1178 audente
2834 1122 2906 1178 ad
2940 1125 3339 1180 monasterium
3369 1125 3438 1182 de
3467 1143 3576 1198 quo
3612 1142 3711 1184 au-

2102 1209 2314 1285 fugerat
2339 1214 2568 1270 ulterius
2600 1216 2900 1288 aggregari,
2929 1215 3115 1272 infelix
3149 1222 3173 1250 ⁶
3203 1217 3345 1290 fugae
3371 1219 3487 1291 ejus
3521 1230 3714 1277 auctor

2100 1308 2156 1364 in
2179 1307 2432 1364 emnobio
2455 1307 2741 1365 residebat.
2773 1311 2896 1365 Hoc
2921 1325 3094 1366 unum
3119 1311 3432 1382 exemplum
3461 1313 3528 1368 de
3551 1313 3709 1371 istius

2101 1401 2250 1459 modi
2298 1417 2496 1475 genere
2534 1401 2822 1459 hominum
2881 1418 2985 1475 pro
3029 1403 3402 1476 incipientium
3449 1406 3704 1463 cautione

2098 1496 2303 1554 dixisse
2328 1495 2586 1566 sufﬁciat,
2617 1512 2725 1568 quo
2756 1505 2936 1569 pateat
2967 1497 3290 1567 evidentius,
3321 1506 3522 1571 quanta
3559 1498 3702 1555 mala

2103 1590 2374 1657 otiositas,
2421 1589 2722 1646 secundum
2771 1591 3068 1662 Scriptum
3109 1591 3437 1648 sententiam
3481 1593 3700 1660 (Eccles.

2103 1684 2351 1751 χχχιιι),
2377 1682 2431 1736 in
2454 1682 2709 1738 monachi
2735 1691 2917 1739 mente
2941 1685 3223 1755 parturiat,
3247 1685 3329 1740 vel
3350 1685 3707 1757 quemadmo-

2103 1774 2237 1832 dum
2285 1783 2643 1848 corrumpant
2693 1775 2872 1832 bonos
2915 1791 3100 1833 mores
3147 1777 3421 1848 colloquia
3460 1778 3609 1835 mala
3657 1781 3701 1848 (ι

387 1855 522 1913 bore
558 1855 777 1928 proprio
817 1873 931 1913 non
959 1857 1141 1926 solum
1171 1874 1288 1916 suae
1332 1860 1672 1917 necessitatis
1713 1860 1994 1918 sufﬁcien-
2021 1865 2071 1928 B
2105 1871 2222 1929 Cor.
2249 1873 2374 1936 xv).

392 1949 551 2018 tiam,
577 1965 765 2007 verum
807 1950 971 2008 etiam
1007 1951 1156 2024 quod
1185 1952 1392 2010 tribuat
1432 1953 1716 2028 indigenti,
1757 1955 1844 2028 pia
1879 1956 1998 2013 sol-

391 2043 688 2110 licitudine,
733 2060 924 2117 parare
965 2045 1187 2102 festinat
1235 2065 1250 2101 :
1301 2046 1500 2120 duplici
1552 2049 1726 2122 gratia
1767 2048 1996 2107 deceta-

391 2144 498 2200 tus,
515 2137 663 2210 quod
679 2146 733 2194 et
752 2137 1049 2210 perfectam
1069 2139 1376 2196 nuditatem
1396 2141 1595 2198 Christi
1611 2142 1994 2200 universarum

397 2246 580 2288 rerum
621 2247 852 2288 suarum
893 2229 1200 2305 abjectione
1245 2234 1538 2306 possideat,
1580 2245 1636 2292 et
1679 2237 1997 2293 muniﬁcen-

397 2325 525 2382 tiam
549 2325 738 2383 divitis
768 2326 956 2382 labore
978 2342 1081 2383 suo
1109 2326 1367 2384 exhibeat
1389 2336 1444 2384 et
1468 2328 1678 2386 affectu
1709 2349 1723 2384 :
1759 2329 1848 2387 hic
1859 2331 1995 2405 qui-

399 2419 522 2476 dem
564 2419 843 2476 bonorans
889 2421 1064 2477 Deum
1100 2418 1171 2476 de
1219 2421 1330 2477 suis
1369 2421 1533 2494 justis
1573 2423 1891 2503 laboribus,
1940 2433 1996 2482 et

395 2511 636 2568 delibans
663 2512 710 2568 ei
743 2511 810 2568 de
843 2510 1110 2568 fructibus
1132 2512 1362 2586 justitia:
1391 2530 1506 2572 suae
1548 2535 1561 2571 :
1603 2516 1690 2574 ille
1730 2533 1860 2574 vero
1892 2519 1992 2576 otii

393 2613 617 2678 torpore
653 2613 706 2662 et
741 2605 928 2662 inertia
957 2605 1250 2676 resolutus,
1282 2607 1564 2682 indignum
1595 2626 1654 2667 se
1681 2627 1802 2670 esse
1828 2613 1995 2670 etiam

393 2699 515 2758 cibo
539 2700 718 2772 panis,
749 2699 1000 2772 Apostoli
1025 2699 1220 2772 probat
1245 2701 1514 2759 sententia
1544 2705 1615 2772 (ll
1647 2705 1827 2760 Thess.
1873 2710 1994 2774 ιιι),

393 2802 580 2850 contra
607 2793 724 2866 ejus
747 2793 950 2849 scilicet
971 2793 1321 2852 interdictum
1346 2795 1556 2853 otiosus
1579 2813 1708 2854 eum
1735 2814 1850 2855 non
1881 2799 2000 2857 sine

392 2895 548 2944 reatu
577 2887 782 2960 peccati
811 2887 1280 2960 contumaciaeque
1307 2905 1671 2962 praesumens.

982 2991 1223 3047 CAPUT
1258 2993 1395 3047 XX.

395 3095 471 3149 De
518 3093 700 3160 fratre
746 3091 1030 3155 desidioso,
1081 3093 1194 3214 qui.
1226 3093 1363 3148 alios
1400 3093 1588 3162 egredi
1635 3093 1703 3149 de
1766 3094 1998 3150 ccenobio

1021 3163 1101 3214 sol
1123 3163 1370 3214 scitabat.

1021 3163 1370 3218 sollicitabat.

469 3265 733 3322 Novimus
759 3265 1010 3335 fratrem,
1039 3265 1196 3338 cujus
1223 3265 1390 3322 etiam
1430 3283 1656 3336 nomen,
1692 3267 1736 3324 si
1762 3268 1998 3340 amplius

397 3356 602 3430 aliquid
635 3374 698 3414 ex
732 3359 836 3416 hoc
873 3357 1246 3416 instructionis
1271 3358 1580 3429 accederet,
1614 3358 1996 3432 proderemus,

392 3453 488 3526 qui
523 3469 650 3510 cum
687 3451 741 3509 in
772 3452 1025 3511 coenobio
1065 3461 1396 3523 moraretur,
1439 3463 1675 3526 eumque
1704 3454 1998 3512 necessitas

390 3554 670 3605 coactaret
722 3549 748 3580 ο
801 3556 862 3604 ιιι
920 3554 1189 3604 statutum
1235 3548 1419 3621 operis
1469 3562 1702 3621 pensum
1751 3548 1996 3622 quotidie

388 3657 686 3698 mcouomo
722 3641 992 3712 traderet,
1023 3657 1093 3699 ne
1135 3643 1192 3699 in
1235 3643 1505 3717 majorem
1551 3643 1734 3717 operis
1767 3642 1996 3700 modum

387 3737 620 3811 alicujus
671 3737 992 3810 prapensius
1036 3737 1336 3795 laborantis
1379 3739 1696 3796 tenderetur
1747 3737 1828 3796 vel
1870 3754 1999 3795 con-

385 3829 713 3888 funderetur
755 3830 1039 3902 exemplo,
1085 3846 1216 3886 cum
1259 3831 1316 3885 in
1373 3831 1637 3888 coenobio
1684 3832 1999 3904 quempiam

390 3922 630 3980 fratrum
672 3921 895 3976 vidisset
935 3923 1264 3991 ingressum,
1309 3922 1401 3990 qui
1438 3923 1634 3978 ardore
1677 3923 1798 3980 ﬁdei
1838 3924 2002 3982 vellet

392 4015 608 4090 aliquid
655 4013 890 4086 amplius
929 4013 1114 4084 operis
1158 4013 1512 4085 consignare,
1561 4015 1607 4068 si
1651 4015 2000 4074 clandestinis

396 4124 529 4164 eum
569 4105 1015 4178 persuasionibus
1054 4119 1312 4161 revocare
1352 4104 1421 4161 ab
1457 4104 1776 4176 huiusmodi
1820 4107 2002 4164 inten-

399 4199 549 4256 tione
580 4197 808 4254 minime
835 4199 1124 4272 potuisset,
1161 4186 1191 4232 δ
1227 4199 1480 4257 consiliis
1508 4199 1688 4272 pravis
1724 4217 1788 4258 ac
1813 4217 2003 4259 susur-

396 4292 714 4351 rationibus
753 4293 820 4350 ad
865 4291 1361 4367 transmigrandum
1389 4293 1588 4352 exinde
1617 4294 1997 4366 persuadebat.

396 4389 468 4444 Et
494 4402 608 4460 quo
637 4389 764 4443 eum
807 4386 1014 4444 facilius
1039 4394 1356 4460 asportaret,
1388 4402 1448 4444 se
1475 4402 1694 4460 quoque
1713 4386 1827 4460 jam
1869 4387 2001 4445 olim

2683 1964 2926 2022 CAPUT
2965 1966 3128 2020 XXI.

2173 2060 2400 2116 Diversa
2423 2073 2492 2114 ea:
2517 2057 2800 2115 Salomone
2821 2063 3008 2114 contra
3031 2059 3280 2114 acediam
3309 2060 3630 2115 testimonia.

2174 2151 2336 2224 Quod
2373 2150 2668 2208 otiositatis
2704 2151 2896 2208 vitium
2933 2151 3098 2208 etiam
3133 2151 3573 2224 sapientissimus
3605 2152 3703 2208 Sa-

2103 2242 2291 2298 lomon
2317 2241 2717 2301 evidentissime
2743 2252 2904 2300 notat
2927 2244 2982 2300 in
3007 2243 3217 2313 multis,
3248 2244 3324 2299 ita
3342 2243 3529 2301 dicens
3557 2265 3571 2300 :
3599 2247 3709 2313 Qui

2099 2341 2334 2394 sectatur
2349 2341 2536 2402 otium,
2556 2340 2850 2409 replebitur
2859 2343 3190 2411 paupertate
3207 2340 3474 2406 (Proverb.
3492 2354 3600 2396 xw
3611 2339 3703 2411 ιι),

2100 2431 2183 2488 vel
2231 2431 2435 2501 visibili
2471 2431 2702 2501 scilicet,
2743 2431 2827 2489 vel
2883 2432 3156 2502 invisibili,
3205 2449 3309 2506 qua
3351 2447 3572 2489 necesse
3617 2439 3702 2489 est

2101 2523 2344 2580 otiosum
2373 2539 2648 2596 quemque
2673 2532 2726 2580 et
2749 2523 2970 2582 diversis
2995 2523 3139 2596 vit_iis
3169 2523 3478 2581 involutum
3500 2522 3700 2590 teneri,

2103 2625 2160 2673 et
2199 2615 2440 2672 alienum
2477 2631 2696 2686 semper
2730 2615 2964 2672 existere
3013 2633 3046 2672 a
3087 2617 3550 2688 contemplatione
3598 2617 3704 2673 Dei

2105 2708 2187 2763 vel
2213 2706 2421 2764 divitiis
2447 2707 2806 2779 spiritalibus,
2826 2707 2895 2764 de
2919 2707 3116 2778 quibus
3141 2706 3334 2763 beatus
3357 2709 3657 2779 Apostolus
3692 2729 3705 2765 :

2110 2803 2250 2870 Quia
2274 2804 2333 2856 in
2359 2803 2620 2866 omnibus,
2659 2800 2858 2873 inquit,
2886 2801 3075 2856 divites
3102 2802 3244 2868 facti
3266 2803 3390 2856 estis
3416 2804 3474 2855 in
3502 2803 3615 2865 illo,
3644 2804 3704 2857 in

2107 2897 2256 2952 omni
2274 2896 2430 2951 verbo
2458 2899 2508 2950 et
2529 2897 2591 2950 in
2619 2897 2766 2950 omni
2789 2896 3011 2950 scientia
3040 2895 3084 2959 (Ι
3115 2896 3238 2949 Cor.
3277 2896 3339 2960 ι).
3372 2894 3448 2949 De
3475 2892 3577 2950 hac
3607 2910 3710 2952 au-

2105 2995 2221 3046 tem
2259 2988 2420 3046 otiosi
2466 2997 2786 3061 paupertate
2829 2987 2959 3044 alibi
3005 3002 3224 3060 quoque
3265 2987 3341 3043 ita
3382 2987 3642 3045 scribitur
3693 3009 3706 3045 :

2107 3075 2128 3115 ¹
2146 3087 2218 3140 Et
2243 3085 2498 3140 vestietur
2519 3085 2778 3138 conscissa
2800 3085 2942 3138 veste
2965 3087 3016 3138 et
3036 3097 3281 3153 pannosa
3305 3083 3479 3137 omnis
3511 3085 3714 3138 somni-

2108 3177 2313 3232 culosus
2335 3179 2513 3243 (Prov.
2550 3179 2761 3245 χχιιι).
2793 3175 2924 3232 Sine
2953 3173 3122 3231 dubio
3147 3173 3295 3231 enim
3323 3190 3438 3230 non
3466 3173 3706 3232 merebi-

2032 3245 2077 3308 Ο
2109 3278 2199 3326 tur
2238 3270 2332 3325 illo
2375 3269 2802 3341 incorruptiouis
2843 3269 3173 3324 vestimento
3221 3269 3428 3337 ornari,
3473 3268 3542 3324 de
3588 3283 3700 3340 quo

2106 3361 2406 3434 Apostolus
2446 3361 2694 3433 praecipit
2741 3380 2755 3416 :
2805 3361 3022 3416 Induite
3068 3377 3157 3416 vos
3201 3363 3486 3416 Dominum
3521 3364 3697 3416 Iesum

2107 3455 2374 3513 Christum
2396 3455 2575 3526 (Rom.
2601 3458 2771 3522 xm);
2797 3461 2853 3510 et
2881 3455 3080 3510 iterum
3109 3473 3123 3509 :
3150 3454 3335 3510 Induti
3355 3455 3517 3509 lorica
3533 3453 3702 3523 justi-

2103 3551 2194 3604 tice
2217 3553 2270 3604 et
2291 3550 2582 3605 charitatis
2604 3550 2654 3617 (I
2684 3550 2862 3606 Thess.
2890 3549 2995 3618 v);
3023 3557 3077 3604 et
3093 3548 3162 3606 de
3186 3564 3298 3622 quo
3324 3548 3494 3605 etiam
3517 3547 3706 3604 Domi-

2102 3660 2206 3701 nus
2233 3643 2305 3702 ad
2330 3644 2632 3702 Jerusalem
2657 3643 2898 3717 loquitur
2916 3658 3014 3716 per
3037 3642 3360 3716 prophetam
3387 3662 3402 3697 :
3430 3647 3699 3712 Exsurge,

2101 3754 2345 3808 exsurge,
2382 3739 2690 3801 Jerusalem,
2731 3737 2956 3792 induere
2991 3739 3316 3792 uestimentis
3357 3737 3544 3806 gloriae
3587 3740 3696 3790 tuae

2103 3834 2284 3900 (Isaia:
2319 3836 2450 3898 ιιι).
2488 3831 2747 3902 Quisquis
2779 3844 2978 3888 somno
3007 3830 3106 3885 otii
3136 3829 3218 3886 val
3249 3827 3453 3884 acediae
3480 3843 3708 3898 supera-

2103 3933 2215 3994 tus,
2251 3940 2362 3981 non
2400 3924 2686 3982 industria:
2723 3939 2838 3980 suae
2875 3924 3082 3990 labore,
3125 3920 3223 3976 sed
3261 3919 3473 3975 inertiae
3511 3921 3745 3992 pannis.

2107 4019 2304 4090 operiri
2343 4017 2614 4086 maluerit,
2653 4033 2790 4089 quos
2819 4014 3142 4074 abscindens
3168 4014 3234 4072 de
3267 4011 3507 4087 perfecta
3535 4013 3708 4086 pleni-

2108 4109 2296 4166 tudine
2333 4119 2390 4167 et
2422 4126 2654 4182 corpore
2693 4110 3116 4181 Scripturarum,
3157 4123 3272 4163 non
3311 4108 3698 4165 vestimentum

2110 4200 2298 4274 gloria:
2339 4217 2440 4257 nec
2475 4201 2709 4269 decoris,
2743 4200 2840 4256 sed
2876 4199 3298 4272 ignominiosum
3335 4200 3705 4258 excusationis

2111 4292 2362 4351 velamen
2387 4309 2502 4352 sua:
2538 4292 2812 4366 coaptabit
2841 4291 3084 4367 ignaviae.
3118 4293 3305 4351 Solent
3337 4293 3485 4350 enim
3517 4294 3573 4350 hi
3603 4295 3704 4368 qui

2109 4395 2238 4445 sunt
2271 4387 2373 4446 hac
2409 4388 2633 4462 segnitie
2659 4387 2933 4459 dissoluti,
2965 4387 3214 4445 nolentes
3239 4403 3403 4462 opere
3431 4405 3696 4448 manuum

1485 4496 1742 4552 ALARDI
1779 4497 2012 4552 GAZEI
2048 4496 2614 4554 COMMENTARIUS.

467 4602 494 4630 ι
521 4594 680 4669 lianc
699 4593 1023 4669 sententiam
1051 4593 1186 4669 alias
1207 4593 1560 4669 exposuimus
1583 4597 1722 4669 (Lib,
1746 4611 1842 4669 vu_
1866 4611 1986 4666 cap.
2019 4601 2070 4664 D
2099 4598 2286 4653 tudine
2299 4581 2476 4654 munia
2495 4597 2854 4669 disponentes,
2873 4601 2924 4653 et
2933 4603 3133 4668 prwsto
3151 4599 3414 4666 facientes
3434 4597 3708 4667 quidquid

398 4669 507 4734 16).
537 4667 676 4740 Eam
715 4681 842 4721 vero
877 4665 1014 4721 scite
1041 4673 1096 4740 e_t
1123 4664 1400 4740 eleganter
1432 4664 1653 4740 adaptat
1691 4664 1988 4724 Cassianus
2095 4670 2193 4725 illa
2211 4671 2321 4724 vita
2342 4675 2568 4740 propter
2579 4664 3031 4724 imbecillitatem
3049 4664 3284 4740 corporis
3299 4664 3567 4740 postulat,
3579 4664 3709 4721 ‘tra-

391 4734 682 4809 monacho
703 4751 828 4809 vere
853 4734 1114 4809 pauperi,_
1131 4734 1566 4809 etnihilominus
1591 4736 1660 4794 de
1694 4753 1794 4809 suo
1823 4753 1988 4809 opere
2095 4734 2365 4795 ditionem
2383 4734 2564 4796 tamen
2587 4741 2753 4796 etiam
2777 4741 2889 4809 ipsi
2905 4734 3152 4794 reddunt
3163 4739 3282 4802 uni,
3299 4734 3468 4803 quem
3493 4739 3706 4792 Patrem

393 4807 514 4864 aliis
553 4807 800 4879 largienti
843 4803 870 4862 ;“
895 4803 1064 4879 qu'em
1099 4805 1306 4879 idcirco
1345 4803 1548 4877 duplici
1587 4808 1810 4879 nomine

392 4878 820 4960 tumpraidicat,
847 4876 1219 4960 paupertatis,_
1239 4876 1482 4960 inquam,
1514 4885 1570 4933 et
1597 4877 1878 4960 largitatis:

460 4942 489 4982 δ
517 4942 731 5023 Nempe
764 4942 1090 5023 monachus,
1128 4942 1221 5020 qui
1251 4942 1622 5023 aliis_la_borat
1657 4942 1714 5006 et
1739 4950 1987 5023 largitur,

392 5035 523 5078 cum
549 5020 621 5076 sit
648 5017 763 5092 ipse
799 5017 1200 5093 pauperrimus,
1230 5027 1291 5075 ut
1319 5017 1542 5076 inferius
1568 5017 1876 5093 exponitur.

461 5093 486 5124 ο
529 5093 608 5164 ita
649 5091 935 5164 monachis
972 5091 1234 5164 Egyptiis
1272 5099 1600 5164 consuetum
1640 5091 1705 5164 ac
1745 5091 1991 5164 praescri-

390 5169 561 5234 ptum,
580 5161 750 5220 fuisse
769 5171 1002 5220 testatur
1026 5161 1097 5219 Π.
1114 5161 1500 5234 Hieronymus
1528 5161 1583 5218 in
1607 5161 1764 5234 epist:
1788 5165 1856 5220 ad
1888 5166 1994 5220 Eu-

391 5233 666 5294 iochium
697 5253 712 5289 :
735 5235 902 5305 Opus,
931 5234 1124 5307 inquit,
1152 5235 1267 5291 diei
1288 5233 1492 5290 statum
1509 5239 1608 5299 est,
1631 5233 1776 5304 quod
1798 5235 1993 5291 decano

393 5307 679 5377 traditum,
708 5308 888 5375 fertur
905 5305 981 5360 ad
1002 5305 1341 5369 irconomum,
1369 5307 1469 5376 qui
1481 5310 1534 5361 et
1559 5308 1676 5377 ipse
1691 5321 1791 5376 per
1811 5308 1998 5376 singu-

394 5375 467 5432 los
493 5391 698 5432 menses
728 5378 886 5433 Patri
912 5380 1151 5433 omnium
1183 5394 1304 5434 cum
1328 5375 1528 5447 magno
1557 5375 1786 5434 tremore
1814 5375 1995 5434 reddit

393 5451 653 5520 rationem
692 5451 888 5520 (Epist.
927 5455 1105 5515 xxu).
1138 5451 1206 5506 Et
1250 5452 1315 5506 D.
1348 5448 1689 5520 Augustinus
1715 5449 1811 5506 lib.
1845 5465 1893 5506 ιι
1928 5449 1994 5506 de

394 5519 642 5576 Moribus
669 5519 928 5577 Ecclesiae
956 5520 1107 5592 (Cap.
1140 5526 1318 5588 xxxr)
1349 5519 1693 5593 zoperantur
1713 5537 1776 5578 ea
1800 5521 1994 5592 quibus

397 5594 446 5645 et
481 5606 670 5662 corpus
699 5593 856 5664 pasci
885 5593 1078 5663 possit,
1113 5597 1165 5650 et
1203 5609 1240 5648 a
1277 5596 1382 5649 Deo
1421 5609 1566 5649 mens
1602 5593 1865 5664 impediri
1889 5608 1996 5648 non

393 5664 580 5731 possit.
629 5665 773 5734 Opus
813 5669 992 5719 autem
1025 5679 1181 5719 suum
1217 5664 1444 5720 tradunt
1483 5667 1560 5720 eis
1596 5680 1728 5735 quos
1769 5664 1996 5719 decanos

395 5738 599 5798 uocant,
621 5749 678 5790 eo
705 5735 848 5806 quod
872 5737 980 5790 sint
1001 5735 1154 5792 denis
1173 5737 1486 5806 praepositi,
1500 5740 1562 5791 ut
1579 5737 1844 5790 neminem
1866 5735 1997 5790 illo-

397 5817 518 5858 rum
543 5821 677 5861 cura
701 5808 790 5862 sui
812 5809 1044 5876 corporis
1072 5811 1282 5877 tangat,
1310 5822 1482 5876 neque
1504 5809 1562 5862 in
1584 5807 1718 5869 cibo,
1748 5821 1919 5877 neque
1939 5807 1998 5860 in

401 5878 728 5944 uestimento,
754 5885 858 5934 etc.
883 5877 978 5936 Illi
1002 5876 1184 5936 autem
1215 5877 1407 5936 decani
1434 5892 1555 5934 cum
1577 5892 1780 5948 magna
1805 5876 2000 5932 sollici-

1889 4824 1988 4866 ea-
2093 4814 2301 4867 uocant.

2170 4869 2200 4912 ἀ
2251 4879 2456 4958 Mirum
2499 4876 2668 4958 videri
2709 4885 2891 4958 potest
2932 4875 3106 4958 talem
3141 4875 3462 4958 quempiam
3511 4891 3710 4932 mona-

2099 4949 2266 5030 chum
2308 4948 2450 5030 inter
2493 4945 2872 5030 sanctissimos
2905 4955 2968 5029 et
3009 4945 3710 5030 religiosissimosumona-

2100 5019 2236 5091 chos
2277 5026 2333 5091 et
2359 5015 2717 5091 anaclioretas
2743 5016 2967 5089 reperiri
2997 5015 3257 5091 potuisse,
3294 5019 3388 5091 qui
3419 5019 3562 5077 alios
3595 5019 3709 5079 suis

2101 5089 2360 5162 malignis
2385 5087 2732 5164 suasionibus
2768 5087 2823 5145 et
2859 5087 3100 5163 consiliis
3147 5091 3220 5147 ita
3251 5087 3620 5164 perverteret,
3655 5101 3710 5150 et

2101 5177 2133 5218 e
2173 5159 2528 5243 monasterio
2553 5159 2813 5243 abigeret,
2859 5159 3079 5219 tantum
3111 5170 3182 5243 ut_
3209 5159 3323 5243 suae
3364 5159 3709 5243 negligentiae

2100 5232 2428 5290 consuleret.
2461 5234 2536 5308 A_t
2571 5231 2703 5308 quid
2743 5233 2964 5308 mirum,
3001 5232 3222 5308 quando
3247 5234 3394 5308 inter
3431 5231 3712 5308 apdstolos

2100 5313 2354 5377 repertus
2385 5311 2469 5360 est
2495 5303 2668 5361 ludas
2707 5303 2972 5377 proditor,
3005 5303 3112 5377 qui
3146 5315 3200 5362 et
3229 5303 3515 5364 Christum
3546 5323 3710 5363 com-

2102 5375 2237 5450 pulit
2259 5375 2439 5450 dicere
2463 5395 2488 5450 :_
2507 5375 2827 5450 Nonne'ego
2857 5391 2946 5432 vos
2979 5376 3258 5433 duodecim
3289 5381 3445 5448 elegi,
3483 5381 3534 5433 et
3560 5393 3712 5450 unus

2103 5447 2171 5505 em
2197 5449 2342 5504 vobis
2368 5447 2618 5504 diabolus
2639 5449 2923 5519 est(Joan.
2949 5452 3082 5514 vx)?
3111 5464 3224 5505 non
3247 5447 3462 5514 natura,
3483 5447 3582 5502 sed
3606 5461 3698 5502 ma

2104 5519 2246 5596 litia.
2270 5519 2407 5596 Vide
2446 5519 2601 5596 plura
2629 5519 2687 5575 in
2712 5518 2882 5596 hanc
2902 5534 3020 5596 rem
3053 5519 3334 5596 ad_collat.
3373 5523 3434 5596 l_8
3465 5531 3583 5596 cap.
3627 5519 3709 5596 ις,

2173 5592 2198 5622 θ
2224 5592 2308 5647 Ita
2347 5591 2404 5646 in
2441 5585 2680 5646 editione
2711 5589 3067 5646 Plantiniana.
3108 5592 3215 5644 Pro
3243 5603 3354 5647 quo
3385 5589 3461 5640 Ba
3473 5585 3715 5640 sileensis

2104 5668 2160 5718 et
2195 5660 2308 5731 alii,
2331 5660 2535 5716 habent
2585 5679 2615 5731 :7
2643 5659 2782 5731 Illca:
2827 5662 3000 5731 fugae,
3029 5657 3192 5731 quod
3227 5652 3375 5713 idem
3418 5661 3528 5710 est.
3577 5652 3713 5706 Illex

2104 5730 2502 5804 enimidicitur,
2527 5730 2825 5804 quiillicit,
2853 5729 2950 5788 seu
2973 5729 3168 5804 allicet.

2179 5783 3159 5872 regis};’vsiaass'seiiiagasa
3187 5797 3326 5872 Nam
3355 5789 3581 5872 vulgata
3609 5783 3716 5838 ιιοο

2106 5880 2326 5932 tantum
2351 5871 2513 5930 habet
2547 5895 2560 5927 ;
2595 5862 2872 5929 Vestietur:
2891 5862 3093 5940 pannis
3121 5862 3454 5919 dormitatio.
