4012 6192
1086 325 1119 340 ο

296 364 399 421 387

1642 355 1923 416 JOANNIS
1957 357 2263 416 CASSlANl

3499 360 3607 418 388

299 503 527 547 suarum
573 484 893 555 sustentari,
965 483 1116 559 quod
1173 481 1472 558 Apostolus
1531 480 1897 540 indesinenter
1923 490 1978 555 Α
2003 484 2170 541 deriis
2211 487 2291 540 est
2333 449 2509 539 omnis
2548 484 2746 538 otiosus
2781 480 3050 550 (Proverb.
3090 480 3246 550 xxx).
3268 460 3374 537 'De
3404 480 3609 554 quibus

299 582 561 652 exercuit,
602 580 685 639 vel
728 579 889 638 nobis
929 592 1183 635 exercere
1234 575 1514 650 pracepit,
1569 575 1897 648 quibusdam

297 678 375 735 uti
406 673 728 734 testimoniis
764 672 1185 745 Scripturarum,
1215 668 1415 743 quibus
1441 668 1719 741 quoddam
1747 667 1897 726 iner-

297 772 389 829 tia
417 786 533 830 sua
562 768 809 826 velamen
832 766 1135 838 imponant,
1164 763 1407 821 dicentes
1428 763 1702 836 scriptum
1730 779 1892 821 esse:

298 870 322 899 ³
353 865 662 937 Operamini
686 879 793 918 non
816 862 988 917 cibum
1010 863 1108 931 qui
1120 862 1286 931 perit,
1313 859 1409 915 sed
1426 861 1522 929 qui
1538 864 1817 929 permanet
1839 860 1898 915 in

303 965 471 1018 vitam
500 963 756 1014 cetemam
784 959 958 1024 (Joan.
987 959 1111 1023 vi);
1141 962 1217 1022 et,
1246 957 1395 1011 Mais
1421 954 1569 1009 cibus
1597 958 1695 1018 est,
1720 956 1782 1009 ut
1809 953 1901 1021 fa-

306 1058 444 1112 ciam
465 1053 793 1108 voluntatem
818 1052 997 1106 Patris
1018 1050 1125 1105 mei
1149 1050 1319 1120 (Joan.
1348 1049 1454 1116 Iv).
1479 1045 1583 1104 Sed
1605 1046 1727 1104 hac
1750 1045 1901 1103 testi-

301 1144 487 1203 monia
545 1142 709 1217 panni
752 1141 976 1214 quidam
1039 1148 1170 1196 sunt
1215 1138 1284 1197 de
1344 1137 1517 1196 solida
1569 1138 1896 1212 evangelica

298 1239 547 1296 lectionis
593 1234 962 1309 plenitudine,
1013 1232 1105 1307 qui
1150 1231 1221 1290 ad
1269 1232 1375 1290 hoc
1415 1241 1791 1303 assumuntur,
1837 1240 1899 1289 ut

295 1336 592 1401 contegant
626 1326 806 1400 potius
834 1325 1187 1399 ignominiam
1220 1325 1515 1382 otiositatis
1550 1341 1615 1383 ac
1643 1340 1897 1383 verecun-

297 1422 403 1480 dia
438 1428 664 1489 nostra,
707 1434 872 1493 quam
917 1427 978 1476 ut
1020 1418 1336 1477 calefaciunt
1380 1428 1436 1477 et
1475 1427 1746 1476 exornent
1793 1434 1897 1477 nos

293 1516 384 1573 illa
423 1515 658 1588 pretiosa
703 1522 855 1571 veste
901 1511 1248 1586 perfectaque
1291 1513 1582 1582 virtutum,
1619 1529 1787 1586 quam
1836 1513 1896 1571 in

286 1608 603 1666 Proverbiis
636 1608 836 1664 mulier
874 1606 967 1663 illa
1008 1607 1249 1679 sapiens,
1300 1622 1424 1678 qua
1470 1606 1794 1664 fortitudine
1838 1614 1896 1664 et

296 1700 493 1759 decore
535 1699 725 1756 induta
768 1707 883 1767 est,
903 1698 985 1754 vel
1013 1698 1135 1765 sibi,
1169 1698 1252 1755 vel
1293 1699 1411 1755 viro
1442 1714 1544 1756 suo
1573 1697 1769 1756 fecisse
1792 1698 1893 1756 de-

294 1797 574 1866 scribitur,
600 1795 667 1851 de
693 1811 800 1867 qua
828 1794 995 1851 etiam
1028 1802 1427 1867 consequenter
1457 1791 1691 1850 infertur
1720 1814 1733 1850 :
1764 1797 1893 1851 For-

296 1894 525 1949 titudine
557 1896 609 1947 et
634 1892 816 1946 decore
842 1890 1037 1944 induta
1074 1893 1171 1953 est,
1215 1893 1266 1944 et
1294 1890 1479 1944 latata
1505 1894 1583 1944 est
1611 1891 1670 1945 in
1705 1890 1893 1946 diebus
1919 1903 1969 1969 Β

292 1988 591 2043 novissimis
629 1986 901 2051 (Proverb.
942 1983 1135 2055 xxxx).
1185 1986 1269 2039 De
1309 1981 1415 2038 hoc
1443 1982 1653 2040 inertia
1697 1984 1891 2040 morbo

292 2095 483 2137 rursus
511 2078 655 2135 idem
685 2062 951 2135 Salomon
976 2078 1049 2133 ita
1084 2084 1487 2133 commemorat
1516 2096 1530 2133 :
1559 2069 1587 2109 ³³
1620 2079 1731 2135 Via:
1751 2079 1893 2134 nihil

295 2175 631 2245 operantium
657 2176 843 2227 strata:
875 2175 1003 2226 sunt
1028 2172 1197 2241 spinis
1235 2170 1505 2242 (Proverb.
1540 2173 1669 2237 xv),
1697 2169 1753 2229 id
1784 2179 1890 2242 est,

286 2266 393 2323 illis
414 2281 480 2321 ac
501 2263 776 2341 similibus
799 2261 938 2319 vitiis
962 2277 1085 2335 qua
1109 2262 1406 2335 Apostolus
1428 2262 1486 2318 in
1511 2264 1893 2336 superioribus

293 2356 362 2414 de
387 2356 499 2414 otio
528 2355 788 2429 pullulare
826 2353 1084 2427 praefatus
1123 2363 1225 2413 est.
1265 2358 1337 2413 Et
1361 2354 1561 2413 iterum
1599 2375 1613 2411 :
1643 2359 1706 2412 In
1743 2357 1893 2413 desi-

2004 581 2047 635 Α
2058 576 2305 650 postolus
2324 575 2777 633 commemoravit
2794 573 2980 632 dicens
3008 594 3021 630 :
3039 577 3111 631 Et
3129 577 3154 607 °
3172 574 3375 640 miluus
3390 576 3609 648 aliquid

2001 670 2313 727 desideretis
2329 673 2373 737 (Ι
2393 671 2570 726 Thess.
2594 670 2708 741 IV).
2722 671 2796 727 Et
2810 667 2882 726 ad
2899 674 3208 724 extremum
3227 687 3241 723 :
3263 670 3440 724 Multa
3457 671 3609 728 mala

2003 766 2150 820 enim
2166 763 2348 819 docuit
2374 765 2617 820 otabsitas
2642 764 2860 831 (Eccles.
2886 765 3144 829 χχχιιι).
3168 760 3305 831 Qua
3329 761 3607 822 evidenter

2003 856 2305 929 Apostolus
2331 856 2387 912 in
2415 856 2520 925 his,
2549 869 2674 928 qua
2705 870 2868 928 supra
2906 854 3279 927 exposuimus,
3321 870 3612 914 enumera-

2005 950 2084 1007 vit
2112 950 2302 1009 dicens
2339 971 2352 1007 :
2382 951 2536 1010 Nihil
2552 953 2872 1021 Ioperantes,
2909 949 3004 1005 sed
3039 951 3243 1004 curiose
3281 954 3499 1019 agentes
3529 952 3610 1020 (ιι

2006 1044 2187 1101 Thess.
2232 1045 2350 1117 ιιι).
2388 1045 2531 1100 Huic
2563 1059 2783 1117 quoque
2810 1042 2939 1100 vitio
2977 1041 3263 1116 subjunxit
3298 1042 3449 1100 aliud
3479 1063 3494 1100 :
3538 1047 3612 1103 Et

2006 1152 2228 1210 operam
2250 1139 2388 1195 detis
2413 1142 2476 1193 ut
2501 1139 2674 1208 quieti
2702 1138 2822 1193 sitis
2852 1137 2905 1208 (ι
2939 1137 3116 1192 Thess.
3156 1141 3264 1204 1v).
3290 1138 3362 1193 Et
3390 1136 3608 1210 deinde,

2009 1234 2080 1289 Ut
2111 1235 2291 1288 vestra
2318 1234 2533 1302 negotia
2559 1233 2759 1301 agatis,
2793 1235 2846 1286 et
2875 1236 2939 1287 ut
2972 1232 3184 1287 honeste
3209 1232 3491 1289 ambuletis
3520 1234 3598 1291 ad

2002 1339 2088 1380 eos
2107 1326 2205 1396 qui
2221 1326 2358 1394 foris
2376 1329 2522 1390 sunt,
2540 1329 2592 1381 et
2608 1326 2807 1381 nullius
2828 1326 3046 1396 aliquid
3058 1326 3374 1383 desideretis
3391 1328 3602 1397 (Ibid).

2002 1419 2156 1488 Quos
2200 1418 2366 1476 etiam
2404 1418 2761 1486 inordinatos,
2801 1434 2866 1475 ac
2908 1419 3135 1476 rebelles
3181 1428 3355 1490 notat,
3393 1421 3464 1478 ab
3517 1422 3607 1480 bis

2000 1513 2275 1571 studiosos
2314 1529 2560 1587 quosque
2589 1496 2861 1587 segregari
2884 1513 3227 1586 pracipiens,
3277 1517 3347 1571 Ut
3378 1517 3605 1572 subtra-

2001 1607 2146 1663 hatis
2157 1622 2267 1672 vos,
2288 1606 2481 1680 inquit,
2502 1608 2571 1662 ab
2584 1610 2732 1662 omni
2745 1608 2925 1675 fratre
2939 1607 3250 1663 ambulante
3270 1609 3603 1677 inordinate,

2001 1704 2055 1755 et
2066 1716 2175 1755 non
2192 1702 2481 1757 secundum
2503 1702 2859 1766 traditionem,
2877 1717 3043 1771 quam
3062 1707 3379 1773 acceperunt
3402 1719 3439 1759 α
3456 1705 3608 1761 nobis

1999 1796 2079 1863 (ιι
2114 1795 2290 1851 Thess.
2325 1797 2443 1862 ιιι).

2528 1905 2769 1964 CAPUT
2803 1906 2996 1962 XXII.

2010 2004 2163 2073 Quod
2180 2020 2282 2075 per
2308 2009 2605 2078 Eggptum
2630 2008 2837 2075 fratres
2860 2010 2942 2061 ita
2965 2010 3078 2062 suis
3100 2008 3348 2064 manibus

2075 2080 2188 2149 tur,
2202 2080 2264 2130 ut
2275 2094 2380 2133 non
2394 2080 2563 2134 solum
2573 2081 2815 2149 propriis
2824 2080 3220 2135 necessitatibus
3233 2081 3603 2148 satisfaciant,

2071 2146 2166 2201 sed
2194 2150 2361 2204 etiam
2387 2151 2472 2205 his
2494 2146 2595 2221 qui
2619 2146 3001 2206 in—carceribus
3021 2155 3150 2206 sunt
3167 2146 3597 2211 subministrant.

2070 2264 2172 2321 His
2208 2262 2392 2336 itaque
2420 2261 2681 2335 exemplis
2703 2276 2800 2335 per
2833 2263 3128 2335 Aigyptum
3163 2266 3349 2322 Patres
3385 2264 3599 2336 eruditi,

1996 2345 2027 2392 δ
2069 2358 2221 2415 nullo
2260 2356 2427 2415 modo
2470 2356 2682 2414 otiosos
2722 2370 2841 2413 esse
2883 2356 3205 2428 monachos,
3232 2373 3297 2415 ac
3334 2358 3601 2432 praecipue

3370 2024 3603 2080 Wan’

1382 2480 1638 2539 ALARDI
1674 2482 1901 2540 GAZEI
1938 2482 2500 2541 COMMENTARIUS.

368 2592 392 2624 ³
422 2589 544 2661 Hoc
569 2595 673 2658 est,
702 2585 976 2660 Operando
1002 2585 1159 2643 vobis
1187 2602 1478 2661 procurare
1505 2589 1756 2661 satagite,
1784 2606 1898 2647 non

299 2668 414 2717 tam
443 2659 630 2717 cibum
662 2657 1002 2731 pereuntem,
1031 2657 1201 2729 quam
1232 2657 1418 2731 cibum
1456 2657 1890 2731 permanentem.

298 2733 421 2788 Non
448 2730 597 2787 enim
616 2728 762 2786 vetat
788 2728 1064 2802 Dominus
1087 2744 1276 2785 curam
1304 2728 1405 2785 cibi
1431 2728 1725 2802 corporalis
1756 2750 1770 2786 :
1798 2732 1895 2790 sed

294 2802 456 2873 docet
482 2800 907 2873 praeponendam
936 2799 1031 2873 illi
1048 2814 1165 2855 esse
1192 2815 1380 2856 curam
1410 2799 1851 2873 cibi'spiritualis
1877 2822 1890 2860 :

295 2871 449 2946 illum
476 2869 652 2946 obiter
671 2871 993 2946 curandum,
1018 2869 1165 2946 hunc
1187 2880 1371 2926 autem
1393 2879 1509 2946 toto
1534 2869 1723 2946 animo
1748 2888 1894 2946 qua-

294 2943 549 3014 rendum.
571 2943 827 3014 Imperite
852 2942 1018 3014 igitur
1032 2941 1255 3014 quidam
1273 2944 1569 3014 (Epiphan.
1592 2941 1780 2999 hares:
1802 2948 1889 3012 10)

293 3013 425 3070 hinc
468 3012 1177 3085 intelleiteruntgnon’esse
1220 3012 1580 3085 laborandum
1624 3029 1720 3085 pro
1765 3014 1890 3071 cibo

295 3082 592 3156 corporali,
636 3082 722 3138 his
744 3081 940 3156 *verbis
986 3082 1273 3156 abutentes
1312 3082 1380 3139 ad
1420 3081 1746 3156 pratex'tum
1775 3100 1891 3156 sua

294 3151 549 3226 pigritia,
586 3168 713 3209 cum
742 3152 952 3226 Paulus
980 3151 1323 3226 contrarium
1348 3151 1513 3209 verbo
1545 3162 1607 3226 et
1629 3153 1772 3211 facto
1797 3155 1888 3212 do-

294 3222 500 3296 cii—(erit,
514 3231 575 3296 ut
601 3222 845 3296 superius
868 3222 1041 3277 visum
1069 3230 1169 3296 est.
1212 3222 1392 3296 Hujus
1429 3224 1641 3296 generis
1669 3234 1723 3282 et
1749 3227 1888 3283 stul-

294 3295 430 3368 titia
472 3293 642 3350 fuisse
671 3292 894 3368 videtur
930 3293 1234 3368 monachus
1270 3292 1379 3368 ille,
1417 3292 1582 3368 quem
1622 3297 1888 3368 Sylvanus

292 3365 462 3437 abbas
490 3381 601 3421 non
630 3364 815 3420 minus
843 3363 1018 3437 lepido
1047 3379 1209 3437 quam
1241 3363 1492 3437 prudenti
1521 3363 1676 3423 facto'
1699 3368 1769 3426 ad
1797 3384 1884 3427 sa-

295 3436 506 3492 niorem
532 3444 771 3493 mentem
796 3429 1026 3492 reduxit.
1054 3429 1134 3491 De
1153 3429 1261 3508 (ιυὸ
1280 3436 1359 3508 sic
1380 3436 1435 3492 in
1455 3438 1595 3494 Vitis
1622 3441 1843 3497 Patrum
1869 3460 1883 3496 :
1920 3429 1965 3493 C

295 3508 527 3575 Quidam
543 3508 855 3578 peregrinus
874 3508 1050 3580 frater
1068 3507 1211 3580 venit
1229 3507 1303 3562 ad
1329 3509 1575 3564 abbatem
1593 3509 1887 3580 Sylvanum

291 3580 352 3650 in
388 3584 563 3634 monte
586 3581 750 3645 Sina;
783 3583 834 3633 et
858 3578 999 3632 vidit
1031 3579 1173 3647 quod
1198 3580 1404 3646 fratres
1432 3578 1808 3650 operarentur,
1838 3588 1890 3639 et

293 3649 429 3705 dicit
461 3652 537 3707 eis
567 3669 582 3704 :
613 3651 790 3717 Quare
822 3652 1126 3721 operamini
1153 3664 1323 3704 escam
1350 3649 1479 3720 qua?
1488 3654 1677 3721 perit?
1710 3656 1889 3712 Maria

293 3726 469 3777 autem
491 3723 749 3792 optimam
772 3724 986 3789 partem
1013 3720 1186 3789 elegit.
1220 3724 1363 3776 Time
1388 3720 1550 3777 senem
1572 3722 1716 3778 didit
1737 3724 1889 3779 disci-

288 3793 416 3861 pulo
437 3807 533 3847 suo
558 3792 831 3848 Zachariae
855 3810 871 3845 :
897 3794 980 3846 Da
1008 3792 1103 3845 illa
1132 3792 1358 3847 codicem
1381 3796 1443 3847 ut
1462 3794 1636 3863 legat;
1661 3799 1711 3849 et
1733 3797 1888 3851 mitte

290 3864 448 3918 illum
474 3865 531 3918 in
559 3864 804 3929 cellulam
827 3877 949 3932 qua:
973 3863 1111 3916 nihil
1144 3864 1316 3918 habet.
1348 3865 1497 3919 Hora
1516 3870 1695 3920 autem
1721 3881 1884 3930 nona,

291 3935 753 4006 circumspiciebat
781 3934 871 4006 ille
901 3935 1078 4001 frater
1102 3936 1268 3997 viam,
1293 3936 1345 3989 si
1367 3936 1509 4001 forte
1531 3941 1744 3991 voca-ret
1769 3953 1889 3992 eum

287 4019 451 4062 senes:
471 4005 545 4061 ad
564 4005 956 4061 comedendum.
985 4007 1275 4075 Postquam
1301 4011 1481 4060 autem
1509 4010 1734 4062 transiit
1757 4009 1889 4064 hora

288 4091 452 4141 nona,
475 4080 619 4133 venit
641 4077 714 4131 ad
740 4092 937 4139 senem,
962 4075 1144 4147 dicens
1174 4077 1225 4129 ei
1252 4094 1268 4130 :
1297 4078 1575 4147 Numquid
1604 4079 1758 4134 hodie
1784 4095 1889 4136 non

286 4149 627 4204 comederunt
638 4150 862 4217 fratres,
883 4146 1023 4201 abba
1033 4150 1061 4202 ?
1078 4148 1310 4218 Cumque
1323 4146 1485 4203 senes:
1496 4150 1560 4217 fa
1566 4154 1783 4214 teretur,
1804 4153 1889 4207 ait

289 4220 378 4274 ille
401 4238 416 4274 :
442 4222 620 4287 Quare
642 4236 724 4275 me
740 4236 843 4275 non
861 4221 1097 4275 vocasti?
1117 4224 1240 4275 tunc
1266 4219 1413 4275 dixit
1437 4221 1487 4276 ei
1513 4221 1680 4277 abbas
1706 4224 1887 4291 Sylva-

288 4303 387 4343 nus
436 4308 452 4343 :
496 4293 574 4344 Tu
615 4292 767 4344 homo
804 4292 1108 4359 spiritualis
1145 4306 1219 4355 es,
1261 4296 1312 4346 et
1348 4307 1453 4346 non
1490 4293 1651 4349 habes
1686 4309 1886 4349 necesse

287 4358 426 4433 hanc
444 4373 615 4411 escam
639 4374 775 4433 :_nos
803 4358 1004 4433 autem,
1038 4364 1314 4429 tamquam
1344 4364 1609 4426 carnales,
1641 4379 1774 4433 opus
1796 4365 1885 4418 ha-

292 4428 469 4503 bemus
497 4427 780 4503 comedere,
796 4427 936 4503 ideo
972 4427 1298 4503 operemur._
1314 4435 1395 4503 Tu
1420 4437 1599 4487 autem
1627 4427 1884 4503 optimam

282 4502 497 4568 partem
527 4498 761 4568 elegisti;
793 4496 923 4563 legis
937 4499 1085 4568 enim
1109 4499 1366 4566 quotidie,
1390 4505 1442 4554 et
1458 4517 1563 4555 non
1584 4496 1673 4557 vis
1691 4520 1886 4560 carna-

287 4566 389 4622 lem
427 4581 598 4643 escam
626 4567 891 4643 accipere._
918 4566 1076 4643 Quod
1096 4583 1217 4643 cum
1236 4569 1501 4643 audisset,
1535 4576 1691 4643 capit
1706 4578 1883 4643 pani-

287 4589 389 4622 tem
427 4589 598 4648 escam
626 4589 882 4635 (tempere.
918 4589 1069 4649 quoa
1096 4589 1213 4650 eum
1241 4589 1501 4633 audisset,
1535 4589 1691 4696 οτίρη
1706 4590 1882 4643 pm”-

285 4643 393 4694 tere
411 4641 462 4692 et
486 4636 656 4713 digere
687 4654 703 4690 :
728 4635 1133 4713 Indulgemihi,
1161 4637 1345 4713 abbas.
1371 4642 1576 4711 Respon
1618 4647 1667 4697 it
1687 4646 1738 4696 ei
1759 4645 1882 4713 Syl-

283 4724 455 4785 vanus
494 4728 511 4764 :
544 4711 687 4785 Ergo
715 4709 1015 4785 necessaria
1034 4711 1384 4785 _est_Martha
1415 4709 1635 4785 Manu;
1657 4709 1883 4785 propter

285 4782 559 4872 illa'rtha‘m
578 4782 725 4872 enim
744 4781 1002 4872 et’yaria
1028 4781 1304 4837 laudatur.
1328 4783 1463 4839 Hac
1485 4782 1557 4839 ibi
1579 4781 1715 4856 (Lib.
1744 4781 1779 4843 ὗ
1805 4787 1880 4842 li-
1909 4808 1960 4872 D

285 4855 419 4923 bello
452 4860 538 4923 10,
571 4870 709 4910 nova
746 4852 928 4921 edit).

354 4921 382 4959 δ
406 4921 635 5001 Vulgata
655 4925 826 5001 editio
847 4943 859 4978 :
883 4928 993 5001 μέν
1006 4927 1315 5001 pignorum,
1339 4927 1500 4998 quasi
1528 4942 1673 5000 sepes
1696 4930 1880 5001 spina-

287 5014 426 5071 rum.
451 4995 550 5071 Cu'i
578 4996 752 5071 simile
773 4995 903 5071 illud
932 4995 1186 5053 Proverb.
1217 4995 1375 5055 xx“?
1406 5015 1419 5053 :
1451 5001 1552 5055 Per
1577 4995 1767 5071 agrum
1795 5002 1879 5057 ho-

282 5070 443 5123 minis
464 5068 621 5136 pigri
653 5069 899 5141 transivi,
931 5070 981 5121 et
999 5084 1097 5137 per
1123 5071 1331 5125 vineam
1355 5070 1580 5127 hominis
1608 5068 1794 5141 stulti;
1824 5078 1876 5130 et

284 5155 392 5221 ecce
419 5142 585 5219 totum
623 5136 954 5224 rqaleaeaant
988 5136 1197 5224 urgear,
1219 5146 1276 5224 at
1305 5148 1623 5224 operuerqu
1648 5136 1876 5224 sumis.

281 5210 415 5262 ciem
430 5210 543 5278 ejus
556 5208 745 5278 spina.
766 5208 845 5260 De
864 5220 971 5288 quo
990 5208 1109 5263 vide
1126 5214 1193 5265 D.
1214 5208 1539 5284 Gregorium
1555 5214 1646 5270 lib.
1663 5208 1750 5271 xit
1767 5208 1877 5273 illo-

281 5279 389 5359 ral._
409 5295 537 5359 cap.‘
555 5283 643 5331 22.
671 5277 848 5359 Quem
870 5283 1113 5359 Imitatus
1132 5282 1460 5359 Smaragdus
1478 5284 1645 5341 abbas
1663 5287 1741 5341 sic
1758 5287 1876 5358 ejus

279 5348 442 5420 verba
473 5346 901 5420 adimonacbum
945 5347 1160 5420 pigrum
1195 5366 1258 5407 ac
1286 5346 1874 5412 dESidem-accommo-

275 5419 390 5495 dat.
425 5419 567 5495 Quid
589 5422 686 5495 est,
717 5416 1040 5495 magna
1066 5436 1259 5495 agrum
1278 5426 1437 5494 pigri
1456 5426 1684 5482 hominis
1709 5432 1875 5483 trans-

276 5494 378 5556 ire,
418 5487 529 5546 nisi
542 5487 840 5568 cujuslibet
873 5487 1044 5568 vitam
1070 5487 1389 5564 negligentis
1423 5498 1672 5551 monachi
1698 5499 1874 5568 inssz

278 5580 408 5639 cere,
435 5567 486 5618 et
504 5561 795 5639 ejusopera
820 5561 1191 5639 considerare?
1212 5561 1373 5639 quam
1391 5569 1582 5622 urtica:
1604 5568 1688 5623 vel
1704 5561 1872 5639 spinae

278 5636 503 5705 replent,
529 5635 663 5703 quia
692 5634 752 5686 in
780 5633 932 5687 corde
954 5633 1342 5705 negligentiam
1368 5633 1747 5694 monachorum
1774 5645 1871 5696 ter-

270 5704 403 5763 rena
442 5704 714 5779 desideria
753 5707 805 5779 et
834 5704 1145 5779 punctiones
1169 5708 1450 5779 pullulant
1484 5711 1740 5766 vitiorum
1780 5712 1871 5778 (In

270 5794 390 5856 cap.
430 5783 470 5836 ,4
506 5779 632 5846 Reg.
657 5774 1082 5856 _i)..B_enedict.).
1118 5774 1274 5856 item
1289 5779 1415 5856 alibi
1445 5780 1754 5856 Salomonis
1782 5774 1872 5839 iti-

270 5844 399 5925 deim
435 5844 1023 5925 sententiis__inba3rens
1058 5850 1595 5925 :_1)esidia,_inquit,
1636 5856 1869 5925 pigritia

284 5923 354 5977 "el
368 5922 603 5978 tarditas
618 5919 836 5976 dicitur.
863 5920 1010 5975 Unde
1024 5926 1074 5977 et
1089 5920 1148 5976 hi
1160 5923 1258 5992 qui
1276 5922 1351 5977 ad
1367 5919 1558 5980 bonum
1572 5919 1869 5997 apus'tardi

1997 2593 2257 2663 pigrique
2269 2591 2639 2653 inveniuntur,
2653 2589 2861 2645 desides
2878 2593 3155 2663 vocantur.
3177 2592 3285 2658 Quo
3298 2591 3426 2645 vitio
3445 2591 3595 2646 mala

2002 2665 2186 2717 omnia
2213 2664 2484 2716 nutriente
2507 2665 2857 2724 concrescunt,
2885 2665 2937 2716 et
2966 2662 3101 2715 bona
3123 2663 3322 2723 omnia,
3348 2678 3414 2717 ne
3435 2665 3600 2733 proﬁ-

2000 2735 2167 2797 ciant,
2186 2733 2327 2788 male
2335 2736 2585 2802 separata
2597 2734 2891 2801 quiescunt.
2906 2735 2982 2787 De
2991 2733 3084 2787 hoc
3102 2734 3242 2787 enim
3256 2735 3310 2787 vi
3315 2736 3387 2787 tio
3396 2749 3498 2803 per
3510 2735 3598 2791 Sa-

2002 2805 2257 2859 lomonem
2277 2805 2481 2858 dicitur
2504 2822 2521 2857 :
2545 2803 2770 2872 Pigredo
2792 2805 3037 2858 immittit
3056 2818 3293 2874 soporem
3323 2805 3593 2870 (Proverb.

1956 2910 1958 2913 τ
1999 2879 2149 2944 XIX).
2180 2875 2411 2944 Pigredo
2440 2876 2580 2928 enim
2608 2876 2839 2944 torpenti
2862 2877 3039 2928 animo
3066 2890 3301 2945 saporem
3326 2876 3595 2942 immittit,

1998 2949 2133 3015 quia
2156 2962 2314 3016 quem
2332 2947 2393 2999 in
2412 2945 2562 2999 bonis
2586 2945 2833 3014 operibus
2853 2945 3092 3016 tepidum
3117 2947 3443 3016 tardumque
3461 2949 3595 3007 inve:

1997 3019 2159 3080 nerit,
2187 3021 2249 3070 ut
2279 3019 2337 3070 in
2363 3016 2520 3071 malis
2544 3020 2760 3078 crescat,
2787 3021 2841 3071 et
2870 3017 3046 3071 oculos
3078 3017 3303 3079 claudit,
3329 3023 3379 3072 et
3403 3033 3596 3076 manus

1997 3087 2156 3160 ligat.
2179 3090 2281 3143 Per
2299 3086 2539 3143 eumdem
2557 3089 2752 3160 iterum
2768 3087 3098 3143 Salomonem
3117 3087 3318 3142 dicitur
3340 3107 3355 3143 :
3372 3092 3598 3160 Propter

1994 3158 2179 3227 frigus
2188 3160 2350 3228 piger
2368 3173 2526 3212 arare
2538 3158 2714 3212 noluit
2737 3157 2997 3227 (Proverb.
3019 3161 3147 3225 xx).
3172 3161 3395 3229 Propter
3412 3157 3594 3229 frigus

1995 3232 2193 3299 quippe
2203 3232 2362 3300 piger
2376 3244 2482 3283 non
2497 3232 2643 3292 arat,
2659 3231 2790 3298 quia
2801 3229 3020 3283 desidia
3036 3235 3244 3300 torpore
3256 3234 3590 3297 constrictus,

1994 3315 2157 3369 agere
2177 3316 2297 3370 qua
2327 3300 2477 3355 debet
2503 3302 2640 3354 bona
2663 3300 2985 3355 dissimulat.
3007 3302 3077 3355 Et
3099 3300 3228 3356 dum
3243 3318 3424 3371 parva
3447 3304 3595 3358 mala

1995 3374 2202 3435 metuit,
2225 3373 2444 3444 operari
2465 3371 2599 3426 bona
2885 3374 3275 3442 pratermittit.
3301 3377 3378 3430 De
3396 3389 3503 3444 quo
3513 3376 3583 3444 pi

2032 3458 2091 3497 ro
2110 3447 2246 3498 recte
2263 3443 2515 3498 subditur
2537 3461 2553 3496 :
2578 3442 2904 3497 Mendicabit
2926 3457 3048 3512 ergo
3069 3447 3274 3506 aestate,
3297 3448 3348 3497 et
3366 3442 3469 3498 non
3493 3442 3586 3500 da-

2042 3516 2142 3568 itur
2160 3516 2230 3577 ei,
2256 3516 2387 3583 quia
2412 3514 2508 3582 qui
2526 3514 2585 3566 in
2598 3515 2861 3584 praesenti
2878 3514 3068 3567 saeculo
3085 3516 3143 3567 in
3172 3515 3317 3568 bonis
3338 3515 3586 3584 operibus

1993 3599 2100 3639 non
2134 3585 2384 3647 desudat,
2423 3599 2542 3638 cum
2582 3588 2789 3654 tempus
2816 3586 3185 3641 retributionis
3221 3585 3517 3649 advenerit,
3546 3601 3583 3641 a

1994 3656 2246 3710 mercedis
2272 3670 2490 3709 munere
2515 3659 2685 3710 mente
2706 3671 2875 3709 vacua
2890 3655 3129 3726 jejunat.
3158 3659 3206 3713 E
3226 3658 3495 3713 contrario
3521 3657 3589 3714 de

1993 3728 2222 3800 formica
2244 3726 2384 3780 idem
2403 3726 2652 3781 Salomon
2666 3728 2750 3800 ait
2778 3728 3019 3800 Proverbia.
3045 3742 3080 3782 ιι
3091 3742 3173 3783 xx
3200 3747 3222 3800 τί
3236 3729 3487 3783 Formica
3498 3743 3589 3800 po-

1988 3798 2156 3867 pulus
2182 3799 2425 3867 inﬁrmus
2462 3801 2631 3867 parat
2659 3798 2717 3850 in
2744 3812 2910 3852 messe
2945 3799 3118 3853 cibum
3156 3799 3279 3853 sibi.
3319 3800 3463 3867 Quid
3487 3798 3587 3870 per

1993 3870 2295 3936 formicam,
2334 3870 2447 3940 nisi
2483 3870 2703 3923 strenua
2734 3870 2849 3922 vita
2881 3870 3261 3924 monachorum
3300 3873 3587 3940 signatur?

1993 3941 2140 4009 quia'
2149 3941 2266 3995 vita
2292 3938 2368 3993 ad
2393 3940 2846 4010 comparationem
2874 3945 3179 3995 amatorum
3202 3938 3367 4010 hujus
3384 3943 3587 4008 saculi,

1987 4026 2091 4082 per
2109 4011 2436 4066 humilitatis
2462 4012 2723 4079 gratiam,
2739 4011 2883 4065 velut
2896 4013 3155 4078 formicae,
3178 4014 3394 4067 minimi
3411 4013 3591 4069 viden-

1993 4085 2104 4136 tur.
2136 4084 2210 4137 Hi
2225 4084 2363 4137 enim
2382 4084 2439 4136 in
2452 4084 2716 4152 praesenti
2736 4084 2872 4145 vita,
2896 4084 3039 4137 velut
3057 4085 3115 4137 in
3138 4098 3318 4149 messe,
3342 4085 3591 4152 fructum

1994 4151 2247 4208 bonorum
2264 4151 2505 4226 operum,
2517 4153 2659 4226 uade
2667 4155 2726 4207 in
2744 4154 2935 4226 futuro
2952 4154 3246 4226 gaudeant,
3267 4170 3590 4226 congregare

1991 4239 2097 4278 non
2125 4222 2345 4297 cessarit.
2378 4225 2512 4297 Hac
2544 4222 2892 4297 Smaragdus,
2923 4222 3322 4281 monachorum
3349 4222 3583 4297 duo'ge-

1990 4308 2121 4367 nera
2156 4294 2370 4367 egregie
2392 4292 2837 4367 _describens'(1n
2871 4297 3083 4366 prolog.
3118 4297 3379 4366 Regulae).
3413 4292 3589 4354 Simi-

1992 4363 2248 4440 lia_habét
2275 4363 2349 4418 Ι).
2381 4363 2951 4440 Gregorius‘Pastoi'a.
2981 4363 3244 4440 partem,
3271 4363 3393 4440 cap.
3426 4373 3512 4440 ιβ.

2059 4438 2085 4468 ο
2119 4434 2185 4510 id
2213 4440 2297 4510 est
2333 4433 2746 4510 concupiscatis,
2783 4444 2847 4492 ut
2879 4436 2967 4510 hic
2983 4433 3287 4494 Cassianus
3326 4433 3381 4494 ἐι
3416 4437 3588 4510 pleri-

1989 4519 2095 4581 qu-e
2119 4504 2445 4581 Latinorum
2478 4504 2902 4581 interpretantur
2921 4507 3079 4579 juxta
3105 4504 3436 4581 pracepturri
3473 4512 3585 4581 De-

1989 4574 2160 4650 calogi
2188 4596 2201 4632 :
2231 4579 2346 4650 Non
2360 4574 2698 4650 concupisces
2721 4593 2836 4650 rem
2863 4574 3121 4650 proximi
3140 4582 3241 4644 tui,
3271 4574 3376 4637 étc.
3415 4579 3583 4638 Unde

1990 4646 2158 4721 etiam
2194 4647 2373 4721 colligi
2411 4646 2578 4720 possit
2613 4646 2932 4721 cassianum
2965 4665 3076 4707 non
3104 4651 3315 4720 Grace,
3348 4650 3445 4709 sed
3475 4651 3583 4709 La-

1989 4717 2116 4796 tin_e_
2135 4717 2603 4796 scripsisselnNam
2636 4720 2826 4796 Qraca
2854 4722 3023 4796 alium
3057 4737 3279 4796 sensum
3306 4717 3533 4796 exigunt
3558 4740 3575 4778 :

2028 4790 2200 4856 ηδένος
2233 4789 2405 4863 ipsum
2441 4789 2612 4863 ἔχητξ,
2642 4791 2696 4847 id
2726 4801 2826 4862 est,
2860 4792 3064 4848 nullius
3091 4789 3439 4863 indigentiam
3473 4792 3579 4851 ha-

1989 4807 2200 4917 msvog
2233 4807 2405 4862 χρείαν
2441 4807 2612 4862 εχητε,
2642 4807 2696 4847 ια
2726 4807 2826 4862 est,
2860 4807 3064 4848 nuluus
3091 4807 3439 4863 Indigentiam
3475 4807 3579 4851 na-

2089 4863 2180 4931 tis,
2213 4861 2360 4937 nulla
2401 4876 2461 4937 re
2497 4861 2796 4935 indigeatis,
2833 4879 3165 4937 quamquam
3200 4865 3352 4937 prior
3384 4878 3582 4923 sensus
3648 4923 3661 4935 ,

1984 4946 2049 4988 ex
2094 4933 2394 5007 posteriore
2432 4931 2545 4989 fere
2582 4931 2964 5007 consequatur.
3007 4931 3147 4992 Nam
3183 4931 3324 4995 sicut
3358 4951 3424 4993 ex
3461 4937 3580 4993 otio

1984 5012 2295 5077 paupertas,
2324 5005 2399 5080 ita
2423 5018 2504 5080 ex_
2527 5005 2837 5080 paupertate
2866 5021 2978 5062 non
3005 5007 3308 5063 voluntaria
3333 5007 3577 5080 plerum-

1983 5075 2542 5202 que'concupiscentia
2562 5075 2746 5132 rerum
2767 5077 3065 5134 alienarum
3096 5075 3356 5148 nascitur,
3381 5094 3578 5137 secun-

2023 5162 2117 5202 um
2134 5147 2263 5202 illud
2282 5148 2542 5202 Proverb.
2556 5162 2719 5202 χχιιι
2743 5169 2756 5202 :
2780 5150 3058 5202 Desideria
3076 5151 3322 5202 occidunt
3334 5153 3573 5202 uiarum-

2023 5162 2117 5222 um
2134 5147 2263 5222 illud
2282 5147 2542 5222 Proverb.
2556 5162 2719 5222 χχιιι
2743 5169 2756 5204 :
2780 5150 3058 5205 Desideria
3076 5151 3322 5206 occidunt
3329 5147 3573 5222 pigrum.

2054 5205 2083 5251 δ
2123 5218 2367 5291 Otiosos,
2402 5219 2594 5291 idﬂest,
2624 5219 2692 5275 ab
2733 5235 2894 5291 opere
2928 5222 3170 5277 manuali
3201 5205 3474 5291 vacantes,
3501 5205 3578 5280 ut

1983 5302 2059 5373 ea.
2088 5296 2208 5372 toto
2248 5289 2409 5373 hujus
2450 5289 2846 5373 libri'_tracta_t.u
2883 5293 3222 5373 intelligitur.
3271 5296 3393 5350 Non
3426 5289 3577 5353 enim

1983 5359 2144 5437 otiosi
2177 5359 2401 5437 omnino
2432 5369 2634 5437 essent,
2670 5362 2715 5437 s_i
2746 5363 2864 5419 aliis
2891 5359 3262 5437 spiritdalibus
3289 5374 3571 5437 vacarent;

1982 5437 2046 5484 ut
2082 5430 2171 5505 ille
2216 5431 2311 5505 qui
2357 5432 2425 5489 de
2463 5448 2523 5489 se
2565 5433 2781 5505 dicebat
2824 5452 2840 5489 :
2878 5430 3033 5491 Tunc
3072 5436 3301 5493 minime
3340 5437 3550 5493 otiosus

1980 5478 2788 5572 ᾇιὶείἶᾱο“ἲ›ἶίοξιῖε.”ῖιῖἐῐὲἶῆὲ
2815 5478 3574 5572 ἱηὸἀ“ὁ’ὖόὸ”ἔιὲῖὶὶῖι·.”ἓέἆὶἷί

1978 5586 2097 5658 rem
2127 5572 2274 5658 quod
2299 5574 2520 5658 attinet,
2550 5584 2671 5658 post
2704 5578 2949 5658 Anpostoli
2992 5572 3328 5650 exemplum,
3358 5580 3574 5658 aliaque

1979 5643 2271 5722 Scriptura
2291 5643 2626 5722 testimonia,
2651 5643 2847 5722 quibus
2865 5665 3004 5722 opus
3026 5643 3287 5706 manuum
3312 5643 3576 5709 adversus

1977 5715 2181 5796 accdia
2208 5715 2862 5796 vitium_commendatur,
2890 5715 3035 5796 nunc
3063 5721 3288 5778 demum
3317 5721 3581 5796 proponit

1979 5790 2192 5865 A_uctor
2212 5788 2523 5865 exemplum
2546 5788 3237 5865 veterum‘monachorum,
3263 5788 3573 5865 praesertim

1976 5858 2391 5932 Egyptiorum,
2424 5862 2519 5936 qui
2564 5861 3019 5936 tantadiligentia
3060 5873 3115 5921 et
3159 5858 3477 5929 assiduitate
3514 5864 3572 5921 in

1976 5943 2112 6001 Opus
2158 5945 2420 5988 manuum
2440 5932 2874 6005 incumbebant,
2900 5943 2961 5992 ut
2993 5935 3101 5994 hoc
3129 5935 3368 5994 exercitii
3400 5948 3571 6011 genus
