4012 6192
412 286 511 340 391

1748 268 2030 326 JOANNIS
2067 267 2374 325 CASSIANI
2404 286 2421 297 ί

3615 271 3727 327 392

409 410 609 464 altario
629 404 1004 478 participant?
1022 406 1109 460 Ita
1124 397 1851 478 Dominusordinavitllbid:
1873 396 2012 452 Vide
2041 397 2095 461 Α
2120 395 2332 478 tionem
2351 393 2534 477 operis
2567 392 2985 478 manualisesse
3004 391 3352 462 exstinctam,
3389 391 3494 478 nisi
3523 403 3720 466 quate-

410 482 469 537 S.
504 467 684 535 Thom.
715 467 920 547 2-2,.q.
965 480 1088 543 187,
1125 490 1183 547 ςιἶ
1225 479 1277 541 3,
1309 472 1400 547 ad_
1421 473 1501 547 _3).
1539 467 1788 547 Tertium
1829 468 2010 547 locum

411 550 655 633 assignat
710 537 892 633 aegris
933 537 1269 633 monachis),
1297 540 1536 633 ειεετίίέίιιει⁸
1573 546 1692 633 au‘tn
1740 537 2015 621 frequenti

410 591 1270 695 Ξέὲῆὶῶηἴῗείιὶᾎι-ςῗιίῐῷῖιῖξῶὶ
1288 591 1694 695 ,ξιῶῐιῖξίηῖιδ
1740 591 2015 681 ἱεὲιρἶίέίίίέ

408 682 530 748 libri
560 713 572 747 :
601 694 824 760 Propter
850 689 1219 757 inﬁrmitates,
1251 682 1865 760 ait,_corporale_s_,__qute
1900 695 2012 760 om-

408 766 538 836 nino
567 752 739 816 deesse
762 776 867 814 non
885 752 1268 836 possunt,_non
1291 752 2016 836 solum'perrnittit‘Aposto:

411 835 495 887 lus
533 837 842 886 sanctorum
884 824 1213 897 indigentias
1251 824 1496 895 suppleri
1530 840 1568 897 _a
1605 824 1883 897 ﬁdelibus,
1921 824 2016 879 sed

408 906 574 958 etiam
598 902 950 956 saluberrime
978 893 1250 970 hortatur.
1278 893 1485 970 Quarto
1515 893 1755 970 demum
1767 894 1886 950 loco
1918 908 2014 950 eos

409 981 677 1044 recenset,
710 972 803 1044 qui
832 971 890 1026 in
913 970 1113 1026 saeculo
1140 964 1341 1044 divites
1379 964 1631 1044 fuerunt,
1659 972 1712 1020 et
1742 964 1884 1044 bona
1913 980 2014 1021 sua

404 1036 754 1123 pauperibus:
779 1049 1103 1123 erogarunt,
1137 1036 1594 1123 velhmonasterin
1638 1036 2014 1123 contulerunt.

412 1107 676 1171 'Sic'enim
722 1112 790 1169 de
822 1107 937 1166 istis
962 1118 1146 1166 censet
1173 1130 1185 1164 :
1218 1109 1280 1165 Si
1303 1113 1353 1163 et
1381 1109 1492 1177 ipsi
1515 1107 1732 1176 aliquid
1762 1108 2012 1163 manibus

406 1191 720 1256 operantur,
750 1188 810 1237 ut
835 1184 1010 1256 pigris
1031 1198 1097 1237 ea:
1117 1182 1233 1256 vita
1259 1180 1558 1256 humiliore,
1581 1182 1632 1256 et
1650 1178 1718 1231 ab
1738 1178 1835 1232 hac
1858 1194 2010 1256 emer-

410 1250 662 1311 citatione
704 1250 1030 1309 venientibus
1078 1253 1338 1319 auferant
1374 1250 1794 1313 accusationem;
1843 1251 2011 1305 multo

406 1326 797 1381 misericordias
839 1328 1029 1394 agunt,
1063 1337 1376 1394 quamcum
1403 1322 1581 1394 omnia
1626 1335 1725 1374 sua
1748 1319 2012 1394 indigen-

409 1340 797 1381 mtsericordtus
839 1340 1029 1394 agunt,
1100 1340 1228 1376 uam
1257 1340 1376 1375 cum
1403 1340 1581 1375 οπιηια
1626 1340 1725 1374 sua
1764 1340 2012 1387 Utath-

409 1399 549 1452 tibus
569 1397 926 1451 dimiserunt:
952 1340 1096 1464 quod
1118 1393 1334 1464 quidem
1363 1394 1414 1446 si
1433 1392 1782 1464 nolunt,_quis
1809 1390 2014 1464 audeat

409 1472 630 1538 cogere?
653 1476 758 1523 etc.
808 1460 1085 1522 Hactenus
1125 1460 1197 1521 D.
1239 1462 1585 1535 Augustinus
1627 1460 1696 1517 de
1725 1461 2013 1518 monachis

408 1540 492 1595 sui
522 1538 810 1595 temporis.

479 1556 906 1664 [Attelggi’dltsiimc
950 1605 1018 1662 de
1045 1603 1416 1661 Benedictinis
1459 1602 1839 1659 sentiendum?
1877 1617 2013 1658 num

409 1687 468 1735 et
486 1679 559 1733 illi
576 1671 647 1734 ad
666 1695 805 1749 opus
822 1692 1086 1749 manuum
1105 1692 1171 1731 ex
1191 1675 1400 1746 Regula
1420 1688 1517 1729 sua
1540 1672 1765 1749 obligati
1782 1671 2010 1749 {Credo

409 1749 663 1820 equidem
686 1742 1099 1820 sanctissimum
1120 1742 1338 1820 Patrem
1369 1752 1621 1799 nostrum
1652 1742 2008 1820 Benedictum

406 1814 654 1875 véterum
699 1817 1095 1874 monachorum
1124 1816 1503 1872 aamulatorem
1544 1814 2013 1871 accuratissimum

407 1898 461 1946 et
482 1889 951 1947 studiosissimum
969 1903 1066 1943 eos
1082 1887 1250 1943 etiam
1266 1886 1369 1941 hac
1386 1886 1442 1940 in
1459 1901 1515 1941 re
1530 1885 1735 1940 imitari
1760 1885 2011 1955 voluisse,

406 1977 473 2017 ac
528 1960 760 2032 proinde
813 1959 947 2032 suis
976 1957 1270 2032 coenobitis
1319 1956 1572 2012 eamdem
1624 1956 1907 2032 labor-andi
1959 1967 2014 2014 et

407 2027 886 2103 operandi_legem
932 2029 1290 2103 imposuisse;
1335 2043 1453 2082 non
1496 2034 1682 2103 tamen
1725 2027 2009 2099 absolute,

406 2098 503 2158 sed
526 2101 707 2183 quoad
735 2098 1051 2183 nccessitas.
1071 2105 1386 2183 exposceret
1410 2105 1531 2183 tum
1562 2098 1748 2183 fictus
1789 2098 2011 2183 compa;

404 2168 600 2239 randi,
639 2180 759 2228 tum
795 2172 892 2227 otii
938 2168 1183 2242 fugiendi
1229 2188 1241 2222 :
1283 2168 1432 2242 quod
1462 2177 1518 2224 et
1562 2168 2010 2242 Turrecrematus

405 2243 717 2308 conﬁrmat,
744 2251 799 2298 et
822 2239 1023 2297 multis
1046 2239 1380 2311 argumentis
1402 2239 1611 2311 ostendi
1635 2248 1813 2310 potest
1835 2242 2006 2311 (Cap.

403 2318 475 2369 48
499 2313 765 2383 Regula).
810 2313 1059 2368 Primum
1099 2309 1436 2383 enim__horas
1464 2309 1709 2383 _diurnas
1732 2311 1807 2383 ab
1828 2309 2009 2383 ofﬁcio

403 2380 881 2456 divinoiresiduas
914 2384 1073 2456 jubet
1109 2383 1184 2438 ita
1224 2380 1508 2456 distribui,
1538 2390 1610 2456 ut
1643 2381 1764 2436 aliae
1795 2381 2009 2456 lectioni

404 2463 459 2511 et
502 2455 882 2524 meditationi,
914 2452 1058 2510 'alias
1088 2452 1238 2520 operi
1293 2456 1558 2507 manuum
1595 2452 2003 2524 impendantur.

405 2528 596 2592 Certis,
644 2527 847 2597 inquit,
898 2525 1222 2595 temporibus
1271 2525 1527 2597 occupari
1572 2523 1759 2597 debent
1805 2525 2008 2597 fratres

405 2599 465 2650 in
478 2599 659 2651 labore
672 2594 959 2662 manuum;
973 2594 1130 2650 certis
1150 2596 1312 2649 etiam
1332 2594 1478 2648 horis
1494 2596 1551 2647 in
1568 2595 1781 2649 lectione
1793 2594 2004 2650 divina.

400 2669 485 2736 Ac
533 2666 730 2723 deinde
775 2683 872 2736 pro
909 2666 1222 2721 diversitate
1264 2673 1579 2736 temporum
1631 2664 1873 2730 aestatis,
1923 2666 2005 2720 vel

398 2735 625 2807 hiemis,
648 2735 888 2793 diversas
907 2737 1070 2792 horas
1096 2736 1294 2807 quibus
1331 2735 1480 2807 operi
1515 2751 1785 2807 manuum
1814 2751 2006 2807 vacare

400 2806 602 2864 fratres
639 2808 901 2876 debeant,
933 2808 1007 2863 ita
1045 2806 1295 2862 acCurate
1330 2806 1760 2877 praescribit,put
1795 2806 2004 2862 nullam

400 2877 474 2934 de
495 2895 591 2934 sua
621 2875 922 2934 intentione
952 2886 1004 2934 et
1022 2878 1125 2933 hac
1162 2877 1274 2946 lege
1308 2875 1571 2947 operandi
1602 2875 2005 2933 dubitationem

400 2949 693 3019 relinquat.
717 2949 911 3004 Subdit
930 2948 1125 3003 deinde
1145 2965 1158 2999 :
1179 2950 1243 3019 Si
1255 2952 1435 3001 autem
1459 2948 1742 3019 necessitas
1759 2948 1875 3012 loci,
1903 2953 2002 3003 aut

394 3018 693 3088 paupertas
735 3021 985 3087 exegerit,
1028 3023 1089 3071 ut
1136 3018 1211 3070 ad
1246 3019 1434 3085 fruges
1471 3018 1787 3085 colligendas
1810 3033 1912 3087 per
1947 3035 2002 3074 se

400 3093 739 3158 occupentur,
764 3104 871 3142 non
886 3090 1265 3142 contristentur
1286 3105 1301 3140 :
1321 3089 1453 3155 quia
1479 3092 1603 3141 tunc
1619 3104 1738 3142 vere
1757 3091 2004 3144 monachi

398 3163 543 3219 sunt,
574 3161 624 3212 si
646 3160 824 3212 labore
842 3173 1101 3229 manuum
1120 3172 1345 3211 sua-rum
1364 3160 1569 3222 vivant,
1590 3160 1732 3213 sicut
1750 3164 1800 3213 et
1814 3164 1999 3229 patres

337 3273 346 3288 .
396 3231 571 3299 nostri
592 3233 643 3283 et
656 3230 899 3299 apostoli.
929 3228 1036 3284 Ubi
1068 3230 1518 3284 Turrecrematus
1550 3250 1561 3284 :
1594 3232 1783 3284 Patres
1804 3228 1994 3295 nostri,

399 3298 500 3368 ait,
528 3300 611 3354 hic
640 3298 994 3371 dicunturvel
1013 3300 1343 3370 patriarcha:
1381 3304 1430 3355 et
1453 3300 1752 3370 prophetae,
1789 3303 1874 3356 vel
1900 3304 1999 3371 qui

399 3372 458 3441 in
490 3373 779 3426 monastico
809 3370 996 3426 ordine
1018 3371 1393 3441 probatissimi
1422 3372 1668 3438 fuerunt,
1690 3374 1827 3427 sicut
1851 3370 1997 3428 Pau-

399 3440 482 3495 lus
520 3444 734 3510 primus
761 3444 999 3505 eremita,
1024 3440 1337 3504 ’Antonius,
1382 3443 1661 3505 Hilarius,
1697 3443 1993 3511 Sylvanus,

398 3518 529 3582 etc.,
557 3515 654 3580 qui
686 3528 864 3566 omnes
883 3514 1082 3567 victum
1102 3513 1210 3566 sibi
1224 3513 1401 3566 labore
1424 3529 1679 3566 manuum
1714 3516 1995 3582 conquire-

273 3582 299 3598 ⁴
398 3581 542 3636 bant.
572 3584 705 3638 Haec
725 3582 832 3637 ille.
861 3584 1074 3638 Rursus
1092 3598 1210 3652 cap.
1238 3588 1303 3636 57
1330 3583 1552 3654 Regula:
1568 3582 1721 3651 jubet
1745 3581 1992 3654 artifices,

398 3598 542 3636 oant.
573 3598 705 3638 Haec
725 3598 832 3637 me.
864 3598 1074 3638 hursus
1092 3598 1210 3652 cap.
1238 3598 1300 3636 az
1331 3598 1552 3707 ﬁcium:
1568 3598 1721 3651 jUDet
1745 3598 1992 3654 artifices,

396 3654 448 3708 si
482 3655 595 3708 sint
631 3656 689 3708 in
713 3655 1055 3716 monasterio,
1089 3669 1207 3707 cum
1236 3655 1384 3707 omni
1450 3654 1712 3708 umilitate
1746 3670 1996 3712 exercere

396 3739 525 3797 suas
547 3729 708 3788 artes,
734 3727 785 3780 si
802 3725 1027 3795 jusserit
1058 3725 1221 3797 abbas
1251 3742 1268 3777 :
1309 3738 1371 3778 ac
1413 3723 1827 3797 deindemonet
1850 3742 1993 3797 quo-

397 3795 568 3852 modo
596 3803 648 3851 et
682 3811 777 3877 pe;
806 3793 959 3877 quas
983 3811 1147 3877 opera
1323 3810 1418 3850 seu
1446 3793 1661 3877 opificia
1700 3793 1996 3877 monacho-

395 3881 523 3941 rum
556 3864 851 3941 ventindari
877 3864 1126 3941 debeant.
1162 3864 1386 3941 Quibus
1422 3864 1658 3941 accedit,
1678 3867 1835 3941 _quod
1868 3883 1989 3941 cap.

395 3944 467 3993 46
498 3938 748 4004 habetur,
779 3940 842 3996 Si
862 3941 983 4008 quis
1002 3939 1129 3993 dum
1148 3940 1209 3992 in
1243 3938 1418 3992 labore
1438 3938 1637 4008 aliquo,
1665 3939 1726 3991 in
1748 3938 1990 4009 coquina,

394 4011 453 4063 in
472 4011 707 4073 cellario,
726 4012 784 4064 in
816 4012 1134 4073 ministerio,
1163 4012 1219 4064 in
1234 4011 1487 4080 pistrino,
1512 4011 1569 4063 in
1599 4011 1768 4072 horto,
1794 4011 1853 4064 in
1878 4017 1995 4067 arte

388 4081 585 4152 aliqua
613 4083 744 4137 dum
780 4082 1021 4146 laborat,
1059 4082 1141 4137 cel
1172 4083 1228 4135 in
1268 4096 1593 4151 quocumque
1633 4082 1739 4136 loco
1776 4083 1994 4152 aliquid

394 4151 707 4225 deliquerit,
727 4159 823 4208 aut
845 4154 1100 4225 fregerit,
1114 4161 1216 4209 etc.
1241 4153 1512 4225 Caeterum
1532 4152 1810 4225 quodnon
1833 4151 1993 4209 abso-

393 4218 667 4295 lute—opus
686 4218 971 4295 'manuurn
989 4218 1303 4295 iniunxerit,
1343 4224 1521 4295 etiam
1548 4218 1837 4295 manifeste
1858 4239 1990 4295 pro-

395 4286 584 4355 batur,
626 4286 1065 4363 quandoquidem
1094 4310 1207 4348 non
1249 4286 1382 4348 alias
1432 4293 1595 4363 hujus
1637 4286 1995 4350 institutionis

394 4372 586 4413 causas
626 4362 957 4439 praetendat,
1014 4362 1378 4439 quamrndpas
1445 4362 1597 4439 illas
1625 4363 1988 4439 supradictas,

392 4441 590 4501 nempe
626 4430 1008 4501 necessitatem
1046 4438 1101 4483 et
1138 4430 1232 4484 otii
1267 4430 1476 4501 fugam.
1508 4430 1755 4488 Priorem
1786 4434 1991 4490 indicat

396 4493 504 4573 illis
527 4493 719 4573 'verb_is
750 4518 762 4552 :
792 4500 859 4573 Si
883 4501 1175 4573 necessitas
1198 4501 1299 4554 loci
1316 4493 1453 4573 ,Ta‘ut
1469 4508 1769 4573 paupertas
1798 4520 1988 4573 exege-

393 4568 490 4644 rit,
515 4575 619 4624 etc.
655 4568 1018 4644 Posteriorem
1059 4569 1215 4644 initio
1237 4569 1451 4644 capitis,
1469 4568 1705 4626 ilbi—hac
1735 4568 1991 4644 proposi-

391 4639 540 4696 tione
568 4639 882 4703 praamissa:
911 4642 1165 4698 Otiositas
1194 4639 1413 4696 inimica
1433 4647 1510 4697 est
1528 4639 1750 4698 anima."
1779 4639 1983 4703 ln'fert:

390 4714 463 4769 Et
514 4713 631 4769 ideo
664 4715 822 4769 certis
878 4713 1199 4785 temporibus
1250 4716 1501 4785 occupari
1547 4714 1735 4770 debent
1782 4717 1987 4783 fratres

390 4786 451 4840 in
488 4786 668 4859 labore
702 4783 996 4859 manuum.”
1015 4784 1193 4859 Atqui.
1209 4783 1466 4859 sublatis,
1491 4793 1613 4859 _aut
1650 4788 1991 4859 cessantibus

389 4858 570 4912 causis
614 4872 824 4914 cessare
882 4857 1067 4914 debuit
1105 4853 1358 4914 'effcctus.
1416 4853 1633 4913 Sublata
1689 4858 1838 4915 enim
1910 4869 1993 4917 est

388 4928 689 4999 necessitas
715 4936 769 4982 et
787 4929 1007 4998 penuria
1027 4944 1121 4999 per
1139 4927 1505 4986 sufﬁcientem
1529 4931 1989 4988 monasteriorum

388 4996 759 5070 provisionem
788 4996 852 5053 ‘et
884 4996 1360 5070 locupletationem
1398 5020 1411 5055 :
1456 5000 1554 5057 otii
1582 5016 1707 5058 vero
1751 5010 1806 5058 et
1833 5001 1987 5060 desi-

392 5066 510 5152 dia}.
541 5067 785 5152 occasiq,
816 5084 933 5152 per
991 5066 1400 5152 monachorum
1442 5074 1853 5152 promotipnem
1914 5075 1987 5152 ad

392 5139 612 5216 prdines
638 5137 1055 5216 ecclesiasticos,
1082 5140 1327 5216 officium
1348 5137 1594 5216 divinum
1611 5145 1825 5216 publice
1851 5145 1987 5202 cele-

390 5207 661 5287 brandum
680 5251 696 5277 ,
726 5208 1014 5287 theologia;
1049 5210 1295 5287 studium
1348 5212 1589 5287 aliasque
1611 5207 1903 5287 'graviores
1931 5225 1986 5272 et

387 5279 688 5351 sanctiores
725 5279 1125 5351 occupationes.
1155 5283 1316 5339 Unde
1335 5299 1436 5338 nec
1473 5279 1529 5339 in
1563 5279 1806 5340 Decretis
1834 5287 1985 5342 Pon-

386 5349 632 5427 tiﬁcum,
672 5349 1000 5427 praese_f_tim_
1024 5354 1332 5427 Innocentii
1379 5356 1459 5409 III
1493 5362 1548 5410 et
1585 5355 1882 5427 Clementis
1911 5360 1981 5427 V,

385 5436 508 5499 quae
535 5421 603 5479 de
627 5421 916 5480 monachis
948 5423 1134 5499 nigris,
1175 5423 1280 5499 hoc
1317 5425 1817 5499 est,__Benedictinis
1845 5421 1982 5499 prae;

385 5492 584 5566 cipue,
624 5508 924 5566 eorumque
966 5492 1362 5552 réformationc
1401 5495 1721 5566 disponunt,
1778 5492 1878 5553 nec
1925 5499 1980 5555 in

383 5564 774 5639 constitutione
795 5566 1067 5639 Benedicti
1088 5568 1219 5635 XII,
1241 5582 1364 5639 quae
1398 5564 1579 5622 omnia
1600 5565 1711 5624 fere
1731 5567 1801 5625 ad
1835 5568 1979 5628 hunc

381 5635 631 5709 ordinem
653 5636 949 5709 spectantia
969 5637 1183 5693 decreta
1210 5635 1427 5709 collegit
1448 5652 1513 5693 ac
1544 5640 1841 5707 renovavit,
1868 5641 1976 5699 ulla

380 5705 449 5764 de
493 5705 971 5792 operq'manuum
1019 5725 1051 5765 a
1097 5705 1386 5792 monachis
1413 5710 1712 5792 exercendo
1748 5705 1976 5792 habetur

380 5778 610 5838 mentio.
639 5780 803 5855 Quod
833 5780 1050 5854 signum
1081 5788 1162 5840 est
1187 5778 1554 5853 manifestum,
1583 5779 1725 5840 hanc
1763 5783 1973 5857 obliga-

2120 481 2226 547 nus
2252 465 2332 547 vel
2355 463 2495 547 juris
2514 473 2600 547 est
2628 464 2927 547 naturalis,
2949 463 3017 520 de
3044 479 3155 547 quo
3195 479 3382 547 supra,
3410 467 3492 520 vel
3516 463 3556 520 εἰ
3574 481 3722 547 prae-

2121 536 2242 592 latis
2279 535 2427 609 juqs'te
2477 545 2531 593 et
2577 535 3233 609 salubriterimponitur.
3281 535 3452 605 Cujus
3494 535 3722 607 quidem

2121 606 2401 663 sententiae
2430 622 2497 663 ne
2520 607 2643 679 quis
2683 623 2773 663 me
2820 606 3361 679 primumauctorem
3382 613 3459 679 et
3484 615 3726 679 asserto-

2120 693 2240 733 rem
2255 685 2451 757 putet,
2483 675 2800 757 opportune
2821 675 3114 757 “seobtulit
3152 678 3348 733 Petrus
3376 675 3724 757 ille_§lunia—

2121 747 2300 805 censis
2328 747 2536 817 abbas,’
2555 747 2831 817 religionis
2855 754 2909 804 et
2943 747 3204 804 doctrinae
3250 747 3450 802 merito
3480 751 3724 808 Venera-

2124 818 2245 875 bilis
2285 819 2489 886 dictus,
2530 820 2622 891 qui
2666 818 3180 891 hocargumentum
3218 818 3432 891 egregie
3460 828 3514 874 et
3551 822 3725 879 solide

2120 891 2387 972 tractavit.
2411 889 2562 972 Nam:
2577 891 2640 972 in_
2655 889 2891 972 quadam
2914 889 3141 972 epistola
3167 889 3313 971 (_Lib.
3334 889 3408 945 tu
3436 893 3590 972 epist.
3614 894 3718 964 28)

2121 961 2460 1032 respondens
2498 960 2565 1017 ad
2593 960 2923 1032 objectiones
2952 960 3413 1017 ’Cisterciensium
3460 960 3726 1022 adversus

2121 1033 2522 1099 Cluniacenses,
2552 1032 2692 1087 hanc
2712 1047 2941 1087 numero
2964 1040 3208 1088 octavam
3236 1032 3409 1101 ponit,
3435 1040 3489 1087 et
3515 1032 3671 1090 diluit
3703 1055 3720 1091 :

2122 1105 2266 1174 Opus
2293 1120 2571 1167 manuum,
2606 1120 2710 1174 quo
2736 1105 2911 1159 sancti
2935 1108 3118 1174 patres
3155 1104 3386 1175 eremita:
3425 1108 3475 1157 et
3500 1108 3724 1175 antiqui

2119 1178 2367 1230 monachi
2388 1190 2592 1245 semper
2608 1177 2696 1229 usi
2721 1178 2863 1237 sunt,
2890 1190 2994 1245 quo
3013 1176 3127 1243 ipsi
3146 1174 3378 1243 apostoli
3394 1176 3590 1229 victum
3611 1174 3728 1233 sibi

2122 1250 2172 1301 et
2200 1248 2327 1301 aliis
2343 1247 2765 1302 ministrabant:
2783 1247 2849 1300 de
2862 1262 2964 1315 quo
2984 1249 3123 1301 Deus
3140 1250 3349 1300 reatum
3363 1247 3537 1315 primi
3548 1248 3730 1303 homi-

2119 1318 2207 1371 nis
2231 1319 2331 1372 hac
2367 1334 2575 1389 quoque
2592 1333 2751 1388 paena
2779 1318 3013 1389 plecte-ns
3047 1319 3128 1389 ait
3165 1334 3177 1370 :
3216 1320 3277 1371 In
3309 1316 3502 1371 sudore
3537 1320 3725 1375 cultus

2122 1391 2208 1441 tui
2232 1387 2449 1444 vesceris
2481 1387 2630 1459 pane
2658 1393 2748 1443 tuo
2776 1387 2976 1459 (Genes.
3007 1387 3125 1458 tn).
3176 1390 3244 1443 De
3271 1404 3373 1457 quo
3401 1392 3453 1442 et
3492 1390 3669 1445 David
3700 1410 3721 1446 :

2119 1460 2349 1514 Labores
2376 1476 2631 1514 manuum
2654 1463 2869 1514 tuarum
2892 1460 3019 1529 quia
3036 1459 3411 1521 manducabis,
3439 1459 3622 1515 beatus
3642 1476 3721 1524 es,

2121 1534 2172 1585 et
2201 1530 2323 1585 bene
2367 1531 2467 1585 tibi
2501 1534 2604 1585 erit
2645 1531 2876 1595 (Psalm.
2917 1534 3175 1595 cxxvu).
3206 1532 3290 1584 Ita
3326 1530 3622 1599 abjecistis,
3657 1538 3728 1587 ut

2119 1616 2215 1657 nec
2238 1614 2410 1656 omnes
2435 1604 2554 1657 ista:
2582 1604 2931 1656 auctoritates
2960 1600 3037 1673 ad
3064 1601 3396 1670 operandam
3424 1617 3511 1654 vos
3536 1617 3727 1673 cogere

2113 1674 2343 1741 possint,
2371 1688 2463 1727 nec
2490 1672 2792 1726 obedientia
2820 1687 2985 1742 quam
2998 1672 3168 1740 jumta
3191 1673 3454 1740 Regulam
3492 1676 3596 1727 Deo
3628 1690 3726 1730 ros

2042 1777 2089 1840 Β
2121 1743 2731 1840 εωὴίὁθτἐί“ρνὶοηῑίεἰειεζξ,
2764 1743 3373 1840 deligatasno‘tiqnmanus
3492 1745 3725 1840 sinurad

2123 1829 2254 1885 opus
2283 1816 2566 1885 extrahere
2614 1814 2812 1868 valeat.
2855 1813 3001 1868 Huic
3028 1813 3329 1885 objectioni
3369 1813 3467 1869 etsi
3506 1815 3723 1885 prolixe

2121 1884 2255 1957 satis
2290 1883 2599 1957 respondet,
2621 1893 2813 1957 tamen
2843 1883 3254 1957 responsiOuem
3286 1884 3404 1957 ejus
3446 1883 3723 1957 integram

2119 1953 2246 2011 huic
2294 1953 2415 2011 loco
2462 1954 2783 2011 elucidando
2823 1953 3051 2011 omnino
3102 1953 3461 2011 necessariam
3520 1953 3724 2011 eiisti-

2120 2025 2288 2081 mavi.
2329 2031 2405 2082 De
2439 2042 2594 2097 opere
2620 2042 2909 2089 manuum,
2942 2025 3134 2096 inquit,
3179 2027 3323 2096 quod
3355 2028 3723 2096 superioribus

2119 2097 2370 2167 capitulis
2390 2098 2745 2167 adjuturistis,
2771 2098 3255 2167 sufﬁcientissimas
3272 2098 3524 2152 habemus
3549 2102 3721 2153 ratio-

2119 2184 2232 2231 nes,
2264 2185 2383 2238 qute
2426 2173 2477 2223 et
2509 2174 2690 2223 vestra
2719 2168 2919 2238 objecta
2953 2184 3178 2239 prorsus
3211 2170 3459 2222 invalida
3500 2170 3722 2225 demon-

2119 2243 2372 2303 strantes,
2401 2256 2463 2295 ea
2489 2241 2640 2309 longe
2659 2240 2993 2309 propellant;
3022 2244 3075 2292 et
3097 2255 3218 2309 qua?
3243 2241 3395 2309 apud
3416 2256 3511 2294 nos
3529 2256 3725 2309 gerun-

2121 2314 2232 2374 tur,
2264 2312 2559 2382 approbent
2595 2316 2646 2365 et
2662 2314 3060 2364 manuteneant.
3087 2314 3157 2366 Et
3184 2316 3244 2365 ut
3262 2311 3355 2365 hoc
3382 2315 3726 2381 apertissime

2111 2386 2319 2451 pateat,
2350 2382 2627 2436 videamus
2649 2397 2755 2436 non
2784 2385 2993 2436 tantum
3020 2382 3155 2451 quid
3178 2383 3241 2436 de
3262 2398 3411 2450 opere
3451 2398 3724 2437 manuum

2116 2452 2320 2520 Regula
2357 2454 2674 2523 praecipiat;
2701 2453 2795 2507 sed
2828 2454 2992 2506 etiam
3028 2467 3193 2522 quare
3219 2453 3357 2505 illud
3388 2454 3721 2522 praecipiat.

2117 2523 2392 2586 Otiositas,
2424 2523 2519 2590 ait,
2552 2525 2774 2577 inimica
2808 2527 2887 2578 est
2908 2524 3125 2577 animae.
3156 2527 3225 2579 Et
3249 2524 3362 2577 ideo
3386 2525 3537 2577 certis
3567 2528 3725 2578 tem-

2108 2593 2333 2662 poribus
2378 2595 2628 2664 occupari
2657 2594 2849 2648 debent
2874 2596 3081 2661 fratres
3117 2596 3174 2648 in
3214 2595 3386 2647 labore
3420 2610 3683 2649 manuum
3701 2616 3725 2663 ;

2115 2666 2271 2718 certis
2306 2665 2433 2718 item
2463 2665 2625 2728 horis,
2673 2667 2730 2718 in
2758 2665 2975 2719 lectione
3021 2666 3229 2720 divina.
3272 2667 3399 2719 Ecce
3444 2665 3681 2721 audistis
3700 2707 3723 2734 ,

2114 2736 2245 2814 quia
2264 2738 2478 2814 operari
2486 2736 2641 2814 jubet
2657 2754 2673 2790 :
2690 2736 3120 2814 animadpertite,
3136 2742 3197 2791 ut
3212 2735 3469 2814 dicimus,
3494 2737 3557 2814 ob
3576 2740 3727 2814 quid

2102 2806 2313 2874 jubeat.
2346 2808 2677 2862 Otiositatem
2704 2822 2812 2862 esse
2837 2808 3111 2861 inimicam
3139 2810 3337 2861 animos
3354 2807 3636 2876 pradicat,
3663 2813 3724 2864 et

2110 2878 2230 2930 ideo
2250 2892 2316 2949 ne
2334 2879 2552 2940 animae,
2577 2879 2664 2932 cui
2681 2879 2904 2932 inimica
2927 2880 3280 2946 cognoscitur,
3298 2894 3480 2932 nocere
3503 2879 3719 2949 caleat;

2113 2951 2226 3000 tam
2254 2948 2489 3011 lectione,
2519 2965 2685 3018 quam
2706 2964 2964 3003 manuum
2986 2949 3162 3004 labore
3181 2949 3465 3003 excludere
3479 2951 3716 3018 satagit.

2106 3019 2278 3072 Dicite
2302 3033 2428 3087 ergo
2468 3038 2484 3073 :
2511 3022 2561 3074 si
2587 3021 2712 3074 aliis
2741 3020 2994 3074 bonorum
3014 3035 3235 3090 operum
3266 3022 3533 3075 exercitiis
3569 3019 3723 3077 idem

2101 3092 2276 3158 potest
2295 3092 2434 3158 ﬁeri,
2455 3106 2562 3145 non
2580 3091 2799 3145 videtur
2816 3092 2961 3145 vobis
2984 3092 3107 3145 bene
3123 3092 3332 3160 Regula
3354 3093 3598 3145 servari?
3620 3093 3719 3157 Si,

2033 3145 2077 3209 C
2101 3145 2366 3230 inquam,
2412 3145 2536 3216 aliis
2581 3162 2726 3216 bonis
2753 3162 3002 3232 operibus
3026 3145 3376 3232 (namivmulta
3416 3163 3523 3215 alia
3567 3145 3719 3219 bend

2108 3246 2268 3300 opera
2281 3235 2482 3301 prater
2500 3248 2632 3303 opus
2652 3249 2817 3287 manu
2824 3248 2911 3287 um
2926 3237 3153 3303 possunt
3180 3235 3430 3302 inveniri)
3456 3248 3720 3303 occupare

2106 3317 2316 3371 semper
2332 3307 2511 3366 totum
2537 3304 2650 3358 diei
2669 3306 2908 3373 spatium
2946 3305 3198 3358 monachi
3212 3309 3461 3373 possunt,
3486 3320 3603 3358 cum
3629 3306 3719 3360 ad

2107 3372 2201 3445 hoc
2222 3378 2433 3439 tantum
2454 3390 2521 3428 ne
2544 3372 2705 3429 otiosi
2721 3377 2829 3430 sint
2855 3376 3070 3445 operari
3082 3372 3508 3445 prméipiantur:
3538 3391 3719 3431 nonne

2106 3444 2205 3497 illa
2236 3450 2454 3512 agentes
2495 3461 2531 3498 a
2555 3444 2999 3515 praevaricatione
3044 3444 3264 3514 Regula:
3287 3448 3499 3501 omnino
3541 3447 3722 3509 alieni

2098 3518 2466 3583 permanent?
2486 3518 2572 3569 Ita
2595 3518 2792 3585 plane:
2814 3518 3008 3579 velint,
3030 3518 3203 3571 nolint
3226 3516 3549 3571 adversarii.
3569 3518 3720 3584 Quo-

2105 3599 2327 3653 cumque
2357 3587 2486 3641 bono
2519 3589 2792 3651 exercitu),
2827 3590 3099 3642 otiositate
3134 3590 3353 3656 fugata,
3385 3589 3589 3656 Regula
3612 3604 3718 3643 cu-

2103 3656 2359 3728 stoditur,
2375 3672 2523 3710 nemo
2535 3658 2645 3711 haec
2659 3661 2930 3726 agentium
2941 3659 3090 3728 juste
3100 3663 3462 3728 transgressor
3478 3660 3651 3712 dieitu
3659 3677 3715 3725 r,

2104 3727 2379 3781 calumnia
2423 3728 2583 3783 illata
2630 3728 2783 3797 longe
2822 3727 3088 3798 rejicitur.
3136 3727 3267 3786 Nisi
3309 3734 3483 3783 autem
3528 3737 3722 3786 essent

2103 3812 2286 3867 opera,
2309 3804 2505 3871 praeter
2523 3801 2942 3867 rusticationem,
2968 3804 3073 3857 Deo
3097 3801 3463 3871 aceeptabilia,
3494 3815 3720 3870 nequa-

2104 3884 2270 3938 quam
2294 3870 2504 3942 Juda’is
2524 3871 2721 3925 diceret
2749 3874 3007 3927 Dominus
3036 3891 3052 3927 :
3078 3870 3390 3942 Operamini
3401 3886 3505 3925 non.
3524 3872 3719 3929 cibum

2103 3942 2202 4013 qui
2220 3943 2397 4010 perit,
2419 3941 2512 3997 sed
2540 3943 2639 4011 qui
2664 3947 2947 4013 permanet
2978 3944 3037 3997 in
3060 3941 3226 3998 vitam
3256 3946 3712 4007 mtemamann.

2108 4011 2211 4080 v1).
2243 4013 2308 4068 Si
2332 4029 2461 4067 sane
2498 4011 2798 4082 corporalia
2838 4029 2997 4083 opera
3035 4015 3412 4084 spiritualibus
3432 4015 3716 4071 exercitiis

2096 4085 2513 4155 praferrentur,
2543 4100 2888 4155 nequaquam
2914 4086 3094 4140 Maria
3114 4085 3190 4139 ad
3214 4086 3376 4155 pedes
3394 4087 3611 4141 Domini
3628 4101 3718 4141 se-

2102 4152 2249 4220 dere,
2274 4160 2325 4209 et
2342 4156 2503 4208 verba
2531 4152 2645 4223 ejus
2675 4152 3036 4211 indesinenter
3054 4152 3268 4220 audire,
3296 4172 3331 4210 a
3349 4158 3552 4210 caeteris
3576 4171 3713 4225 ope-

2102 4225 2253 4297 ribus
2268 4227 2457 4284 otiosa,
2475 4226 2711 4293 elegisset
2726 4245 2741 4293 ;
2761 4242 3108 4297 nequaquam
3123 4242 3351 4282 sororem
3364 4242 3515 4282 suam
3530 4228 3714 4283 solam

2099 4296 2412 4348 ministrare
2422 4298 2753 4364 permisisset
2770 4317 2785 4361 ;
2802 4313 3143 4367 nequaquam
3156 4300 3414 4354 Dominus
3431 4313 3549 4352 eam
3566 4304 3717 4367 opti-

2098 4379 2243 4439 mam
2259 4370 2473 4439 partem
2482 4367 2597 4439 eleg
2608 4368 2708 4422 isse
2727 4370 2976 4423 dixisset.
2996 4371 3141 4438 Ergo
3155 4372 3206 4424 si
3213 4369 3439 4432 orando,
3459 4370 3709 4439 legendo,

2091 4436 2388 4510 psallendo,
2410 4436 2655 4510 injuncta
2684 4440 2929 4509 religiose
2954 4436 3244 4510 implendo,
3265 4442 3349 4496 vel
3369 4442 3484 4494 alia
3504 4436 3712 4510 quaelié

2018 4538 2068 4600 Ι)
2098 4506 2669 4600 Δὸρθιιξ
2680 4506 2894 4600 agendo
2908 4506 3121 4567 animus
3141 4516 3451 4600 occupatur,
3468 4506 3707 4600 Regulq,

2097 4581 2159 4630 ut
2178 4577 2437 4653 diximus,
2463 4582 2698 4650 perfecte
2716 4577 2963 4636 servatur
2988 4600 3003 4636 :
3026 4577 3281 4652 quoniam
3300 4584 3410 4637 hac
3432 4577 3713 4653 operando

2095 4651 2382 4724 monachus
2410 4667 2515 4724 non
2544 4654 2761 4716 otiosus,
2787 4653 2878 4707 sed
2908 4651 3048 4707 bene
3059 4656 3362 4722 negotiosus
3380 4651 3711 4724 comproba-

2097 4722 2205 4795 tur.
2226 4723 2295 4776 Et
2314 4725 2376 4775 ut
2399 4723 2624 4795 aliquod
2646 4739 3005 4795 supponamus
3021 4726 3341 4795 exemplum,
3369 4722 3709 4795 discipulum

2098 4792 2267 4860 ipsius
2278 4795 2339 4848 B.
2355 4788 2692 4866 Benedictis.
2703 4788 2962 4850 Maurum
2977 4796 3051 4849 ad
3070 4788 3708 4866 has-Galliarumpartes

2090 4864 2593 4937 proconstruendis
2612 4866 2897 4920 secundum
2925 4868 3094 4937 ipsius
3128 4867 3427 4922 doctrinam
3451 4864 3710 4925 clinobiis

2098 4933 2168 4987 ab
2192 4936 2305 5004 ipso
2324 4936 2602 4999 directum,
2626 4937 2849 5005 legimus
2880 4933 3019 4993 hunc
3046 4954 3245 4994 morem
3265 4940 3325 4993 in
3350 4941 3704 5005 monasterio,

2097 5006 2240 5073 quod
2248 5008 2307 5059 in
2321 5007 2672 5076 Andegavens
2680 5010 2699 5060 ί
2706 5010 3012 5079 episcopatu
3021 5015 3416 5073 construxerat,
3429 5011 3706 5079 tenuisse;

2095 5080 2157 5129 ut
2175 5079 2307 5153 quia
2330 5079 2402 5131 eis
2421 5080 2537 5132 sine
2558 5081 2778 5153 proprio
2807 5079 2984 5136 labore
3014 5086 3205 5135 cuncta
3230 5083 3529 5137 necessaria
3560 5096 3712 5153 sup-

2095 5093 2307 5201 uthuia
2330 5093 2402 5131 eis
2421 5093 2537 5132 sine
2558 5094 2778 5149 proprio
2807 5093 2984 5136 labore
3014 5093 3205 5135 cuncta
3230 5096 3529 5137 necessario
3560 5096 3712 5153 sup-

2088 5161 2160 5224 pe
2205 5148 2449 5224 itabant;
2479 5151 2671 5224 omisso
2706 5166 2966 5205 manuum
3006 5167 3162 5222 opere
3196 5153 3597 5224 spiritualibus,
3641 5157 3716 5208 ut

2094 5217 2356 5293 diximus,
2374 5222 2641 5275 exercitiis
2660 5224 2958 5290 exercitati,
2974 5217 3133 5277 otiosi
3151 5217 3257 5278 non
3277 5229 3482 5291 essent;
3517 5226 3715 5293 sicque

2092 5289 2203 5343 sibi
2225 5305 2397 5364 nuper
2423 5306 2457 5345 a
2484 5292 2674 5348 Sancto
2714 5293 2979 5347 traditam
3005 5296 3265 5364 Regulam
3295 5289 3515 5362 (bonas

2092 5306 2199 5343 StOt
2225 5306 2397 5414 unger
2423 5306 2457 5345 a
2484 5306 2674 5348 Sancto
2714 5306 2979 5347 traditam
3005 5306 3265 5364 Regulam
3295 5306 3455 5362 (bona
3489 5310 3717 5366 semper

2091 5374 2291 5435 operari
2333 5368 2389 5426 ο)
2430 5364 2624 5431 optime
2669 5370 3059 5420 conservarent.
3107 5367 3259 5435 Quod
3310 5370 3361 5422 si
3404 5382 3459 5422 se
3508 5367 3717 5423 beatus

2089 5431 2313 5507 inaurus
2358 5438 2543 5487 contra
2575 5437 2931 5504 professionis
2959 5452 3072 5491 sua!
3118 5431 3299 5493 uotum
3345 5453 3501 5507 agere
3537 5438 3721 5492 intel—

2090 5500 2347 5578 Ieai‘sset,
2378 5518 2496 5578 cum
2552 5500 2610 5560 in
2673 5500 2944 5561 intellectu
2971 5508 3192 5578 hujusce
3236 5511 3320 5563 rei
3347 5500 3496 5562 nullo
3534 5508 3718 5566 modo

2087 5570 2219 5649 falli
2252 5576 2547 5649 potuisset,
2596 5592 2935 5648 nequaquam
2985 5570 3060 5634 sic
3106 5593 3225 5634 suos
3265 5582 3442 5634 vivere
3482 5581 3716 5649 permi-

2084 5644 2276 5720 sisset;
2306 5646 2403 5715 qui
2439 5644 2801 5703 etiamsiivoti
2828 5652 3219 5720 praevaricator
3253 5665 3360 5706 esse
3400 5644 3507 5704 non
3536 5649 3719 5704 vide—

2086 5719 2257 5781 retur,
2292 5722 2344 5772 et
2369 5721 2588 5787 operari
2616 5719 2869 5775 manibus
2898 5722 2981 5776 vel
3022 5722 3342 5777 resolutione
3380 5721 3579 5785 nollet,
3611 5722 3720 5777 uel

2084 5787 2241 5853 fastu
2260 5788 2671 5861 dedignaretur;
2694 5807 2783 5848 nec
2801 5794 2939 5849 Deus
2952 5808 3052 5865 pro
3064 5795 3181 5865 ipso
3197 5798 3309 5850 tam
3329 5795 3470 5849 mira
3484 5796 3538 5849 et
3552 5791 3718 5848 mul-
