4012 6192
344 157 439 215 {Ol

887 161 976 218 DE
1014 163 1493 222 GCENOBIORUM
1531 165 1772 222 INSTIT.
1818 166 1947 222 LIB.
1989 169 2076 224 XI.
2116 195 2190 210 --
2229 137 2316 224 ὑΕ
2352 169 2627 227 SPIRITU
2667 170 3100 230 CENODOXLE.

3540 180 3646 236 402

341 283 474 380 nali,
499 284 595 344 sed
617 285 782 343 etiam
815 287 869 343 in
895 287 1147 361 spiritali,
1173 290 1509 348 monachum
1537 291 1736 364 pulsat,
1766 291 1940 350 subti-
1968 299 2022 364 Α
2049 299 2231 352 tutum
2270 295 2449 370 specie
2489 296 2754 356 victorem
2798 298 3091 358 confodere
3132 307 3187 357 et
3223 300 3473 376 jugulare
3517 319 3646 380 per-

342 378 477 436 liore
517 395 576 438 se
616 381 858 454 nequitia
899 383 1152 456 ingerens
1203 385 1399 453 menti;
1450 385 1528 442 ita
1573 395 1636 442 ut
1685 387 1781 460 qui
1826 403 1938 444 non

342 474 614 545 potuerint
648 475 958 533 carnalibus
991 478 1137 534 vitiis
1161 477 1360 551 decipi,
1385 481 1412 512 ⁸
1450 478 1786 552 spiritalibus
1812 497 1938 538 suc-

340 565 578 623 cessibus
603 569 785 624 acrius
804 569 1114 628 sancientur
1141 591 1153 627 :
1181 580 1448 646 tantoque
1481 580 1565 630 est
1587 575 1939 647 perniciosior

341 660 409 718 ad
436 662 777 732 conﬂictum,
807 673 1008 737 quanto
1044 666 1328 724 obscurior
1355 666 1426 724 ad
1453 668 1780 726 cavendum.
1809 670 1942 726 Om-

337 754 492 812 nium
521 771 762 829 namque
785 757 1040 816 vitiorum
1070 759 1425 817 manifestior
1447 762 1796 834 apertiorque
1820 778 1941 818 con-

337 865 558 922 gressus
588 859 692 920 est,
734 853 868 909 etin
901 869 1233 927 unoquoque
1280 871 1472 912 eorum
1511 855 1940 913 contradictione

338 944 514 1018 rigida
546 945 864 1004 confutatus
907 947 1176 1018 incentor,
1219 950 1506 1006 invalidior
1531 949 1709 1007 factus
1744 951 1939 1006 absce-

337 1038 448 1107 det,
479 1039 851 1114 victoremque
877 1057 1040 1100 suum
1059 1043 1296 1116 dejectus
1321 1043 1659 1100 adversarius
1687 1043 1938 1116 deinceps

338 1132 610 1191 inﬁrmior
633 1135 938 1192 attentabit.
966 1130 993 1170 ³³
1014 1137 1118 1192 Hic
1149 1152 1276 1192 vero
1299 1135 1531 1194 morbus
1555 1153 1682 1194 cum
1705 1153 1804 1210 pro
1831 1139 1936 1194 ela-

336 1227 491 1284 tione
516 1229 718 1286 carnali
746 1230 1040 1302 pulsaverit
1065 1239 1326 1299 mentem,
1350 1239 1406 1288 et
1433 1229 1598 1288 fuerit
1629 1231 1938 1304 responsio-

335 1320 423 1376 nis
458 1331 622 1379 scuto
655 1324 923 1394 repulsus,
957 1339 1151 1381 rursus
1192 1333 1255 1381 ut
1287 1325 1540 1398 quedam
1578 1324 1936 1384 multiformis

334 1415 598 1490 nequitia,
624 1416 804 1488 priore
834 1415 1020 1473 habitu
1050 1432 1387 1491 personaque
1423 1427 1652 1489 mutata,
1683 1417 1790 1476 sub
1818 1417 1933 1474 vir-

2044 396 2233 448 tentat.

2653 515 2892 574 CAPUT
2923 519 3024 572 ΙΙΙ.

2155 633 2328 698 Quam
2350 631 2641 689 cenodoan‘a
2669 636 2955 706 multiplea:
2978 638 3049 692 sit
3072 652 3135 690 ac
3157 637 3526 704 multiformis.

2121 772 2336 828 Etenim
2370 780 2570 828 caetera
2599 772 2722 829 vitia
2751 789 2846 830 seu
2878 774 3314 846 perturbationes
3342 776 3640 836 uniformes

2045 877 2108 918 ac
2151 861 2427 935 simplices
2471 879 2590 920 esse
2627 863 2900 933 dicuntur,
2941 863 3061 921 haec
3101 881 3230 922 vero
3273 866 3550 939 multiplex
3587 879 3644 924 et

2045 954 2400 1012 multiformis
2435 973 2498 1012 ac
2542 959 2710 1024 varia,
2740 957 2984 1030 undique
3018 958 3266 1015 bellatori
3304 967 3360 1014 et
3387 975 3454 1016 ex
3491 962 3641 1016 omni

2043 1055 2196 1120 parte
2223 1049 2411 1104 victori
2447 1065 2760 1107 occurrens.
2790 1054 2930 1107 Nam
2955 1059 3010 1107 et
3047 1050 3104 1106 in
3133 1051 3344 1118 habitu,
3375 1061 3431 1109 et
3453 1053 3508 1109 in
3533 1052 3645 1110 for-

2043 1154 2152 1206 ma,
2196 1139 2251 1195 in
2289 1140 2525 1210 incessu,
2565 1141 2622 1196 in
2659 1157 2811 1211 voce,
2851 1142 2908 1197 in
2933 1157 3116 1214 opere,
3144 1143 3200 1198 in
3230 1143 3448 1215 vigiliis,
3477 1145 3530 1200 in
3550 1148 3644 1218 je-

2033 1230 2232 1304 juniis,
2275 1230 2330 1286 in
2373 1231 2640 1300 oratione,
2689 1233 2748 1288 in
2788 1234 3134 1300 remotione,
3178 1233 3234 1289 in
3280 1234 3527 1302 lectione,
3583 1238 3640 1292 in

2039 1324 2277 1395 scientia,
2304 1325 2359 1380 in
2377 1325 2766 1396 taciturnitate,
2787 1327 2844 1382 in
2867 1327 3197 1396 obedientia,
3221 1327 3275 1384 in
3301 1328 3639 1396 humilitate,

2039 1417 2098 1474 in
2125 1417 2556 1492 longanimitate,
2591 1423 2616 1456 ο
2647 1420 2875 1477 militem
2911 1419 3114 1478 Christi
3157 1421 3440 1479 vulnerare
3468 1438 3636 1479 cona-

1427 1563 1687 1627 ALARDl,
1722 1563 1949 1618 GAZIEI
1989 1561 2545 1620 COMMENTARIUS.

335 1691 523 1766 domin,
544 1692 666 1766 licet
681 1691 1040 1766 multiformis
1059 1709 1122 1749 ac
1133 1696 1419 1765 multiplea:
1437 1697 1530 1758 sit,
1542 1699 1593 1750 et
1610 1699 1670 1751 in
1691 1696 1933 1750 diuersas
1961 1697 2010 1761 Β
2043 1695 2224 1761 simis;
2255 1694 2357 1758 vel,
2390 1701 2450 1750 ut
2475 1694 2554 1749 ait
2586 1695 2656 1748 D.
2687 1693 2944 1762 Thomas,
2975 1712 3096 1750 cum
3132 1699 3250 1766 quis
3279 1697 3550 1766 gloriatur
3572 1699 3639 1753 de

335 1764 527 1834 species
541 1762 845 1836 dividatur,
859 1781 1053 1834 genera
1073 1771 1252 1821 tamen
1267 1762 1380 1836 eius
1395 1771 1522 1821 sunt
1535 1767 1640 1820 duo
1658 1786 1675 1821 :
1692 1768 1935 1836 primum

333 1849 438 1906 quo
453 1849 557 1906 pro
581 1835 893 1890 carnalibus
911 1853 973 1892 ac
992 1835 1297 1904 manifestis
1321 1839 1633 1892 extollimur
1653 1835 1839 1903 rebus;
1865 1853 1935 1892 se-

333 1905 565 1960 cundum
584 1921 688 1974 quo
695 1921 799 1975 pro
813 1908 1188 1977 spiritualibus
1205 1913 1255 1962 et
1268 1909 1484 1963 occultis
1501 1909 1762 1964 desiderio
1778 1924 1934 1964 vana:

334 1977 810 2050 laudis_inﬂamur.
837 1980 989 2032 Idem
1012 1978 1174 2050 igitur
1203 1978 1308 2034 hoc
1334 1979 1462 2050 loco_
1475 1979 1676 2050 pulsari
1699 1979 1752 2034 in
1779 1986 1932 2050 parte

333 2047 664 2129 carnali,_ac
702 2063 800 2129 pro
839 2047 1148 2129 carnalibus
1186 2058 1240 2129 et
1287 2047 1590 2129 manifestis
1635 2047 1801 2105 rebus
1835 2067 1929 2129 ert-

333 2119 486 2202 ‘tollij
534 2117 678 2202 idem
704 2117 764 2174 in
794 2127 944 2202 parte
971 2119 1237 2202 spirit}:an
1285 2119 1521 2202 pulsari,_
1539 2135 1602 2174 ac
1620 2136 1744 2202 pro
1768 2120 1926 2202 spiri-

330 2187 572 2245 tualibus
620 2197 676 2244 et
717 2187 947 2244 occultis
995 2187 1265 2246 desiderio
1288 2187 1464 2246 'vanae
1509 2187 1688 2248 laudis
1729 2187 1922 2246 inflari.

328 2259 472 2317 Vide
499 2266 692 2332 notata
713 2260 1053 2332 superiusrex
1084 2264 1154 2315 D.
1185 2261 1596 2332 Chrysostomo.

405 2333 432 2362 ³
470 2330 1138 2404 Dionysiussimpliciore
1174 2330 1429 2404 stylo.iet
1467 2331 1534 2386 ad
1573 2339 1793 2402 captum
1831 2347 1928 2388 ac-

330 2399 707 2468 commodato,
741 2399 979 2458 elucidat
1009 2420 1024 2457 :
1053 2406 1140 2458 Ita
1167 2399 1312 2473 quod
1340 2403 1400 2457 hi
1426 2406 1522 2472 qui
1544 2399 1791 2474 superari
1820 2421 1926 2460 non

323 2477 581 2543 poterant
615 2475 844 2543 peccatis
884 2475 1206 2537 carnalibus,
1241 2476 1418 2528 acrius
1455 2475 1803 2530 vulnerentur
1824 2491 1924 2545 per

327 2560 522 2598 canam
535 2545 767 2614 gloriam
781 2560 848 2600 ea:
866 2546 1240 2615 spiritualibus
1253 2547 1367 2600 suis
1382 2546 1706 2615 profectibus
1725 2550 1920 2601 ortam.

327 2561 522 2598 canam
535 2561 767 2614 gloriam
781 2561 848 2600 ea:
866 2561 1240 2615 spmruanous
1253 2561 1367 2600 suis
1451 2561 1706 2614 erectious
1725 2561 1920 2601 ortam.

325 2615 428 2670 His
454 2624 578 2685 apte
603 2615 938 2686 respondent
959 2631 1080 2686 quae
1107 2615 1186 2672 de-
1201 2561 1522 2672 cmnodbrxia
1551 2616 1744 2672 scribit
1767 2618 1928 2672 Joan-

324 2701 426 2759 nes
453 2685 924 2759 Climacu’s‘qgradu
947 2685 1207 2758 vigesimo
1237 2687 1438 2758 primo,
1475 2686 1566 2742 ubi
1589 2702 1713 2744 eam
1741 2687 1812 2742 ita
1835 2687 1926 2742 de-

326 2757 499 2828 pingit
537 2775 551 2811 :
583 2757 886 2815 Cenodomia
911 2762 989 2812 est
1012 2757 1256 2814 laborum
1283 2759 1592 2828 dissipatio,
1622 2759 1926 2814 studiorum

317 2829 579 2898 perditio,
608 2830 977 2884 thesaurorum
1006 2830 1240 2892 insidice,
1277 2831 1338 2884 in
1361 2835 1521 2900 portu
1545 2832 1920 2898 naufragium,

322 2901 386 2954 in
406 2916 533 2954 area
553 2901 803 2966 formica,
819 2915 960 2969 quea,
973 2903 1074 2955 etsi
1087 2901 1258 2955 tenuis
1278 2905 1373 2964 est,
1397 2902 1667 2956 laboribus
1680 2903 1925 2956 omnibus

318 2975 372 3026 et
387 2971 662 3038 fructibus
677 2971 988 3042 insidiatur.
1002 2974 1292 3042 Exspectat
1305 2973 1530 3038 formica
1542 2973 1669 3026 dum
1681 2975 1922 3042 perﬁcia-

2043 1767 2225 1834 aliquo
2247 1767 2412 1832 falso,
2439 1766 2583 1834 quod
2605 1767 2970 1821 contrariatur
2989 1767 3190 1822 divinae
3211 1771 3540 1832 reverentia,
3561 1785 3641 1824 se-

2041 1837 2276 1892 cundum
2315 1837 2456 1891 illud
2495 1837 2788 1892 Ezechielis
2817 1851 3025 1893 xxvm
3069 1855 3082 1893 :
3119 1839 3400 1893 Eleuatum
3437 1843 3512 1895 est
3551 1856 3640 1895 cor

2041 1911 2226 1974 tuum;
2251 1908 2468 1969 dieisti,
2507 1911 2647 1963 Deus
2669 1923 2762 1976 ego
2789 1924 2926 1964 sum.
2957 1908 3027 1962 Et
3055 1911 3078 1963 Ι
3105 1907 3172 1964 ad
3197 1908 3324 1964 Cor.
3355 1924 3422 1964 1v
3455 1928 3468 1964 :
3495 1912 3640 1978 Quid

2041 1979 2202 2033 habes
2233 1979 2376 2048 quod
2413 1993 2518 2032 non
2555 1981 2842 2047 accepisti?
2881 1982 2934 2032 si
2967 1983 3148 2034 autem
3187 1982 3460 2050 accepisti,
3503 1983 3637 2050 quid

2036 2051 2312 2117 gloriaris,
2334 2051 2513 2120 quasi
2533 2064 2638 2103 non
2665 2051 2972 2119 acceperis?
2994 2049 3142 2105 Talis
3169 2049 3334 2105 etiam
3365 2049 3632 2120 Herodes,

2036 2120 2122 2192 cui
2163 2135 2291 2174 cum
2328 2119 2384 2174 in
2406 2119 2616 2176 theatro
2643 2120 2876 2189 superbe
2904 2119 3250 2175 concionanti
3282 2121 3516 2192 populus
3540 2137 3632 2178 ac-

2034 2190 2318 2263 clamasset
2339 2211 2351 2246 :
2377 2193 2476 2246 Dei
2492 2205 2658 2253 uoces,
2681 2195 2731 2246 et
2748 2207 2850 2246 non
2871 2193 3102 2246 hominis
3121 2193 3268 2258 (Act.
3289 2190 3393 2247 'xn
3418 2195 3626 2263 Joseph.

2033 2262 2226 2330 Antiq.
2245 2263 2282 2317 ι.
2306 2277 2410 2317 XIX
2433 2278 2476 2316 c.
2497 2269 2574 2327 8‘,
2597 2264 2873 2328 confestim
2885 2265 3148 2332 percussit
3161 2278 3280 2317 eum
3297 2263 3517 2332 angelus
3531 2262 3632 2319 Πολ
3657 2297 3664 2300 -

2031 2335 2188 2396 mini,
2217 2348 2274 2388 eo
2300 2334 2444 2402 quod
2465 2348 2572 2388 non
2601 2333 2834 2388 dedisset
2862 2334 3108 2388 honorem
3132 2336 3238 2388 Deo
3262 2353 3279 2388 :
3309 2339 3360 2389 et
3381 2349 3628 2389 consum-

2025 2407 2155 2473 ptus
2175 2420 2210 2458 a
2229 2405 2498 2460 vermibus
2517 2405 2835 2475 earspiravit.
2864 2407 3094 2460 Ratione
3109 2407 3251 2474 ﬁnis,
3275 2421 3394 2460 cum
3416 2409 3629 2475 appeti-

2031 2478 2125 2528 tur
2144 2475 2264 2530 laus
2285 2477 2523 2529 humana
2543 2473 2604 2530 ob
2625 2476 2784 2542 ﬁnem
2803 2473 3185 2538 mortalem,ut
3206 2477 3256 2530 si
3274 2477 3394 2544 quis
3415 2473 3631 2531 laudari

2033 2548 2261 2615 appetit,
2302 2551 2400 2600 aut
2439 2548 2670 2614 seipsum
2717 2546 2928 2606 laudat,
2970 2551 3033 2600 ut
3076 2551 3426 2614 consequatur
3471 2550 3629 2614 ﬁnem

2033 2616 2309 2670 carnalem
2329 2617 2730 2682 fornicationis,
2751 2618 2848 2668 aut
2870 2615 3024 2669 aliud
3039 2617 3245 2682 simile;
3269 2620 3364 2670 aut
3384 2619 3628 2671 intentio-

2033 2701 2154 2740 nem
2179 2701 2336 2740 suam
2364 2688 2536 2752 refe-rt
2559 2684 2634 2739 ad
2658 2701 2857 2740 vanam
2881 2685 3126 2753 gloriam,
3153 2689 3431 2753 tamquam
3453 2687 3526 2739 ad
3547 2689 3631 2740 ul-

2033 2758 2224 2810 timum
2257 2760 2436 2826 ﬁnem,
2459 2771 2566 2825 pro
2608 2771 2712 2824 quo
2738 2757 2820 2809 vel
2851 2755 3211 2824 consequentia
3248 2755 3331 2808 vel
3358 2757 3630 2810 retinendo

2023 2832 2262 2896 paratus
2280 2833 2360 2882 est
2375 2827 2691 2896 transgredi
2701 2828 2784 2880 vel
2797 2828 2975 2896 reipsa
2995 2826 3396 2894 transgreditur
3407 2826 3631 2895 aliquod

2022 2903 2351 2968 praeceptum
2373 2899 2621 2952 divinum
2639 2915 2656 2950 :
2673 2898 2856 2966 quales
2875 2902 3033 2952 erant
3050 2897 3213 2968 multi
3225 2912 3292 2950 ex
3301 2897 3630 2968 primoribus

2028 2967 2358 3032 Iudaeorum,
2381 2969 2448 3024 de
2469 2971 2662 3038 quibus
2683 2970 2906 3024 Joannis
2930 2983 3024 3024 xu
3049 2967 3287 3022 dicitur:
3314 2967 3630 3024 Dilexerunt

318 3046 418 3096 tur
442 3043 704 3132 Eritigum,
719 3040 1174 3132 Ace‘nodpmialvero
1201 3042 1331 3132 dum
1363 3040 1746 3132 cqngregentur
1771 3040 1924 3132 epes;
1952 3069 1997 3132 ρ
2032 3043 2204 3132 magis
2221 3042 2446 3132 gloriam
2465 3041 2739 3132 heminam
2762 3055 2927 3132 quam
2939 3040 3308 3132 gloriampei;
3331 3047 3386 3132 cit
3405 3053 3522 3122 cap.
3547 3053 3585 3095 v
3609 3058 3621 3093 :

237 3163 244 3168 .
311 3111 524 3182 gaudet
549 3111 648 3164 illa
679 3115 741 3164 ut
768 3112 1005 3177 furetur,
1033 3113 1142 3166 Ιιωο
1164 3115 1343 3182 autem
1366 3117 1427 3164 ut
1453 3109 1704 3182 dissipet;
1727 3109 1925 3180 gaudet
1953 3109 1997 3132 υ
2035 3109 2300 3178 Quemodo
2321 3127 2409 3166 vos
2429 3114 2651 3180 potestis
2680 3109 2907 3174 credere,
2930 3113 3030 3181 qui
3049 3111 3280 3179 gloriam
3303 3109 3374 3163 ab
3401 3109 3624 3166 inuicem

315 3181 720 3250 desperationis
733 3183 980 3250 spiritus,
999 3197 1119 3236 cum
1135 3181 1286 3234 videt
1303 3181 1657 3250 multiplicari
1671 3185 1726 3234 vi
1730 3184 1811 3236 tia
1824 3201 1840 3248 ;
1858 3198 1929 3236 ce-

312 3247 568 3307 nodoecia
580 3265 721 3314 vero,
739 3247 856 3305 cum
874 3253 1098 3306 uirtutes
1111 3247 1475 3320 multiplicari
1487 3247 1652 3306 videt.
1671 3253 1739 3306 Et
1755 3247 1838 3306 inf
1839 3267 1893 3306 ra
1911 3269 1924 3306 :

315 3322 638 3380 Cenodoa‘ia
661 3323 908 3392 omnibus
927 3322 1126 3377 studiis
1145 3321 1459 3392 aggaudet:
1483 3323 1634 3378 verbi
1653 3323 1856 3392 gratia,
1880 3325 1932 3377 si

301 3393 527 3465 jejuno,
549 3395 783 3465 inaniter
798 3390 1032 3465 glorior;
1049 3395 1101 3465 si
1112 3390 1393 3464 splendide
1409 3395 1647 3457 vestitus,
1659 3390 1849 3450 uincor
1865 3409 1928 3448 ea

305 3464 497 3536 peste;
531 3465 584 3518 si
602 3464 762 3518 vilius
799 3464 1024 3532 induar,
1051 3464 1226 3519 denuo
1251 3465 1482 3533 glorior;
1507 3467 1560 3518 si
1588 3466 1797 3534 loquar,
1826 3465 1928 3520 hac

312 3551 576 3607 superor;
597 3537 650 3607 si
661 3540 884 3607 taceam,
903 3536 1100 3590 iterum
1117 3539 1406 3606 superatus
1425 3551 1562 3591 sum.
1589 3537 1926 3607 Quocumque

313 3609 462 3732 Ῑῖἲιησ
497 3605 520 3631 ¹
554 3606 806 3661 tributum
826 3607 1042 3678 jeceris,
1071 3605 1240 3664 erecto
1271 3609 1517 3678 persistit
1551 3609 1752 3664 aculeo.
1789 3605 1922 3664 Hice

313 3693 328 3732 ι
375 3691 428 3732 e.
1259 3687 1262 3691 '

311 3691 428 3732 me.

392 3741 420 3779 ³³
451 3747 556 3831 βίᾳ
590 3763 808 3831 rursum
845 3748 1251 3831 paraphrastes,
1281 3757 1376 3831 aut
1412 3749 1660 3831 quisquis
1703 3759 1916 3831 auctor,

309 3818 566 3890 cespitat,
592 3819 726 3876 dum
751 3821 824 3876 ita
843 3818 1019 3876 reddit
1045 3839 1058 3873 :
1091 3823 1255 3874 Porro
1281 3822 1512 3942 mtus
1532 3818 1686 3874 came
1712 3818 1916 3890 gloriae,

309 3906 441 3942 cum
459 3891 525 3942 de
536 3897 743 3942 peccato
757 3891 968 3942 carnali
984 3891 1275 3942 tentaverit
1419 3891 1579 3942 inem.
1596 3897 1703 3942 etc.
1723 3895 1916 3942 Quaeso

306 3906 441 3946 cum
459 3891 525 3944 de
533 3897 743 3961 peccato
757 3891 968 3946 carnali
984 3891 1275 3961 tentauerit
1295 3891 1579 3961 horninem,
1596 3897 1703 3943 etc.
1723 3895 1920 3961 Quaeso

303 3971 391 4037 te,
422 3955 616 4028 lector,
639 3962 759 4032 quis
777 3974 1044 4037 umquam
1061 3957 1269 4037 audivit
1292 3955 1722 4037 spiritumvanae
1739 3955 1922 4037 gloriae

298 4025 386 4104 de
418 4025 642 4104 peccato
655 4025 873 4087 ’carnali
893 4025 1144 4104 "tentasse
1177 4025 1458 4104 hominem
1471 4029 1573 4104 ?_et
1595 4027 1726 4104 quid
1743 4025 1924 4104 simile

295 4103 388 4161 ad
419 4095 670 4155 'mentem
711 4098 1000 4156 Auctoris?
1018 4096 1140 4170 _Sed
1162 4112 1291 4170 puno
1319 4095 1738 4170 absurdogdato,
1773 4098 1928 4170 plura

292 4171 724 4252 sequinecesse
761 4178 862 4252 est.
892 4168 1120 4252 Morbus
1145 4167 1214 4225 de
1238 4184 1348 4252 quo
1378 4168 1476 4252 hic
1491 4169 1688 4252 agitur,
1724 4167 1922 4242 nempe

295 4239 642 4314 cenodoxia,
680 4256 778 4314 pro
805 4241 1036 4298 elatione
1073 4239 1272 4296 carnali
1307 4240 1483 4314 pulsat
1513 4239 1774 4314 mentem,
1811 4239 1924 4298 non

296 4324 376 4374 ut
409 4311 790 4396 paraphrastes
826 4311 1344 4396 interpretatumsed
1364 4321 1431 4396 ut
1456 4314 1669 4396 Auctor
1689 4312 1803 4384 ipse
1829 4328 1921 4370 su-

299 4382 497 4467 peritis
524 4382 803 4467 expressit.
846 4382 986 4440 Nam
1008 4382 1159 4466 “idem
1190 4382 1276 4438 hic
1303 4391 1384 4467 est
1414 4399 1512 4455 pro
1539 4382 1772 4467 elatione
1800 4400 1918 4467 car-

2033 3183 2300 3249 accipitis,
2325 3187 2376 3236 et

2036 3197 2300 3250 accipitis,
2325 3197 2376 3236 et
2407 3197 2638 3250 gloriam
2659 3197 2779 3252 quae
2807 3198 2842 3235 a
2863 3197 2973 3236 SOlO
2996 3197 3103 3238 ueo
3129 3197 3224 3243 εει,
3251 3197 3358 3235 non
3382 3197 3622 3250 quierim

2036 3250 2110 3321 (S.
2140 3253 2327 3322 Thom.
2347 3253 2444 3322 ubi
2464 3253 2682 3322 supra)?
2705 3251 2804 3322 His
2829 3259 2976 3307 certe
2995 3249 3211 3307 casibus
3229 3249 3372 3306 haud
3399 3250 3622 3322 dubium

2034 3320 2117 3376 est
2161 3320 2660 3395 cenodoxiam"_seu
2699 3321 2917 3395 inanem
2943 3322 3182 3395 gloriam
3226 3321 3458 3395 mortale
3494 3337 3622 3395 esse

2071 3399 2338 3461 eccatum,
2385 3401 2440 3447 et
2477 3392 2712 3449 militem
2755 3391 2982 3462 Christi,
3019 3400 3080 3448 ut
3113 3397 3320 3448 Auctor
3359 3392 3621 3462 loquitur,

2053 3463 2308 3518 ethaliter
2346 3465 2646 3528 vulnerare,
2699 3466 2960 3528 sauciare,
2997 3465 3279 3534 jugulare,
3319 3465 3620 3532 confodere,

2029 3535 2398 3605 supplantare,
2409 3536 2626 3600 elidere,
2641 3537 2988 3606 improvisum
3007 3551 3070 3592 ac
3087 3536 3388 3590 miserabile
3401 3538 3625 3604 naufra-

2027 3608 2176 3674 gium
2203 3608 2428 3662 secundo
2463 3608 2846 3678 navigantibus
2870 3612 3022 3662 vento
3049 3610 3362 3678 importare,
3395 3607 3623 3678 denique

2028 3679 2250 3732 ruinam
2285 3683 2338 3734 et
2366 3677 2646 3734 interitum
2674 3680 2889 3748 afferre.
2920 3679 3192 3748 Caeterum
3218 3677 3319 3748 etsi
3349 3685 3497 3732 extra
3523 3677 3622 3734 hos

2028 3762 2187 3804 casus
2219 3757 2275 3804 et
2313 3764 2378 3804 ex
2414 3746 3054 3821 generesuo‘peceatum
3074 3746 3282 3821 veniale
3309 3756 3618 3821 censeatur,

2025 3833 2243 3892 semper
2277 3815 2462 3892 tamen
2491 3815 2784 3892 exstinguit
2823 3817 2954 3874 boni
3000 3817 3182 3892 operis
3218 3817 3271 3870 in
3301 3815 3471 3892 gratia
3503 3816 3618 3892 exi-

2027 3887 2218 3945 stentis
2237 3890 2511 3960 meritum.
2537 3887 2730 3960 Nullus
2751 3893 2894 3945 enim
2915 3887 3183 3960 peccando
3205 3890 3439 3960 meretur
3455 3887 3624 3960 vitam

2030 3963 2307 4022 aeternam,
2339 3959 2416 4015 ait
2439 3961 2496 4015 S.
2527 3959 2772 4017 Thomas
2800 3955 3030 4031 (Supra,
3047 3975 3118 4031 Διι.
3151 3963 3204 4024 3,
3231 3957 3305 4010 ad
3335 3955 3396 4031 1)
3427 3973 3439 4010 :
3481 3958 3623 4010 unde

2029 4043 2160 4098 opus
2177 4031 2476 4083 uirtuosum
2495 4032 2703 4084 amittit
2715 4029 2825 4084 vim
2843 4029 3086 4084 merendi
3097 4031 3265 4082 vitam
3280 4030 3553 4090 aeternam,
3576 4030 3628 4081 si

2023 4101 2250 4168 propter
2270 4101 2485 4153 inanem
2508 4100 2737 4166 gloriam
2757 4103 2875 4168 ﬁat,
2897 4098 3224 4168 etiamsi‘illa
3247 4098 3426 4168 inanis
3450 4098 3623 4168 gloria

2029 4166 2142 4240 non
2177 4171 2252 4222 sit
2291 4173 2568 4240 peccatum
2604 4166 2843 4240 mortale.
2887 4171 3070 4240 Atque
3112 4166 3222 4240 hac
3255 4166 3465 4224 ratione
3511 4167 3616 4224 dici

2029 4239 2198 4312 etiam
2237 4236 2754 4312 pdtest‘cenodoxia
2804 4236 3090 4294 hominem
3134 4236 3437 4312 vulnerare,
3485 4255 3617 4312 sup-

2027 4309 2294 4382 plantare,
2333 4309 2737 4382 elidere;icum
2781 4325 2946 4366 omne
2970 4317 3282 4382 peccatum,
3318 4311 3485 4368 etiam
3526 4309 3615 4368 ve-

2025 4381 2183 4452 hiale,
2229 4382 2424 4440 vulnus
2452 4381 2729 4452 quoddam
2761 4391 2816 4440 et
2843 4381 3072 4439 morbus
3109 4382 3183 4439 sit
3223 4383 3441 4440 animai.
3475 4383 3616 4440 Con-

2407 3183 2638 3250 gloriam
2659 3197 2779 3252 quae
2807 3198 2842 3235 a
2863 3183 2973 3236 solo
2996 3183 3624 3252 Deo_est,inon_qu¢eritis

297 4452 425 4515 ἱλειί
466 4452 688 4528 pulsari,
738 4470 802 4528 ac
843 4455 1109 4528 superius
1131 4453 1189 4509 in
1239 4462 1390 4527 parte
1417 4452 1634 4528 carnali
1683 4457 1908 4528 pulsari,
1941 4456 1993 4519 D
2020 4452 2272 4528 ﬁrmatur
2301 4453 2417 4528 hac
2443 4452 2688 4512 doctrina
2717 4453 2964 4512 Matthaei
3005 4469 3040 4510 v
3065 4469 3217 4528 c_ap.,
3242 4454 3335 4510 ubi
3368 4455 3615 4512 Salvator

301 4531 425 4586 hoc
451 4525 553 4599 est,
580 4542 681 4599 pro
704 4527 866 4599 rebus
887 4525 1197 4599 carnalibus
1219 4525 1285 4581 ac
1311 4525 1611 4599 manifestis
1633 4525 1834 4599 ex'tolli.

389 4601 412 4631 ο
436 4595 674 4654 Militem
699 4597 921 4666 Christi,
943 4596 998 4669 id
1019 4604 1128 4669 est,
1147 4595 1479 4669 monachum
1506 4597 1791 4669 praecipue,
1819 4606 1914 4654 aut

301 4669 622 4745 generatim
665 4683 890 4745 omnem
932 4666 1321 4745 Christianum.
1376 4666 1637 4722 Vulnerat
1672 4666 1911 4745 quidem

302 4737 614 4797 Eenodoxia
657 4739 883 4795 militem
929 4737 1158 4805 Christi,
1205 4745 1263 4793 at
1311 4751 1432 4808 non
1467 4750 1681 4808 semper
1705 4737 1910 4794 ’lethali

305 4813 572 4878 vulnere;
611 4825 724 4866 non
749 4810 896 4878 enim
921 4808 1168 4864 mortalis
1201 4805 1470 4864 censenda
1495 4805 1908 4866 est‘cenodoxia

307 4899 412 4940 seu
453 4872 639 4959 gloriae
679 4872 946 4959 cupiditas
986 4897 1000 4934 :
1047 4879 1222 4959 immo
1251 4878 1586 4959 plerumque
1627 4886 1692 4959 et
1718 4887 1909 4959 natura

307 4970 413 5011 sua
453 4948 720 5010 venialem
749 4948 867 5008 esse
898 4951 1097 5008 docent
1118 4948 1356 5020 theologi
1374 4971 1388 5016 ;
1421 4948 1524 5020 nisi
1553 4949 1804 5020 mortalis
1836 4949 1910 5003 el-

310 5025 556 5093 ﬁciatur,
593 5025 678 5080 vel
714 5023 927 5079 ratione
963 5018 1348 5093 materiae,_vel
1390 5018 1792 5093 rationeﬁnis,
1827 5020 1908 5075 vel

314 5088 799 5153 ratione'alterius
845 5092 1077 5164 peccati,
1119 5088 1268 5164 quod
1299 5088 1577 5146 interdum
1619 5089 1676 5146 in
1711 5089 1911 5146 affectu

316 5183 470 5240 vana:
517 5165 706 5240 gloriae
744 5163 1036 5240 involvitur
1057 5165 1163 5240 _(S.
1190 5163 1454 5240 .Thomas,
1496 5175 1685 5240 supra,
1727 5177 1782 5216 a.
1833 5165 1908 5227 3).

313 5231 556 5295 Ratione
601 5235 864 5301 materiae,
916 5243 978 5306 ut
1024 5235 1079 5306 si
1113 5232 1233 5306 quis
1277 5231 1540 5306 glorietur
1557 5231 1648 5289 ide
1691 5240 1913 5304 peccato

317 5309 562 5375 mortali,
589 5306 892 5377 ebrietate,
939 5303 1328 5377 fornicatione,
1369 5303 1590 5377 injuria,
1638 5303 1733 5377 aut
1777 5319 1913 5358 con-

317 5374 726 5436 tumeliafratri
771 5377 940 5444 illata,
977 5384 1080 5432 etc.
1111 5379 1194 5432 De
1221 5374 1714 5449 quibus'ProverbA.
1753 5390 1852 5432 xu
1891 5394 1904 5430 :

318 5454 602 5509 Latantur
623 5465 741 5504 cum
760 5449 899 5504 male
915 5449 1156 5516 fecerint,
1178 5452 1228 5504 et
1238 5447 1520 5504 exsultant
1538 5449 1599 5502 in
1621 5447 1778 5502 rebus
1795 5461 1910 5518 pes-

382 5624 407 5648 ’
443 5622 708 5674 Iribulum
742 5619 976 5674 Venetiae
1005 5618 1108 5671 lib..
1131 5631 1182 5668 Ill
1225 5621 1372 5668 vocat
1406 5616 1664 5669 stimulum
1699 5616 1912 5668 ferreum

319 5685 490 5749 formae
526 5677 890 5749 quadrangulze,
937 5679 1510 5749 qui_quamcumque__i_u
1549 5682 1733 5744 partem
1770 5677 1911 5729 incu-

321 5746 500 5810 buerit,
525 5741 968 5808 iculeum'sempef
982 5741 1212 5794 infestum
1235 5741 1504 5806 praetendit.

2019 4526 2159 4582 serio
2195 4541 2298 4582 nos
2329 4525 2590 4583 admonet
2623 4543 2636 4580 :
2665 4528 2948 4584 Attendite
2975 4541 3041 4580 ne
3073 4525 3352 4596 justitiam
3376 4531 3613 4582 uestram

2016 4599 2234 4666 faciatis
2261 4615 2441 4654 coram
2469 4599 2788 4662 hominibus,
2815 4604 2878 4654 ut
2903 4597 3202 4652 videamini
3229 4597 3298 4649 ab
3333 4600 3442 4658 eis;
3473 4597 3616 4648 alio-

2017 4671 2148 4738 quin
2185 4669 2474 4725 mercedem
2505 4686 2610 4742 non
2637 4671 2895 4742 habebitis
2928 4667 3335 4742 apudl’atrjem
3357 4667 3612 4742 vestrum.

2017 4729 2112 4808 qui
2147 4743 2206 4811 in
2252 4741 2393 4811 cadis
2434 4744 2528 4811 est.
2569 4739 2734 4808 Quasi
2775 4729 2982 4811 diceret
3025 4730 3379 4811 :_H§bebitis
3391 4729 3612 4811 quidem

2015 4799 2162 4881 apud
2177 4809 2440 4881 homines
2461 4810 2514 4881 in
2539 4799 3030 4881 qiiorumgratiam
3054 4799 3248 4881 facitis,
3270 4799 3426 4881 sicuti
3453 4799 3615 4869 paulo

2015 4871 2140 4962 P3)“
2159 4871 2749 4962 ε¹θΡ¹¹ετί²⁷ξδθίξίάἱ³ἕίῖτ
2776 4871 3426 4962 ΨἮΓΡΕΕῙἾΨΞἮ

2016 4940 2069 5004 id
2097 4955 2198 5014 est,
2236 4947 2454 5002 inanem
2495 4945 2726 5016 gloriam
2769 4940 2920 5015 apud
2958 4940 3228 5016 homines,
3266 4957 3430 5016 quam
3461 4957 3610 5016 qua:-

2016 5013 2238 5081 rebant;
2283 5016 2425 5086 apud
2454 5013 2693 5086 Patrem;
2715 5013 2900 5071 autem
2932 5013 3212 5086 caelestem
3251 5013 3362 5070 non
3392 5013 3615 5071 habebi-

2015 5088 2104 5154 tis,
2147 5083 2486 5158 cujus'causa
2523 5101 2635 5158 non
2667 5083 2875 5153 facitis;
2908 5085 3030 5158 quia
3055 5100 3270 5158 aequum
3298 5093 3405 5158 est,
3436 5093 3494 5140 ut
3521 5087 3607 5144 cui
3713 5145 3721 5150 ,

2017 5155 2524 5230 quisquelaborat,
2570 5157 2640 5230 ab
2687 5173 2752 5230 eo
2791 5155 3402 5230 mercedemjaccipiat;
3446 5165 3502 5212 et
3541 5167 3603 5215 ut

2017 5227 2177 5286 unius
2213 5227 2411 5285 laboris
2436 5244 2546 5283 non
2574 5227 2791 5300 duplex,
2819 5227 2916 5285 sed
2947 5241 3054 5284 una
3083 5227 3155 5284 sit
3188 5243 3414 5286 merces.
3461 5231 3604 5299 Quid

2018 5303 2178 5365 enim,
2196 5301 2273 5357 ait
2291 5301 2712 5372 Chrysostomus
2737 5302 2818 5365 (In
2829 5303 3103 5356 comment.
3127 5301 3184 5372 in.
3207 5301 3424 5366 Matth.)
3437 5317 3472 5355 a
3493 5307 3601 5358 Deo

2011 5375 2252 5444 recipies,
2265 5374 2360 5444 qui
2373 5371 2477 5428 Deo
2490 5373 2632 5428 nihil
2647 5371 2882 5427 dedisti?
2897 5387 3023 5426 nam
3043 5371 3184 5444 quod
3194 5375 3416 5442 propter
3434 5377 3600 5428 Deum

2013 5449 2096 5515 ﬁt,
2116 5443 2232 5502 ’Deo
2256 5443 2442 5509 datur,
2465 5449 2516 5500 et
2535 5445 2603 5499 ab
2627 5459 2685 5498 eo
2711 5444 2995 5514 recipitur;
3021 5443 3164 5515 quod
3185 5447 3367 5497 autem
3379 5447 3600 5512 propter

2017 5513 2249 5594 homines
2267 5519 2347 5586 ﬁt,
2373 5519 2431 5571 in
2443 5520 2644 5594 pentos
2655 5515 2992 5594 effunditur.
3021 5514 3108 5594 Ob
3135 5513 3273 5568 hanc
3295 5518 3600 5594 causamet

2015 5582 2345 5662 periculum,
2367 5587 2590 5662 scilicet
2630 5582 2802 5643 inanis
2829 5582 3412 5662 glgriza_et_merccdis
3437 5582 3597 5662 amit-

2018 5653 2222 5722 tendae,
2268 5653 2340 5714 S.
2367 5659 2636 5730 Hilarion,
2672 5665 2736 5714 ut
2787 5653 2975 5714 sc'ribit
3013 5657 3076 5710 B.
3112 5653 3475 5722 Hieronymus
3508 5653 3596 5730 (ῳ

2023 5731 2137 5802 ejus
2145 5715 2318 5799 Vita),
2343 5715 2674 5801 sexagesimo
2699 5732 2826 5785 vitae
2849 5743 2962 5784 sure
2986 5739 3127 5780 anno
3150 5715 3366 5776 cernens
3391 5715 3598 5784 grande
