4042 6198
424 194 527 290 403
1766 227 2045 286 JOANNIS
2081 226 2386 309 cassum
3617 224 3724 293 40,4

423 364 537 427 tur,
574 365 630 414 et
659 357 809 414 velut
849 357 1070 431 quidam
1109 354 1604 430 perniciosissimus
1643 353 1903 427 scapulas
1929 361 2019 412 tu-
2044 356 2099 420 Α
2125 353 2354 410 cutionis
2382 359 2579 409 ornatu
2611 348 2856 423 nequivit
2895 347 3172 414 extollere,
3203 345 3466 419 gravitate
3498 343 3726 401 tacitur-

428 452 700 509 mentibus
728 450 892 509 undis
921 452 1193 518 obtectus,
1240 449 1597 522 improvisum
1623 464 1686 504 ac
1716 447 2025 506 miserabile
2132 446 2315 503 nitatis
2341 446 2506 503 elidit.
2551 444 2605 501 Si
2635 445 2844 517 jejunet
2874 442 3074 516 palam,
3119 440 3291 513 gloria
3316 438 3573 495 vanitatis
3610 438 3757 509 ωλι--

430 544 774 619 naufragium
818 544 1058 602 secundo
1100 543 1479 616 navigantibus
1520 550 1702 611 vento,
1735 542 1872 599 dum
1909 559 2023 600 non
2132 551 2303 599 satur.
2334 542 2387 599 Si
2414 540 2551 598 illud
2571 538 2990 623 contemnenda
3015 536 3198 610 gloria
3221 550 3385 592 causa
3403 533 3730 600 contexerit,

430 649 649 697 cavetur
675 655 775 696 nec
804 638 1150 711 pravidetur,
1179 638 1454 708 importat.
2131 635 2327 692 eodem
2369 635 2501 692 vitio
2538 634 2793 692 elationis
2831 631 3175 703 obtunditur.
3226 632 3309 686 Ne
3346 643 3498 685 vana
3541 627 3732 700 gloria

1051 741 1281 799 CAPUT
1309 742 1402 797 IV.
2132 730 2382 802 contagio
2421 729 2745 795 maculetur,
2784 728 3058 784 orationes
3096 724 3337 797 prolixas
3359 722 3461 779 sub
3490 720 3765 785 fratrnm_

433 842 702 910 Quomodo
726 840 1017 895 cenodoaia
1039 840 1357 894 monachum
1376 855 1412 894 α
1435 840 1645 896 dextris
1666 843 1715 895 et
1736 855 1771 895 α
1790 841 2026 895 sinistris
2134 825 2266 881 vitat
2305 822 2578 880 celebrare
2603 831 2923 895 conspectu;
2952 830 3006 877 et
3028 820 3179 892 quod
3200 834 3290 874 eas
3324 817 3554 873 latenter
3576 832 3735 910 exer-

1078 913 1377 982 ίθπΡααηετ.
2133 927 2274 988 ceat,
2308 918 2631 989 nullumque
2656 916 2851 972 habeat
2886 914 3171 972 conscium
3208 910 3359 979 facti,
3392 926 3504 966 non
3538 908 3734 983 effugit

2132 1014 2349 1071 aculeos
2372 1011 2638 1068 vanitatis.

2702 1176 2706 1181 λ
2759 1105 2997 1161 CAPUT
3038 1105 3106 1160 v.

2209 1208 2326 1274 Qua
2347 1204 2744 1274 comparatione
2763 1204 3086 1255 monstretur
3106 1201 3309 1252 natura
3334 1196 3655 1252 cenodoaia.

2208 1307 2439 1365 Pulchre
2466 1306 2706 1363 seniores
2735 1304 2906 1361 nostri
2935 1312 3190 1359 naturam
3217 1300 3398 1359 morbi
3424 1300 3586 1373 hujus
3616 1300 3647 1340 -ε
3674 1300 3734 1357 in

499 1012 690 1082 Itaque
723 1010 803 1066 via
828 1012 978 1085 regia
1002 1013 1275 1069 volentem
1304 1012 1565 1072 incedere
1572 1030 1673 1086 per
1694 1030 1853 1070 arma
1866 1014 2031 1085 justi-

432 1107 543 1169 tia,
569 1121 687 1175 qua
709 1121 743 1160 a
766 1106 975 1162 deatris
995 1112 1124 1163 sunt
1156 1112 1207 1163 et
1229 1125 1263 1163 a
1284 1112 1541 1173 sinistris,
1565 1117 1779 1180 oportet
1802 1111 2028 1181 Aposto-

429 1199 530 1256 lica
563 1199 847 1272 disciplina
876 1203 1109 1259 transire
1134 1219 1236 1274 per
1277 1205 1507 1274 gloriam
1535 1209 1587 1259 et
1614 1205 2025 1274 ignobilitatem.

424 1309 528 1365 per
553 1296 844 1363 infamiam
868 1298 920 1350 et
956 1296 1148 1352 bonam
1170 1299 1383 1365 famam
1412 1300 1485 1363 (II
1519 1298 1637 1355 Cor.
1674 1298 1780 1369 γι),
1808 1306 1863 1354 et
1882 1304 2031 1353 tanta

431 1388 685 1446 cautione
740 1390 885 1445 inter
931 1398 1211 1447 tumentes
1254 1392 1623 1449 tentationum
1660 1391 1879 1460 ﬂuctus,
1922 1407 2026 1464 gu-

2141 1400 2364 1458 modum
2388 1414 2535 1472 cepa
2563 1396 2966 1468 bulborumque
2993 1394 3307 1451 describunt
3328 1409 3472 1466 qua,
3501 1408 3612 1449 uno
3639 1392 3739 1449 de-

430 1481 693 1540 bernante
714 1482 1060 1553 discretione,
1082 1491 1137 1541 et
1162 1485 1328 1542 ﬂante
1352 1486 1515 1542 nobis
1540 1484 1750 1557 Spiritu
1781 1485 2025 1554 Domini,
2135 1494 2389 1553 corticata
2410 1494 2666 1567 tegmine,
2691 1490 2796 1548 alio
2812 1504 3036 1547 rursum
3053 1487 3405 1545 inveniuntur
3422 1485 3636 1553 induta.
3658 1495 3738 1544 ω-

430 1575 532 1632 iter
560 1574 792 1647 dirigere
832 1575 1061 1646 virtutis,
1099 1585 1161 1633 ut
1186 1576 1378 1634 dextra
1409 1577 1648 1650 lavaque
1675 1577 1721 1632 si
1748 1577 2026 1650 paululum

2141 1589 2340 1662 tiesque
2355 1587 2698 1661 reperiuntur
2722 1585 2937 1642 obtecta
2960 1581 3170 1655 quoties
3186 1580 3390 1638 fuerint
3413 1580 3731 1652 exspoliata.

429 1669 806 1735 deﬂectamus,
849 1669 1088 1725 sciamus
1121 1685 1225 1726 nos
1253 1670 1569 1742 perniciosis
1607 1686 1736 1728 mox
1777 1669 2026 1727 cautibus
2743 1684 2983 1745 CAPUT
3017 1687 3112 1742 V1.

430 1761 735 1819 illidendos.
769 1762 1005 1835 Ideoque
1041 1778 1136 1835 per
1173 1764 1637 1835 sapientissimum
1672 1763 2023 1821 Salomonem
2061 1770 2109 1833 Β
2270 1764 2622 1843 σρηοάοέίαγη
2648 1781 2952 1837 solitudinis
2982 1779 3226 1848 beneﬁcio
3251 1794 3356 1833 non
3382 1779 3597 1849 penitus

434 1872 728 1914 monemur
767 1877 779 1914 :
826 1857 848 1883 ⁸
878 1860 956 1915 Νε
995 1857 1282 1913 diverteris
1318 1859 1394 1914 ad
1428 1859 1730 1923 dexteram,
1759 1875 1924 1929 neque
1956 1862 2030 1914 ad
2126 1918 2139 1927 ,
2786 1852 3074 1919 exstingui.

433 1955 714 2009 sinistram
753 1951 1019 2023 (Proverb.
1049 1955 1151 2021 tv),
1179 1951 1236 2008 id
1270 1960 1374 2022 est,
1403 1967 1474 2009 ne
1506 1952 1606 2009 tibi
1640 1953 1710 2010 de
1737 1953 2030 2011 virtutibus

433 2044 745 2114 blandiaris,
763 2048 826 2101 'et
848 2043 1082 2102 dexteris
1103 2046 1440 2103 successibus
1461 2062 1525 2103 ac
1548 2046 1923 2119 spiritualibus
1948 2062 2029 2102 ex-

433 2139 665 2207 tollaris,
705 2153 774 2195 ne
810 2138 1102 2196 deﬂectens
1132 2138 1202 2196 ad
1228 2140 1511 2197 sinistrum
1553 2141 1830 2197 tramitem
1867 2140 2027 2196 vitio-

432 2249 580 2301 rum,
611 2231 914 2289 secundum
951 2233 1303 2305 Apostolum,
1343 2233 1579 2305 gloriam
1617 2233 1717 2290 tibi
1757 2250 1824 2292 ex
1868 2234 1947 2291 eis
1974 2233 2027 2290 iu

433 2335 528 2384 tua
569 2326 891 2384 confusione
931 2327 1243 2400 conquiras.
1290 2330 1440 2384 Nam.
1478 2321 1504 2360 δ
1549 2330 1637 2385 cui
1688 2322 1793 2385 sub
1846 2328 2023 2402 specie

435 2421 727 2477 succincta
759 2419 951 2477 vestris
988 2436 1051 2476 ac
1085 2420 1273 2478 nitida
1315 2420 1676 2478 cenodoxiam
1716 2437 1828 2478 non
1856 2421 2031 2494 potuit

436 2513 689 2571 diabolus
713 2529 991 2588 generare,
1034 2531 1131 2588 pro
1157 2515 1401 2588 squalida
1437 2524 1492 2573 et
1519 2515 1719 2573 inculta
1747 2532 1811 2573 ac
1846 2515 2031 2572 viliore

438 2618 671 2666 conatur
693 2608 958 2676 inserere;
992 2624 1154 2681 quem
1182 2624 1294 2665 non
1324 2610 1502 2681 potuit
1530 2626 1626 2683 per
1649 2610 1917 2666 honorem
1947 2607 2031 2664 de-

429 2702 615 2777 jicere,
653 2703 961 2761 humilitate
997 2703 1340 2776 supplantat;
1374 2719 1538 2777 quem
1564 2703 1802 2760 scientia
1831 2711 1886 2761 et
1917 2703 2031 2759 elo-

2210 1953 2270 2006 In
2294 1947 2579 2006 solitudine
2598 1961 2818 2019 quoque
2842 1953 3170 2000 cunctorum
3197 1930 3227 1975 ἀ
3253 1941 3572 1999 mortalium
3602 1958 3736 1999 con-

2136 2047 2303 2105 sortia
2323 2046 2510 2119 gloria
2535 2059 2702 2101 causa
2721 2042 3042 2116 fugientem,
3074 2040 3323 2113 persequi
3354 2055 3469 2096 non
3494 2038 3729 2097 desistit.

2134 2147 2457 2217 Quantaque
2490 2139 2724 2213 amplius
2763 2138 3078 2195 universum
3114 2135 3240 2207 quis
3283 2135 3533 2220 vitaverit
3573 2150 3741 2190 mun-

2135 2236 2289 2304 dum,
2330 2243 2484 2291 tanto
2521 2248 2651 2290 eum
2679 2232 2854 2289 acrius
2890 2231 3205 2289 insectatur.
3239 2229 3426 2285 Alium
3461 2226 3610 2302 quod
3638 2243 3740 2301 pa-

2136 2329 2486 2386 tientissimus
2537 2327 2608 2384 sit
2656 2325 2834 2399 operis
2873 2341 2936 2381 ac
2982 2320 3204 2391 laboris,
3254 2323 3427 2378 alium
3472 2321 3621 2394 quod
3664 2321 3742 2377 ad

2138 2414 2505 2480 obediendhm
2538 2418 3002 2491 promptissimus,
3042 2416 3213 2473 alium
3239 2415 3385 2490 quod
3426 2415 3743 2472 humilitate

2138 2524 2361 2573 cateros
2427 2511 2835 2586 praponderet,
2909 2519 3139 2567 conatur
3216 2510 3488 2567 extollere.
3574 2510 3745 2566 Alius

2141 2610 2409 2678 scientia,
2441 2607 2581 2664 alius
2616 2606 2861 2664 lectionis
2880 2648 2896 2676 ,
2922 2605 3061 2662 alius
3089 2605 3391 2679 vigiliarum
3422 2603 3744 2676 prolixitate

2136 2713 2394 2763 tentatur.
2450 2705 2564 2759 Nec
2609 2703 2743 2759 alias
2789 2716 3122 2774 quemquam
3180 2700 3266 2756 hic
3317 2700 3580 2769 morbus,
3630 2699 3743 2757 nisi

1529 2830 1783 2885 ALARDI
1822 2832 2044 2893 GAZASI
2083 2827 2639 2887 COMMENTARIUS.

437 2950 819 3006 monasterium
838 2950 889 3004 et
906 2947 1306 3003 multitudinem
1324 2949 1571 3016 fratrum
1592 2962 1766 3003 secum
1789 2950 2035 3005 habitan-

439 3024 596 3084 tium,
622 3021 910 3089 turbasque
929 3035 1111 3074 eorum
1133 3021 1234 3088 qui
1251 3019 1472 3073 diversis
1492 3019 1836 3086 languoribus
1855 3024 1905 3075 et
1928 3023 2033 3075 im-

2141 2953 2285 3010 sunt,
2317 2964 2351 3002 a
2381 2948 2617 3001 sinistm's
2640 2949 2767 3000 sunt
2793 2945 3059 3012 (Procerb.
3104 2945 3211 3007 ιν).
3246 2944 3351 3010 Qui
3378 2958 3498 3013 ergo
3524 2946 3742 3012 sapiens

2143 3024 2240 3082 est,
2270 3035 2476 3088 semper
2511 3018 2576 3072 de
2604 3018 2796 3085 futuro
2832 3017 3021 3070 sacqu
3049 3016 3267 3088 cogitat,
3309 3015 3454 3084 quod
3481 3015 3628 3069 ducit
3655 3017 3740 3069 ad

438 3092 656 3148 mundis
685 3086 970 3162 spiritibus
997 3086 1274 3162 occupatos
1302 3090 1377 3162 ad
1401 3104 1456 3144 se
1491 3090 1832 3154 reducebant,
1862 3093 1941 3145 ita
1968 3096 2028 3146 ut
2054 3095 2098 3159 (ζ
2136 3086 2435 3146 dearteram.
2470 3090 2575 3162 Qui
2604 3104 2727 3162 uero
2762 3089 3019 3156 insipiens
3053 3090 3149 3162 est,
3190 3086 3257 3139 de
3287 3088 3557 3162 prasenti,
3589 3088 3744 3162 quod

439 3166 584 3219 omni
609 3160 795 3233 genere
823 3162 1097 3233 hominum
1119 3160 1349 3233 solitudo
1368 3176 1467 3233 per
1488 3162 1774 3233 circuitum
1805 3164 2029 3232 replere-

438 3241 560 3302 tur;
586 3232 748 3305 ﬂebat
776 3232 1032 3303 quotidie,
1053 3235 1125 3305 _et_
1137 3232 1442 3287 incredibili
1464 3232 1729 3288 desiderio
1752 3249 2030 3289 conuersa-

438 3302 600 3362 tionis
623 3307 863 3374 antiqua
882 3302 1282 3359 recordabatur.
1316 3306 1680 3373 Interrogatus
1701 3321 1735 3359 a
1758 3305 2030 3372 fratribus

440 3378 575 3447 quid
602 3377 838 3440 haberet,
872 3391 966 3429 cur
995 3390 1050 3430 se
1080 3377 1371 3444 conﬁceret,
1400 3378 1483 3430 ait
1512 3394 1528 3429 :
1562 3376 1795 3432 Rursum
1825 3376 1898 3431 ad
1925 3392 2028 3431 sa-

439 3446 619 3502 culum
635 3448 794 3510 redii,
810 3451 863 3501 et
875 3448 1049 3516 recepi
1064 3446 1351 3501 mercedem
1364 3462 1535 3502 meam
1554 3449 1608 3501 in
1626 3450 1739 3502 vita
1752 3464 1888 3502 mea.
1907 3450 2030 3503 Jam

441 3519 672 3573 homines
706 3519 1013 3572 Palastina
1032 3523 1084 3573 et
1102 3520 1288 3572 uicina
1305 3519 1591 3573 provincia
1614 3521 1927 3573 existimant
1948 3535 2030 3573 me

443 3588 821 3660 alicujusiesse
856 3591 1127 3660 momenti,
1157 3596 1260 3644 etc.
1292 3587 1490 3645 Subdit
1525 3587 1717 3643 deinde
1752 3588 2027 3660 Hierony-

444 3672 610 3730 mus:
642 3659 912 3730 Mirattur
938 3659 1039 3712 alii
1058 3660 1217 3728 signa
1243 3675 1361 3730 qua
1388 3661 1538 3726 fecit,
1567 3661 1834 3714 mirentur
1856 3659 2028 3715 incre-

440 3729 659 3783 dibilem
678 3729 1080 3792 abstinentiam,
1101 3729 1398 3791 scientiam,
1421 3730 1783 3784 humilitatem
1794 3748 1812 3797 ;
1838 3746 1932 3799 ego
1954 3733 2029 3785 ni-

442 3800 523 3856 hil
546 3803 627 3855 ita
646 3804 848 3871 stupeo,
870 3816 1033 3870 quam
1060 3802 1288 3870 gloriam
1312 3801 1463 3855 illum
1481 3805 1532 3855 et
1560 3801 1805 3855 honorem
1827 3802 2029 3857 calcare

433 3874 689 3943 potuisse.
714 3873 1105 3929 Concurrebant
1120 3874 1367 3942 episcopi,
1386 3872 1705 3941 presbyteri,
1726 3873 2029 3928 clericorum

440 3948 491 3999 et
502 3945 879 3999 monachorum
896 3958 1100 4013 greges,
1116 3946 1370 3997 matrona
1385 3958 1588 4012 quoque
1601 3944 2028 3999 Christianorum

438 4016 663 4083 grandis
691 4016 932 4077 tentatio,
974 4014 1069 4068 sed
1103 4017 1153 4068 et
1182 4017 1423 4083 potentes
1451 4015 1576 4076 uiri,
1620 4018 1671 4068 et
1694 4013 1928 4084 judices,
1968 4020 2030 4070 ut

442 4087 770 4142 benedictum
801 4086 867 4140 ab
895 4100 951 4140 eo
975 4100 1171 4155 panem
1196 4084 1277 4139 vel
1303 4085 1472 4139 oleum
1497 4087 1823 4156 acciperent;
1854 4091 1913 4142 at
1940 4087 2031 4141 ille

439 4159 580 4213 nihil
603 4158 776 4221 aliud,
806 4159 916 4213 nisi
933 4157 1275 4212 solitudinem
1296 4157 1682 4219 meditabatur,
1714 4166 1815 4213 etc.

508 4232 535 4260 ³
576 4229 757 4285 Verba
795 4236 977 4285 textus
1021 4248 1032 4284 :
1074 4231 1153 4287 Ne
1175 4229 1402 4285 declines
1428 4230 1503 4284 ad
1540 4230 1810 4294 dextram,
1841 4244 1931 4284 nec
1958 4229 2032 4284 ad

438 4300 740 4378 sinistram.
774 4300 1020 4378 Declinat
1055 4300 1142 4378 ad_
1151 4300 1429 4378 dextram,
1466 4300 1764 4378 secundum
1790 4307 2030 4378 mentem

441 4369 716 4441 Auctoris,
740 4369 830 4441 qui
866 4369 936 4441 de
966 4369 1251 4441 virtutibus
1275 4380 1368 4425 aut
1395 4371 1670 4441 prosperis
1693 4370 2033 4441 successibus

439 4435 713 4512 extollitur
726 4434 1016 4512 {declinat
1043 4438 1110 4492 ad
1147 4434 1442 4512 sinistram,
1483 4434 1575 4511 qui
1605 4441 1672 4496 de
1701 4440 1933 4512 peccatis
1973 4448 2029 4512 et

439 4506 616 4578 pravis
647 4504 858 4561 actibus
882 4506 1162 4588 gloriatur.
1198 4504 1439 4563 Isidorus
1468 4504 1595 4565 véro
1627 4504 1894 4582 negative,
1931 4510 2028 4568 sed

437 4576 507 4633 ad
529 4575 787 4649 eumdem
810 4591 1037 4648 scopum
1063 4577 1199 4643 (Lib.
1226 4592 1301 4633 III
1325 4579 1391 4633 de
1415 4580 1632 4635 Summo
1657 4583 1799 4635 Bono
1823 4598 1868 4636 c.
1891 4585 2020 4649 23):

1186 4618 1199 4631 .
1227 4596 1301 4633 III
1325 4596 1391 4633 ac
1415 4596 1632 4635 Summo
1657 4596 1799 4635 nono
1823 4598 1868 4636 ϐ.
1891 4596 2020 4639 23ὶὲ

437 4652 555 4708 Non
580 4648 818 4704 declinat
834 4648 908 4703 ad
921 4648 1195 4711 dextram,
1212 4650 1310 4718 qui
1325 4664 1430 4703 non
1453 4651 1575 4713 sibi,
1597 4651 1692 4706 sed
1708 4655 1814 4707 Deo
1834 4648 2026 4708 tribuit

439 4723 576 4777 bona
602 4735 723 4791 qua
736 4722 898 4794 _agit;
934 4736 1105 4791 neque
1137 4719 1211 4774 ad
1235 4721 1516 4794 sinistram
1543 4736 1597 4777 se
1628 4724 1808 4786 vertit,
1838 4726 1934 4794 qui
1962 4725 2028 4780 de

435 4795 623 4849 divina
651 4792 987 4861 indulgentia
1017 4791 1276 4862 peccandi
1305 4792 1572 4848 licentiam
1595 4809 1700 4848 non
1723 4791 2021 4864 prasumit.

352 4916 361 4920 -
434 4869 543 4923 Hoc
567 4864 815 4990 estiguod
837 4865 1101 4935 Propheta
1129 4865 1212 4918 ait
1232 4882 1248 4918 :
1274 4865 1404 4947 Hac
1423 4866 1533 4927 via,
1560 4865 1831 4949 ambulate
1849 4868 1909 4922 in
1934 4883 2025 4933 ea;

432 4952 599 4990 neque
722 4937 972 4990 dextram
996 4951 1167 4990 neque
1195 4935 1269 4990 ad
1294 4940 1571 4990 sinistram
1592 4936 1869 4990 declinata.
1899 4938 2025 4990 Illu-

432 4952 599 5006 neque
626 4935 699 4990 ad
722 4937 972 5006 deatram
996 4951 1167 5006 neque
1195 4935 1269 4992 ad
1294 4936 1571 4991 sinistram
1592 4936 1869 4993 declinato.
1899 4938 2025 4994 Illu-

433 5005 570 5081 strat
590 5014 779 5081 autem
802 5005 944 5063 hanc
961 5005 1289 5081 sententiam
1316 5009 1385 5062 D.
1417 5006 1788 5081 Hieronymus
1814 5009 2025 5066 collatis

433 5076 549 5165 aliis
578 5075 887 5165 Scriptura}
912 5077 1557 5165 sententiisinlspeciem
1570 5075 2019 5165 repugnantibus,

434 5154 496 5221 ut
517 5154 601 5203 est
631 5146 731 5221 illa
750 5146 1177 5221 iEcclesiastisﬂx
1200 5165 1226 5221 Δε
1272 5146 1376 5205 Cor
1415 5146 1678 5221 sapientis
1709 5146 1771 5207 in
1797 5146 2023 5208 deatera

432 5217 568 5293 ejus,
588 5220 788 5293 etc.Et
806 5220 866 5293 in
880 5219 1170 5293 Evangelia
1191 5218 1408 5293 (Matth.
1433 5217 1536 5277 v'et
1557 5225 1662 5288 v1),
1682 5222 1873 5293 inquit,
1884 5240 2024 5293 pra-

431 5288 634 5362 cipitur
646 5292 711 5362 ut
724 5290 925 5343 nesciat
942 5291 1169 5345 sinistra
1188 5288 1319 5359 quid
1338 5293 1512 5358 faciat
1526 5293 1724 5347 dextra
1737 5288 2017 5362 sapientis.

428 5361 512 5434 Et
526 5358 747 5434 quando
757 5362 1085 5429 percutimur
1101 5362 1160 5414 in
1185 5358 1470 5434 mamillam
1488 5363 1786 5424 dexteram,
1798 5358 1916 5418 'non
1926 5365 2021 5434 ju-

432 5429 586 5503 b_etur
593 5430 870 5485 sinistram
878 5446 1068 5499 genam
1077 5433 1322 5502 prabere
1329 5434 1674 5503 percutienti,
1687 5434 1780 5488 sed
1793 5429 2020 5491 alterum

428 5500 698 5555 dextram.
735 5504 916 5557 Justus
945 5500 1097 5557 enim?
1114 5500 1389 5569 sinistram
1412 5505 1471 5557 in
1501 5519 1555 5559 se
1586 5519 1691 5557 non
1713 5505 1890 5568 habet,
1925 5509 2019 5563 sed

428 5575 596 5628 totum
620 5573 680 5627 in
705 5588 762 5627 eo
786 5572 1039 5629 deatrum
1064 5578 1159 5629 est.
1194 5576 1393 5629 Etcum
1420 5574 1495 5628 ad
1507 5574 1871 5643 judicandum
1896 5578 2018 5633 Sal-

425 5647 581 5697 vator
602 5646 825 5707 uenerit,
852 5646 983 5712 agni
1005 5646 1228 5701 stabunt
1254 5661 1289 5699 a
1317 5645 1543 5708 dextris,
1572 5646 1718 5701 hadi
1736 5663 1855 5703 vero
1880 5664 1916 5702 a
1941 5651 2017 5704 si-

425 5716 613 5769 nistris
635 5719 792 5771 erunt
812 5715 1026 5785 (Matth.
1050 5720 1216 5782 xxv).
1235 5718 1305 5771 Et
1326 5718 1383 5770 in
1402 5717 1703 5773 Proverbiis
1721 5720 1975 5777 scribitur
1994 5740 2011 5775 :

424 5790 688 5844 Dexteras
720 5787 839 5843 cius
870 5789 1019 5844 nouit
1046 5788 1334 5854 Dominus;
1379 5802 1499 5857 qua
1540 5792 1717 5845 autem
1748 5806 2012 5861 perversa

2054 4480 2105 4543 D

2132 3164 2366 3233 positum
2385 3164 2462 3215 est
2490 3161 2550 3214 in
2569 3161 2815 3214 sinistra.
2846 3162 2972 3226 Qua
2992 3157 3207 3227 quidem
3230 3161 3439 3212 secutus
3462 3157 3598 3212 idm
3614 3157 3746 3226 phi-

2137 3235 2382 3304 losophus
2411 3236 2462 3287 et
2483 3235 2644 3302 poeta
2670 3233 2796 3289 ait:

2262 3385 2497 3441 Dextera,
2524 3394 2639 3445 qua
2664 3381 2831 3445 magni
2847 3381 2977 3430 Ditis
2998 3380 3091 3445 sub
3111 3379 3292 3445 mania
3313 3378 3479 3437 ducit;

2262 3448 2366 3494 Hac
2388 3445 2484 3494 iter
2503 3444 2725 3506 Elysium
2750 3442 2922 3506 nobis;
2948 3448 2998 3506 at
3018 3443 3143 3493 lava
3161 3442 3406 3506 malorum

2259 3510 2473 3557 Exercet
2495 3503 2687 3569 puinas,
2720 3510 2769 3556 et
2791 3505 2855 3555 ad
2877 3504 3025 3569 impia
3050 3508 3258 3556 Tartara
3277 3503 3448 3554 mittit.

2137 3662 2445 3717 Firmianus
2484 3676 2689 3729 quoque
2726 3663 2906 3715 noster
2941 3661 2999 3713 in
3032 3660 3287 3731 praclaro
3325 3662 3739 3715 Institutionum

2136 3748 2359 3787 suarum
2382 3747 2535 3802 opere
2562 3734 2730 3798 (Lact.
2767 3732 2804 3785 l.
2830 3745 2894 3786 γι
2924 3746 2968 3785 c.
2999 3737 3029 3787 3
3060 3735 3112 3785 et
3133 3736 3210 3797 4),
3239 3731 3423 3785 littera
3450 3733 3740 3799 Pythago-

2137 3806 2263 3858 rica
2288 3805 2551 3865 meminit,
2584 3807 2635 3857 et
2670 3804 2735 3858 de
2763 3803 2971 3857 dextris
3006 3818 3068 3857 ac
3098 3803 3354 3864 sinistris,
3396 3803 3489 3855 hoc
3520 3806 3617 3863 est,
3660 3804 3743 3857 de

2136 3875 2422 3930 virtutibus
2454 3890 2517 3929 ac
2542 3875 2694 3929 vitiis
2719 3874 3036 3944 planissime
3060 3874 3326 3943 disputat.
3357 3874 3456 3929 Nec
3476 3877 3742 3942 putemus

2138 3947 2260 4001 huic
2280 3946 2606 4001 sententiola
2625 3946 2763 4000 illud
2782 3960 2891 4001 esse
2910 3948 3260 4008 contrarium,
3290 3948 3345 3998 in
3367 3959 3467 4014 quo
3488 3944 3691 3998 dicitur
3717 3966 3738 4001 :

2112 4020 2215 4087 ,ΝΘ
2252 4017 2478 4073 declines
2516 4019 2576 4071 in
2616 4017 2925 4079 dexteram,
2960 4032 3128 4084 neque
3163 4019 3221 4070 in
3257 4018 3539 4071 sinistram
3569 4015 3741 4086 (Pro-

2138 4089 2283 4144 verb.
2317 4092 2418 4158 ιν).
2450 4091 2551 4144 Hic
2578 4091 2719 4143 enim
2737 4103 2869 4159 pars
2905 4087 3129 4141 dextera
3156 4103 3256 4157 pro
3282 4088 3411 4142 bono
3435 4089 3735 4156 accipitur;

2138 4162 2362 4215 ibiuero
2380 4176 2486 4214 non
2507 4164 2620 4215 tam
2648 4161 2865 4222 dextra,
2892 4174 3056 4229 quam
3072 4159 3357 4213 declinatio
3377 4159 3611 4213 deatera
3634 4174 3736 4213 ac-

2139 4235 2375 4293 cusatur,
2417 4246 2485 4284 ne
2514 4232 2641 4300 plus
2677 4233 2952 4301 sapiamus
2991 4246 3156 4299 quam
3180 4245 3276 4285 nos
3312 4245 3497 4300 sapere
3533 4245 3739 4286 necesse

2140 4307 2259 4356 est:
2291 4304 2422 4370 quia
2439 4303 2663 4356 uirtutes
2693 4303 2750 4356 in
2767 4302 2939 4355 medio
2958 4306 3106 4364 sunt,
3129 4306 3179 4356 et
3196 4304 3444 4356 nimietas
3471 4303 3639 4356 omnis
3665 4303 3735 4357 in.

2134 4374 2272 4444 vitio
2294 4376 2401 4444 est.
2448 4372 2581 4427 Hac
2620 4374 2689 4426 D.
2727 4373 3110 4444 Hieronymus
3147 4371 3217 4429 ad
3256 4372 3402 4429 illius
3446 4371 3733 4429 sententia

2136 4440 2559 4514 elucidationem
2601 4442 2947 4514 pertinentia.

2209 4505 2236 4544 δ
2251 4512 2391 4569 Hinc
2410 4516 2479 4569 D.
2504 4505 2875 4586 Hieronymus
2886 4513 2958 4571 ad
2980 4513 3347 4586 Nepotianum
3372 4515 3619 4586 (Epistol.
3638 4514 3689 4584 2)
3717 4535 3732 4572 :

2132 4585 2365 4641 Ornatus
2384 4590 2447 4640 ut
2462 4586 2643 4641 sordes
2663 4585 2797 4656 pari
2816 4587 2970 4641 modo
2987 4585 3265 4655 fugienda
3284 4585 3442 4651 sunt,"
3454 4589 3583 4656 quia
3602 4586 3731 4641 alte-

2131 4671 2251 4710 rum
2261 4656 2733 4720 delicias,alterum
2744 4658 2971 4727 gloriam
2982 4656 3362 4715 redoletJdem
3372 4657 3733 4715 adPaulinum

2135 4728 2377 4797 (Epistol.
2395 4734 2426 4783 4
2452 4747 2464 4782 :
2486 4729 2860 4800 Humilitatem
2872 4731 3100 4784 vestium
3119 4733 3348 4786 tumenti
3360 4731 3543 4799 animo
3560 4746 3623 4784 ne
3636 4746 3735 4800 ap-

2129 4802 2306 4868 petas.
2332 4800 2406 4854 Et
2428 4799 2553 4855 alibi
2582 4799 2831 4871 (Epistol.
2864 4806 2955 4870 13)
2990 4822 3002 4856 :
3031 4801 3273 4857 Sordida
3296 4806 3461 4857 uestes
3481 4799 3734 4856 candida

2135 4873 2327 4925 mentis
2352 4872 2567 4926 indicia
2606 4872 2734 4935 sint,
2776 4871 2900 4926 vilis
2956 4874 3135 4928 tunica
3162 4877 3514 4943 contemptum
3548 4874 3737 4926 saculi

2131 4942 2322 5011 probet
2351 4959 2370 4996 :
2399 4945 2479 4997 ita
2503 4943 2793 4997 dumtaaat
2817 4958 2883 4997 ne
2918 4946 3132 4999 animus
3162 4942 3382 5007 tumeat,
3407 4960 3476 4999 ne
3508 4944 3731 4998 habitus

2133 5026 2406 5086 sermoque
2438 5014 2764 5086 dissentiant
2803 5015 2957 5086 (Cap.
3001 5020 3109 5080 17).
3162 5016 3289 5071 Huc
3333 5022 3548 5086 spectat
3590 5014 3731 5070 illud

2132 5083 2450 5157 Tertulliani
2478 5084 2537 5140 in
2572 5083 2928 5157 Apologetico
2962 5105 2975 5140 :
3018 5089 3149 5142 Ecce
3182 5083 3461 5142 lutulentis
3493 5086 3729 5157 pedibus

2134 5156 2388 5281 gnifgetnes
2416 5155 2669 5227 superbos
2704 5157 2944 5211 Platonis
2981 5158 3158 5212 thoros
3192 5157 3307 5212 alia
3345 5155 3599 5229 superbia
3624 5157 3729 5211 de-

2154 5264 2157 5267 η
2222 5242 2283 5280 ca
2314 5268 2327 5281 .

2132 5241 2327 5281 culcat.

2199 5298 2395 5371 °__Mss.
2437 5300 2501 5371 In
2537 5296 2757 5371 modum
2795 5313 2933 5369 cepa
2974 5302 3261 5371 porrique.
3291 5298 3461 5371 Unde
3497 5305 3630 5371 puto
3667 5296 3728 5353 in

2127 5367 2371 5451 codicem
2404 5367 2805 5455 Diopysiapum
2836 5367 3101 5455 fnepdum
3114 5367 3409 5455 istud‘non
3436 5367 3728 5455 ferendum

2128 5438 2441 5564 irregsisset
2473 5438 2567 5521 ubi
2596 5438 2827 5521 habetur
2875 5459 2886 5494 :
2919 5444 3022 5524 Per
3063 5443 3467 5524 dispositionem
3502 5442 3725 5519 teporis,

2126 5508 2352 5592 dua_us.
2389 5509 2719 5592 dictionibus
2772 5518 3066 5592 truncatim
3110 5521 3370 5592 Juuctis,
3409 5512 3727 5592 quod__non

2128 5580 2383 5657 ductori,
2426 5580 2522 5637 sed
2559 5581 2914 5654 scriptoribus
2955 5592 3010 5639 et
3053 5580 3725 5657 typographis‘ascriben-

2123 5650 2377 5797 duanilide
2402 5723 2649 5796 exempla
2673 5725 2773 5782 SS.
2801 5725 3051 5796 Antonii,
3074 5725 3396 5797 Hilarionis,
3417 5723 3723 5793 Benedictis

2122 5792 2264 5866 apud
2295 5808 2425 5851 suos
2452 5792 2722 5853 auctores.
