4012 6192
348 224 447 281 405

894 224 984 279 DE
1021 223 1495 281 C(ENOBIORUM
1533 222 1774 280 lNSTlT.
1814 223 1939 278 LIB.
1982 223 2070 278 XI.
2108 250 2182 265 -
2217 223 2305 278 DE
2342 222 2609 280 SPIBITU
2647 223 3080 282 CENODOXUE.

3532 232 3636 285 406

343 355 368 386 ⁸
395 350 508 408 suis
546 348 737 406 nititur
775 348 1063 406 virtutibus
1096 350 1362 418 sauciare,
1392 349 1447 405 in
1476 348 1559 405 his
1600 348 1932 406 offendicula
1961 352 2013 414 A
2041 349 2229 405 ctoriaz
2248 348 2416 422 ipsius
2429 349 2661 406 elatione
2680 349 3047 424 congreditur.
3078 352 3152 407 Et
3170 349 3288 409 haec
3308 362 3391 408 est
3417 353 3638 411 subtilis

343 443 563 500 tendens
604 442 881 512 interitus,
926 444 985 499 in
1024 444 1222 516 quibus
1264 444 1386 501 vitae
1420 443 1684 516 stipendia
1707 442 1933 514 conqui-

343 546 551 594 runtur.
583 536 908 593 Veientibus
942 539 1142 610 quippe
1170 538 1275 593 iter
1307 538 1518 611 pietatis
1544 552 1609 593 ac
1646 535 1936 609 perfectio-

340 632 419 688 nis
463 630 749 700 incedere,
781 646 893 687 non
930 631 1054 687 alibi
1097 631 1302 687 inimici
1344 632 1659 689 insidiantes
1682 673 1696 700 ,
1734 632 1833 687 nisi
1881 633 1935 688 in

341 724 417 781 via
444 738 553 797 qua
581 724 896 793 ambulant,
920 724 1140 797 laqueos
1182 725 1521 797 deceptionis
1560 725 1931 795 abscondunt,

338 820 635 877 secundum
674 820 824 876 illam
863 819 1002 875 beati
1033 819 1210 876 David
1238 819 1568 876 sententiam
1613 840 1625 875 :
1664 813 1691 852 ³)
1736 824 1802 876 In
1845 824 1932 875 via

338 917 435 971 hac
488 932 599 987 qua
647 916 985 971 ambulabam
1005 957 1021 978 ,
1074 917 1464 972 absconderant
1511 917 1757 985 laqueum
1799 918 1936 971 mihi

341 1009 566 1078 (Psalm.
593 1010 753 1077 xrv),
799 1015 861 1063 ut
890 1008 951 1063 in
998 1006 1103 1063 hac
1146 1007 1260 1079 ipsa
1303 1007 1507 1063 scilicet
1549 1007 1807 1063 virtutum
1848 1007 1929 1064 via

337 1116 437 1172 qua
462 1100 765 1173 gradimur,
793 1100 1079 1157 tendentes
1119 1100 1189 1157 ad
1221 1099 1464 1156 bravium
1492 1115 1739 1172 supernae
1768 1116 1927 1157 voca-

335 1197 519 1263 tionis,
564 1196 771 1252 nostris
795 1195 920 1252 elati
963 1194 1305 1251 successibus
1352 1209 1692 1262 corruamus,
1726 1194 1930 1266 obliga-

333 1289 511 1361 tisque
549 1288 775 1360 pedibus
817 1286 1016 1343 animae
1060 1295 1264 1343 nostra:
1320 1287 1704 1355 concidamus,
1763 1304 1928 1349 ceno;-

330 1382 508 1440 doxiae
535 1381 740 1453 laqueis
765 1379 1079 1452 compediti.
1116 1381 1184 1434 Et
1215 1379 1288 1435 ita
1322 1380 1405 1449 ﬁt,
1429 1388 1487 1436 ut
1518 1381 1611 1452 qui
1636 1381 1926 1438 adversarii

332 1476 585 1533 conﬂictu
630 1490 743 1531 non
770 1475 1071 1547 vpotuimus
1117 1474 1387 1546 superari,
1435 1473 1607 1530 nostri
1658 1475 1925 1547 triumphi

329 1568 661 1626 sublimitate
673 1567 980 1635 vincamur;
1000 1582 1093 1625 seu
1114 1576 1282 1637 certe,
1307 1566 1453 1639 quod
1482 1575 1565 1624 est
1586 1568 1750 1624 etiam
1778 1567 1928 1624 aliud

328 1663 655 1735 deceptionis
703 1678 907 1735 genus,
948 1670 1011 1719 ut
1049 1661 1368 1720 excedentes
1414 1662 1798 1731 continentia),
1844 1663 1927 1717 vel

2040 444 2249 500 inimici
2292 446 2545 514 versutia,
2595 455 2657 502 ut
2705 447 2937 503 militem
2966 445 3167 504 Christi
3208 448 3445 520 propriis
3479 447 3638 505 faciat

2041 540 2162 596 telis
2182 541 2534 612 occumbere,
2560 557 2726 613 quem
2748 541 3035 598 hostilibus
3057 542 3223 599 armis
3248 558 3502 616 superare
3524 558 3637 599 non

2043 636 2238 707 potuit.

2628 730 2867 789 CAPUT
2906 733 3054 788 Vlll.

2114 824 2267 892 Quod
2298 825 2586 880 cenodoana
2628 841 2720 880 nec
2752 841 2923 881 eremo
2963 842 3057 881 nec
3089 830 3245 882 aetate
3272 828 3565 896 deferveat.

2110 917 2232 974 Alia
2261 918 2539 975 interdum
2564 919 2712 988 vitia,
2734 920 2878 976 sicut
2901 919 3160 989 diximus,
3192 921 3359 977 etiam
3394 922 3641 978 locorum

2038 1011 2315 1068 beneﬁcio
2334 1012 2738 1083 conquiescunt,
2769 1020 2823 1068 et
2850 1015 3080 1069 materia
3105 1016 3333 1086 peccati,
3368 1015 3451 1070 vel
3482 1031 3640 1088 opor-

2036 1107 2266 1161 tunitate
2307 1109 2424 1177 ejus
2449 1114 2505 1162 et
2549 1106 2830 1162 occasione
2874 1106 3183 1175 subtracta,
3223 1108 3518 1165 lentescere
3542 1125 3640 1166 so-

2037 1196 2145 1251 lent
2171 1204 2223 1252 et
2270 1196 2478 1263 minui;
2508 1195 2616 1252 hoc
2642 1211 2771 1253 vero
2798 1186 2928 1252 cum
2958 1196 3204 1269 fugiente
3235 1198 3448 1254 deserta
3475 1215 3638 1270 pene-

2036 1296 2160 1358 trat,
2189 1306 2288 1347 nec
2320 1291 2441 1347 loco
2471 1290 2623 1347 novit
2644 1290 2877 1359 excludi,
2908 1307 3011 1347 nec
3040 1293 3382 1349 extrinsecus
3405 1294 3637 1350 materia

2034 1384 2308 1440 subtracta
2332 1400 2684 1442 marcescere.
2710 1388 2833 1441 Non
2868 1386 3015 1442 enim
3060 1386 3275 1443 aliunde
3309 1402 3477 1460 quam
3518 1388 3631 1445 vir-

2035 1484 2212 1534 tutum
2242 1479 2357 1549 ejus
2390 1495 2553 1551 quem
2576 1479 2788 1551 impetit
2817 1479 3155 1537 successibus
3180 1480 3472 1537 animatur.
3508 1483 3635 1539 Cae-

2036 1578 2149 1626 tera
2192 1572 2362 1626 etiam
2393 1573 2521 1628 vitia
2562 1588 2821 1645 processu
2855 1575 3123 1645 temporis
3143 1615 3158 1641 ,
3191 1583 3251 1629 ut
3285 1574 3500 1645 praefati
3535 1591 3635 1632 su—

2035 1678 2178 1730 mus,
2231 1664 2509 1721 interdum
2557 1666 2881 1722 molliuntur
2917 1676 3077 1738 atque
3118 1670 3477 1734 evanescunt;
3506 1668 3637 1725 huic

327 1765 527 1814 nostra:
559 1755 927 1829 possibilitatis
966 1756 1222 1828 modum,
1254 1756 1712 1828 perseverantiam
1751 1756 1924 1812 nostri
1953 1762 2012 1837 Β
2034 1758 2382 1830 Ιοηεωνίῑίιδ,
2424 1759 2528 1815 nisi
2564 1758 2730 1815 fuerit
2770 1760 3029 1816 industria
3058 1761 3246 1818 solerti
3277 1778 3340 1818 ac
3379 1761 3632 1833 prudenti

325 1866 516 1907 cursus
556 1849 875 1907 inﬁrmitate
917 1849 1166 1923 corporis
1203 1849 1566 1907 intercedente
1613 1849 1922 1922 perdamus.

917 1955 1158 2010 CAPUT
1197 1954 1318 2008 VII.

321 2050 473 2118 Quod
500 2049 791 2105 cenodomia
818 2064 936 2103 cum
979 2049 1183 2173 (éej'ecta
1219 2049 1424 2114 fumat,
1465 2041 1641 2101 acrius
1674 2051 1926 2116 resurgat

944 2137 1001 2173 ar
1046 2134 1308 2173 nmmum.

944 2134 1017 2173 (Ut
1042 2134 1308 2189 pugnam.

391 2223 585 2280 Omnia
616 2222 742 2279 vitia
779 2230 1038 2293 superata
1076 2228 1440 2289 marcescunt,
1495 2230 1548 2276 et
1588 2220 1797 2277 devicta
1828 2236 1925 2293 per

315 2317 564 2390 singulos
602 2316 720 2373 dies
768 2314 1070 2373 infirmiora
1107 2313 1432 2382 redduntur,
1472 2322 1524 2368 et
1554 2315 1634 2369 vel
1677 2314 1798 2369 loco
1843 2314 1921 2369 vel

316 2420 568 2484 tempore
604 2411 931 2467 minuuntur
968 2410 1151 2482 {atque
1191 2406 1497 2476 deferveat,
1554 2423 1651 2464 seu
1702 2416 1846 2463 certe
1887 2424 1917 2463 a

316 2504 603 2562 contrariis
648 2505 933 2562 virtutibus
971 2503 1316 2572 dissidentia,
1360 2503 1439 2559 vel
1490 2510 1753 2559 caventur
1792 2501 1919 2559 faci-

310 2601 440 2669 lius,
471 2600 553 2655 vel
581 2600 847 2666 vitantur;
876 2599 984 2654 hoc
1007 2614 1135 2655 vero
1172 2596 1447 2670 dejectum
1484 2597 1661 2653 acrius
1685 2598 1920 2670 resurgit

310 2696 383 2753 ad
429 2696 660 2762 luctam;
693 2703 901 2751 etcum
943 2702 1167 2766 putatur
1195 2692 1559 2759 exstinctum,
1607 2706 1705 2747 sua
1741 2699 1918 2748 morte

312 2790 559 2847 vivacius
604 2789 951 2845 convalescit.
1005 2790 1212 2845 Cattera
1264 2803 1462 2860 genera
1520 2786 1776 2843 vitiorum
1825 2801 1917 2843 eos

306 2894 524 2941 tantum
551 2885 870 2955 impugnare
890 2882 1070 2939 solent
1111 2897 1252 2955 quos
1280 2881 1336 2938 in
1360 2880 1660 2937 certamine
1688 2895 1917 2953 supcra—

306 2979 447 3045 rint,
475 2980 583 3033 hoc
610 2992 738 3032 vero
767 2991 898 3032 suos
927 2977 1154 3032 viclores
1182 2975 1363 3031 acrius
1388 2975 1716 3043 insectatur;
1743 2990 1914 3046 quan-

304 3083 481 3145 toque
506 3070 670 3127 fuerit
699 3070 923 3127 validius
962 3070 1193 3138 elisum,
1237 3077 1389 3124 tanto
1432 3068 1806 3123 vehementius
1836 3068 1915 3123 vi-

2032 1850 2357 1907 discretione
2384 1849 2630 1920 fundata,
2682 1866 2795 1906 non
2822 1852 3002 1907 solum
3042 1867 3155 1907 non
3199 1850 3385 1920 ofﬁcit,
3443 1868 3633 1910 verum

2034 1944 2199 2000 etiam
2229 1944 2436 2016 majora
2465 1945 2614 2001 novit
2640 1943 2881 2002 fomenta
2904 1946 3203 2018 congerere
3232 1946 3503 2003 vanitatis.

2600 2049 2841 2105 CAPUT
2887 2050 2990 2103 IX.

2069 2144 2221 2210 Quod
2246 2142 2552 2211 Icenodoaia
2582 2144 2934 2214 periculosior
2969 2146 3043 2198 sit
3072 2143 3368 2212 virtutibus
3392 2146 3589 2200 mixta.

2103 2241 2385 2294 Postremo
2414 2243 2627 2294 caeteras
2664 2236 3093 2310 perturbationes
3139 2252 3169 2293 a
3198 2238 3485 2294 contrariis
3525 2238 3627 2294 sibi

2031 2331 2318 2388 virtutibus
2346 2330 2699 2401 dissidentes,
2757 2339 2813 2387 et
2861 2348 2925 2388 ex
2974 2340 3187 2403 aperto,
3226 2340 3511 2404 tamquam
3542 2332 3629 2389 die

2027 2427 2172 2482 claro
2218 2426 2507 2493 bellantes,
2555 2434 2609 2482 et
2648 2435 2975 2498 superantur
3000 2426 3207 2484 facilius
3244 2435 3302 2483 et
3327 2433 3624 2483 caventur:

2028 2520 2146 2577 haec
2171 2530 2355 2576 autem
2384 2520 2677 2577 virtutibus
2710 2519 2907 2576 inserta
2930 2528 2986 2575 et
3019 2521 3153 2576 aciei
3190 2520 3482 2593 permixta,
3514 2522 3625 2578 vel-

2026 2623 2087 2670 ut
2114 2614 2168 2669 in
2201 2623 2361 2669 nocte
2392 2629 2533 2669 caeca
2563 2613 2848 2677 dimicans,
2888 2613 3124 2668 atrocius
3154 2614 3463 2684 inopinatos
3488 2613 3628 2670 deci-

2027 2707 2102 2779 pit
2124 2716 2177 2763 et
2205 2706 2472 2763 incautos.

2642 2810 2884 2865 CAPUT
2922 2809 2999 2864 X.

2024 2903 2344 2973 Ewcnaplum
2387 2904 2530 2971 regis
2566 2902 2823 2964 Ezechiw,
2859 2901 3306 2971 quemadmodum
3336 2903 3436 2956 telo
3473 2917 3629 2955 ceno-

2487 2973 2668 3027 doasiu:
2702 2974 2935 3041 dejectus
2972 2975 3163 3040 fuerit.

2100 3068 2180 3121 Ita
2218 3081 2454 3137 namque
2505 3069 2528 3097 ο
2560 3065 2853 3122 Ezechiam
2880 3079 3066 3137 regem
3112 3062 3305 3132 Judec,
3345 3062 3523 3120 virum

1421 3192 1675 3245 ALARDI
1712 3192 1938 3245 GAZzEI
1974 3190 2530 3246 COMMENTARIUS.

388 3311 417 3339 ίι
446 3306 585 3361 Hinc
606 3309 675 3360 D.
696 3304 1119 3378 Chrysostomus
1138 3305 1261 3378 (Vel
1282 3304 1526 3378 quisguis
1548 3307 1737 3357 auctor
1753 3304 1908 3378 Oper.
1942 3307 1987 3370 C
2025 3307 2151 3356 ante
2169 3304 2574 3378 cumfuemnt:
2600 3304 2650 3378 et
2687 3300 2921 3378 adhaesit
2945 3302 3186 3378 Domino,
3213 3304 3265 3354 et
3290 3315 3395 3354 non
3411 3303 3622 3357 recessit

302 3380 645 3450 imperfect,
692 3372 833 3450 Itoni.
874 3376 999 3450 ⁸13)
1056 3373 1376 3431 cenodoxitc
1413 3375 1607 3450 vitium
1655 3372 1914 3450 omnibus

302 3446 434 3506 aliis
481 3449 630 3504 vitiis
683 3446 1038 3518 periculosius
1088 3461 1210 3502 esse
1257 3446 1452 3501 asserit
1498 3464 1510 3500 :
1568 3448 1697 3502 Cum
1745 3448 1912 3513 enim,

303 3520 524 3591 inquit,
556 3522 735 3575 omnia
774 3520 925 3574 mala
962 3534 1134 3573 servos
1166 3518 1376 3572 diaboli
1402 3522 1608 3581 vement,
1642 3519 1916 3586 concupis—

303 3595 484 3647 centia
502 3608 657 3646 came
673 3593 857 3661 σιω-ξω
880 3592 1051 3658 magis
1074 3594 1238 3661 verat
1250 3605 1428 3661 servos
1443 3592 1543 3645 Dei
1553 3604 1716 3659 quam
1737 3604 1913 3644 servos

303 3664 528 3719 diaboli.
551 3667 623 3718 D.
659 3659 994 3735 Augustinus
1019 3660 1272 3735 Confess.
1310 3659 1403 3715 lib.
1436 3676 1479 3717 Χ
1502 3676 1615 3732 cap.
1650 3666 1717 3716 38
1746 3678 1757 3713 :
1787 3662 1910 3716 Ser-

304 3751 420 3796 mo,
451 3734 643 3804 inquit,
669 3733 770 3788 ore
783 3733 1088 3803 procedens,
1125 3736 1175 3786 et
1217 3733 1400 3799 facta,
1446 3748 1567 3802 qua:
1594 3735 1913 3787 inanescunt

304 3807 635 3867 hominibus,
680 3806 876 3859 habent
908 3806 1253 3858 tentationcm
1295 3804 1803 3871 periculosissimum
1842 3804 1911 3857 ab

305 3893 494 3933 amore
510 3877 710 3936 laudis,
738 3878 835 3943 qui
850 3876 924 3928 ad
940 3876 1217 3943 privatam
1234 3873 1527 3939 quamdam
1548 3874 1914 3927 emcellmtiam

302 3950 623 4003 contrahere
652 3946 985 3999 emendicata
1013 3943 1296 4008 suffragia
1320 3944 1523 4004 tentat;
1551 3945 1599 3991 et
1629 3956 1748 3992 cum
1779 3957 1814 3993 (ι
1835 3958 1916 3994 me

300 4024 361 4074 in
389 4035 476 4073 me
498 4020 782 4085 arguitur,
807 4031 864 4069 eo
892 4016 1027 4082 ipso,
1059 4027 1162 4079 quo
1183 4010 1455 4085 arguitur,
1474 4011 1702 4085 gravius
1726 4013 1915 4085 tentat.

238 4106 267 4117 ο
297 4096 378 4148 Et
413 4104 553 4156 swpc
572 4081 744 4140 'homo
779 4086 845 4139 de
873 4081 987 4152 ipso
1013 4096 1167 4156 uana
1192 4081 1383 4156 gloriae
1410 4083 1707 4156 contemptu
1730 4083 1920 4156 uanius

293 4152 607 4233 gloriatur,
637 4157 857 4233 ideoque
883 4170 990 4207 non
1016 4154 1150 4233 jam
1166 4152 1232 4205 de
1267 4154 1379 4233 ipso
1405 4152 1588 4233 gloria:
1606 4154 1923 4233 contemptu

297 4223 608 4304 Moriatur,
622 4243 727 4282 non
746 4223 884 4304 enim
901 4225 1314 4304 eamcontemnit
1338 4237 1453 4304 cum
1473 4223 1919 4304 gloriaturintus.

305 4294 381 4361 Et
425 4314 555 4372 cap;
599 4297 855 4372 sequenti
900 4315 915 4349 :
960 4297 1146 4372 Etiam
1178 4296 1326 4372 intus
1361 4298 1438 4349 est
1465 4295 1621 4372 aliud
1653 4296 1709 4372 in
1737 4294 1920 4372 eodem

303 4367 509 4445 genere
527 4367 1087 4445 tentationismalum,
1115 4382 1226 4445 quo
1242 4368 1557 4445 inanescunt
1581 4368 1679 4445 qui
1701 4367 1918 4445 placent

443 4445 511 4499 de
536 4459 610 4505 se,
636 4442 879 4511 quamvis
906 4441 1033 4494 aliis
1054 4439 1138 4493 uel
1160 4436 1433 4507 placeant,
1454 4440 1545 4511 fuel
1572 4438 1911 4511 displiceant,

305 4532 408 4573 nec
422 4517 634 4585 placere
643 4509 903 4581 affectent
924 4512 1149 4585 crete-ris.
1167 4510 1272 4585 sed
1285 4511 1394 4585 sibi
1400 4510 1663 4585 placente,
1683 4509 1911 4564 multum

2023 3389 2058 3427 α
2084 3375 2326 3442 vestigiis
2353 3372 2488 3442 ejus,
2507 3374 2743 3440 fecitque
2756 3372 3016 3426 mandata
3036 3372 3148 3441 ejus
3168 3379 3623 3442 qztcemwceperat

2023 3446 2278 3500 Dominus
2306 3446 2501 3513 Moysi.
2551 3444 2697 3499 Unde
2724 3447 2776 3497 et
2800 3448 2916 3497 erat
2940 3445 3196 3499 Dominus
3234 3459 3353 3497 cum
3382 3459 3461 3506 eo,
3490 3448 3541 3498 et
3565 3447 3621 3498 in

2022 3519 2244 3598 cunctis,
2271 3517 2344 3571 ad
2381 3531 2502 3598 quae
2514 3515 2854 3597 procedebat,
2880 3516 3152 3598 sapienter
3167 3530 3223 3570 sc
3250 3514 3464 3598 agebat.
3487 3517 3622 3598 llaec

2022 3587 2120 3660 ibi.
2149 3588 2284 3657 Quae
2313 3585 2534 3660 quidem
2559 3601 2673 3660 non
2702 3586 2782 3642 sic
2821 3585 3353 3660 intelligend_a_s_unt,
3385 3593 3448 3641 ut
3482 3589 3617 3643 Eze-

2019 3655 2433 3714 chias'sanctior
2473 3657 2682 3714 Davide
2720 3655 3025 3721 censeatur]
3052 3658 3141 3725 qui
3168 3655 3272 3712 fuit
3300 3664 3425 3712 ante
3454 3671 3613 3725 eum;

2021 3732 2101 3800 vel
2129 3731 2281 3785 Josia
2304 3771 2319 3798 ,
2362 3729 2457 3800 qui
2488 3727 2596 3800 fuit
2632 3735 2929 3800 post_eum.
2972 3727 3081 3782 Sed
3111 3742 3304 3800 sensus
3331 3734 3442 3793 est,
3473 3732 3618 3800 quod

2021 3799 2160 3871 inter
2185 3796 2342 3871 reges
2366 3796 2485 3871 non
2518 3798 2617 3854 fuit
2634 3796 2830 3853 similis
2857 3797 2902 3852 ei
2925 3840 2937 3851 .
2958 3797 3152 3871 quoad
3188 3798 3364 3871 aliqua
3390 3796 3621 3871 particu-

2022 3870 2169 3925 laria.
2219 3866 2370 3927 Sicut
2402 3869 2548 3924 enim
2587 3870 2743 3924 stella
2773 3885 2808 3922 a
2848 3870 3001 3922 stella
3031 3868 3233 3934 differt
3276 3869 3333 3918 in
3374 3866 3624 3919 claritate

2025 3944 2068 4005 (l
2091 3944 2205 3997 Cor.
2234 3946 2369 4006 xv),
2400 3940 2477 3995 sic
2501 3940 2667 3993 homo
2692 3938 2876 3994 differt
2904 3938 2975 3993 ab
3002 3937 3227 3992 homine
3255 3934 3436 4006 quoad
3464 3937 3599 4004 parti

2025 4011 2226 4065 cularia
2256 4011 2397 4064 dona
2413 4052 2439 4074 ,.
2460 4009 2546 4064 vel
2589 4009 2752 4075 facta,
2785 4008 2984 4078 quibus
3029 4007 3167 4063 alios
3198 4006 3621 4078 excellit._Undc

2027 4088 2082 4134 et
2106 4080 2401 4150 Scriptura:
2438 4088 2492 4132 et
2534 4079 2773 4150 historiae
2802 4075 2935 4150 alios
2955 4091 3073 4150 pra:
3112 4077 3227 4131 aliis
3255 4092 3285 4131 a
3320 4075 3481 4131 certis
3501 4077 3619 4150 vir-

2028 4147 2242 4205 tutibus
2260 4148 2682 4214 commendant,
2713 4154 2777 4202 ut
2805 4147 3077 4201 Abraham
3102 4155 3155 4202 et
3177 4151 3406 4203 Petrum
3436 4163 3467 4203 a
3493 4147 3618 4215 fide,

2030 4221 2234 4303 losepli
2266 4229 2325 4303 et
2352 4222 2678 4303 Joannemna
2698 4217 2962 4303 castitate,
2991 4217 3096 4273 Joh
3123 4226 3176 4274 et
3194 4217 3440 4303 ‘thiam
3469 4235 3618 4303 apa-

2029 4287 2237 4361 tientia,
2268 4295 2571 4362 Moysenet
2607 4287 2866 4362 Davidem
2896 4304 2925 4362 a
2960 4289 3404 4362 mansuetudine;
3442 4287 3538 4347 sic'
3564 4292 3616 4348 in

2025 4360 2665 4436 martyribus—fortitudo,
2710 4361 2766 4416 in
2790 4360 3085 4436 virginibus
3114 4361 3388 4436 pudicitia,
3415 4362 3469 4418 in
3502 4364 3617 4421 aliis

2021 4435 2146 4519 aliae
2170 4433 2400 4519 virtutes
2413 4434 2785 4519 excelluerunt
2799 4456 2817 4519 _;
2844 4433 2907 4517 ut
2933 4433 3095 4519 etiam
3115 4433 3185 4492 de
3217 4434 3459 4519 quolibet
3478 4451 3615 4519 con-

2020 4506 2223 4563 fessore
2266 4508 2465 4563 merito
2504 4515 2663 4563 canat
2685 4505 2929 4562 Ecclesia
2960 4522 2973 4560 :
2999 4510 3115 4565 Non
3153 4505 3503 4563 est‘inventus
3540 4512 3613 4563 si-

238 4634 247 4641 .
307 4579 739 4654 tibi—disldicent,
754 4599 862 4637 non
877 4586 1087 4637 tantum
1111 4581 1176 4634 de
1198 4581 1347 4654 bonis
1366 4582 1525 4654 quasi
1540 4580 1704 4654 bonis,
1724 4596 1907 4654 uerum
2016 4581 2166 4654 milis
2182 4581 2272 4634 illi
2287 4582 2382 4649 qui
2391 4584 2729 4654 conservaret
2753 4581 2919 4654 legem
2928 4580 3144 4634 Emoelsi
3174 4579 3387 4654 (Eccles.
3423 4585 3613 4654 xuv),

307 4660 380 4715 de
408 4650 555 4712 bonis
580 4658 688 4711 tuis
713 4657 873 4724 quasi
902 4655 1052 4718 suis;
1083 4655 1178 4705 aut
1198 4652 1357 4724 etiam
1390 4652 1529 4724 sicut
1564 4650 1630 4703 de
1656 4652 1784 4712 tuis,
1813 4653 1908 4705 sed

2016 4650 2279 4718 videlicet,
2298 4659 2359 4706 ut
2381 4652 2437 4706 S.
2456 4650 2698 4706 Thomas
2716 4650 2792 4705 ait
2808 4653 2954 4716 (1-2,
2980 4666 3033 4718 q.
3053 4650 3272 4716 65,alrt.
3291 4652 3374 4711 2),
3391 4651 3617 4714 propter

308 4736 592 4798 tamquam
606 4717 885 4781 exnieritis
905 4726 1019 4779 suis
1036 4742 1051 4790 ;
1068 4726 1166 4776 aut
1182 4723 1343 4775 etiam
1365 4722 1499 4798 sicut
1512 4725 1685 4774 emtua
1701 4724 1905 4798 gratia,
1936 4721 1985 4782 D
2014 4724 2232 4798 virtutis
2267 4722 2498 4798 alicuius
2511 4791 2525 4798 _
2539 4722 2925 4798 encellentioris
2960 4717 3613 4798 ιξ-νιενοραιῴαημηᾳυῖψι

307 4806 363 4857 et
380 4793 490 4854 non
505 4801 566 4854 ob
586 4814 685 4853 sua
709 4800 930 4863 merita;
952 4810 1059 4850 non
1091 4798 1267 4848 tamen
1294 4793 1560 4847 socialiter
1574 4793 1864 4863 gaudentes
1880 4834 1898 4854 ,

307 4854 406 4929 sed
432 4872 562 4925 aliis
584 4870 878 4943 invidentes
897 4854 984 4943 ῥα.
1000 4868 1077 4943 __In
1090 4866 1184 4943 his
1205 4863 1450 4943 omnibus
1481 4854 1641 4931 atque
1663 4854 1913 4943 hujusce~

308 4943 462 5000 modi
478 4942 733 5011 periculis
756 4944 807 4995 et
832 4938 1105 5011 laboribus
1128 4935 1275 5011 vides
1291 4940 1572 5011 tremorem
1590 4932 1920 5011 cordismei,

310 5021 365 5072 et
388 5004 619 5068 uulnera
640 5014 812 5082 magis
835 5008 1060 5065 subinde
1084 5022 1119 5060 a
1148 5010 1197 5061 te
1219 5007 1410 5082 sanari
1424 5020 1589 5074 quam
1604 5004 1740 5082 milii
1756 5005 1929 5070 inﬂigi

315 5088 510 5143 sentio.
541 5088 678 5141 Haec
706 5075 1044 5155 A’ugustinus
1080 5092 1210 5133 cum
1244 5080 1358 5131 Deo
1385 5075 1631 5147 loquens,
1671 5080 1725 5128 et
1765 5087 1921 5128 suam

323 5156 678 5229 fragilitatem
714 5152 992 5209 humiliter
1029 5162 1324 5231 exponens.
1359 5217 1370 5228 .
1417 5216 1428 5228 ο
1618 5213 1630 5224 .

396 5222 422 5260 b
467 5226 605 5260 VM.)
644 5226 781 5260 ιιειηη
824 5229 1148 5260 anntonhnm
1201 5215 1450 5260 nnnnlhll
1489 5212 1629 5260 exnll

467 5226 606 5308 Vide
644 5226 782 5281 hanc
823 5212 1151 5281 sententiain
1201 5215 1452 5275 nonnihil
1489 5212 1814 5286 explicatam
1855 5212 1925 5270 ad

325 5298 803 5427 aggehlgeethlia
846 5381 970 5437 rege
1014 5359 1505 5437 Judapraeclarum
1547 5357 1925 5437 testimonium

327 5441 563 5497 habetur
579 5443 666 5514 _lV
686 5431 1041 5514 Begum'cap.
1063 5431 1227 5514 svnt
1251 5452 1262 5487 :
1292 5432 1547 5514 Ezechias
1568 5431 1714 5514 ﬁlius
1744 5431 1929 5514 Achar

330 5514 470 5581 regis
484 5512 651 5575 Iuda,
674 5504 805 5585 fecit
819 5504 1093 5585 quod_érat_
1104 5508 1295 5585 bonum
1307 5518 1485 5585 coram
1504 5504 1745 5585 Domino,
1758 5504 1931 5585 uxta

331 5574 535 5651 munia,
567 5574 688 5652 quae
712 5574 915 5662 fecerat
954 5580 1128 5634 Dauid
1150 5581 1312 5669 pater
1333 5575 1472 5658 ejus.
1498 5577 1615 5699 Ipse
1642 5574 1932 5643 dissipauit

333 5656 565 5712 excelsa.
592 5658 643 5708 et
660 5655 909 5707 contrivit
934 5654 1166 5712 statuas,
1197 5653 1247 5703 et
1270 5646 1497 5703 succutit
1543 5661 1685 5709 ucos,
1717 5653 1822 5700 etc.
1866 5647 1930 5700 In

338 5728 561 5782 Domino
588 5729 693 5781 Deo
722 5724 889 5780 Israel
914 5723 1169 5793 speravit,
1196 5722 1379 5793 itaque
1396 5722 1519 5793 post
1543 5734 1663 5773 eum
1673 5733 1794 5793 non
1816 5718 1930 5793 fuit

338 5797 533 5853 similis
561 5798 612 5853 ei
634 5796 699 5851 de
721 5796 919 5851 cunctis
938 5789 1156 5862 regibus
1174 5791 1336 5853 Iuda,
1359 5790 1452 5845 sed
1472 5805 1642 5868 neque
1660 5790 1721 5843 in
1736 5789 1817 5843 his
1832 5789 1932 5857 qui

2027 4792 2253 4862 quisque
2294 4782 2643 4862 fere'habuit
2665 4804 2777 4862 prae
2807 4782 3116 4862 Δειιί-ᾳίϐιξῐῃ
3154 4797 3283 4851 ergo
3311 4782 3613 4862 dicitunde

2032 4809 2146 4862 QUIS
2187 4809 2253 4847 uc
2294 4809 2405 4845 lere
2442 4809 2635 4844 nanum
2665 4809 2777 4858 pra:
2818 4809 2942 4841 allo.
2974 4809 3116 4840 hum
3154 4809 3283 4851 UI‘SU
3321 4809 3517 4837 ιιιυιιιιι⁷
3546 4809 3613 4840 uc

2032 4809 2281 4927 Ezegiia,
2301 4859 2463 4933 quod
2486 4861 2728 4933 nonfuit
2765 4857 2958 4933 similis
3002 4855 3052 4908 ei
3072 4853 3137 4933 de
3170 4855 3369 4933 cunctis
3402 4856 3619 4933 regibus

2030 4933 2169 4987 Juda
2227 4923 2708 4998 {intelligendum
2761 4924 2941 4998 quoad
2978 4923 3318 4998 particularia
3367 4925 3615 4998 quaedam

2032 5001 2197 5071 facta,
2227 5011 2398 5071 eaque
2426 4995 2792 5071 admiranda,"
2806 5004 2863 5051 et
2887 4995 3164 5071 inusitata,
3190 5012 3312 5069 quae
3340 4995 3501 5071 gessit
3534 5017 3548 5055 :
3590 5018 3619 5058 e

2029 5070 2232 5143 quibus
2254 5069 2373 5143 haec
2396 5067 2667 5143 praecipua
2691 5067 2749 5122 in
2774 5067 2938 5143 sacris
2964 5067 3154 5124 litteris
3172 5067 3614 5143 commemoran-

2028 5138 2144 5207 t‘ur,
2177 5144 2232 5194 1ο
2255 5138 2381 5210 quia
2404 5140 2691 5210 dissipauit
2718 5140 2943 5203 excelsa,
2974 5143 3024 5195 et
3044 5142 3549 5210 contrivit-statuas,
3572 5150 3624 5202 et
3716 5173 3723 5182 ~

2033 5214 2173 5267 lucos
2187 5211 2432 5274 succidit,
2450 5215 2500 5266 et
2512 5212 2682 5280 fregit
2699 5216 2992 5281 serpentem
3006 5227 3229 5276 laneum,

2031 5287 2234 5352 Moyses
2256 5284 2346 5355 (ιν
2374 5286 2499 5352 Reg.
2529 5286 2711 5349 xvm)
2736 5301 2747 5336 :
2770 5283 2928 5354 cujus
2948 5297 3104 5338 causa
3128 5299 3190 5340 su

3284 5228 3405 5268 uem
3421 5215 3625 5282 fecerat

3271 5283 3382 5360 itur
3408 5306 3419 5341 :
3443 5288 3623 5360 Siqui-

2033 5356 2153 5411 dem
2176 5370 2344 5426 usque
2371 5356 2445 5410 ad
2473 5355 2615 5409 illud
2636 5358 2840 5425 tempus
2854 5356 2960 5424 ﬁlii
2975 5356 3142 5410 Israel
3160 5356 3444 5413 adolebant
3471 5355 3627 5415 eiin-

2032 5443 2245 5484 censum
2271 5427 2366 5492 (IV
2396 5431 2685 5499 Reg._xrx,
2712 5430 2763 5480 et
2784 5428 2941 5499 Isaia:
2971 5426 3275 5499 xxxvm);
3301 5435 3361 5484 2°
3384 5430 3532 5498 quod
3559 5430 3626 5485 ad

2037 5514 2225 5571 preces
2247 5499 2362 5569 ejus
2382 5497 3152 5571 angelusADominiqpercussit
3173 5497 3276 5554 una
3300 5497 3469 5571 nocte
3500 5515 3629 5555 cen-

2033 5568 2158 5626 tum
2214 5568 2491 5641 octoginta
2532 5568 2772 5641 quinque
2799 5568 2965 5625 millia
3009 5569 3247 5641 virorum
3287 5568 3355 5625 de
3388 5570 3627 5626 exercitu

2034 5640 2181 5714 regis
2224 5639 2621 5714 Seniacherih;
2668 5639 2740 5714 3f"
2767 5641 2916 5714 quod
2945 5640 3146 5697 iterum
3175 5639 3246 5714 a_d
3285 5653 3472 5714 preces
3515 5640 3631 5714 ejus

2032 5705 2345 5795 εθῖτίξοθεβίε
2376 5713 2460 5795 .80!
2485 5705 2678 5795 decem
2708 5705 2864 5795 “niis
2891 5728 2987 5795 ver
3013 5727 3146 5795 ςιειειε
3189 5705 3627 5795 ἀςξίεξτξὲίξεειεηὲέ

2034 5785 2320 5858 horologia
2358 5784 2577 5854 Achaz;
2606 5790 2666 5840 4°
2696 5783 2842 5855 quod
2869 5779 2986 5853 ejus
3012 5779 3201 5836 itidem
3231 5779 3485 5840 Iacrymis
3520 5782 3636 5823 mo-
