4042 6198
365 242 476 300 409

365 369 562 426 mania
590 365 920 424 documenta
948 367 1238 436 virtutum,
1271 368 1504 439 qualiter
1528 360 1688 424 fuerit
1705 367 1973 424 successi-
2001 370 2056 432 Α

365 462 478 519 bus
487 462 602 519 suis
613 460 940 530 elisus,audi
961 463 1299 534 Scripturam
1318 468 1639 518 narrantem
1658 464 1750 518 :In
1759 462 1966 526 diebus,

366 557 575 631 inquit,
603 558 712 612 illis
736 560 1020 626 azgrotavit
1042 558 1298 614 Ezechias
1324 573 1486 626 usque
1517 558 1592 611 ad
1619 560 1841 612 mortem
1858 599 1874 619 ,
1913 564 1971 612 et

365 653 542 713 oravit
588 653 918 724 Dominum,
962 661 1020 710 et
1057 653 1330 711 exaudivit
1354 668 1504 722 eum,
1535 661 1592 709 et
1627 652 1780 710 dedit
1813 653 1862 709 ei
1896 653 1967 708 si-

364 765 563 822 gnum,
593 747 731 806 illud
752 748 961 805 scilicet
977 747 1122 820 quod
1143 747 1380 820 legimus
1403 747 1470 804 de
1492 747 1622 804 solis
1639 747 1830 804 datum
1848 761 1967 804 esse

365 846 548 903 reditu
575 863 670 918 per
704 846 903 903 Isaiam
935 845 1263 919 prophetam
1305 845 1359 902 in
1397 855 1595 920 quarto
1643 849 1965 920 Regnorum

364 945 510 1000 libro
541 949 600 1000 τ’
631 943 737 1002 Sed
773 959 910 1011 non,
944 945 1151 1016 inquit,
1182 942 1486 1000 secundum
1529 944 1811 1012 beneﬁcia,
1841 959 1964 1016 quae

364 1051 680 1116 acceperat,
710 1043 968 1100 retribuit
995 1043 1040 1099 ei
1084 1061 1098 1098 :
1124 1043 1249 1116 quia
1277 1043 1549 1100 elevatum
1584 1051 1666 1100 est
1691 1059 1790 1100 cor
1824 1043 1960 1114 ejus,

363 1149 423 1198 et
453 1141 594 1197 facta
633 1149 717 1198 est
738 1150 933 1197 contra
956 1155 1087 1198 eum
1125 1141 1223 1206 ira,
1257 1149 1312 1196 et
1337 1149 1529 1196 contra
1553 1143 1584 1195 J
1590 1140 1756 1198 udam
1785 1149 1841 1197 et
1867 1143 1963 1198 Je-

364 1239 604 1296 rusalem
639 1258 652 1294 :
680 1238 1114 1311 humiliatusque
1135 1246 1219 1296 est
1248 1248 1459 1311 postea,
1487 1255 1552 1296 eo
1581 1238 1730 1311 quod
1756 1239 1959 1295 exalta-

363 1346 487 1398 tum
518 1346 661 1395 esset
691 1353 786 1395 cor
817 1338 958 1414 ejus,
997 1345 1110 1394 tam
1150 1337 1264 1411 ipse
1301 1353 1467 1410 quam
1495 1337 1834 1394 habitatores
1861 1339 1957 1392 Je-

363 1437 624 1506 rusalem,
654 1444 710 1492 et
741 1435 948 1492 idcirco
968 1452 1083 1493 non
1115 1437 1261 1491 venit
1290 1451 1456 1508 super
1483 1451 1579 1492 eos
1617 1436 1696 1491 ira
1720 1435 1948 1492 Domini

361 1535 414 1590 in
439 1533 630 1590 diebus
666 1531 914 1590 Ezechiae
942 1534 1038 1600 (IV
1066 1536 1196 1602 Reg.
1235 1536 1353 1600 xx).
1383 1533 1565 1604 Quam
1592 1532 1953 1605 perniciosus,

359 1648 526 1704 quam
553 1631 726 1706 gravis
762 1639 848 1688 est
891 1630 1142 1688 elationis
1165 1630 1393 1712 morbus
1419 1633 1432 1686 !
1463 1633 1659 1689 Tantae
1689 1630 1954 1704 justitiaa,

359 1740 527 1788 tanta:
552 1733 798 1800 virtutes,
836 1737 990 1786 tanta
1017 1729 1154 1787 ﬁdes
1183 1737 1349 1803 atque
1379 1728 1620 1796 devotio,
1645 1745 1768 1803 qua
1793 1736 1965 1786 natu—

359 1845 479 1886 ram
510 1830 685 1902 ipsam
709 1842 774 1886 ac
810 1827 986 1885 totius
1007 1827 1200 1885 mundi
1233 1828 1377 1900 leges
1411 1831 1710 1886 immutare
1738 1842 1956 1885 merue-
1983 1819 2032 1882 B

359 1935 522 1993 runt,
551 1942 660 1983 una
693 1927 930 1982 elatione
953 1925 1254 1999 depereunt
1284 1945 1296 1982 :
1329 1927 1411 1983 Ita
1441 1935 1506 1983 ut
1546 1926 1814 1984 universis
1847 1926 1956 1982 vir-

358 2026 569 2082 tutibus
610 2024 745 2094 suis,
786 2039 850 2080 ac
887 2023 932 2079 si
958 2040 1072 2081 non
1104 2023 1360 2094 fuissent,
1413 2025 1671 2081 oblivioni
1703 2025 1918 2082 traditis
1940 2070 1955 2096 ,

358 2123 496 2179 iram
543 2123 770 2179 Domini
820 2121 1113 2180 confestim
1161 2123 1525 2196 suscepisset,
1571 2123 1676 2180 nisi
1717 2140 1836 2181 eam
1864 2141 1958 2183 re—

363 2229 587 2294 sumpta
612 2221 916 2278 humilitate
949 2222 1239 2294 placasset;
1267 2230 1331 2278 ut
1373 2222 1466 2295 qui
1494 2221 1561 2279 de
1598 2230 1715 2280 tam
1738 2225 1951 2281 excelso

363 2319 694 2376 meritorum
724 2317 960 2392 fastigio,
986 2320 1226 2376 elatione
1254 2319 1567 2392 impellente
1590 2363 1606 2390 ,
1633 2322 1912 2382 deciderat
1929 2368 1948 2395 ,

359 2431 476 2472 non
503 2416 612 2472 nisi
636 2431 734 2489 per
766 2417 988 2474 eosdem
1026 2433 1251 2474 rursum
1278 2417 1602 2476 humilitatis
1639 2421 1840 2494 gradus
1883 2423 1955 2480 ad

355 2514 621 2573 amium
649 2516 876 2574 culmen
901 2517 1235 2574 ascenderet.
1277 2518 1374 2575 Vis
1411 2518 1561 2576 aliud
1607 2536 1830 2594 quoque
1855 2539 1954 2580 ex-

352 2613 616 2687 emplum’
633 2614 838 2672 similis
861 2615 1034 2672 ruina
1063 2615 1388 2688 percipere?

925 241 1015 298 DE
1051 240 1528 300 CCENOBIORUM
1568 242 1808 300 lNSTlT.
1851 241 1980 298 LIB.
2021 242 2109 297 Xl.
2146 269 2218 282 —
2256 239 2346 296 DE
2382 239 2653 298 SPIRITU
2691 243 3126 303 CENODOXLE.

3565 256 3672 312 410

2681 367 2924 426 CAPUT
2960 372 3066 427 Xl.

2075 460 2401 529 Exemplum
2431 463 2568 530 regis
2607 462 2752 518 Ozice
2775 464 3012 534 ejusdem
3035 469 3212 523 morbi
3247 470 3364 526 labe
3405 476 3666 543 superati.

2145 552 2304 608 Ozias
2340 553 2502 626 hujus
2530 571 2694 627 quem
2733 563 3291 621 commemoravimus
3318 565 3466 639 regis
3499 560 3526 598 δ
3548 574 3671 623 ata-

2074 663 2174 704 vus
2197 689 2213 716 ,
2243 648 2299 703 in
2337 649 2596 708 omnibus
2625 667 2842 726 quoque
2876 654 2990 727 ipse
3022 657 3320 730 Scriptura
3350 662 3670 720 testimonio

2072 741 2428 810 collaudatus,
2451 745 2819 818 postingentia
2846 747 3105 806 virtutum
3125 764 3345 809 marum
3377 757 3668 826 praeconia,

2073 841 2197 906 post
2242 835 2564 894 innumeros
2584 838 2896 912 triumphos
2939 857 3076 914 quos
3099 843 3407 902 devotionis
3445 864 3510 904 ac
3543 849 3668 906 ﬁdei

2073 941 2187 983 sua:
2231 929 2427 984 merito
2476 933 2822 1003 perpetravit,
2871 934 3018 992 disce
3056 940 3080 970 °
3129 939 3363 1010 qualiter
3406 941 3480 997 sit
3515 958 3669 999 vana:

2071 1023 2261 1092 gloria:
2292 1024 2529 1081 elatione
2575 1025 2835 1098 dejectus.
2881 1032 2953 1086 Et
2989 1046 3276 1104 egressum
3325 1043 3427 1103 est,
3471 1035 3666 1109 inquit,

2069 1129 2279 1171 nomen
2311 1115 2464 1172 Ozias
2507 1127 2730 1190 propter
2763 1120 2910 1191 quod
2939 1123 3289 1180 auxiliaretur
3318 1127 3366 1182 ei
3395 1128 3666 1184 Dominus

2069 1215 2126 1263 et
2153 1209 2560 1270 corroborasset
2580 1211 2768 1282 illum;
2793 1222 2848 1270 et
2885 1230 3014 1270 cum
3055 1217 3344 1274 roboratus
3367 1229 3526 1291 esset,
3552 1223 3665 1280 ele-

2068 1309 2254 1358 vatum
2292 1310 2379 1358 est
2405 1318 2503 1360 cor
2540 1304 2658 1378 ejus
2704 1306 2764 1362 in
2809 1307 3090 1364 interitum
3118 1325 3307 1378 suum,
3337 1321 3392 1368 et
3423 1316 3668 1387 neglexit

2063 1397 2368 1453 Dominum
2405 1400 2586 1456 Deum
2624 1415 2787 1456 suum
2817 1403 2908 1469 (Il
2933 1405 3178 1474 Paralip.
3215 1420 3370 1462 xxvr
3400 1410 3441 1472 ).
3475 1409 3666 1465 Cernis

2063 1488 2216 1546 aliud
2269 1491 2581 1564 exemplum
2634 1493 2811 1550 ruinae
2863 1495 3238 1567 gravissimas,
3295 1507 3350 1555 et
3397 1501 3665 1574 conspicis

2063 1583 2202 1641 duos
2254 1585 2398 1643 viros
2439 1594 2553 1643 tam
2586 1587 2764 1660 justos
2791 1597 3013 1662 tamque
3053 1591 3328 1663 perfectos
3367 1595 3663 1669 triumphis

2065 1677 2177 1735 suis
2207 1689 2372 1754 atque
2399 1681 2639 1738 victoriis
2673 1681 2846 1740 fuisse
2901 1684 3200 1742 confectos.
3246 1687 3416 1746 Unde
3462 1689 3662 1748 videtis

2065 1789 2234 1847 quam
2280 1775 2566 1847 perniciosi
2620 1792 2805 1833 rerum
2859 1779 3230 1837 ecundarum
3271 1783 3483 1840 soleant
3539 1800 3659 1842 esse

2065 1883 2376 1936 successus,
2404 1869 2476 1924 ita
2511 1877 2571 1924 ut
2611 1870 2702 1942 qui
2725 1885 2838 1926 non
2865 1880 3162 1944 potuerunt
3179 1873 3422 1934 adversis
3444 1877 3658 1952 frangi;

2065 1963 2354 2035 prosperis,
2385 1963 2430 2018 si
2461 1962 2660 2020 incauti
2684 1964 2918 2036 fuerint,
2939 1968 3120 2036 acrius
3147 1969 3450 2039 elidantur;
3483 1981 3539 2028 et
3562 1974 3658 2045 qui

2067 2057 2122 2111 in
2145 2057 2406 2114 conflictu
2441 2065 2604 2129 atque
2635 2059 2749 2114 acie
2777 2061 2972 2116 mortis
2997 2072 3288 2119 evaserunt
3311 2064 3622 2124 discrimina
3641 2108 3657 2137 ,

2063 2152 2288 2224 tropmis
2310 2152 2544 2224 propriis
2563 2151 2966 2224 triumphisque
2993 2156 3370 2214 succumbant.

2643 2247 2892 2305 CAPUT
2931 2250 3065 2305 XII.

2277 2341 2502 2396 Diversa
2525 2342 2830 2395 testimonia
2859 2347 3043 2397 contra
3073 2345 3440 2402 cenodoziam.

2132 2435 2263 2518 Ideo
2297 2439 2589 2512 Apostolus
2616 2448 2808 2498 monet
2840 2459 2852 2496 :
2876 2428 2905 2472 ἀ
2933 2442 3108 2498 Nolite
3125 2443 3246 2514 ﬁeri
3261 2443 3442 2498 inanis
3466 2444 3654 2513 gloria

2062 2531 2249 2600 cupidi
2270 2530 2470 2601 (Galat.
2501 2537 2556 2600 v)
2581 2551 2597 2600 ;
2622 2541 2677 2588 et
2705 2531 2978 2589 Dominus
3013 2533 3318 2592 Pharisaeos
3347 2535 3650 2608 castigans:

2062 2625 2086 2656 °
2115 2623 2404 2690 Quomodo,
2432 2624 2630 2695 inquit,
2663 2641 2752 2680 vos
2772 2629 2996 2696 potestis
3027 2627 3252 2692 credere,
3284 2631 3385 2700 qui
3421 2631 3654 2701 gloriam

1446 2757 1702 2814 ALARDl
1740 2759 1964 2816 GAZEI
2002 2760 2560 2820 COMMENTARIUS.

424 2884 450 2913 ι
479 2883 689 2954 Nempe
712 2878 1000 2954 Ezechias,
1015 2878 1124 2936 hoc
1147 2888 1250 2948 est,
1275 2895 1387 2954 non
1405 2896 1720 2954 eamquam
1733 2883 1946 2954 debuit,

352 2967 452 3024 pro
484 2951 652 3025 tantis
672 2951 957 3025 beneﬁciis
976 2967 1007 3025 a
1036 2954 1154 3025 Deo
1176 2952 1430 3025 acceptis,
1455 2951 1628 3010 animi
1657 2951 1947 3025 gratitudié

350 3023 504 3090 nem,
529 3023 866 3095 religionem
883 3039 946 3095 ac
964 3023 1322 3095 devotionern
1339 3025 1589 3082 exhibuit
1613 3045 1625 3081 :
1649 3023 1754 3084 Sed
1772 3029 1948 3082 eleva-

354 3099 470 3150 tum
491 3100 569 3150 est
584 3093 674 3150 cor
694 3095 830 3164 ejus,
855 3093 909 3150 id
921 3093 1288 3166 est,superbia
1312 3095 1534 3151 elatum.
1558 3100 1782 3152 Initium
1801 3099 1949 3154 enim

352 3169 758 3240 omnispeccati
767 3167 1020 3240 superbia
1039 3167 1222 3240 (Eccli.
1249 3168 1348 3240 x);
1379 3176 1638 3240 atqueex
1675 3184 1736 3223 ea
1767 3169 1951 3240 tripli-

355 3237 438 3310 c_is
454 3235 637 3310 culpa
657 3235 852 3310 notam
872 3237 1135 3310 incurrit:
1164 3241 1220 3310 i0
1246 3235 1674 3310 ingratitudinis,
1697 3240 1825 3310 quia
1839 3235 1949 3296 non

2056 2894 2184 2958 post
2193 2887 2594 2962 separationem
2616 2885 2807 2944 decem
2821 2887 3066 2962 tribuum
3089 2889 3191 2946 sub
3211 2891 3614 2962 regeiltoboam
3632 2934 3649 2960 ,

2016 2996 2026 3005 .
2054 2957 2212 3029 reges
2239 2957 2405 3033 Israel
2431 2957 2840 3033 distinguantur
2865 2975 2896 3015 a
2924 2959 3140 3033 regibus
3159 2957 3321 3025 Juda,
3341 2961 3399 3017 in
3415 2957 3652 3033 quorum

2053 3043 2286 3106 numero
2309 3029 2573 3106 _dec_imus
2616 3029 2812 3106 tertius
2847 3039 2930 3086 est
2971 3029 3158 3106 Qaiasi
3200 3033 3394 3106 Exstat
3430 3029 3650 3106 egregia

2055 3098 2282 3155 homilia
2308 3103 2380 3156 D.
2409 3101 2572 3156 Joan.
2615 3099 2996 3173 Chrysostomi
3020 3102 3075 3157 in
3108 3101 3236 3158 illud
3278 3119 3292 3158 :
3323 3098 3545 3158 Elatum
3565 3098 3653 3161 Est

2057 3187 2154 3238 cor_
2174 3173 2318 3228 Ozias
2343 3174 2514 3232 (Tom.
2538 3174 2604 3238 Ι).

2127 3229 2156 3272 δ
2180 3243 2304 3298 Uno
2328 3229 2496 3298 verbo
2519 3229 2789 3306 κένόδοξοι,
2810 3250 2872 3298 ut
2889 3257 3050 3312 supra
3071 3251 3322 3299 notatum
3344 3245 3461 3312 (Ad
3477 3261 3596 3312 cap.
3622 3252 3643 3302 1

355 3306 515 3363 dedit
537 3306 762 3386 gloriam
779 3309 896 3364 Deo
915 3308 981 3364 de
996 3307 1226 3386 victoria
1243 3316 1298 3362 et
1315 3306 1395 3386 de
1413 3306 1539 3380 luga
1557 3306 1942 3386 Senilacherib,
1985 3316 2030 3379 C
2057 3312 2254 3386 hujus).
2287 3313 2412 3386 Huc
2436 3321 2642 3386 spectat
2668 3315 2736 3368 D.
2764 3313 2944 3386 Basilii
2959 3306 3027 3368 'in
3041 3315 3278 3386 ,Regulis
3305 3306 3652 3373 Brevioribus

354 3376 586 3456 eamque
612 3376 848 3435 fortasse
871 3379 1051 3456 inagis
1075 3377 1191 3456 suis
1218 3377 1428 3456 meritis
1452 3376 1620 3450 quam
1645 3381 1748 3438 Dei
1777 3381 1947 3456 bene-
1998 3376 2018 3379 ⁷
2056 3376 2409 3456 interrogatio
2439 3376 2508 3439 2'5
2538 3383 2594 3438 in
2629 3382 2747 3440 haec
2774 3383 2934 3438 verba
2969 3403 2981 3438 :
3022 3376 3466 3456 CumVApostolus
3502 3388 3652 3444 dicat

352 3449 480 3505 licio
496 3447 782 3524 acceptam
805 3451 950 3524 tulit,
974 3447 1283 3524 secundum
1322 3447 1593 3524 Hebraeos
1621 3471 1634 3508 :
1667 3466 1835 3524 quam
1877 3453 1949 3508 ob

351 3536 576 3605 causam
606 3519 665 3577 in
699 3521 960 3605 morbum
989 3519 1382 3605 gratissimum
1405 3520 1611 3605 incidit,
1639 3519 1749 3605 quo
1775 3539 1948 3605 cegro-

353 3594 490 3664 tavit
512 3609 678 3663 usque
695 3594 769 3647 ad
780 3591 1018 3649 mortem
1031 3613 1047 3661 ;
1074 3599 1136 3648 2°
1157 3591 1456 3664 jactantiaa,
1486 3591 1866 3650 ostentationis
1897 3603 1954 3651 et

353 3663 535 3738 inanis
561 3661 771 3738 gloriae,
799 3664 933 3738 dum
958 3665 1026 3738 de
1053 3661 1316 3738 legatione
1334 3673 1392 3720 et
1418 3665 1782 3737 gratulatione
1804 3666 1946 3738 regis

355 3733 642 3808 Babylonii
672 3735 772 3808 sibi
795 3733 1145 3808 applaudens,
1167 3733 1455 3808 thesauros
1481 3751 1612 3792 suos
1638 3745 1694 3794 et
1717 3733 1947 3794 omne'm

351 3807 618 3880 pompam
663 3807 879 3879 regiam
915 3807 1101 3880 legatis
1151 3807 1389 3880 ostendit
1438 3809 1530 3880 (ιν
1585 3811 1788 3878 Regum
1828 3825 1946 3877 xx,

353 3874 772 3950 Isaie'xxxrx)‘;
820 3884 880 3934 3°
903 3874 1166 3950 neglectae
1201 3874 1480 3950 charitatis
1507 3893 1632 3950 erga
1662 3874 1948 3950 proximo;

351 3963 479 4004 rum
529 3949 802 4006 salutem:
831 3951 963 4006 Cum
983 3946 1164 4014 Enim,
1189 3946 1375 4016 inquit
1419 3946 1651 4018 Cyrillus
1667 3946 1695 4018 '(
1711 3952 1826 4005 Lib.
1873 3965 1947 4006 ιιι

350 4021 594 4076 inIsiam
617 4025 658 4086 ),
701 4021 961 4090 profectis
988 4033 1056 4072 ex
1076 4088 1083 4090 _
1096 4019 1396 4090 Babylone,
1431 4018 1806 4090 omnipotentis
1850 4023 1951 4075 Dei

353 4093 576 4146 auailia
601 4087 830 4146 diversis
856 4088 1186 4158 temporibus
1209 4087 1455 4145 exhibita
1481 4090 1532 4141 et
1554 4087 1949 4145 incredibilium

351 4163 552 4217 harum
578 4177 762 4215 rerum
791 4159 1126 4230 splendorem
1160 4177 1224 4215 ac
1253 4159 1708 4227 magniﬁcentiam
1745 4161 1952 4215 illustri

349 4235 672 4287 narratione
679 4247 940 4300 caponere
949 4231 1230 4296 debuisset,
1241 4236 1303 4286 ut
1313 4235 1364 4285 et
1374 4231 1486 4300 ipsi
1492 4244 1702 4299 quoque
1710 4230 1949 4285 divinam

348 4303 731 4358 excellentiam
759 4307 809 4356 et
834 4304 1086 4357 invictam
1111 4305 1328 4358 Domini
1343 4303 1665 4372 potestatem
1686 4318 1755 4356 ex
1776 4305 1948 4372 ipsius

345 4373 686 4430 sermonibus
699 4375 875 4442 magis
891 4374 1222 4430 admirantes
1236 4376 1628 4430 reverterentur
1637 4375 1693 4426 in
1698 4376 1948 4443 patriam

352 4445 544 4500 divina
571 4445 870 4514 cognitione
886 4445 1230 4515 locupletati(
1253 4447 1331 4500 sic
1370 4445 1511 4500 enim
1555 4444 1707 4500 licuit
1731 4449 1783 4500 et
1822 4446 1945 4500 aliis

347 4516 619 4586 prodesse,
650 4531 769 4570 cum
789 4517 850 4571 hi
874 4519 1268 4579 renuntiarent,
1295 4531 1417 4588 qua:
1440 4515 1757 4588 didicissent
1783 4517 1822 4587 ),
1847 4518 1945 4572 hoc

356 4589 448 4642 ille
474 4589 691 4642 minime
709 4589 858 4655 fecit,
884 4589 977 4642 sed
1001 4591 1056 4642 in
1080 4590 1374 4644 humanam
1406 4588 1589 4656 potius
1612 4587 1945 4657 jactantiam

349 4658 640 4730 prolapsus
661 4663 759 4721 est,
775 4674 869 4714 nec
882 4674 1037 4714 suam
1061 4661 1290 4728 gloriam
1308 4674 1376 4714 ea:
1389 4658 1471 4711 his
1487 4657 1642 4713 rebus
1661 4661 1856 4728 quibus
1868 4665 1946 4715 est

355 4703 647 4812 benef-tatus
659 4746 694 4784 a
717 4703 844 4794 Deo,
871 4731 964 4812 sed
983 4746 1051 4785 ex
1061 4703 1221 4812 regni
1230 4729 1500 4812 qpulentia
1512 4703 1819 4812 mstiniavit,
1837 4739 1941 4786 etc.
1978 4703 2028 4764 D

425 4793 453 4832 ³³
481 4800 776 4872 Mendose,
808 4800 890 4856 vel
931 4809 1077 4872 certe
1103 4793 1349 4872 abusive
1367 4807 1568 4872 atavos
1597 4801 1816 4872 ponitur
1843 4816 1942 4872 pro

356 4885 566 4944 proavo
585 4913 602 4939 ,
621 4871 727 4944 _qui
763 4868 845 4928 est
870 4871 954 4927 avi
986 4880 1155 4944 pater.
1199 4868 1480 4943 Siquidem
1510 4868 1764 4944 Ezechize
1801 4868 1942 4944 regis

354 4940 512 5013 pater
539 4940 743 5014 Achaz,
795 4958 927 4999 avus
959 4940 1214 5014 Ioathan,
1257 4940 1492 5014 proavus
1522 4940 1708 5008 Ozias,
1755 4942 1844 5014 qui
1866 4940 1944 4998 ‘et

354 5010 604 5078 Azarias,
629 5012 838 5070 abavus
865 5013 1135 5082 Amasias,
1168 5010 1357 5068 atavus
1370 5010 1606 5082 denique
1623 5010 1852 5073 Joasfut
1879 5029 1944 5068 ex

353 5083 584 5142 historia
613 5087 829 5156 Regum
860 5083 1210 5140 manifestum
1239 5091 1322 5139 est
1352 5082 1451 5153 (IV
1478 5085 1608 5151 Reg.
1634 5097 1753 5140 vm
1769 5123 1788 5153 ,
1823 5099 1906 5140 xv
1929 5122 1945 5149 ,

353 5171 501 5223 xvr;
529 5159 580 5212 Il
603 5155 788 5212 Paral.
815 5169 972 5212 xxiv
1009 5159 1219 5226 etiiseq.;
1247 5155 1321 5211 IV
1344 5157 1472 5222 Reg.
1498 5155 1576 5221 v).

427 5221 612 5306 fDum
639 5226 986 5306 sacerdgtum
1000 5221 1242 5306 ofﬁcium
1256 5221 1522 5306 usurpare
1531 5221 1720 5279 voluit.
1743 5225 1824 5306 De
1837 5238 1948 5295 quo

353 5297 704 5369 Suidasitum,
725 5293 1038 5369 Scriptura},
1059 5305 1184 5364 tum
1215 5295 1342 5354 huic
1373 5293 1505 5369 loco
1535 5293 1899 5369 consentanée
1918 5313 1942 5369 7:

357 5371 535 5433 Osias,
559 5368 756 5441 inquit,
775 5366 874 5424 refe
881 5369 1120 5432 Israelis,
1132 5371 1257 5440 pius
1267 5369 1399 5436 fuit,
1411 5366 1505 5421 sed
1522 5366 1687 5441 rebus
1702 5366 1949 5441 secundis

357 5441 554 5503 elatus,
575 5439 677 5511 per
704 5441 1004 5495 vecordiam
1031 5439 1146 5510 ipse
1165 5444 1273 5496 Deo
1291 5455 1394 5511 per
1410 5453 1520 5493 sese
1537 5439 1847 5511 sacriﬁcare
1870 5453 1950 5491 vo-

259 5575 266 5580 _
360 5511 484 5574 luit,
515 5509 738 5580 adquod
761 5512 892 5566 solis
920 5509 1495 5566 licebatsacerdotibus.
1522 5509 1755 5580 Cumque
1763 5509 1949 5564 odores

363 5529 484 5574 mu,
515 5529 574 5566 ia
631 5529 738 5566 uoa
761 5529 892 5566 satis
920 5529 1495 5566 nceoatsaceraotwus.
1522 5529 1755 5580 Dumque
1763 5529 1948 5564 oaores

363 5582 427 5654 in
451 5529 644 5654 templa
679 5583 1018 5644 incendisset,
1047 5583 1326 5654 confestim
1371 5583 1605 5651 leprosus
1632 5581 1815 5654 factus
1850 5584 1948 5654 est.

362 5651 604 5713 Obducta
627 5656 768 5709 enim
797 5659 877 5710 est
896 5655 1064 5722 facies
1078 5653 1192 5724 ejus
1213 5653 1365 5723 lepra
1392 5654 1450 5706 in
1486 5653 1678 5724 templo
1703 5653 1923 5724 Domini
1928 5669 1946 5717 ,-

358 5725 547 5794 itaque
586 5742 706 5781 eum
735 5725 862 5780 inde
898 5721 1305 5779 abstruderunt.
1336 5724 1472 5779 Haec
1508 5721 1616 5789 ille,
1643 5722 1734 5794 qui
1762 5729 1949 5777 tamen

357 5793 467 5868 pro
487 5811 616 5869 rege
651 5796 864 5854 lsraelis
897 5795 1134 5853 exactius
1159 5793 1386 5853 dixisset
1413 5808 1594 5865 regem
1620 5793 1788 5861 Juda;
1819 5807 1948 5849 cum

1995 4520 2005 4536 ‘
2051 4518 2153 4572 test
2179 4517 2410 4573 credere.
2451 4520 2557 4575 Nos
2600 4533 2723 4572 vero
2768 4517 3012 4574 dicamus
3052 4517 3064 4574 ἐ

2055 3453 2195 3528 “(ius
2241 3453 2478 3523 quidm,
2519 3457 2635 3528 Non
2667 3456 2972 3528 efﬁciamur
2994 3457 3170 3511 inanis
3212 3453 3396 3526 ﬁrm
3423 3459 3645 3528 cupidi;

2054 3525 2195 3598 alias
2218 3529 2419 3598 autem,
2437 3526 2636 3598 Nonad
2667 3527 2877 3580 oculum
2899 3528 3204 3590 servientes,
3220 3525 3390 3598 quasi
3409 3525 3645 3585 hoininié

2057 3595 2154 3669 bus
2170 3597 2440 3666 placentes
2465 3597 2680 3666 (Ephes.
2713 3602 2795 3662 vr)
2825 3615 2838 3652 :
2873 3598 3001 3664 Quis
3019 3603 3096 3652 est
3124 3595 3307 3654 inanis
3336 3599 3524 3669 gloriae
3549 3617 3648 3656 cu-

2048 3667 2250 3741 pidus?
2263 3670 2443 3741 etquis
2458 3669 2758 3741 hominibus
2772 3669 3016 3738 placens?
3029 3667 3370 3737 Responsio:
3381 3672 3647 3741 Equidem

2051 3740 2230 3794 inanis
2241 3740 2437 3813 gloriae
2451 3740 2706 3813 cupidum
2725 3742 2975 3813 existimo
2985 3757 3093 3796 esse
3105 3742 3262 3796 illum
3275 3745 3374 3811 qui
3385 3740 3648 3813 simplicis

2055 3812 2422 3866 tantummodo
2461 3811 2648 3883 gloria:
2669 3811 2960 3865 mundana:
2987 3827 3178 3874 causa,
3205 3815 3288 3866 vel
3310 3829 3432 3883 qua:
3462 3811 3507 3867 α’
3524 3829 3646 3883 spe-

2053 3883 2317 3936 ctantibus
2335 3883 2418 3936 vel
2430 3882 2499 3935 ab
2513 3882 2860 3936 audientibus
2883 3884 2992 3951 ipsi
2999 3885 3258 3944 nascitur,
3279 3882 3494 3951 aliquid
3509 3882 3648 3950 facit

2053 3952 2250 4007 dicitve
2265 3971 2282 4019 ;
2299 3953 2597 4022 horninibus
2611 3953 2909 4022 placentem
2924 3957 3124 4014 autem,
3138 3956 3457 4021 quicumque
3475 3953 3550 4007 ad
3567 3970 3645 4008 vo-

2055 4018 2314 4093 luntatem
2324 4018 2556 4092 alicujus
2565 4018 2812 4085 hominis,
2827 4027 2888 4078 ut
2902 4025 3010 4092 ipsi
3017 4018 3251 4093 placéat,
3265 4018 3476 4092 aliquid
3487 4025 3645 4090 facit,

2056 4092 2176 4146 licet
2202 4094 2467 4162 culpabile
2483 4095 2556 4148 sit
2583 4094 2726 4162 quod
2753 4095 2910 4160 facit.

2128 4165 2164 4234 ε,
2181 4161 2652 4234 D._Hieronymus
2680 4164 2749 4217 ad
2778 4161 3136 4234 Eustochium
3167 4163 3235 4218 de
3260 4162 3506 4219 custodia
3531 4163 3644 4220 vir-

2057 4229 2300 4303 ginitatis
2326 4229 2521 4302 (Epist.
2551 4237 2642 4297 22)
2665 4251 2678 4286 :
2704 4233 2851 4288 Illud
2867 4249 3076 4302 quoque
3099 4235 3200 4290 tibi
3225 4234 3508 4289 vitandum
3535 4241 3644 4300 est,

2056 4318 2123 4356 ne
2151 4303 2332 4357 inanis
2346 4303 2532 4371 gloria
2550 4303 2757 4376 ardore
2766 4305 3018 4372 capiaris.
3049 4305 3336 4372 Quomodo,
3362 4305 3538 4376 inquit
3555 4307 3644 4363 Je-

2054 4387 2168 4439 sus,
2189 4376 2410 4462 potestis
2446 4374 2672 4436 credere,
2701 4375 2932 4457 gloriam
2955 4377 3023 4429 ab
3043 4377 3342 4431 hominibus
3373 4374 3645 4460 accipien-

2053 4447 2174 4520 tesil
2205 4445 2339 4520 lude
2355 4447 2514 4516 quale
2536 4446 2742 4500 malum
2768 4450 2858 4520 sit,
2879 4448 3023 4516 quod
3045 4449 3404 4518 quihabuerit
3427 4465 3645 4520 nonpo-

3094 4522 3354 4588 Quoniam
3393 4521 3645 4590 gloriatio

2051 4604 2170 4643 mea
2195 4593 2255 4643 tu
2267 4605 2330 4660 es
2359 4589 2526 4657 (Psal.
2559 4588 2671 4659 Ill).
2704 4591 2775 4644 Et
2799 4591 3187 4660 quigloriatur,
3209 4594 3268 4646 in
3291 4588 3514 4647 Dornino
3534 4594 3647 4660 glo-

2054 4662 2229 4715 rietur
2258 4658 2301 4729 (1
2333 4662 2453 4718 Cor.
2495 4662 2559 4730 ι).
2594 4658 2655 4714 υ.
2693 4658 3032 4731 Augustinus
3060 4663 3151 4717 lib.
3186 4678 3220 4714 v
3258 4661 3326 4718 de
3354 4661 3514 4717 Civit.
3539 4658 3640 4716 Dei

2051 4746 2171 4804 cap,
2209 4735 2276 4785 14
2309 4749 2320 4784 :
2354 4735 2484 4786 Tam
2521 4737 2600 4804 est
2637 4731 2731 4784 hoc
2751 4733 2952 4804 vitium
2979 4733 3261 4804 inimicum
3278 4735 3389 4800 pia:
3419 4731 3566 4804 fidei,
3597 4733 3646 4783 si

2052 4800 2229 4871 major
2256 4804 2328 4855 sit
2365 4805 2424 4855 in
2447 4803 2604 4856 corde
2633 4801 2903 4871 cupiditas
2935 4803 3119 4869 gloria:
3143 4816 3306 4871 quam
3342 4800 3640 4871 Deitimor,

2049 4868 2330 4933 vel'amor,
2355 4877 2417 4925 ut
2436 4868 2710 4925 Dominus
2719 4870 2913 4924 diceret
2941 4868 2958 4922 ὲ
2998 4868 3264 4935 Quomodo
3283 4869 3504 4937 potestis
3523 4884 3642 4922 cre-

2052 4943 2195 5002 dere,
2225 4943 2454 5009 gloriam
2469 4943 2538 4995 ab
2558 4943 2781 4994 invicem
2805 4943 3186 5008 exspectantes,
3207 4942 3258 4992 et
3273 4939 3502 5007 gloriam
3521 4954 3644 5008 qua:

2057 5027 2092 5065 a
2112 5013 2221 5066 solo
2268 5014 2376 5065 Deo
2417 5015 2495 5065 est
2523 5026 2630 5065 non
2655 5011 2902 5078 quae-ritis
2921 5013 2950 5063 ?
2969 5009 3120 5077 Quod
3158 5011 3298 5065 enim
3337 5009 3650 5080 hujusmodi

2055 5082 2237 5150 gloria:
2279 5083 2548 5150 appetitus
2593 5081 2723 5151 ﬁdei
2736 5081 3039 5151 multorum
3075 5082 3364 5145 obstiterit,
3403 5082 3644 5137 declarat

2056 5147 2282 5209 loanncs
2297 5147 2414 5221 cap.
2435 5166 2502 5207 ιι
2512 5167 2532 5207 ι
2558 5147 2870 5224 dicens]:Ea:
2881 5153 3222 5224 principibus
3239 5154 3401 5208 multi
3413 5153 3650 5208 credide-

2058 5225 2189 5278 runt
2204 5224 2266 5277 in
2288 5239 2408 5277 eum
2425 5242 2442 5290 ;
2465 5223 2559 5278 sed
2567 5223 2789 5295 propter
2799 5223 3100 5280 PharisreOs
3117 5241 3222 5279 non
3240 5225 3640 5295 conﬁtebantur,

2057 5300 2154 5350 ute
2166 5310 2446 5365 synagoga
2467 5311 2574 5350 non
2591 5295 2926 5365 ejicerentur,
2943 5297 3250 5350 dilexerunt
3259 5299 3399 5351 enim
3416 5297 3647 5366 gloriam

2356 5368 2533 5450 ῖηααίε
2562 5383 2729 5450 quem
2757 5368 2988 5450 αζίζνπὶιξτη
3016 5369 3246 5450 Dei-3w
3283 5368 3646 5450 Augustian-

2057 5436 2203 5509 Vide
2224 5436 2759 5509 Cajetanumjentac.
2790 5441 3103 5509 107(Quwst.
3135 5443 3223 5507 2),
3245 5439 3334 5496 ubi
3367 5436 3528 5496 docet
3548 5439 3652 5509 illis

2059 5508 2239 5580 verbis
2267 5508 2493 5565 Domini
2517 5508 2806 5580 signiﬁcari
2837 5508 3032 5580 duplex
3078 5509 3532 5580 impedimentum
3581 5508 3651 5564 ﬁ-

2059 5578 2148 5636 dei
2178 5580 2450 5651 :Aalterum
2476 5578 2792 5651 positivum,
2825 5578 2974 5651 quod
3011 5587 3093 5651 est
3117 5578 3381 5651 appetere
3409 5586 3464 5634 et
3483 5594 3648 5651 qua:-

2059 5665 2179 5723 rere
2202 5649 2421 5723 inanem
2447 5648 2679 5723 gloriam
2693 5648 2980 5723 hominum
3006 5673 3021 5717 ;
3048 5648 3281 5705 alterum
3306 5648 3650 5723 privativum,

2058 5722 2172 5777 sive
2189 5719 2520 5794 negativum,
2567 5722 2721 5796 quod
2743 5730 2827 5779 est
2869 5737 2980 5778 non
3009 5735 3253 5792 quaerere
3276 5719 3508 5791 gloriam
3550 5719 3651 5774 Dei

2059 5791 2166 5849 hoc
2187 5799 2290 5864 est,
2312 5793 2590 5852 ccelestem
2601 5802 2655 5852 et
2667 5793 3058 5868 sempiternam
3077 5789 3327 5862 gloriam.
3359 5793 3487 5846 Non
3504 5788 3650 5842 enim

2271 5833 2290 5864 ,
2312 5830 2590 5852 νψιῠσυῠιιι
2601 5830 2655 5852 σι
2667 5830 3058 5864 πωιηιῠιυυιιι
3077 5830 3185 5862 διν.
3198 5830 3327 5845 ιιι-ιιι
