  <div class='ocr_page' id='page_1' title='image "/cluster/home/n/w/nwhite01/storage/ocr_20150623/49/hvd.32044096580709/213.png"; bbox 0 0 4012 6192; ppageno 0'>
   <div class='ocr_carea' id='block_1_1' title="bbox 394 208 489 261">
    <p class='ocr_par' dir='ltr' id='par_1_1' title="bbox 394 208 489 261">
     <span class='ocr_line' id='line_1_1' title="bbox 394 208 489 261; baseline 0 0"><span class='ocrx_word' id='word_1_1' title='bbox 394 208 489 261; x_wconf 76' lang='grc'>411</span> 
     </span>
    </p>
   </div>
   <div class='ocr_carea' id='block_1_2' title="bbox 1730 199 2349 257">
    <p class='ocr_par' dir='ltr' id='par_1_2' title="bbox 1730 199 2349 257">
     <span class='ocr_line' id='line_1_2' title="bbox 1730 199 2349 257; baseline 0.003 -2"><span class='ocrx_word' id='word_1_2' title='bbox 1730 199 2009 257; x_wconf 82' lang='lat' dir='ltr'>JOANNIS</span> <span class='ocrx_word' id='word_1_3' title='bbox 2045 200 2349 257; x_wconf 75' lang='lat' dir='ltr'>CASSIANI</span> 
     </span>
    </p>
   </div>
   <div class='ocr_carea' id='block_1_3' title="bbox 3583 208 3684 266">
    <p class='ocr_par' dir='ltr' id='par_1_3' title="bbox 3583 208 3684 266">
     <span class='ocr_line' id='line_1_3' title="bbox 3583 208 3684 266; baseline 0.04 -4"><span class='ocrx_word' id='word_1_4' title='bbox 3583 208 3684 266; x_wconf 80' lang='grc'>412</span> 
     </span>
    </p>
   </div>
   <div class='ocr_carea' id='block_1_4' title="bbox 395 323 3688 403">
    <p class='ocr_par' dir='ltr' id='par_1_4' title="bbox 395 323 3688 403">
     <span class='ocr_line' id='line_1_4' title="bbox 395 323 3688 403; baseline 0 -16"><span class='ocrx_word' id='word_1_5' title='bbox 395 334 465 387; x_wconf 89' lang='lat' dir='ltr'>ab</span> <span class='ocrx_word' id='word_1_6' title='bbox 484 333 707 387; x_wconf 75' lang='lat' dir='ltr'>invicem</span> <span class='ocrx_word' id='word_1_7' title='bbox 731 334 995 403; x_wconf 72' lang='lat' dir='ltr'>accipitis,</span> <span class='ocrx_word' id='word_1_8' title='bbox 1025 335 1074 386; x_wconf 88' lang='lat' dir='ltr'>et</span> <span class='ocrx_word' id='word_1_9' title='bbox 1094 331 1325 400; x_wconf 79' lang='lat' dir='ltr'>gloriam</span> <span class='ocrx_word' id='word_1_10' title='bbox 1344 345 1462 399; x_wconf 72' lang='lat' dir='ltr'>quae</span> <span class='ocrx_word' id='word_1_11' title='bbox 1479 345 1512 383; x_wconf 88' lang='lat' dir='ltr'>a</span> <span class='ocrx_word' id='word_1_12' title='bbox 1532 329 1640 383; x_wconf 88' lang='lat' dir='ltr'>solo</span> <span class='ocrx_word' id='word_1_13' title='bbox 1664 332 1768 383; x_wconf 89' lang='lat' dir='ltr'>Deo</span> <span class='ocrx_word' id='word_1_14' title='bbox 1789 333 1985 383; x_wconf 82' lang='lat' dir='ltr'>estnon</span> <span class='ocrx_word' id='word_1_15' title='bbox 2014 331 2068 395; x_wconf 85' lang='grc' dir='ltr'><strong>Α</strong></span> <span class='ocrx_word' id='word_1_16' title='bbox 2094 327 2284 385; x_wconf 86' lang='lat' dir='ltr'>divites</span> <span class='ocrx_word' id='word_1_17' title='bbox 2304 337 2401 386; x_wconf 91' lang='lat' dir='ltr'>aut</span> <span class='ocrx_word' id='word_1_18' title='bbox 2434 323 2645 385; x_wconf 77' lang='lat' dir='ltr'>nobiles</span> <span class='ocrx_word' id='word_1_19' title='bbox 2686 327 2946 397; x_wconf 83' lang='lat' dir='ltr'>habeant,</span> <span class='ocrx_word' id='word_1_20' title='bbox 2976 328 3059 385; x_wconf 86' lang='lat' dir='ltr'>vel</span> <span class='ocrx_word' id='word_1_21' title='bbox 3099 329 3244 402; x_wconf 91' lang='lat' dir='ltr'>quod</span> <span class='ocrx_word' id='word_1_22' title='bbox 3285 329 3542 387; x_wconf 82' lang='lat' dir='ltr'>militiam</span> <span class='ocrx_word' id='word_1_23' title='bbox 3587 330 3688 388; x_wconf 65' lang='lat' dir='ltr'>ho.</span> 
     </span>
    </p>
   </div>
   <div class='ocr_carea' id='block_1_5' title="bbox 393 422 1996 498">
    <p class='ocr_par' dir='ltr' id='par_1_5' title="bbox 393 422 1996 498">
     <span class='ocr_line' id='line_1_5' title="bbox 393 422 1996 498; baseline -0.003 -15"><span class='ocrx_word' id='word_1_24' title='bbox 393 430 637 497; x_wconf 61' lang='lat' dir='ltr'>quaeritis</span> <span class='ocrx_word' id='word_1_25' title='bbox 664 429 844 496; x_wconf 84' lang='lat' dir='ltr'>(Joan.</span> <span class='ocrx_word' id='word_1_26' title='bbox 875 426 935 498; x_wconf 91' lang='lat' dir='ltr'>v)</span> <span class='ocrx_word' id='word_1_27' title='bbox 966 429 988 481; x_wconf 71' lang='grc' dir='ltr'><strong><em>Ρ</em></strong></span> <span class='ocrx_word' id='word_1_28' title='bbox 1014 430 1095 482; x_wconf 90' lang='lat' dir='ltr'>De</span> <span class='ocrx_word' id='word_1_29' title='bbox 1119 424 1204 480; x_wconf 86' lang='lat' dir='ltr'>his</span> <span class='ocrx_word' id='word_1_30' title='bbox 1233 432 1289 480; x_wconf 87' lang='lat' dir='ltr'>et</span> <span class='ocrx_word' id='word_1_31' title='bbox 1315 424 1508 479; x_wconf 89' lang='lat' dir='ltr'>beatus</span> <span class='ocrx_word' id='word_1_32' title='bbox 1537 422 1714 479; x_wconf 89' lang='lat' dir='ltr'><strong>David</strong></span> <span class='ocrx_word' id='word_1_33' title='bbox 1742 438 1870 479; x_wconf 87' lang='lat' dir='ltr'>cum</span> <span class='ocrx_word' id='word_1_34' title='bbox 1914 423 1996 478; x_wconf 86' lang='lat' dir='ltr'>in-</span> 
     </span>
    </p>
   </div>
   <div class='ocr_carea' id='block_1_6' title="bbox 393 518 1984 589">
    <p class='ocr_par' dir='ltr' id='par_1_6' title="bbox 393 518 1984 589">
     <span class='ocr_line' id='line_1_6' title="bbox 393 518 1984 589; baseline -0.003 -11"><span class='ocrx_word' id='word_1_35' title='bbox 393 522 779 578; x_wconf 89' lang='lat' dir='ltr'>terminatione</span> <span class='ocrx_word' id='word_1_36' title='bbox 796 521 929 579; x_wconf 84' lang='lat' dir='ltr'><strong>dicit</strong></span> <span class='ocrx_word' id='word_1_37' title='bbox 955 537 969 574; x_wconf 95' lang='lat'>:</span> <span class='ocrx_word' id='word_1_38' title='bbox 1002 521 1265 586; x_wconf 78' lang='lat' dir='ltr'><em>Quoniam</em></span> <span class='ocrx_word' id='word_1_39' title='bbox 1287 522 1428 574; x_wconf 88' lang='lat' dir='ltr'>Deus</span> <span class='ocrx_word' id='word_1_40' title='bbox 1452 518 1739 589; x_wconf 74' lang='lat' dir='ltr'>dissipavit</span> <span class='ocrx_word' id='word_1_41' title='bbox 1764 534 1882 575; x_wconf 88' lang='lat' dir='ltr'>ossa</span> <span class='ocrx_word' id='word_1_42' title='bbox 1903 535 1984 575; x_wconf 89' lang='lat' dir='ltr'>eo-</span> 
     </span>
    </p>
   </div>
   <div class='ocr_carea' id='block_1_7' title="bbox 394 611 1600 689">
    <p class='ocr_par' dir='ltr' id='par_1_7' title="bbox 394 611 1600 689">
     <span class='ocr_line' id='line_1_7' title="bbox 394 611 1600 689; baseline -0.003 -18"><span class='ocrx_word' id='word_1_43' title='bbox 394 633 518 674; x_wconf 87' lang='lat' dir='ltr'>rum</span> <span class='ocrx_word' id='word_1_44' title='bbox 542 621 641 689; x_wconf 89' lang='lat' dir='ltr'>qui</span> <span class='ocrx_word' id='word_1_45' title='bbox 665 617 967 672; x_wconf 86' lang='lat' dir='ltr'>hominibus</span> <span class='ocrx_word' id='word_1_46' title='bbox 985 618 1009 647; x_wconf 66' lang='grc' dir='ltr'><strong>δ</strong></span> <span class='ocrx_word' id='word_1_47' title='bbox 1036 615 1246 683; x_wconf 88' lang='lat' dir='ltr'>placent</span> <span class='ocrx_word' id='word_1_48' title='bbox 1276 614 1442 676; x_wconf 90' lang='lat' dir='ltr'>(Psal.</span> <span class='ocrx_word' id='word_1_49' title='bbox 1473 611 1600 685; x_wconf 83' lang='lat' dir='ltr'>LII).</span> 
     </span>
    </p>
   </div>
   <div class='ocr_carea' id='block_1_8' title="bbox 964 732 1421 787">
    <p class='ocr_par' dir='ltr' id='par_1_8' title="bbox 964 732 1421 787">
     <span class='ocr_line' id='line_1_8' title="bbox 964 732 1421 787; baseline -0.004 0"><span class='ocrx_word' id='word_1_50' title='bbox 964 732 1205 787; x_wconf 82' lang='lat' dir='ltr'>CAPUT</span> <span class='ocrx_word' id='word_1_51' title='bbox 1262 733 1421 786; x_wconf 86' lang='lat' dir='ltr'>XlIl.</span> 
     </span>
    </p>
   </div>
   <div class='ocr_carea' id='block_1_9' title="bbox 553 848 1831 919">
    <p class='ocr_par' dir='ltr' id='par_1_9' title="bbox 553 848 1831 919">
     <span class='ocr_line' id='line_1_9' title="bbox 553 848 1831 919; baseline 0.001 -16"><span class='ocrx_word' id='word_1_52' title='bbox 553 851 755 917; x_wconf 84' lang='lat' dir='ltr'>Quibus</span> <span class='ocrx_word' id='word_1_53' title='bbox 783 849 949 903; x_wconf 74' lang='lat' dir='ltr'>modis</span> <span class='ocrx_word' id='word_1_54' title='bbox 979 848 1270 903; x_wconf 70' lang='lat' dir='ltr'>cenodozcia</span> <span class='ocrx_word' id='word_1_55' title='bbox 1294 849 1610 903; x_wconf 86' lang='lat' dir='ltr'>monachum</span> <span class='ocrx_word' id='word_1_56' title='bbox 1634 850 1831 919; x_wconf 81' lang='lat' dir='ltr'>pulset.</span> 
     </span>
    </p>
   </div>
   <div class='ocr_carea' id='block_1_10' title="bbox 460 963 1989 1038">
    <p class='ocr_par' dir='ltr' id='par_1_10' title="bbox 460 963 1989 1038">
     <span class='ocr_line' id='line_1_10' title="bbox 460 963 1989 1038; baseline 0 -17"><span class='ocrx_word' id='word_1_57' title='bbox 460 964 610 1021; x_wconf 83' lang='lat' dir='ltr'>Solet</span> <span class='ocrx_word' id='word_1_58' title='bbox 650 965 816 1019; x_wconf 90' lang='lat' dir='ltr'>etiam</span> <span class='ocrx_word' id='word_1_59' title='bbox 859 963 1233 1035; x_wconf 90' lang='lat' dir='ltr'>incipientium</span> <span class='ocrx_word' id='word_1_60' title='bbox 1277 974 1516 1034; x_wconf 83' lang='lat' dir='ltr'>mentes,</span> <span class='ocrx_word' id='word_1_61' title='bbox 1561 972 1616 1022; x_wconf 88' lang='lat' dir='ltr'>et</span> <span class='ocrx_word' id='word_1_62' title='bbox 1670 980 1860 1022; x_wconf 88' lang='lat' dir='ltr'>eorum</span> <span class='ocrx_word' id='word_1_63' title='bbox 1896 966 1989 1038; x_wconf 87' lang='lat' dir='ltr'>qui</span> 
     </span>
    </p>
   </div>
   <div class='ocr_carea' id='block_1_11' title="bbox 389 1058 1991 1132">
    <p class='ocr_par' dir='ltr' id='par_1_11' title="bbox 389 1058 1991 1132">
     <span class='ocr_line' id='line_1_11' title="bbox 389 1058 1991 1132; baseline 0.001 -19"><span class='ocrx_word' id='word_1_64' title='bbox 389 1059 575 1114; x_wconf 89' lang='lat' dir='ltr'>minus</span> <span class='ocrx_word' id='word_1_65' title='bbox 604 1058 802 1127; x_wconf 90' lang='lat' dir='ltr'>adhuc,</span> <span class='ocrx_word' id='word_1_66' title='bbox 829 1075 893 1115; x_wconf 89' lang='lat' dir='ltr'>ve</span> <span class='ocrx_word' id='word_1_67' title='bbox 920 1059 1122 1115; x_wconf 89' lang='lat' dir='ltr'>virtute</span> <span class='ocrx_word' id='word_1_68' title='bbox 1147 1059 1352 1127; x_wconf 89' lang='lat' dir='ltr'>animi,</span> <span class='ocrx_word' id='word_1_69' title='bbox 1385 1060 1466 1115; x_wconf 87' lang='lat' dir='ltr'>vel</span> <span class='ocrx_word' id='word_1_70' title='bbox 1492 1058 1719 1115; x_wconf 80' lang='lat' dir='ltr'>scientia</span> <span class='ocrx_word' id='word_1_71' title='bbox 1742 1059 1991 1132; x_wconf 86' lang='lat' dir='ltr'>profece-</span> 
     </span>
    </p>
   </div>
   <div class='ocr_carea' id='block_1_12' title="bbox 391 1146 1990 1226">
    <p class='ocr_par' dir='ltr' id='par_1_12' title="bbox 391 1146 1990 1226">
     <span class='ocr_line' id='line_1_12' title="bbox 391 1146 1990 1226; baseline 0 -18"><span class='ocrx_word' id='word_1_72' title='bbox 391 1146 583 1220; x_wconf 80' lang='lat' dir='ltr'>runt,b</span> <span class='ocrx_word' id='word_1_73' title='bbox 616 1162 711 1209; x_wconf 91' lang='lat' dir='ltr'>aut</span> <span class='ocrx_word' id='word_1_74' title='bbox 748 1162 968 1226; x_wconf 87' lang='lat' dir='ltr'>propter</span> <span class='ocrx_word' id='word_1_75' title='bbox 993 1169 1193 1211; x_wconf 89' lang='lat' dir='ltr'>sonum</span> <span class='ocrx_word' id='word_1_76' title='bbox 1222 1153 1370 1210; x_wconf 85' lang='lat' dir='ltr'><strong>vocis</strong></span> <span class='ocrx_word' id='word_1_77' title='bbox 1390 1154 1669 1223; x_wconf 79' lang='lat' dir='ltr'>extollere,</span> <span class='ocrx_word' id='word_1_78' title='bbox 1697 1153 1847 1225; x_wconf 90' lang='lat' dir='ltr'>quod</span> <span class='ocrx_word' id='word_1_79' title='bbox 1883 1154 1990 1209; x_wconf 88' lang='lat' dir='ltr'>sci-</span> 
     </span>
    </p>
   </div>
   <div class='ocr_carea' id='block_1_13' title="bbox 391 1246 1989 1320">
    <p class='ocr_par' dir='ltr' id='par_1_13' title="bbox 391 1246 1989 1320">
     <span class='ocr_line' id='line_1_13' title="bbox 391 1246 1989 1320; baseline 0.001 -20"><span class='ocrx_word' id='word_1_80' title='bbox 391 1246 516 1302; x_wconf 85' lang='lat' dir='ltr'>licet</span> <span class='ocrx_word' id='word_1_81' title='bbox 537 1247 866 1304; x_wconf 82' lang='lat' dir='ltr'>modulatius</span> <span class='ocrx_word' id='word_1_82' title='bbox 894 1248 1144 1320; x_wconf 88' lang='lat' dir='ltr'>psallant,</span> <span class='ocrx_word' id='word_1_83' title='bbox 1175 1256 1269 1303; x_wconf 89' lang='lat' dir='ltr'>aut</span> <span class='ocrx_word' id='word_1_84' title='bbox 1300 1246 1448 1319; x_wconf 90' lang='lat' dir='ltr'>quod</span> <span class='ocrx_word' id='word_1_85' title='bbox 1481 1246 1590 1303; x_wconf 92' lang='lat' dir='ltr'>sint</span> <span class='ocrx_word' id='word_1_86' title='bbox 1614 1251 1637 1279; x_wconf 76' lang='grc' dir='ltr'><em>ε</em></span> <span class='ocrx_word' id='word_1_87' title='bbox 1662 1247 1837 1304; x_wconf 84' lang='lat' dir='ltr'>exesis</span> <span class='ocrx_word' id='word_1_88' title='bbox 1866 1263 1989 1303; x_wconf 89' lang='lat' dir='ltr'>car-</span> 
     </span>
    </p>
   </div>
   <div class='ocr_carea' id='block_1_14' title="bbox 391 1330 1991 1415">
    <p class='ocr_par' dir='ltr' id='par_1_14' title="bbox 391 1330 1991 1415">
     <span class='ocr_line' id='line_1_14' title="bbox 391 1330 1991 1415; baseline 0.003 -21"><span class='ocrx_word' id='word_1_89' title='bbox 391 1340 567 1402; x_wconf 86' lang='lat' dir='ltr'>nibus,</span> <span class='ocrx_word' id='word_1_90' title='bbox 596 1341 675 1397; x_wconf 96' lang='lat' dir='ltr'>vel</span> <span class='ocrx_word' id='word_1_91' title='bbox 721 1357 951 1415; x_wconf 89' lang='lat' dir='ltr'>corpore</span> <span class='ocrx_word' id='word_1_92' title='bbox 989 1342 1281 1406; x_wconf 86' lang='lat' dir='ltr'>lautiores,</span> <span class='ocrx_word' id='word_1_93' title='bbox 1327 1330 1355 1373; x_wconf 74' lang='grc' dir='ltr'>ά</span> <span class='ocrx_word' id='word_1_94' title='bbox 1406 1349 1502 1397; x_wconf 90' lang='lat' dir='ltr'>aut</span> <span class='ocrx_word' id='word_1_95' title='bbox 1541 1342 1688 1413; x_wconf 86' lang='lat' dir='ltr'>quod</span> <span class='ocrx_word' id='word_1_96' title='bbox 1737 1349 1991 1414; x_wconf 89' lang='lat' dir='ltr'>parentes</span> 
     </span>
    </p>
   </div>
   <div class='ocr_carea' id='block_1_15' title="bbox 2100 422 3690 498">
    <p class='ocr_par' dir='ltr' id='par_1_15' title="bbox 2100 422 3690 498">
     <span class='ocr_line' id='line_1_15' title="bbox 2100 422 3690 498; baseline 0.002 -19"><span class='ocrx_word' id='word_1_97' title='bbox 2100 438 2369 497; x_wconf 87' lang='lat' dir='ltr'>noresque</span> <span class='ocrx_word' id='word_1_98' title='bbox 2389 423 2838 495; x_wconf 89' lang='lat' dir='ltr'>contempserint.</span> <span class='ocrx_word' id='word_1_99' title='bbox 2876 422 3158 480; x_wconf 82' lang='lat' dir='ltr'>Interdum</span> <span class='ocrx_word' id='word_1_100' title='bbox 3198 425 3368 480; x_wconf 90' lang='lat' dir='ltr'>etiam</span> <span class='ocrx_word' id='word_1_101' title='bbox 3396 423 3690 498; x_wconf 85' lang='lat' dir='ltr'>dignitates</span> 
     </span>
    </p>
   </div>
   <div class='ocr_carea' id='block_1_16' title="bbox 2102 516 3690 590">
    <p class='ocr_par' dir='ltr' id='par_1_16' title="bbox 2102 516 3690 590">
     <span class='ocr_line' id='line_1_16' title="bbox 2102 516 3690 590; baseline 0.001 -16"><span class='ocrx_word' id='word_1_102' title='bbox 2102 527 2156 574; x_wconf 90' lang='lat' dir='ltr'>et</span> <span class='ocrx_word' id='word_1_103' title='bbox 2174 532 2325 589; x_wconf 88' lang='lat' dir='ltr'>opes,</span> <span class='ocrx_word' id='word_1_104' title='bbox 2351 533 2476 589; x_wconf 76' lang='lat' dir='ltr'>quae</span> <span class='ocrx_word' id='word_1_105' title='bbox 2502 516 2638 573; x_wconf 88' lang='lat' dir='ltr'>forte</span> <span class='ocrx_word' id='word_1_106' title='bbox 2670 532 2771 573; x_wconf 91' lang='lat' dir='ltr'>nec</span> <span class='ocrx_word' id='word_1_107' title='bbox 2794 516 3125 589; x_wconf 86' lang='lat' dir='ltr'>apprehendi</span> <span class='ocrx_word' id='word_1_108' title='bbox 3156 518 3377 590; x_wconf 87' lang='lat' dir='ltr'>quidem</span> <span class='ocrx_word' id='word_1_109' title='bbox 3400 519 3690 590; x_wconf 85' lang='lat' dir='ltr'>aliquando</span> 
     </span>
    </p>
   </div>
   <div class='ocr_carea' id='block_1_17' title="bbox 2101 610 3691 684">
    <p class='ocr_par' dir='ltr' id='par_1_17' title="bbox 2101 610 3691 684">
     <span class='ocr_line' id='line_1_17' title="bbox 2101 610 3691 684; baseline 0.002 -16"><span class='ocrx_word' id='word_1_110' title='bbox 2101 612 2426 684; x_wconf 89' lang='lat' dir='ltr'>potuissent,</span> <span class='ocrx_word' id='word_1_111' title='bbox 2485 610 2774 684; x_wconf 88' lang='lat' dir='ltr'>persuadet</span> <span class='ocrx_word' id='word_1_112' title='bbox 2814 610 3140 683; x_wconf 72' lang='lat' dir='ltr'>&#39;quemp‘iam</span> <span class='ocrx_word' id='word_1_113' title='bbox 3208 612 3461 683; x_wconf 83' lang='lat' dir='ltr'>perfacile</span> <span class='ocrx_word' id='word_1_114' title='bbox 3520 612 3691 672; x_wconf 86' lang='lat' dir='ltr'>fuisse</span> 
     </span>
    </p>
   </div>
   <div class='ocr_carea' id='block_1_18' title="bbox 2101 705 3692 781">
    <p class='ocr_par' dir='ltr' id='par_1_18' title="bbox 2101 705 3692 781">
     <span class='ocr_line' id='line_1_18' title="bbox 2101 705 3692 781; baseline 0.002 -20"><span class='ocrx_word' id='word_1_115' title='bbox 2101 705 2450 777; x_wconf 85' lang='lat' dir='ltr'>adepturum,</span> <span class='ocrx_word' id='word_1_116' title='bbox 2496 705 2543 761; x_wconf 88' lang='lat' dir='ltr'>si</span> <span class='ocrx_word' id='word_1_117' title='bbox 2596 714 2993 777; x_wconf 86' lang='lat' dir='ltr'>perseverasset</span> <span class='ocrx_word' id='word_1_118' title='bbox 3043 705 3097 761; x_wconf 92' lang='lat' dir='ltr'>in</span> <span class='ocrx_word' id='word_1_119' title='bbox 3147 707 3368 774; x_wconf 65' lang='lat' dir='ltr'>sarculo,</span> <span class='ocrx_word' id='word_1_120' title='bbox 3412 722 3551 763; x_wconf 90' lang='lat' dir='ltr'>vana</span> <span class='ocrx_word' id='word_1_121' title='bbox 3597 725 3692 781; x_wconf 86' lang='lat' dir='ltr'>spe</span> 
     </span>
    </p>
   </div>
   <div class='ocr_carea' id='block_1_19' title="bbox 2101 799 3693 873">
    <p class='ocr_par' dir='ltr' id='par_1_19' title="bbox 2101 799 3693 873">
     <span class='ocr_line' id='line_1_19' title="bbox 2101 799 3693 873; baseline 0.001 -16"><span class='ocrx_word' id='word_1_122' title='bbox 2101 801 2268 857; x_wconf 90' lang='lat' dir='ltr'>etiam</span> <span class='ocrx_word' id='word_1_123' title='bbox 2305 800 2373 857; x_wconf 89' lang='lat' dir='ltr'>de</span> <span class='ocrx_word' id='word_1_124' title='bbox 2419 800 2639 856; x_wconf 85' lang='lat' dir='ltr'>incertis</span> <span class='ocrx_word' id='word_1_125' title='bbox 2667 799 2869 856; x_wconf 79' lang='lat' dir='ltr'>inflaris</span> <span class='ocrx_word' id='word_1_126' title='bbox 2897 815 3046 868; x_wconf 91' lang='lat' dir='ltr'>eum,</span> <span class='ocrx_word' id='word_1_127' title='bbox 3092 807 3149 856; x_wconf 89' lang='lat' dir='ltr'>et</span> <span class='ocrx_word' id='word_1_128' title='bbox 3181 800 3249 856; x_wconf 86' lang='lat' dir='ltr'>de</span> <span class='ocrx_word' id='word_1_129' title='bbox 3272 800 3356 856; x_wconf 90' lang='lat' dir='ltr'>his</span> <span class='ocrx_word' id='word_1_130' title='bbox 3381 816 3504 873; x_wconf 75' lang='lat' dir='ltr'>quae</span> <span class='ocrx_word' id='word_1_131' title='bbox 3529 818 3693 858; x_wconf 78' lang='lat' dir='ltr'>num-</span> 
     </span>
    </p>
   </div>
   <div class='ocr_carea' id='block_1_20' title="bbox 2100 893 3693 968">
    <p class='ocr_par' dir='ltr' id='par_1_20' title="bbox 2100 893 3693 968">
     <span class='ocr_line' id='line_1_20' title="bbox 2100 893 3693 968; baseline 0.002 -19"><span class='ocrx_word' id='word_1_132' title='bbox 2100 910 2266 966; x_wconf 88' lang='lat' dir='ltr'>quam</span> <span class='ocrx_word' id='word_1_133' title='bbox 2303 893 2572 966; x_wconf 89' lang='lat' dir='ltr'>possedit;</span> <span class='ocrx_word' id='word_1_134' title='bbox 2613 893 2763 950; x_wconf 91' lang='lat' dir='ltr'>velut</span> <span class='ocrx_word' id='word_1_135' title='bbox 2792 893 2883 965; x_wconf 87' lang='lat' dir='ltr'>qui</span> <span class='ocrx_word' id='word_1_136' title='bbox 2934 909 2997 950; x_wconf 91' lang='lat' dir='ltr'>ea</span> <span class='ocrx_word' id='word_1_137' title='bbox 3049 895 3472 967; x_wconf 86' lang='lat' dir='ltr'>contempserit,</span> <span class='ocrx_word' id='word_1_138' title='bbox 3520 895 3693 968; x_wconf 84' lang='lat' dir='ltr'>gloria</span> 
     </span>
    </p>
   </div>
   <div class='ocr_carea' id='block_1_21' title="bbox 2103 987 2799 1050">
    <p class='ocr_par' dir='ltr' id='par_1_21' title="bbox 2103 987 2799 1050">
     <span class='ocr_line' id='line_1_21' title="bbox 2103 987 2799 1050; baseline -0.006 -5"><span class='ocrx_word' id='word_1_139' title='bbox 2103 988 2348 1045; x_wconf 81' lang='lat' dir='ltr'>vanitatis</span> <span class='ocrx_word' id='word_1_140' title='bbox 2379 987 2668 1044; x_wconf 80' lang='lat' dir='ltr'>extollens.</span> <span class='ocrx_word' id='word_1_141' title='bbox 2787 1043 2799 1050; x_wconf 69' lang='grc'><strong><em>,</em></strong></span> 
     </span>
    </p>
   </div>
   <div class='ocr_carea' id='block_1_22' title="bbox 2665 1083 3116 1139">
    <p class='ocr_par' dir='ltr' id='par_1_22' title="bbox 2665 1083 3116 1139">
     <span class='ocr_line' id='line_1_22' title="bbox 2665 1083 3116 1139; baseline 0 -2"><span class='ocrx_word' id='word_1_142' title='bbox 2665 1083 2906 1138; x_wconf 83' lang='lat' dir='ltr'><strong>CAPUT</strong></span> <span class='ocrx_word' id='word_1_143' title='bbox 2964 1083 3116 1139; x_wconf 86' lang='lat' dir='ltr'>XIV.</span> 
     </span>
    </p>
   </div>
   <div class='ocr_carea' id='block_1_23' title="bbox 2249 1176 3556 1299">
    <p class='ocr_par' dir='ltr' id='par_1_23' title="bbox 2249 1176 3556 1299">
     <span class='ocr_line' id='line_1_23' title="bbox 2249 1176 3556 1299; baseline 0.003 -71"><span class='ocrx_word' id='word_1_144' title='bbox 2249 1176 2706 1243; x_wconf 79' lang='lat' dir='ltr'>Quemadmodum</span> <span class='ocrx_word' id='word_1_145' title='bbox 2730 1177 3006 1299; x_wconf 49' lang='lat' dir='ltr'>clezieatps</span> <span class='ocrx_word' id='word_1_146' title='bbox 3045 1176 3280 1245; x_wconf 85' lang='lat' dir='ltr'>gradum</span> <span class='ocrx_word' id='word_1_147' title='bbox 3308 1182 3556 1246; x_wconf 83' lang='lat' dir='ltr'>suggerat</span> 
     </span>
     <span class='ocr_line' id='line_1_24' title="bbox 2716 1263 3078 1299; baseline 0 0"><span class='ocrx_word' id='word_1_148' title='bbox 2716 1263 2805 1299; x_wconf 89' lang='lat' dir='ltr'>am</span> <span class='ocrx_word' id='word_1_149' title='bbox 2843 1264 2945 1299; x_wconf 77' lang='lat' dir='ltr'>tt‘llt</span> <span class='ocrx_word' id='word_1_150' title='bbox 2972 1264 3078 1299; x_wconf 85' lang='lat' dir='ltr'>um.</span> 
     </span>
    </p>
   </div>
   <div class='ocr_carea' id='block_1_24' title="bbox 2716 1263 3078 1301">
    <p class='ocr_par' dir='ltr' id='par_1_24' title="bbox 2716 1263 3078 1301">
     <span class='ocr_line' id='line_1_25' title="bbox 2716 1263 3078 1301; baseline 0.003 -2"><span class='ocrx_word' id='word_1_151' title='bbox 2716 1263 3078 1301; x_wconf 74' lang='lat' dir='ltr'>arnmenaum.</span> 
     </span>
    </p>
   </div>
   <div class='ocr_carea' id='block_1_25' title="bbox 2172 1331 3696 1412">
    <p class='ocr_par' dir='ltr' id='par_1_25' title="bbox 2172 1331 3696 1412">
     <span class='ocr_line' id='line_1_26' title="bbox 2172 1331 3696 1412; baseline 0.003 -18"><span class='ocrx_word' id='word_1_152' title='bbox 2172 1344 2193 1371; x_wconf 85' lang='lat'><em>°</em></span> <span class='ocrx_word' id='word_1_153' title='bbox 2219 1342 2652 1409; x_wconf 72' lang='lat' dir='ltr'>Nonnumquam</span> <span class='ocrx_word' id='word_1_154' title='bbox 2681 1331 2846 1395; x_wconf 72' lang='lat' dir='ltr'>verof</span> <span class='ocrx_word' id='word_1_155' title='bbox 2873 1337 3156 1395; x_wconf 86' lang='lat' dir='ltr'>clericatus</span> <span class='ocrx_word' id='word_1_156' title='bbox 3184 1337 3437 1412; x_wconf 82' lang='lat' dir='ltr'>gradum,</span> <span class='ocrx_word' id='word_1_157' title='bbox 3467 1347 3519 1397; x_wconf 87' lang='lat' dir='ltr'>et</span> <span class='ocrx_word' id='word_1_158' title='bbox 3548 1339 3696 1399; x_wconf 62' lang='lat' dir='ltr'>desi-</span> 
     </span>
    </p>
   </div>
   <div class='ocr_carea' id='block_1_26' title="bbox 1480 1466 2595 1524">
    <p class='ocr_par' dir='ltr' id='par_1_26' title="bbox 1480 1466 2595 1524">
     <span class='ocr_line' id='line_1_27' title="bbox 1480 1466 2595 1524; baseline -0.001 -2"><span class='ocrx_word' id='word_1_159' title='bbox 1480 1468 1732 1524; x_wconf 80' lang='lat' dir='ltr'><strong>ALARDI</strong></span> <span class='ocrx_word' id='word_1_160' title='bbox 1771 1469 1994 1524; x_wconf 64' lang='lat' dir='ltr'>GAZz&#39;El</span> <span class='ocrx_word' id='word_1_161' title='bbox 2035 1466 2595 1523; x_wconf 71' lang='lat' dir='ltr'>COMMENTARIUS.</span> 
     </span>
    </p>
   </div>
   <div class='ocr_carea' id='block_1_27' title="bbox 396 1583 1986 1655">
    <p class='ocr_par' dir='ltr' id='par_1_27' title="bbox 396 1583 1986 1655">
     <span class='ocr_line' id='line_1_28' title="bbox 396 1583 1986 1655; baseline 0.001 -19"><span class='ocrx_word' id='word_1_162' title='bbox 396 1584 568 1655; x_wconf 81' lang='lat' dir='ltr'>magis</span> <span class='ocrx_word' id='word_1_163' title='bbox 598 1584 738 1638; x_wconf 89' lang='lat' dir='ltr'>inter</span> <span class='ocrx_word' id='word_1_164' title='bbox 761 1598 818 1639; x_wconf 89' lang='lat' dir='ltr'>se</span> <span class='ocrx_word' id='word_1_165' title='bbox 856 1583 1142 1639; x_wconf 83' lang='lat' dir='ltr'>convenire</span> <span class='ocrx_word' id='word_1_166' title='bbox 1168 1592 1395 1655; x_wconf 90' lang='lat' dir='ltr'>possunt</span> <span class='ocrx_word' id='word_1_167' title='bbox 1417 1583 1586 1653; x_wconf 84' lang='lat' dir='ltr'>gloria</span> <span class='ocrx_word' id='word_1_168' title='bbox 1615 1584 1713 1639; x_wconf 91' lang='lat' dir='ltr'>Dci</span> <span class='ocrx_word' id='word_1_169' title='bbox 1745 1592 1797 1639; x_wconf 87' lang='lat' dir='ltr'>et</span> <span class='ocrx_word' id='word_1_170' title='bbox 1816 1584 1986 1655; x_wconf 81' lang='lat' dir='ltr'>gloria</span> 
     </span>
    </p>
   </div>
   <div class='ocr_carea' id='block_1_28' title="bbox 394 1654 1980 1727">
    <p class='ocr_par' dir='ltr' id='par_1_28' title="bbox 394 1654 1980 1727">
     <span class='ocr_line' id='line_1_29' title="bbox 394 1654 1980 1727; baseline 0.001 -19"><span class='ocrx_word' id='word_1_171' title='bbox 394 1654 681 1727; x_wconf 81' lang='lat' dir='ltr'>hominum</span> <span class='ocrx_word' id='word_1_172' title='bbox 721 1656 775 1727; x_wconf 81' lang='grc' dir='ltr'>(Ι</span> <span class='ocrx_word' id='word_1_173' title='bbox 807 1656 926 1711; x_wconf 89' lang='lat' dir='ltr'>Cor.</span> <span class='ocrx_word' id='word_1_174' title='bbox 959 1660 1009 1709; x_wconf 89' lang='lat' dir='ltr'>et</span> <span class='ocrx_word' id='word_1_175' title='bbox 1037 1654 1353 1727; x_wconf 32' lang='lat' dir='ltr'>n),’quam</span> <span class='ocrx_word' id='word_1_176' title='bbox 1382 1655 1619 1727; x_wconf 87' lang='lat' dir='ltr'>sapienta</span> <span class='ocrx_word' id='word_1_177' title='bbox 1668 1656 1773 1727; x_wconf 84' lang='lat' dir='ltr'>Dei</span> <span class='ocrx_word' id='word_1_178' title='bbox 1811 1654 1867 1712; x_wconf 84' lang='lat' dir='ltr'>et</span> <span class='ocrx_word' id='word_1_179' title='bbox 1895 1671 1980 1711; x_wconf 85' lang='lat' dir='ltr'>sa-</span> 
     </span>
    </p>
   </div>
   <div class='ocr_carea' id='block_1_29' title="bbox 395 1726 1981 1796">
    <p class='ocr_par' dir='ltr' id='par_1_29' title="bbox 395 1726 1981 1796">
     <span class='ocr_line' id='line_1_30' title="bbox 395 1726 1981 1796; baseline 0.001 -17"><span class='ocrx_word' id='word_1_180' title='bbox 395 1726 589 1795; x_wconf 87' lang='lat' dir='ltr'>pientia</span> <span class='ocrx_word' id='word_1_181' title='bbox 629 1726 937 1793; x_wconf 88' lang='lat' dir='ltr'>hominum,</span> <span class='ocrx_word' id='word_1_182' title='bbox 965 1742 1201 1796; x_wconf 89' lang='lat' dir='ltr'>quarum</span> <span class='ocrx_word' id='word_1_183' title='bbox 1240 1726 1410 1782; x_wconf 89' lang='lat' dir='ltr'>altera</span> <span class='ocrx_word' id='word_1_184' title='bbox 1440 1726 1594 1781; x_wconf 84' lang='lat' dir='ltr'>alteri</span> <span class='ocrx_word' id='word_1_185' title='bbox 1626 1726 1853 1782; x_wconf 86' lang='lat' dir='ltr'>stultitia</span> <span class='ocrx_word' id='word_1_186' title='bbox 1882 1736 1981 1782; x_wconf 88' lang='lat' dir='ltr'>est.</span> 
     </span>
    </p>
   </div>
   <div class='ocr_carea' id='block_1_30' title="bbox 2092 1570 3695 1654">
    <p class='ocr_par' dir='ltr' id='par_1_30' title="bbox 2092 1570 3695 1654">
     <span class='ocr_line' id='line_1_31' title="bbox 2092 1570 3695 1654; baseline 0.002 -17"><span class='ocrx_word' id='word_1_187' title='bbox 2092 1599 2303 1653; x_wconf 85' lang='lat' dir='ltr'>corpore</span> <span class='ocrx_word' id='word_1_188' title='bbox 2360 1570 2629 1654; x_wconf 71' lang='lat' dir='ltr'>lautiores,</span> <span class='ocrx_word' id='word_1_189' title='bbox 2680 1579 2897 1654; x_wconf 81' lang='lat' dir='ltr'>videtur</span> <span class='ocrx_word' id='word_1_190' title='bbox 2936 1582 3315 1654; x_wconf 89' lang='lat' dir='ltr'>paraphrastes</span> <span class='ocrx_word' id='word_1_191' title='bbox 3362 1598 3461 1654; x_wconf 89' lang='lat' dir='ltr'>pro</span> <span class='ocrx_word' id='word_1_192' title='bbox 3498 1582 3695 1640; x_wconf 88' lang='lat' dir='ltr'>eodem</span> 
     </span>
    </p>
   </div>
   <div class='ocr_carea' id='block_1_31' title="bbox 2091 1652 3696 1725">
    <p class='ocr_par' dir='ltr' id='par_1_31' title="bbox 2091 1652 3696 1725">
     <span class='ocr_line' id='line_1_32' title="bbox 2091 1652 3696 1725; baseline 0.001 -16"><span class='ocrx_word' id='word_1_193' title='bbox 2091 1652 2406 1725; x_wconf 82' lang='lat' dir='ltr'>expositive,</span> <span class='ocrx_word' id='word_1_194' title='bbox 2439 1669 2548 1708; x_wconf 92' lang='lat' dir='ltr'>non</span> <span class='ocrx_word' id='word_1_195' title='bbox 2587 1652 3228 1725; x_wconf 44' lang='lat' dir='ltr'>disjunctive,‘accipere.</span> <span class='ocrx_word' id='word_1_196' title='bbox 3270 1652 3535 1709; x_wconf 46' lang='lat' dir='ltr'>Sic—enim</span> <span class='ocrx_word' id='word_1_197' title='bbox 3564 1656 3696 1710; x_wconf 89' lang='lat' dir='ltr'>red-</span> 
     </span>
    </p>
   </div>
   <div class='ocr_carea' id='block_1_32' title="bbox 2091 1723 3696 1796">
    <p class='ocr_par' dir='ltr' id='par_1_32' title="bbox 2091 1723 3696 1796">
     <span class='ocr_line' id='line_1_33' title="bbox 2091 1723 3696 1796; baseline 0.001 -16"><span class='ocrx_word' id='word_1_198' title='bbox 2091 1723 2187 1790; x_wconf 81' lang='lat' dir='ltr'>dit,</span> <span class='ocrx_word' id='word_1_199' title='bbox 2212 1724 2365 1796; x_wconf 87' lang='lat' dir='ltr'>quasi</span> <span class='ocrx_word' id='word_1_200' title='bbox 2391 1741 2563 1796; x_wconf 87' lang='lat' dir='ltr'>unum</span> <span class='ocrx_word' id='word_1_201' title='bbox 2588 1725 2657 1780; x_wconf 89' lang='lat' dir='ltr'>sit</span> <span class='ocrx_word' id='word_1_202' title='bbox 2672 1723 3017 1796; x_wconf 81' lang='lat' dir='ltr'>membrum,</span> <span class='ocrx_word' id='word_1_203' title='bbox 3037 1723 3118 1779; x_wconf 77' lang='lat' dir='ltr'>cel</span> <span class='ocrx_word' id='word_1_204' title='bbox 3134 1728 3267 1794; x_wconf 96' lang='lat' dir='ltr'>quia</span> <span class='ocrx_word' id='word_1_205' title='bbox 3294 1728 3552 1796; x_wconf 73' lang='lat' dir='ltr'>tenuioris</span> <span class='ocrx_word' id='word_1_206' title='bbox 3566 1733 3696 1782; x_wconf 89' lang='lat' dir='ltr'>sunt</span> 
     </span>
    </p>
   </div>
   <div class='ocr_carea' id='block_1_33' title="bbox 390 1794 3689 1867">
    <p class='ocr_par' dir='ltr' id='par_1_33' title="bbox 390 1794 3689 1867">
     <span class='ocr_line' id='line_1_34' title="bbox 390 1794 3689 1867; baseline 0 -16"><span class='ocrx_word' id='word_1_207' title='bbox 390 1796 620 1851; x_wconf 81' lang='lat' dir='ltr'>Proinde</span> <span class='ocrx_word' id='word_1_208' title='bbox 657 1797 749 1867; x_wconf 91' lang='lat' dir='ltr'>qui</span> <span class='ocrx_word' id='word_1_209' title='bbox 791 1794 1019 1852; x_wconf 82' lang='lat' dir='ltr'>alteram</span> <span class='ocrx_word' id='word_1_210' title='bbox 1072 1805 1336 1867; x_wconf 82' lang='lat' dir='ltr'>sectatur,</span> <span class='ocrx_word' id='word_1_211' title='bbox 1393 1798 1627 1854; x_wconf 87' lang='lat' dir='ltr'>alteram</span> <span class='ocrx_word' id='word_1_212' title='bbox 1673 1806 1993 1854; x_wconf 87' lang='lat' dir='ltr'>contemnat</span> <span class='ocrx_word' id='word_1_213' title='bbox 2024 1803 2072 1864; x_wconf 86' lang='grc' dir='ltr'><strong>Β</strong></span> <span class='ocrx_word' id='word_1_214' title='bbox 2100 1794 2355 1866; x_wconf 78' lang='lat' dir='ltr'>corporis,</span> <span class='ocrx_word' id='word_1_215' title='bbox 2380 1795 2531 1867; x_wconf 90' lang='lat' dir='ltr'>quasi</span> <span class='ocrx_word' id='word_1_216' title='bbox 2562 1796 2819 1867; x_wconf 87' lang='lat' dir='ltr'>lautiores</span> <span class='ocrx_word' id='word_1_217' title='bbox 2845 1794 2952 1851; x_wconf 90' lang='lat' dir='ltr'>sint</span> <span class='ocrx_word' id='word_1_218' title='bbox 2980 1796 3284 1860; x_wconf 90' lang='lat' dir='ltr'>tenuiores,</span> <span class='ocrx_word' id='word_1_219' title='bbox 3323 1795 3689 1854; x_wconf 86' lang='lat' dir='ltr'>delicatiores.</span> 
     </span>
    </p>
   </div>
   <div class='ocr_carea' id='block_1_34' title="bbox 393 1877 739 1922">
    <p class='ocr_par' dir='ltr' id='par_1_34' title="bbox 393 1877 739 1922">
     <span class='ocr_line' id='line_1_35' title="bbox 393 1877 739 1922; baseline 0.003 -1"><span class='ocrx_word' id='word_1_220' title='bbox 393 1883 616 1922; x_wconf 74' lang='lat' dir='ltr'>DCCCSSO</span> <span class='ocrx_word' id='word_1_221' title='bbox 633 1877 713 1922; x_wconf 72' lang='grc' dir='ltr'>ρει</span> <span class='ocrx_word' id='word_1_222' title='bbox 726 1908 739 1922; x_wconf 89' lang='grc'><strong>.</strong></span> 
     </span>
    </p>
   </div>
   <div class='ocr_carea' id='block_1_35' title="bbox 464 1938 1991 2011">
    <p class='ocr_par' dir='ltr' id='par_1_35' title="bbox 464 1938 1991 2011">
     <span class='ocr_line' id='line_1_36' title="bbox 464 1938 1991 2011; baseline 0.003 -19"><span class='ocrx_word' id='word_1_223' title='bbox 464 1941 499 2011; x_wconf 15' lang='grc' dir='ltr'><strong>Ἀ</strong></span> <span class='ocrx_word' id='word_1_224' title='bbox 540 1938 606 1995; x_wconf 91' lang='lat' dir='ltr'>Id</span> <span class='ocrx_word' id='word_1_225' title='bbox 652 1947 753 2004; x_wconf 88' lang='lat' dir='ltr'>est,</span> <span class='ocrx_word' id='word_1_226' title='bbox 799 1939 891 2010; x_wconf 91' lang='lat' dir='ltr'>qui</span> <span class='ocrx_word' id='word_1_227' title='bbox 922 1938 977 1993; x_wconf 92' lang='lat' dir='ltr'>in</span> <span class='ocrx_word' id='word_1_228' title='bbox 1009 1939 1237 2011; x_wconf 85' lang='lat' dir='ltr'>gratiam</span> <span class='ocrx_word' id='word_1_229' title='bbox 1284 1938 1572 2011; x_wconf 87' lang='lat' dir='ltr'>hominum</span> <span class='ocrx_word' id='word_1_230' title='bbox 1602 1947 1658 1994; x_wconf 87' lang='lat' dir='ltr'>et</span> <span class='ocrx_word' id='word_1_231' title='bbox 1692 1940 1991 1996; x_wconf 88' lang='lat' dir='ltr'>carnalium</span> 
     </span>
    </p>
   </div>
   <div class='ocr_carea' id='block_1_36' title="bbox 394 2009 1990 2067">
    <p class='ocr_par' dir='ltr' id='par_1_36' title="bbox 394 2009 1990 2067">
     <span class='ocr_line' id='line_1_37' title="bbox 394 2009 1990 2067; baseline 0.001 -2"><span class='ocrx_word' id='word_1_232' title='bbox 394 2009 701 2066; x_wconf 88' lang='lat' dir='ltr'>amicorum</span> <span class='ocrx_word' id='word_1_233' title='bbox 726 2009 829 2066; x_wconf 87' lang='lat' dir='ltr'>Dei</span> <span class='ocrx_word' id='word_1_234' title='bbox 851 2009 1060 2066; x_wconf 82' lang='lat' dir='ltr'>metum</span> <span class='ocrx_word' id='word_1_235' title='bbox 1083 2010 1356 2067; x_wconf 89' lang='lat' dir='ltr'>deserunt.</span> <span class='ocrx_word' id='word_1_236' title='bbox 1383 2009 1646 2066; x_wconf 85' lang='lat' dir='ltr'>Bifariam</span> <span class='ocrx_word' id='word_1_237' title='bbox 1674 2011 1828 2067; x_wconf 88' lang='lat' dir='ltr'>enim</span> <span class='ocrx_word' id='word_1_238' title='bbox 1852 2028 1990 2067; x_wconf 89' lang='lat' dir='ltr'>con-</span> 
     </span>
    </p>
   </div>
   <div class='ocr_carea' id='block_1_37' title="bbox 395 2081 1988 2153">
    <p class='ocr_par' dir='ltr' id='par_1_37' title="bbox 395 2081 1988 2153">
     <span class='ocr_line' id='line_1_38' title="bbox 395 2081 1988 2153; baseline 0.003 -19"><span class='ocrx_word' id='word_1_239' title='bbox 395 2081 556 2152; x_wconf 84' lang='lat' dir='ltr'>tingit</span> <span class='ocrx_word' id='word_1_240' title='bbox 583 2097 687 2136; x_wconf 91' lang='lat' dir='ltr'>nos</span> <span class='ocrx_word' id='word_1_241' title='bbox 716 2083 926 2153; x_wconf 86' lang='lat' dir='ltr'>placere</span> <span class='ocrx_word' id='word_1_242' title='bbox 945 2081 1259 2153; x_wconf 88' lang='lat' dir='ltr'>hominibus</span> <span class='ocrx_word' id='word_1_243' title='bbox 1290 2101 1301 2136; x_wconf 90' lang='lat'>:</span> <span class='ocrx_word' id='word_1_244' title='bbox 1344 2097 1467 2153; x_wconf 17' lang='lat' dir='ltr'>uno,</span> <span class='ocrx_word' id='word_1_245' title='bbox 1484 2082 1653 2138; x_wconf 89' lang='lat' dir='ltr'>modo</span> <span class='ocrx_word' id='word_1_246' title='bbox 1679 2082 1895 2153; x_wconf 88' lang='lat' dir='ltr'>quando</span> <span class='ocrx_word' id='word_1_247' title='bbox 1922 2099 1988 2138; x_wconf 92' lang='lat' dir='ltr'>eo</span> 
     </span>
    </p>
   </div>
   <div class='ocr_carea' id='block_1_38' title="bbox 394 2152 1989 2223">
    <p class='ocr_par' dir='ltr' id='par_1_38' title="bbox 394 2152 1989 2223">
     <span class='ocr_line' id='line_1_39' title="bbox 394 2152 1989 2223; baseline 0.003 -18"><span class='ocrx_word' id='word_1_248' title='bbox 394 2154 500 2207; x_wconf 84' lang='lat' dir='ltr'>line</span> <span class='ocrx_word' id='word_1_249' title='bbox 530 2160 742 2207; x_wconf 88' lang='lat' dir='ltr'>tantum</span> <span class='ocrx_word' id='word_1_250' title='bbox 773 2152 1089 2207; x_wconf 89' lang='lat' dir='ltr'>hominibus</span> <span class='ocrx_word' id='word_1_251' title='bbox 1119 2152 1329 2223; x_wconf 81' lang='lat' dir='ltr'>placere</span> <span class='ocrx_word' id='word_1_252' title='bbox 1349 2152 1634 2208; x_wconf 88' lang='lat' dir='ltr'>studemus</span> <span class='ocrx_word' id='word_1_253' title='bbox 1653 2194 1668 2218; x_wconf 93' lang='lat'>,</span> <span class='ocrx_word' id='word_1_254' title='bbox 1697 2152 1757 2207; x_wconf 86' lang='lat' dir='ltr'>ut</span> <span class='ocrx_word' id='word_1_255' title='bbox 1795 2168 1989 2210; x_wconf 89' lang='lat' dir='ltr'>eorum</span> 
     </span>
    </p>
   </div>
   <div class='ocr_carea' id='block_1_39' title="bbox 394 2223 1988 2296">
    <p class='ocr_par' dir='ltr' id='par_1_39' title="bbox 394 2223 1988 2296">
     <span class='ocr_line' id='line_1_40' title="bbox 394 2223 1988 2296; baseline 0.002 -19"><span class='ocrx_word' id='word_1_256' title='bbox 394 2223 625 2292; x_wconf 76' lang='lat' dir='ltr'>gratiam</span> <span class='ocrx_word' id='word_1_257' title='bbox 645 2232 699 2278; x_wconf 91' lang='lat' dir='ltr'>et</span> <span class='ocrx_word' id='word_1_258' title='bbox 723 2223 971 2296; x_wconf 82' lang='lat' dir='ltr'>favorem</span> <span class='ocrx_word' id='word_1_259' title='bbox 988 2239 1355 2296; x_wconf 65' lang='lat' dir='ltr'>aucupentur,</span> <span class='ocrx_word' id='word_1_260' title='bbox 1379 2224 1524 2296; x_wconf 82' lang='lat' dir='ltr'>quod</span> <span class='ocrx_word' id='word_1_261' title='bbox 1540 2224 1778 2296; x_wconf 84' lang='lat' dir='ltr'>quidem</span> <span class='ocrx_word' id='word_1_262' title='bbox 1804 2241 1988 2296; x_wconf 86' lang='lat' dir='ltr'>pecca-</span> 
     </span>
    </p>
   </div>
   <div class='ocr_carea' id='block_1_40' title="bbox 394 2294 1981 2365">
    <p class='ocr_par' dir='ltr' id='par_1_40' title="bbox 394 2294 1981 2365">
     <span class='ocr_line' id='line_1_41' title="bbox 394 2294 1981 2365; baseline 0.001 -17"><span class='ocrx_word' id='word_1_263' title='bbox 394 2302 511 2348; x_wconf 92' lang='lat' dir='ltr'>tum</span> <span class='ocrx_word' id='word_1_264' title='bbox 553 2303 655 2362; x_wconf 90' lang='lat' dir='ltr'>est,</span> <span class='ocrx_word' id='word_1_265' title='bbox 687 2295 925 2350; x_wconf 87' lang='lat' dir='ltr'>maxime</span> <span class='ocrx_word' id='word_1_266' title='bbox 954 2295 995 2349; x_wconf 90' lang='lat' dir='ltr'>si</span> <span class='ocrx_word' id='word_1_267' title='bbox 1039 2294 1111 2350; x_wconf 90' lang='lat' dir='ltr'>ob</span> <span class='ocrx_word' id='word_1_268' title='bbox 1144 2294 1212 2349; x_wconf 87' lang='lat' dir='ltr'>id</span> <span class='ocrx_word' id='word_1_269' title='bbox 1254 2298 1368 2349; x_wconf 90' lang='lat' dir='ltr'>Deo</span> <span class='ocrx_word' id='word_1_270' title='bbox 1396 2294 1707 2365; x_wconf 89' lang='lat' dir='ltr'>displicere,</span> <span class='ocrx_word' id='word_1_271' title='bbox 1743 2294 1845 2350; x_wconf 83' lang='lat' dir='ltr'>hoc</span> <span class='ocrx_word' id='word_1_272' title='bbox 1880 2306 1981 2361; x_wconf 89' lang='lat' dir='ltr'>est,</span> 
     </span>
    </p>
   </div>
   <div class='ocr_carea' id='block_1_41' title="bbox 395 2365 1988 2437">
    <p class='ocr_par' dir='ltr' id='par_1_41' title="bbox 395 2365 1988 2437">
     <span class='ocr_line' id='line_1_42' title="bbox 395 2365 1988 2437; baseline 0.002 -18"><span class='ocrx_word' id='word_1_273' title='bbox 395 2368 573 2421; x_wconf 89' lang='lat' dir='ltr'>Deum</span> <span class='ocrx_word' id='word_1_274' title='bbox 598 2365 879 2421; x_wconf 85' lang='lat' dir='ltr'>offendere</span> <span class='ocrx_word' id='word_1_275' title='bbox 902 2381 1012 2420; x_wconf 91' lang='lat' dir='ltr'>non</span> <span class='ocrx_word' id='word_1_276' title='bbox 1037 2380 1343 2427; x_wconf 88' lang='lat' dir='ltr'>vereamur,</span> <span class='ocrx_word' id='word_1_277' title='bbox 1372 2365 1439 2422; x_wconf 89' lang='lat' dir='ltr'>de</span> <span class='ocrx_word' id='word_1_278' title='bbox 1461 2381 1569 2437; x_wconf 90' lang='lat' dir='ltr'>quo</span> <span class='ocrx_word' id='word_1_279' title='bbox 1594 2366 1895 2435; x_wconf 85' lang='lat' dir='ltr'>Apostolus</span> <span class='ocrx_word' id='word_1_280' title='bbox 1918 2368 1988 2422; x_wconf 88' lang='lat' dir='ltr'>ad</span> 
     </span>
    </p>
   </div>
   <div class='ocr_carea' id='block_1_42' title="bbox 395 2437 1987 2505">
    <p class='ocr_par' dir='ltr' id='par_1_42' title="bbox 395 2437 1987 2505">
     <span class='ocr_line' id='line_1_43' title="bbox 395 2437 1987 2505; baseline 0 -13"><span class='ocrx_word' id='word_1_281' title='bbox 395 2437 573 2493; x_wconf 84' lang='lat' dir='ltr'>Galat.</span> <span class='ocrx_word' id='word_1_282' title='bbox 597 2453 619 2492; x_wconf 84' lang='grc' dir='ltr'>Ι</span> <span class='ocrx_word' id='word_1_283' title='bbox 648 2456 659 2491; x_wconf 89' lang='lat'>:</span> <span class='ocrx_word' id='word_1_284' title='bbox 683 2440 745 2493; x_wconf 87' lang='lat' dir='ltr'>Si</span> <span class='ocrx_word' id='word_1_285' title='bbox 766 2438 942 2491; x_wconf 80' lang='lat' dir='ltr'>adhuc</span> <span class='ocrx_word' id='word_1_286' title='bbox 958 2438 1258 2491; x_wconf 85' lang='lat' dir='ltr'>hominibus</span> <span class='ocrx_word' id='word_1_287' title='bbox 1280 2437 1561 2505; x_wconf 85' lang='lat' dir='ltr'>placerem,</span> <span class='ocrx_word' id='word_1_288' title='bbox 1592 2438 1796 2493; x_wconf 76' lang='lat' dir='ltr'>Christi</span> <span class='ocrx_word' id='word_1_289' title='bbox 1808 2452 1987 2492; x_wconf 78' lang='lat' dir='ltr'>servus</span> 
     </span>
    </p>
   </div>
   <div class='ocr_carea' id='block_1_43' title="bbox 396 2507 1990 2579">
    <p class='ocr_par' dir='ltr' id='par_1_43' title="bbox 396 2507 1990 2579">
     <span class='ocr_line' id='line_1_44' title="bbox 396 2507 1990 2579; baseline 0 -16"><span class='ocrx_word' id='word_1_290' title='bbox 396 2524 485 2563; x_wconf 84' lang='lat' dir='ltr'>nos</span> <span class='ocrx_word' id='word_1_291' title='bbox 511 2524 707 2574; x_wconf 80' lang='lat' dir='ltr'>essem;</span> <span class='ocrx_word' id='word_1_292' title='bbox 741 2508 847 2564; x_wconf 92' lang='lat' dir='ltr'>alio</span> <span class='ocrx_word' id='word_1_293' title='bbox 888 2507 1056 2579; x_wconf 90' lang='lat' dir='ltr'>modo</span> <span class='ocrx_word' id='word_1_294' title='bbox 1099 2508 1376 2579; x_wconf 84' lang='lat' dir='ltr'>placemus</span> <span class='ocrx_word' id='word_1_295' title='bbox 1419 2507 1737 2579; x_wconf 74' lang='lat' dir='ltr'>hominibus</span> <span class='ocrx_word' id='word_1_296' title='bbox 1767 2517 1990 2579; x_wconf 86' lang='lat' dir='ltr'>propter</span> 
     </span>
    </p>
   </div>
   <div class='ocr_carea' id='block_1_44' title="bbox 397 2577 1986 2650">
    <p class='ocr_par' dir='ltr' id='par_1_44' title="bbox 397 2577 1986 2650">
     <span class='ocr_line' id='line_1_45' title="bbox 397 2577 1986 2650; baseline -0.001 -15"><span class='ocrx_word' id='word_1_297' title='bbox 397 2585 596 2649; x_wconf 88' lang='lat' dir='ltr'>Deum,</span> <span class='ocrx_word' id='word_1_298' title='bbox 630 2578 937 2650; x_wconf 87' lang='lat' dir='ltr'>amovendo</span> <span class='ocrx_word' id='word_1_299' title='bbox 977 2595 1010 2634; x_wconf 90' lang='lat' dir='ltr'>a</span> <span class='ocrx_word' id='word_1_300' title='bbox 1039 2577 1195 2635; x_wconf 87' lang='lat' dir='ltr'>nobis</span> <span class='ocrx_word' id='word_1_301' title='bbox 1231 2579 1419 2634; x_wconf 87' lang='lat' dir='ltr'>omnia</span> <span class='ocrx_word' id='word_1_302' title='bbox 1455 2577 1712 2650; x_wconf 90' lang='lat' dir='ltr'>scandala</span> <span class='ocrx_word' id='word_1_303' title='bbox 1738 2577 1794 2633; x_wconf 74' lang='lat' dir='ltr'>et</span> <span class='ocrx_word' id='word_1_304' title='bbox 1836 2577 1986 2650; x_wconf 68' lang='lat' dir='ltr'>quae-</span> 
     </span>
    </p>
   </div>
   <div class='ocr_carea' id='block_1_45' title="bbox 395 2649 1985 2721">
    <p class='ocr_par' dir='ltr' id='par_1_45' title="bbox 395 2649 1985 2721">
     <span class='ocr_line' id='line_1_46' title="bbox 395 2649 1985 2721; baseline 0 -16"><span class='ocrx_word' id='word_1_305' title='bbox 395 2667 630 2721; x_wconf 89' lang='lat' dir='ltr'>cumque</span> <span class='ocrx_word' id='word_1_306' title='bbox 655 2651 774 2706; x_wconf 91' lang='lat' dir='ltr'>aliis</span> <span class='ocrx_word' id='word_1_307' title='bbox 798 2649 1132 2706; x_wconf 89' lang='lat' dir='ltr'>offendiculo</span> <span class='ocrx_word' id='word_1_308' title='bbox 1147 2665 1266 2706; x_wconf 89' lang='lat' dir='ltr'>esse</span> <span class='ocrx_word' id='word_1_309' title='bbox 1293 2658 1541 2719; x_wconf 88' lang='lat' dir='ltr'>possunt,</span> <span class='ocrx_word' id='word_1_310' title='bbox 1560 2658 1614 2704; x_wconf 88' lang='lat' dir='ltr'>et</span> <span class='ocrx_word' id='word_1_311' title='bbox 1633 2649 1985 2721; x_wconf 38' lang='lat' dir='ltr'>hocnon’tam</span> 
     </span>
    </p>
   </div>
   <div class='ocr_carea' id='block_1_46' title="bbox 395 2719 1987 2793">
    <p class='ocr_par' dir='ltr' id='par_1_46' title="bbox 395 2719 1987 2793">
     <span class='ocr_line' id='line_1_47' title="bbox 395 2719 1987 2793; baseline -0.001 -16"><span class='ocrx_word' id='word_1_312' title='bbox 395 2719 719 2793; x_wconf 88' lang='lat' dir='ltr'>cstplacere</span> <span class='ocrx_word' id='word_1_313' title='bbox 743 2721 1062 2778; x_wconf 89' lang='lat' dir='ltr'>hominibus</span> <span class='ocrx_word' id='word_1_314' title='bbox 1090 2737 1254 2791; x_wconf 89' lang='lat' dir='ltr'>quam</span> <span class='ocrx_word' id='word_1_315' title='bbox 1287 2726 1423 2776; x_wconf 89' lang='lat' dir='ltr'>Deo.</span> <span class='ocrx_word' id='word_1_316' title='bbox 1457 2720 1620 2776; x_wconf 87' lang='lat' dir='ltr'>Unde</span> <span class='ocrx_word' id='word_1_317' title='bbox 1656 2719 1811 2793; x_wconf 81' lang='lat' dir='ltr'>idem</span> <span class='ocrx_word' id='word_1_318' title='bbox 1834 2727 1987 2792; x_wconf 82' lang='lat' dir='ltr'>Apo-</span> 
     </span>
    </p>
   </div>
   <div class='ocr_carea' id='block_1_47' title="bbox 394 2791 1989 2859">
    <p class='ocr_par' dir='ltr' id='par_1_47' title="bbox 394 2791 1989 2859">
     <span class='ocr_line' id='line_1_48' title="bbox 394 2791 1989 2859; baseline -0.001 -11"><span class='ocrx_word' id='word_1_319' title='bbox 394 2791 571 2848; x_wconf 85' lang='lat' dir='ltr'>stolus</span> <span class='ocrx_word' id='word_1_320' title='bbox 597 2794 705 2849; x_wconf 88' lang='lat' dir='ltr'>alio</span> <span class='ocrx_word' id='word_1_321' title='bbox 735 2794 857 2849; x_wconf 91' lang='lat' dir='ltr'>loco</span> <span class='ocrx_word' id='word_1_322' title='bbox 886 2793 1014 2848; x_wconf 90' lang='lat' dir='ltr'>dicit</span> <span class='ocrx_word' id='word_1_323' title='bbox 1045 2795 1203 2849; x_wconf 88' lang='lat' dir='ltr'>:Sine</span> <span class='ocrx_word' id='word_1_324' title='bbox 1222 2794 1520 2859; x_wconf 80' lang='lat' dir='ltr'>offensione</span> <span class='ocrx_word' id='word_1_325' title='bbox 1539 2796 1698 2847; x_wconf 90' lang='lat' dir='ltr'>estote</span> <span class='ocrx_word' id='word_1_326' title='bbox 1710 2791 1909 2846; x_wconf 73' lang='lat' dir='ltr'>Judau&#39;s</span> <span class='ocrx_word' id='word_1_327' title='bbox 1940 2799 1989 2847; x_wconf 90' lang='lat' dir='ltr'>et</span> 
     </span>
    </p>
   </div>
   <div class='ocr_carea' id='block_1_48' title="bbox 397 2864 1991 2933">
    <p class='ocr_par' dir='ltr' id='par_1_48' title="bbox 397 2864 1991 2933">
     <span class='ocr_line' id='line_1_49' title="bbox 397 2864 1991 2933; baseline -0.003 -11"><span class='ocrx_word' id='word_1_328' title='bbox 397 2866 671 2928; x_wconf 80' lang='lat' dir='ltr'>Gentibus,</span> <span class='ocrx_word' id='word_1_329' title='bbox 702 2867 841 2920; x_wconf 89' lang='lat' dir='ltr'>sicut</span> <span class='ocrx_word' id='word_1_330' title='bbox 864 2870 914 2919; x_wconf 90' lang='lat' dir='ltr'>ct</span> <span class='ocrx_word' id='word_1_331' title='bbox 936 2880 1029 2933; x_wconf 85' lang='lat' dir='ltr'>ego</span> <span class='ocrx_word' id='word_1_332' title='bbox 1054 2866 1298 2918; x_wconf 89' lang='lat' dir='ltr'>omnibus</span> <span class='ocrx_word' id='word_1_333' title='bbox 1317 2880 1419 2933; x_wconf 87' lang='lat' dir='ltr'>per</span> <span class='ocrx_word' id='word_1_334' title='bbox 1449 2866 1626 2917; x_wconf 84' lang='lat' dir='ltr'>omnia</span> <span class='ocrx_word' id='word_1_335' title='bbox 1650 2864 1854 2931; x_wconf 83' lang='lat' dir='ltr'>placeo,</span> <span class='ocrx_word' id='word_1_336' title='bbox 1886 2879 1991 2918; x_wconf 88' lang='lat' dir='ltr'>non</span> 
     </span>
    </p>
   </div>
   <div class='ocr_carea' id='block_1_49' title="bbox 395 2934 1991 3005">
    <p class='ocr_par' dir='ltr' id='par_1_49' title="bbox 395 2934 1991 3005">
     <span class='ocr_line' id='line_1_50' title="bbox 395 2934 1991 3005; baseline -0.001 -16"><span class='ocrx_word' id='word_1_337' title='bbox 395 2951 640 3005; x_wconf 59' lang='lat' dir='ltr'>quarens</span> <span class='ocrx_word' id='word_1_338' title='bbox 665 2937 807 3005; x_wconf 87' lang='lat' dir='ltr'>quod</span> <span class='ocrx_word' id='word_1_339' title='bbox 834 2937 971 2989; x_wconf 81' lang='lat' dir='ltr'>mihi</span> <span class='ocrx_word' id='word_1_340' title='bbox 982 2937 1133 3005; x_wconf 84' lang='lat' dir='ltr'>utile,</span> <span class='ocrx_word' id='word_1_341' title='bbox 1168 2935 1260 2989; x_wconf 91' lang='lat' dir='ltr'>sed</span> <span class='ocrx_word' id='word_1_342' title='bbox 1287 2935 1427 3005; x_wconf 84' lang='lat' dir='ltr'>quod</span> <span class='ocrx_word' id='word_1_343' title='bbox 1451 2934 1656 2995; x_wconf 86' lang='lat' dir='ltr'>multis,</span> <span class='ocrx_word' id='word_1_344' title='bbox 1688 2938 1749 2987; x_wconf 89' lang='lat' dir='ltr'>ut</span> <span class='ocrx_word' id='word_1_345' title='bbox 1778 2935 1991 2989; x_wconf 83' lang='lat' dir='ltr'>salven-</span> 
     </span>
    </p>
   </div>
   <div class='ocr_carea' id='block_1_50' title="bbox 395 3004 1984 3076">
    <p class='ocr_par' dir='ltr' id='par_1_50' title="bbox 395 3004 1984 3076">
     <span class='ocr_line' id='line_1_51' title="bbox 395 3004 1984 3076; baseline 0 -17"><span class='ocrx_word' id='word_1_346' title='bbox 395 3012 483 3059; x_wconf 88' lang='lat' dir='ltr'>tur</span> <span class='ocrx_word' id='word_1_347' title='bbox 508 3007 556 3070; x_wconf 86' lang='grc' dir='ltr'>(Ι</span> <span class='ocrx_word' id='word_1_348' title='bbox 581 3007 697 3060; x_wconf 89' lang='lat' dir='ltr'>Cor.</span> <span class='ocrx_word' id='word_1_349' title='bbox 729 3010 811 3069; x_wconf 68' lang='grc' dir='ltr'>Χ).</span> <span class='ocrx_word' id='word_1_350' title='bbox 842 3005 1005 3060; x_wconf 92' lang='lat' dir='ltr'>Unde</span> <span class='ocrx_word' id='word_1_351' title='bbox 1028 3004 1192 3059; x_wconf 84' lang='lat' dir='ltr'>infert</span> <span class='ocrx_word' id='word_1_352' title='bbox 1232 3006 1303 3057; x_wconf 92' lang='lat' dir='ltr'>D.</span> <span class='ocrx_word' id='word_1_353' title='bbox 1342 3004 1711 3076; x_wconf 79' lang='lat' dir='ltr'>Hieronymus</span> <span class='ocrx_word' id='word_1_354' title='bbox 1740 3009 1821 3070; x_wconf 88' lang='lat' dir='ltr'>(In</span> <span class='ocrx_word' id='word_1_355' title='bbox 1851 3023 1984 3060; x_wconf 91' lang='lat' dir='ltr'>com-</span> 
     </span>
    </p>
   </div>
   <div class='ocr_carea' id='block_1_51' title="bbox 395 3076 1990 3145">
    <p class='ocr_par' dir='ltr' id='par_1_51' title="bbox 395 3076 1990 3145">
     <span class='ocr_line' id='line_1_52' title="bbox 395 3076 1990 3145; baseline 0.001 -16"><span class='ocrx_word' id='word_1_356' title='bbox 395 3076 657 3129; x_wconf 88' lang='lat' dir='ltr'>mentario</span> <span class='ocrx_word' id='word_1_357' title='bbox 682 3076 755 3127; x_wconf 84' lang='lat' dir='ltr'>ad</span> <span class='ocrx_word' id='word_1_358' title='bbox 784 3076 907 3132; x_wconf 88' lang='lat' dir='ltr'>Gal.</span> <span class='ocrx_word' id='word_1_359' title='bbox 930 3078 985 3141; x_wconf 89' lang='lat' dir='ltr'>v)</span> <span class='ocrx_word' id='word_1_360' title='bbox 1013 3095 1024 3128; x_wconf 90' lang='lat'>:</span> <span class='ocrx_word' id='word_1_361' title='bbox 1058 3077 1121 3129; x_wconf 93' lang='lat' dir='ltr'>Si</span> <span class='ocrx_word' id='word_1_362' title='bbox 1150 3076 1270 3142; x_wconf 81' lang='lat' dir='ltr'>ﬁeri</span> <span class='ocrx_word' id='word_1_363' title='bbox 1287 3078 1459 3143; x_wconf 79' lang='lat' dir='ltr'>potest</span> <span class='ocrx_word' id='word_1_364' title='bbox 1488 3079 1547 3128; x_wconf 88' lang='lat' dir='ltr'>ut</span> <span class='ocrx_word' id='word_1_365' title='bbox 1566 3078 1779 3145; x_wconf 82' lang='lat' dir='ltr'>pariter</span> <span class='ocrx_word' id='word_1_366' title='bbox 1810 3081 1910 3131; x_wconf 86' lang='lat' dir='ltr'>Deo</span> <span class='ocrx_word' id='word_1_367' title='bbox 1940 3082 1990 3130; x_wconf 87' lang='lat' dir='ltr'>et</span> 
     </span>
    </p>
   </div>
   <div class='ocr_carea' id='block_1_52' title="bbox 396 3145 1986 3214">
    <p class='ocr_par' dir='ltr' id='par_1_52' title="bbox 396 3145 1986 3214">
     <span class='ocr_line' id='line_1_53' title="bbox 396 3145 1986 3214; baseline 0.002 -16"><span class='ocrx_word' id='word_1_368' title='bbox 396 3146 696 3199; x_wconf 88' lang='lat' dir='ltr'>hominibus</span> <span class='ocrx_word' id='word_1_369' title='bbox 714 3146 1045 3213; x_wconf 81' lang='lat' dir='ltr'>placeamus,</span> <span class='ocrx_word' id='word_1_370' title='bbox 1081 3145 1404 3214; x_wconf 86' lang='lat' dir='ltr'>placendum</span> <span class='ocrx_word' id='word_1_371' title='bbox 1448 3150 1523 3200; x_wconf 87' lang='lat' dir='ltr'>est</span> <span class='ocrx_word' id='word_1_372' title='bbox 1552 3151 1600 3201; x_wconf 85' lang='lat' dir='ltr'>et</span> <span class='ocrx_word' id='word_1_373' title='bbox 1653 3148 1986 3212; x_wconf 86' lang='lat' dir='ltr'>hominibus;</span> 
     </span>
    </p>
   </div>
   <div class='ocr_carea' id='block_1_53' title="bbox 394 3216 1987 3287">
    <p class='ocr_par' dir='ltr' id='par_1_53' title="bbox 394 3216 1987 3287">
     <span class='ocr_line' id='line_1_54' title="bbox 394 3216 1987 3287; baseline 0.001 -17"><span class='ocrx_word' id='word_1_374' title='bbox 394 3218 477 3271; x_wconf 86' lang='lat' dir='ltr'>sin</span> <span class='ocrx_word' id='word_1_375' title='bbox 491 3221 669 3269; x_wconf 88' lang='lat' dir='ltr'>autem</span> <span class='ocrx_word' id='word_1_376' title='bbox 682 3231 787 3269; x_wconf 89' lang='lat' dir='ltr'>non</span> <span class='ocrx_word' id='word_1_377' title='bbox 802 3217 1075 3284; x_wconf 84' lang='lat' dir='ltr'>placemus</span> <span class='ocrx_word' id='word_1_378' title='bbox 1108 3216 1424 3279; x_wconf 86' lang='lat' dir='ltr'>hominibus,</span> <span class='ocrx_word' id='word_1_379' title='bbox 1452 3220 1563 3271; x_wconf 83' lang='lat' dir='ltr'>nisi</span> <span class='ocrx_word' id='word_1_380' title='bbox 1578 3222 1682 3274; x_wconf 83' lang='lat' dir='ltr'>Deo</span> <span class='ocrx_word' id='word_1_381' title='bbox 1703 3218 1987 3287; x_wconf 72' lang='lat' dir='ltr'>displicea-</span> 
     </span>
    </p>
   </div>
   <div class='ocr_carea' id='block_1_54' title="bbox 393 3286 1986 3359">
    <p class='ocr_par' dir='ltr' id='par_1_54' title="bbox 393 3286 1986 3359">
     <span class='ocr_line' id='line_1_55' title="bbox 393 3286 1986 3359; baseline 0.002 -18"><span class='ocrx_word' id='word_1_382' title='bbox 393 3301 531 3359; x_wconf 84' lang='lat' dir='ltr'>mus,</span> <span class='ocrx_word' id='word_1_383' title='bbox 572 3290 677 3359; x_wconf 85' lang='lat' dir='ltr'>Deo</span> <span class='ocrx_word' id='word_1_384' title='bbox 705 3289 882 3359; x_wconf 84' lang='lat' dir='ltr'>magis</span> <span class='ocrx_word' id='word_1_385' title='bbox 927 3302 1092 3359; x_wconf 78' lang='lat' dir='ltr'>quam</span> <span class='ocrx_word' id='word_1_386' title='bbox 1129 3286 1427 3359; x_wconf 87' lang='lat' dir='ltr'>hominibus</span> <span class='ocrx_word' id='word_1_387' title='bbox 1462 3290 1673 3359; x_wconf 85' lang='lat' dir='ltr'>placere</span> <span class='ocrx_word' id='word_1_388' title='bbox 1721 3286 1986 3345; x_wconf 85' lang='lat' dir='ltr'>debemus.</span> 
     </span>
    </p>
   </div>
   <div class='ocr_carea' id='block_1_55' title="bbox 394 3357 1993 3430">
    <p class='ocr_par' dir='ltr' id='par_1_55' title="bbox 394 3357 1993 3430">
     <span class='ocr_line' id='line_1_56' title="bbox 394 3357 1993 3430; baseline 0.002 -18"><span class='ocrx_word' id='word_1_389' title='bbox 394 3357 547 3414; x_wconf 88' lang='lat' dir='ltr'>Idem</span> <span class='ocrx_word' id='word_1_390' title='bbox 575 3358 630 3412; x_wconf 92' lang='lat' dir='ltr'>in</span> <span class='ocrx_word' id='word_1_391' title='bbox 652 3358 889 3429; x_wconf 87' lang='lat' dir='ltr'>Epistula</span> <span class='ocrx_word' id='word_1_392' title='bbox 916 3357 983 3413; x_wconf 92' lang='lat' dir='ltr'>ad</span> <span class='ocrx_word' id='word_1_393' title='bbox 1010 3358 1423 3414; x_wconf 89' lang='lat' dir='ltr'>Pammachium</span> <span class='ocrx_word' id='word_1_394' title='bbox 1455 3357 1654 3430; x_wconf 77' lang='lat' dir='ltr'>(Epist.</span> <span class='ocrx_word' id='word_1_395' title='bbox 1690 3364 1779 3426; x_wconf 82' lang='lat'>26)</span> <span class='ocrx_word' id='word_1_396' title='bbox 1812 3379 1827 3413; x_wconf 91' lang='lat'>:</span> <span class='ocrx_word' id='word_1_397' title='bbox 1860 3364 1993 3415; x_wconf 86' lang='lat' dir='ltr'>Pri-</span> 
     </span>
    </p>
   </div>
   <div class='ocr_carea' id='block_1_56' title="bbox 393 3430 1989 3501">
    <p class='ocr_par' dir='ltr' id='par_1_56' title="bbox 393 3430 1989 3501">
     <span class='ocr_line' id='line_1_57' title="bbox 393 3430 1989 3501; baseline 0.002 -19"><span class='ocrx_word' id='word_1_398' title='bbox 393 3445 502 3493; x_wconf 87' lang='lat' dir='ltr'>ma,</span> <span class='ocrx_word' id='word_1_399' title='bbox 539 3430 736 3501; x_wconf 89' lang='lat' dir='ltr'>inquit,</span> <span class='ocrx_word' id='word_1_400' title='bbox 768 3432 940 3484; x_wconf 75' lang='lat' dir='ltr'>virtus</span> <span class='ocrx_word' id='word_1_401' title='bbox 965 3434 1041 3484; x_wconf 84' lang='lat' dir='ltr'>est</span> <span class='ocrx_word' id='word_1_402' title='bbox 1067 3432 1315 3485; x_wconf 86' lang='lat' dir='ltr'>monachi</span> <span class='ocrx_word' id='word_1_403' title='bbox 1350 3437 1676 3485; x_wconf 84' lang='lat' dir='ltr'>contemnere</span> <span class='ocrx_word' id='word_1_404' title='bbox 1716 3432 1989 3486; x_wconf 81' lang='lat' dir='ltr'>hominum</span> 
     </span>
    </p>
   </div>
   <div class='ocr_carea' id='block_1_57' title="bbox 384 3500 1986 3569">
    <p class='ocr_par' dir='ltr' id='par_1_57' title="bbox 384 3500 1986 3569">
     <span class='ocr_line' id='line_1_58' title="bbox 384 3500 1986 3569; baseline 0.001 -14"><span class='ocrx_word' id='word_1_405' title='bbox 384 3500 627 3569; x_wconf 65' lang='lat' dir='ltr'>judicia,</span> <span class='ocrx_word' id='word_1_406' title='bbox 640 3506 691 3555; x_wconf 86' lang='lat' dir='ltr'>et</span> <span class='ocrx_word' id='word_1_407' title='bbox 715 3516 916 3569; x_wconf 83' lang='lat' dir='ltr'>semper</span> <span class='ocrx_word' id='word_1_408' title='bbox 936 3501 1179 3569; x_wconf 82' lang='lat' dir='ltr'>Apostoli</span> <span class='ocrx_word' id='word_1_409' title='bbox 1204 3502 1479 3556; x_wconf 86' lang='lat' dir='ltr'>recordari</span> <span class='ocrx_word' id='word_1_410' title='bbox 1504 3503 1723 3557; x_wconf 81' lang='lat' dir='ltr'>dicentis</span> <span class='ocrx_word' id='word_1_411' title='bbox 1745 3520 1761 3553; x_wconf 91' lang='lat'>:</span> <span class='ocrx_word' id='word_1_412' title='bbox 1800 3504 1863 3557; x_wconf 89' lang='lat' dir='ltr'>Si</span> <span class='ocrx_word' id='word_1_413' title='bbox 1881 3505 1986 3556; x_wconf 83' lang='lat' dir='ltr'>ad-</span> 
     </span>
    </p>
   </div>
   <div class='ocr_carea' id='block_1_58' title="bbox 394 3572 1877 3634">
    <p class='ocr_par' dir='ltr' id='par_1_58' title="bbox 394 3572 1877 3634">
     <span class='ocr_line' id='line_1_59' title="bbox 394 3572 1877 3634; baseline 0 -9"><span class='ocrx_word' id='word_1_414' title='bbox 394 3572 495 3626; x_wconf 84' lang='lat' dir='ltr'>huc</span> <span class='ocrx_word' id='word_1_415' title='bbox 520 3572 824 3627; x_wconf 87' lang='lat' dir='ltr'>hominibus</span> <span class='ocrx_word' id='word_1_416' title='bbox 845 3573 1126 3634; x_wconf 79' lang='lat' dir='ltr'>placerem,</span> <span class='ocrx_word' id='word_1_417' title='bbox 1161 3573 1550 3629; x_wconf 73' lang='lat' dir='ltr'>Christisereus</span> <span class='ocrx_word' id='word_1_418' title='bbox 1569 3588 1672 3626; x_wconf 87' lang='lat' dir='ltr'>non</span> <span class='ocrx_word' id='word_1_419' title='bbox 1698 3586 1877 3626; x_wconf 84' lang='lat' dir='ltr'>essem.</span> 
     </span>
    </p>
   </div>
   <div class='ocr_carea' id='block_1_59' title="bbox 464 3636 1987 3715">
    <p class='ocr_par' dir='ltr' id='par_1_59' title="bbox 464 3636 1987 3715">
     <span class='ocr_line' id='line_1_60' title="bbox 464 3636 1987 3715; baseline 0.001 -17"><span class='ocrx_word' id='word_1_420' title='bbox 464 3636 503 3715; x_wconf 20' lang='grc' dir='ltr'>δᾼ</span> <span class='ocrx_word' id='word_1_421' title='bbox 520 3643 703 3715; x_wconf 82' lang='lat' dir='ltr'>Hujus</span> <span class='ocrx_word' id='word_1_422' title='bbox 728 3642 806 3699; x_wconf 91' lang='lat' dir='ltr'>rei</span> <span class='ocrx_word' id='word_1_423' title='bbox 832 3636 1070 3714; x_wconf 76' lang='lat' dir='ltr'>lepidum</span> <span class='ocrx_word' id='word_1_424' title='bbox 1083 3645 1398 3715; x_wconf 83' lang='lat' dir='ltr'>exemplum</span> <span class='ocrx_word' id='word_1_425' title='bbox 1422 3643 1587 3698; x_wconf 80' lang='lat' dir='ltr'>refert</span> <span class='ocrx_word' id='word_1_426' title='bbox 1614 3642 1880 3699; x_wconf 71' lang='lat' dir='ltr'>Caesarius</span> <span class='ocrx_word' id='word_1_427' title='bbox 1901 3642 1987 3699; x_wconf 86' lang='lat' dir='ltr'>his</span> 
     </span>
    </p>
   </div>
   <div class='ocr_carea' id='block_1_60' title="bbox 396 3713 1987 3785">
    <p class='ocr_par' dir='ltr' id='par_1_60' title="bbox 396 3713 1987 3785">
     <span class='ocr_line' id='line_1_61' title="bbox 396 3713 1987 3785; baseline 0 -17"><span class='ocrx_word' id='word_1_428' title='bbox 396 3713 576 3770; x_wconf 86' lang='lat' dir='ltr'>verbis</span> <span class='ocrx_word' id='word_1_429' title='bbox 603 3713 624 3768; x_wconf 72' lang='grc' dir='ltr'><em>ξ</em></span> <span class='ocrx_word' id='word_1_430' title='bbox 649 3713 897 3785; x_wconf 84' lang='lat' dir='ltr'>Tempore</span> <span class='ocrx_word' id='word_1_431' title='bbox 921 3715 1172 3784; x_wconf 88' lang='lat' dir='ltr'>quodam,</span> <span class='ocrx_word' id='word_1_432' title='bbox 1190 3713 1394 3770; x_wconf 78' lang='lat' dir='ltr'>clericis</span> <span class='ocrx_word' id='word_1_433' title='bbox 1413 3715 1735 3785; x_wconf 87' lang='lat' dir='ltr'>quibusdam</span> <span class='ocrx_word' id='word_1_434' title='bbox 1752 3716 1808 3767; x_wconf 87' lang='lat' dir='ltr'>in</span> <span class='ocrx_word' id='word_1_435' title='bbox 1831 3716 1987 3768; x_wconf 83' lang='lat' dir='ltr'>eccle-</span> 
     </span>
    </p>
   </div>
   <div class='ocr_carea' id='block_1_61' title="bbox 393 3786 1981 3856">
    <p class='ocr_par' dir='ltr' id='par_1_61' title="bbox 393 3786 1981 3856">
     <span class='ocr_line' id='line_1_62' title="bbox 393 3786 1981 3856; baseline 0 -17"><span class='ocrx_word' id='word_1_436' title='bbox 393 3789 476 3839; x_wconf 87' lang='lat' dir='ltr'>sia</span> <span class='ocrx_word' id='word_1_437' title='bbox 504 3786 743 3856; x_wconf 86' lang='lat' dir='ltr'>quadam</span> <span class='ocrx_word' id='word_1_438' title='bbox 771 3786 1018 3840; x_wconf 68' lang='lat' dir='ltr'>sceculari</span> <span class='ocrx_word' id='word_1_439' title='bbox 1036 3787 1276 3854; x_wconf 79' lang='lat' dir='ltr'>fortiter,</span> <span class='ocrx_word' id='word_1_440' title='bbox 1319 3787 1379 3839; x_wconf 84' lang='lat' dir='ltr'>id</span> <span class='ocrx_word' id='word_1_441' title='bbox 1404 3791 1481 3839; x_wconf 89' lang='lat' dir='ltr'>est</span> <span class='ocrx_word' id='word_1_442' title='bbox 1501 3828 1517 3848; x_wconf 89' lang='lat'>,</span> <span class='ocrx_word' id='word_1_443' title='bbox 1544 3786 1826 3839; x_wconf 88' lang='lat' dir='ltr'>clamorose</span> <span class='ocrx_word' id='word_1_444' title='bbox 1854 3802 1981 3839; x_wconf 86' lang='lat' dir='ltr'>can-</span> 
     </span>
    </p>
   </div>
   <div class='ocr_carea' id='block_1_62' title="bbox 394 3857 1986 3921">
    <p class='ocr_par' dir='ltr' id='par_1_62' title="bbox 394 3857 1986 3921">
     <span class='ocr_line' id='line_1_63' title="bbox 394 3857 1986 3921; baseline 0.001 -9"><span class='ocrx_word' id='word_1_445' title='bbox 394 3859 649 3921; x_wconf 75' lang='lat' dir='ltr'>tantibus,</span> <span class='ocrx_word' id='word_1_446' title='bbox 680 3874 783 3911; x_wconf 89' lang='lat' dir='ltr'>non</span> <span class='ocrx_word' id='word_1_447' title='bbox 810 3859 992 3912; x_wconf 79' lang='lat' dir='ltr'>devote</span> <span class='ocrx_word' id='word_1_448' title='bbox 1034 3861 1083 3911; x_wconf 89' lang='lat' dir='ltr'>et</span> <span class='ocrx_word' id='word_1_449' title='bbox 1115 3872 1259 3911; x_wconf 71' lang='lat' dir='ltr'>voces</span> <span class='ocrx_word' id='word_1_450' title='bbox 1288 3858 1640 3910; x_wconf 76' lang='lat' dir='ltr'>tumultuosus</span> <span class='ocrx_word' id='word_1_451' title='bbox 1673 3857 1986 3917; x_wconf 80' lang='lat' dir='ltr'>in&#39;sublime</span> 
     </span>
    </p>
   </div>
   <div class='ocr_carea' id='block_1_63' title="bbox 394 3928 1986 4004">
    <p class='ocr_par' dir='ltr' id='par_1_63' title="bbox 394 3928 1986 4004">
     <span class='ocr_line' id='line_1_64' title="bbox 394 3928 1986 4004; baseline 0 -21"><span class='ocrx_word' id='word_1_452' title='bbox 394 3931 703 4004; x_wconf 84' lang='lat' dir='ltr'>tollentibus</span> <span class='ocrx_word' id='word_1_453' title='bbox 721 3972 736 3993; x_wconf 87' lang='lat'>,</span> <span class='ocrx_word' id='word_1_454' title='bbox 768 3931 908 3983; x_wconf 80' lang='lat' dir='ltr'>vidit</span> <span class='ocrx_word' id='word_1_455' title='bbox 952 3929 1103 4004; x_wconf 77' lang='lat' dir='ltr'>homo</span> <span class='ocrx_word' id='word_1_456' title='bbox 1130 3928 1354 4004; x_wconf 81' lang='lat' dir='ltr'>quidam</span> <span class='ocrx_word' id='word_1_457' title='bbox 1383 3929 1681 4004; x_wconf 78' lang='lat' dir='ltr'>religiosus,</span> <span class='ocrx_word' id='word_1_458' title='bbox 1710 3930 1808 4004; x_wconf 84' lang='lat' dir='ltr'>qui</span> <span class='ocrx_word' id='word_1_459' title='bbox 1843 3929 1986 4004; x_wconf 76' lang='lat' dir='ltr'>forte</span> 
     </span>
    </p>
   </div>
   <div class='ocr_carea' id='block_1_64' title="bbox 394 4000 1990 4068">
    <p class='ocr_par' dir='ltr' id='par_1_64' title="bbox 394 4000 1990 4068">
     <span class='ocr_line' id='line_1_65' title="bbox 394 4000 1990 4068; baseline 0 -13"><span class='ocrx_word' id='word_1_460' title='bbox 394 4006 519 4055; x_wconf 87' lang='lat' dir='ltr'>tunc</span> <span class='ocrx_word' id='word_1_461' title='bbox 544 4002 754 4068; x_wconf 79' lang='lat' dir='ltr'>adfuit,</span> <span class='ocrx_word' id='word_1_462' title='bbox 791 4000 1075 4068; x_wconf 85' lang='lat' dir='ltr'>quemdam</span> <span class='ocrx_word' id='word_1_463' title='bbox 1108 4000 1397 4053; x_wconf 77' lang='lat' dir='ltr'>dcemonem</span> <span class='ocrx_word' id='word_1_464' title='bbox 1424 4001 1481 4052; x_wconf 85' lang='lat' dir='ltr'>in</span> <span class='ocrx_word' id='word_1_465' title='bbox 1516 4000 1626 4052; x_wconf 75' lang='lat' dir='ltr'>loca</span> <span class='ocrx_word' id='word_1_466' title='bbox 1646 4002 1990 4055; x_wconf 85' lang='lat' dir='ltr'>eminentiori</span> 
     </span>
    </p>
   </div>
   <div class='ocr_carea' id='block_1_65' title="bbox 390 4071 1984 4139">
    <p class='ocr_par' dir='ltr' id='par_1_65' title="bbox 390 4071 1984 4139">
     <span class='ocr_line' id='line_1_66' title="bbox 390 4071 1984 4139; baseline 0 -14"><span class='ocrx_word' id='word_1_467' title='bbox 390 4076 642 4136; x_wconf 82' lang='lat' dir='ltr'>stantem,</span> <span class='ocrx_word' id='word_1_468' title='bbox 670 4088 880 4127; x_wconf 84' lang='lat' dir='ltr'>saccum</span> <span class='ocrx_word' id='word_1_469' title='bbox 907 4086 1162 4138; x_wconf 87' lang='lat' dir='ltr'>magnum</span> <span class='ocrx_word' id='word_1_470' title='bbox 1183 4075 1233 4124; x_wconf 90' lang='lat' dir='ltr'>et</span> <span class='ocrx_word' id='word_1_471' title='bbox 1263 4071 1478 4139; x_wconf 82' lang='lat' dir='ltr'>longum</span> <span class='ocrx_word' id='word_1_472' title='bbox 1498 4072 1557 4125; x_wconf 87' lang='lat' dir='ltr'>in</span> <span class='ocrx_word' id='word_1_473' title='bbox 1573 4072 1794 4125; x_wconf 84' lang='lat' dir='ltr'>sinistra.</span> <span class='ocrx_word' id='word_1_474' title='bbox 1820 4087 1984 4125; x_wconf 84' lang='lat' dir='ltr'>manu</span> 
     </span>
    </p>
   </div>
   <div class='ocr_carea' id='block_1_66' title="bbox 392 4142 1983 4214">
    <p class='ocr_par' dir='ltr' id='par_1_66' title="bbox 392 4142 1983 4214">
     <span class='ocr_line' id='line_1_67' title="bbox 392 4142 1983 4214; baseline 0.001 -18"><span class='ocrx_word' id='word_1_475' title='bbox 392 4149 586 4207; x_wconf 86' lang='lat' dir='ltr'>tenere,</span> <span class='ocrx_word' id='word_1_476' title='bbox 612 4147 709 4214; x_wconf 86' lang='lat' dir='ltr'>qui</span> <span class='ocrx_word' id='word_1_477' title='bbox 731 4144 1065 4198; x_wconf 84' lang='lat' dir='ltr'>cantantium</span> <span class='ocrx_word' id='word_1_478' title='bbox 1084 4157 1227 4196; x_wconf 68' lang='lat' dir='ltr'>voces</span> <span class='ocrx_word' id='word_1_479' title='bbox 1257 4142 1454 4196; x_wconf 68' lang='lat' dir='ltr'>deartra</span> <span class='ocrx_word' id='word_1_480' title='bbox 1480 4143 1641 4196; x_wconf 88' lang='lat' dir='ltr'>latius</span> <span class='ocrx_word' id='word_1_481' title='bbox 1656 4147 1873 4197; x_wconf 64' lang='lat' dir='ltr'>extensa</span> <span class='ocrx_word' id='word_1_482' title='bbox 1897 4161 1983 4197; x_wconf 75' lang='lat' dir='ltr'>m-</span> 
     </span>
    </p>
   </div>
   <div class='ocr_carea' id='block_1_67' title="bbox 386 4215 1982 4283">
    <p class='ocr_par' dir='ltr' id='par_1_67' title="bbox 386 4215 1982 4283">
     <span class='ocr_line' id='line_1_68' title="bbox 386 4215 1982 4283; baseline 0.002 -18"><span class='ocrx_word' id='word_1_483' title='bbox 386 4216 591 4283; x_wconf 77' lang='lat' dir='ltr'>piebat,</span> <span class='ocrx_word' id='word_1_484' title='bbox 621 4232 684 4269; x_wconf 91' lang='lat' dir='ltr'>ac</span> <span class='ocrx_word' id='word_1_485' title='bbox 705 4218 765 4269; x_wconf 87' lang='lat' dir='ltr'>in</span> <span class='ocrx_word' id='word_1_486' title='bbox 797 4215 1035 4269; x_wconf 87' lang='lat' dir='ltr'>eumdem</span> <span class='ocrx_word' id='word_1_487' title='bbox 1072 4230 1281 4269; x_wconf 88' lang='lat' dir='ltr'>saccum</span> <span class='ocrx_word' id='word_1_488' title='bbox 1322 4216 1585 4269; x_wconf 86' lang='lat' dir='ltr'>mittebat.</span> <span class='ocrx_word' id='word_1_489' title='bbox 1622 4215 1737 4269; x_wconf 88' lang='lat' dir='ltr'>Illis</span> <span class='ocrx_word' id='word_1_490' title='bbox 1776 4216 1982 4283; x_wconf 77' lang='lat' dir='ltr'>eapleto</span> 
     </span>
    </p>
   </div>
   <div class='ocr_carea' id='block_1_68' title="bbox 391 4286 1980 4355">
    <p class='ocr_par' dir='ltr' id='par_1_68' title="bbox 391 4286 1980 4355">
     <span class='ocr_line' id='line_1_69' title="bbox 391 4286 1980 4355; baseline 0.002 -19"><span class='ocrx_word' id='word_1_491' title='bbox 391 4289 551 4337; x_wconf 81' lang='lat' dir='ltr'>cantu</span> <span class='ocrx_word' id='word_1_492' title='bbox 564 4288 704 4337; x_wconf 86' lang='lat' dir='ltr'>inter</span> <span class='ocrx_word' id='word_1_493' title='bbox 728 4300 781 4337; x_wconf 91' lang='lat' dir='ltr'>se</span> <span class='ocrx_word' id='word_1_494' title='bbox 796 4286 1167 4351; x_wconf 86' lang='lat' dir='ltr'>gloriantibus,</span> <span class='ocrx_word' id='word_1_495' title='bbox 1194 4290 1470 4355; x_wconf 86' lang='lat' dir='ltr'>tamquam</span> <span class='ocrx_word' id='word_1_496' title='bbox 1488 4288 1586 4355; x_wconf 86' lang='lat' dir='ltr'>qui</span> <span class='ocrx_word' id='word_1_497' title='bbox 1610 4287 1732 4339; x_wconf 84' lang='lat' dir='ltr'>bene</span> <span class='ocrx_word' id='word_1_498' title='bbox 1746 4291 1797 4339; x_wconf 89' lang='lat' dir='ltr'>et</span> <span class='ocrx_word' id='word_1_499' title='bbox 1816 4288 1980 4352; x_wconf 86' lang='lat' dir='ltr'>forti-</span> 
     </span>
    </p>
   </div>
   <div class='ocr_carea' id='block_1_69' title="bbox 394 4354 1983 4425">
    <p class='ocr_par' dir='ltr' id='par_1_69' title="bbox 394 4354 1983 4425">
     <span class='ocr_line' id='line_1_70' title="bbox 394 4354 1983 4425; baseline 0.002 -19"><span class='ocrx_word' id='word_1_500' title='bbox 394 4358 472 4406; x_wconf 87' lang='lat' dir='ltr'>ter</span> <span class='ocrx_word' id='word_1_501' title='bbox 496 4358 662 4408; x_wconf 84' lang='lat' dir='ltr'>Deum</span> <span class='ocrx_word' id='word_1_502' title='bbox 690 4354 1031 4425; x_wconf 79' lang='lat' dir='ltr'>laudassent,</span> <span class='ocrx_word' id='word_1_503' title='bbox 1054 4354 1333 4423; x_wconf 79' lang='lat' dir='ltr'>respondit</span> <span class='ocrx_word' id='word_1_504' title='bbox 1353 4358 1443 4409; x_wconf 87' lang='lat' dir='ltr'>ille</span> <span class='ocrx_word' id='word_1_505' title='bbox 1471 4354 1568 4425; x_wconf 81' lang='lat' dir='ltr'>qui</span> <span class='ocrx_word' id='word_1_506' title='bbox 1592 4357 1801 4409; x_wconf 73' lang='lat' dir='ltr'>uiderat</span> <span class='ocrx_word' id='word_1_507' title='bbox 1828 4358 1983 4409; x_wconf 77' lang='lat' dir='ltr'>cisio-</span> 
     </span>
    </p>
   </div>
   <div class='ocr_carea' id='block_1_70' title="bbox 391 4423 1986 4494">
    <p class='ocr_par' dir='ltr' id='par_1_70' title="bbox 391 4423 1986 4494">
     <span class='ocr_line' id='line_1_71' title="bbox 391 4423 1986 4494; baseline 0.002 -18"><span class='ocrx_word' id='word_1_508' title='bbox 391 4439 545 4477; x_wconf 88' lang='lat' dir='ltr'>nem:</span> <span class='ocrx_word' id='word_1_509' title='bbox 574 4429 709 4479; x_wconf 88' lang='lat' dir='ltr'>Bene</span> <span class='ocrx_word' id='word_1_510' title='bbox 733 4423 945 4491; x_wconf 87' lang='lat' dir='ltr'>quidem</span> <span class='ocrx_word' id='word_1_511' title='bbox 965 4427 1243 4485; x_wconf 86' lang='lat' dir='ltr'>cantastis,</span> <span class='ocrx_word' id='word_1_512' title='bbox 1276 4428 1374 4493; x_wconf 86' lang='lat' dir='ltr'>qui</span> <span class='ocrx_word' id='word_1_513' title='bbox 1393 4423 1602 4479; x_wconf 75' lang='lat' dir='ltr'>saccum</span> <span class='ocrx_word' id='word_1_514' title='bbox 1622 4428 1838 4494; x_wconf 85' lang='lat' dir='ltr'>plenum</span> <span class='ocrx_word' id='word_1_515' title='bbox 1856 4438 1986 4486; x_wconf 49' lang='lat' dir='ltr'>cane</span> 
     </span>
    </p>
   </div>
   <div class='ocr_carea' id='block_1_71' title="bbox 393 4494 1981 4563">
    <p class='ocr_par' dir='ltr' id='par_1_71' title="bbox 393 4494 1981 4563">
     <span class='ocr_line' id='line_1_72' title="bbox 393 4494 1981 4563; baseline 0.001 -16"><span class='ocrx_word' id='word_1_516' title='bbox 393 4496 567 4548; x_wconf 88' lang='lat' dir='ltr'>tastis.</span> <span class='ocrx_word' id='word_1_517' title='bbox 596 4494 919 4549; x_wconf 84' lang='lat' dir='ltr'>Mirantibus</span> <span class='ocrx_word' id='word_1_518' title='bbox 933 4494 1044 4546; x_wconf 85' lang='lat' dir='ltr'>illis</span> <span class='ocrx_word' id='word_1_519' title='bbox 1069 4498 1118 4547; x_wconf 89' lang='lat' dir='ltr'>et</span> <span class='ocrx_word' id='word_1_520' title='bbox 1135 4496 1591 4563; x_wconf 79' lang='lat' dir='ltr'>interrogantibus</span> <span class='ocrx_word' id='word_1_521' title='bbox 1610 4512 1705 4548; x_wconf 89' lang='lat' dir='ltr'>cur</span> <span class='ocrx_word' id='word_1_522' title='bbox 1730 4497 1823 4550; x_wconf 90' lang='lat' dir='ltr'>hoc</span> <span class='ocrx_word' id='word_1_523' title='bbox 1841 4497 1981 4549; x_wconf 81' lang='lat' dir='ltr'>dice-</span> 
     </span>
    </p>
   </div>
   <div class='ocr_carea' id='block_1_72' title="bbox 2100 1865 3686 1939">
    <p class='ocr_par' dir='ltr' id='par_1_72' title="bbox 2100 1865 3686 1939">
     <span class='ocr_line' id='line_1_73' title="bbox 2100 1865 3686 1939; baseline 0.001 -16"><span class='ocrx_word' id='word_1_524' title='bbox 2100 1873 2175 1923; x_wconf 85' lang='lat' dir='ltr'>At</span> <span class='ocrx_word' id='word_1_525' title='bbox 2202 1883 2329 1922; x_wconf 89' lang='lat' dir='ltr'>vero</span> <span class='ocrx_word' id='word_1_526' title='bbox 2354 1865 2604 1939; x_wconf 36' lang='lat' dir='ltr'>similius;</span> <span class='ocrx_word' id='word_1_527' title='bbox 2628 1865 2895 1939; x_wconf 7' lang='lat' dir='ltr'>videntur,</span> <span class='ocrx_word' id='word_1_528' title='bbox 2915 1867 3001 1939; x_wconf 84' lang='lat' dir='ltr'>hic</span> <span class='ocrx_word' id='word_1_529' title='bbox 3024 1868 3146 1939; x_wconf 87' lang='lat' dir='ltr'>duo</span> <span class='ocrx_word' id='word_1_530' title='bbox 3188 1867 3456 1933; x_wconf 88' lang='lat' dir='ltr'>membra,</span> <span class='ocrx_word' id='word_1_531' title='bbox 3488 1868 3540 1922; x_wconf 94' lang='lat' dir='ltr'><strong>id</strong></span> <span class='ocrx_word' id='word_1_532' title='bbox 3580 1878 3686 1933; x_wconf 84' lang='lat' dir='ltr'>est,</span> 
     </span>
    </p>
   </div>
   <div class='ocr_carea' id='block_1_73' title="bbox 2098 1937 3691 2011">
    <p class='ocr_par' dir='ltr' id='par_1_73' title="bbox 2098 1937 3691 2011">
     <span class='ocr_line' id='line_1_74' title="bbox 2098 1937 3691 2011; baseline 0 -18"><span class='ocrx_word' id='word_1_533' title='bbox 2098 1939 2227 2011; x_wconf 78' lang='lat' dir='ltr'>duo</span> <span class='ocrx_word' id='word_1_534' title='bbox 2240 1953 2435 2011; x_wconf 82' lang='lat' dir='ltr'>genera</span> <span class='ocrx_word' id='word_1_535' title='bbox 2458 1937 2747 2011; x_wconf 79' lang='lat' dir='ltr'>hominum</span> <span class='ocrx_word' id='word_1_536' title='bbox 2775 1937 3057 2011; x_wconf 83' lang='lat' dir='ltr'>distingui,</span> <span class='ocrx_word' id='word_1_537' title='bbox 3099 1948 3153 1994; x_wconf 89' lang='lat' dir='ltr'>et</span> <span class='ocrx_word' id='word_1_538' title='bbox 3181 1939 3438 1994; x_wconf 89' lang='lat' dir='ltr'>lautiores</span> <span class='ocrx_word' id='word_1_539' title='bbox 3457 1939 3691 2011; x_wconf 82' lang='lat' dir='ltr'>intelligi</span> 
     </span>
    </p>
   </div>
   <div class='ocr_carea' id='block_1_74' title="bbox 2099 2009 3690 2081">
    <p class='ocr_par' dir='ltr' id='par_1_74' title="bbox 2099 2009 3690 2081">
     <span class='ocr_line' id='line_1_75' title="bbox 2099 2009 3690 2081; baseline 0.001 -18"><span class='ocrx_word' id='word_1_540' title='bbox 2099 2011 2178 2064; x_wconf 81' lang='lat' dir='ltr'>vel</span> <span class='ocrx_word' id='word_1_541' title='bbox 2203 2009 2575 2074; x_wconf 80' lang='lat' dir='ltr'>formosiores;</span> <span class='ocrx_word' id='word_1_542' title='bbox 2616 2009 3043 2081; x_wconf 74' lang='lat' dir='ltr'>velpinguiores</span> <span class='ocrx_word' id='word_1_543' title='bbox 3071 2018 3127 2064; x_wconf 90' lang='lat' dir='ltr'>et</span> <span class='ocrx_word' id='word_1_544' title='bbox 3169 2010 3519 2081; x_wconf 81' lang='lat' dir='ltr'>valentiores;</span> <span class='ocrx_word' id='word_1_545' title='bbox 3555 2009 3690 2066; x_wconf 81' lang='lat' dir='ltr'>nam</span> 
     </span>
    </p>
   </div>
   <div class='ocr_carea' id='block_1_75' title="bbox 2100 2079 3694 2151">
    <p class='ocr_par' dir='ltr' id='par_1_75' title="bbox 2100 2079 3694 2151">
     <span class='ocr_line' id='line_1_76' title="bbox 2100 2079 3694 2151; baseline 0.002 -15"><span class='ocrx_word' id='word_1_546' title='bbox 2100 2081 2274 2136; x_wconf 90' lang='lat' dir='ltr'>lautus</span> <span class='ocrx_word' id='word_1_547' title='bbox 2303 2088 2449 2135; x_wconf 89' lang='lat' dir='ltr'>certe</span> <span class='ocrx_word' id='word_1_548' title='bbox 2482 2095 2591 2135; x_wconf 90' lang='lat' dir='ltr'>non</span> <span class='ocrx_word' id='word_1_549' title='bbox 2618 2079 2936 2151; x_wconf 65' lang='lat' dir='ltr'>dicitur&#39;qui</span> <span class='ocrx_word' id='word_1_550' title='bbox 2962 2088 3042 2137; x_wconf 90' lang='lat' dir='ltr'>est</span> <span class='ocrx_word' id='word_1_551' title='bbox 3079 2082 3249 2138; x_wconf 87' lang='lat' dir='ltr'>exesis</span> <span class='ocrx_word' id='word_1_552' title='bbox 3284 2079 3554 2150; x_wconf 87' lang='lat' dir='ltr'>carnibus,</span> <span class='ocrx_word' id='word_1_553' title='bbox 3593 2083 3694 2139; x_wconf 90' lang='lat' dir='ltr'>sed</span> 
     </span>
    </p>
   </div>
   <div class='ocr_carea' id='block_1_76' title="bbox 2097 2151 2872 2223">
    <p class='ocr_par' dir='ltr' id='par_1_76' title="bbox 2097 2151 2872 2223">
     <span class='ocr_line' id='line_1_77' title="bbox 2097 2151 2872 2223; baseline -0.004 -16"><span class='ocrx_word' id='word_1_554' title='bbox 2097 2152 2340 2223; x_wconf 74' lang='lat' dir='ltr'>quibcnc</span> <span class='ocrx_word' id='word_1_555' title='bbox 2369 2151 2584 2206; x_wconf 85' lang='lat' dir='ltr'>habitus</span> <span class='ocrx_word' id='word_1_556' title='bbox 2596 2158 2651 2223; x_wconf 79' lang='lat' dir='ltr'>et</span> <span class='ocrx_word' id='word_1_557' title='bbox 2676 2151 2872 2206; x_wconf 87' lang='lat' dir='ltr'>cultus.</span> 
     </span>
    </p>
   </div>
   <div class='ocr_carea' id='block_1_77' title="bbox 2165 2210 3690 2291">
    <p class='ocr_par' dir='ltr' id='par_1_77' title="bbox 2165 2210 3690 2291">
     <span class='ocr_line' id='line_1_78' title="bbox 2165 2210 3690 2291; baseline 0.001 -13"><span class='ocrx_word' id='word_1_558' title='bbox 2165 2210 2192 2253; x_wconf 72' lang='grc' dir='ltr'><em>ά</em></span> <span class='ocrx_word' id='word_1_559' title='bbox 2220 2225 2297 2279; x_wconf 88' lang='lat' dir='ltr'>Ut</span> <span class='ocrx_word' id='word_1_560' title='bbox 2317 2223 2403 2277; x_wconf 92' lang='lat' dir='ltr'>illc</span> <span class='ocrx_word' id='word_1_561' title='bbox 2432 2221 2747 2289; x_wconf 87' lang='lat' dir='ltr'>monachus,</span> <span class='ocrx_word' id='word_1_562' title='bbox 2779 2222 2869 2291; x_wconf 92' lang='lat' dir='ltr'>qui</span> <span class='ocrx_word' id='word_1_563' title='bbox 2899 2224 2970 2276; x_wconf 94' lang='lat' dir='ltr'>D.</span> <span class='ocrx_word' id='word_1_564' title='bbox 3008 2221 3305 2279; x_wconf 90' lang='lat' dir='ltr'>Benedicto</span> <span class='ocrx_word' id='word_1_565' title='bbox 3340 2223 3407 2278; x_wconf 93' lang='lat' dir='ltr'>ad</span> <span class='ocrx_word' id='word_1_566' title='bbox 3439 2239 3690 2279; x_wconf 88' lang='lat' dir='ltr'>mensam</span> 
     </span>
    </p>
   </div>
   <div class='ocr_carea' id='block_1_78' title="bbox 2096 2292 3694 2364">
    <p class='ocr_par' dir='ltr' id='par_1_78' title="bbox 2096 2292 3694 2364">
     <span class='ocr_line' id='line_1_79' title="bbox 2096 2292 3694 2364; baseline 0.002 -17"><span class='ocrx_word' id='word_1_567' title='bbox 2096 2292 2411 2356; x_wconf 77' lang='lat' dir='ltr'>inserviens,</span> <span class='ocrx_word' id='word_1_568' title='bbox 2433 2293 2663 2364; x_wconf 88' lang='lat' dir='ltr'>superba</span> <span class='ocrx_word' id='word_1_569' title='bbox 2692 2293 3022 2364; x_wconf 83' lang='lat' dir='ltr'>cogitatione</span> <span class='ocrx_word' id='word_1_570' title='bbox 3040 2295 3179 2349; x_wconf 86' lang='lat' dir='ltr'>intra</span> <span class='ocrx_word' id='word_1_571' title='bbox 3199 2310 3256 2350; x_wconf 89' lang='lat' dir='ltr'>se</span> <span class='ocrx_word' id='word_1_572' title='bbox 3279 2293 3495 2349; x_wconf 88' lang='lat' dir='ltr'>dicebat</span> <span class='ocrx_word' id='word_1_573' title='bbox 3521 2316 3533 2348; x_wconf 90' lang='lat'>:</span> <span class='ocrx_word' id='word_1_574' title='bbox 3559 2299 3694 2363; x_wconf 82' lang='lat' dir='ltr'>Quis</span> 
     </span>
    </p>
   </div>
   <div class='ocr_carea' id='block_1_79' title="bbox 2097 2366 3690 2433">
    <p class='ocr_par' dir='ltr' id='par_1_79' title="bbox 2097 2366 3690 2433">
     <span class='ocr_line' id='line_1_80' title="bbox 2097 2366 3690 2433; baseline 0.003 -15"><span class='ocrx_word' id='word_1_575' title='bbox 2097 2370 2173 2418; x_wconf 89' lang='lat' dir='ltr'>est</span> <span class='ocrx_word' id='word_1_576' title='bbox 2202 2366 2304 2427; x_wconf 84' lang='lat' dir='ltr'>hic,</span> <span class='ocrx_word' id='word_1_577' title='bbox 2344 2367 2431 2418; x_wconf 87' lang='lat' dir='ltr'>cui</span> <span class='ocrx_word' id='word_1_578' title='bbox 2454 2382 2547 2433; x_wconf 89' lang='lat' dir='ltr'>ego</span> <span class='ocrx_word' id='word_1_579' title='bbox 2572 2366 2923 2419; x_wconf 86' lang='lat' dir='ltr'>manducanti</span> <span class='ocrx_word' id='word_1_580' title='bbox 2945 2369 3156 2428; x_wconf 85' lang='lat' dir='ltr'>assiste,</span> <span class='ocrx_word' id='word_1_581' title='bbox 3203 2367 3467 2420; x_wconf 85' lang='lat' dir='ltr'>lucernam</span> <span class='ocrx_word' id='word_1_582' title='bbox 3513 2372 3690 2429; x_wconf 75' lang='lat' dir='ltr'>teneo,</span> 
     </span>
    </p>
   </div>
   <div class='ocr_carea' id='block_1_80' title="bbox 2096 2436 3694 2505">
    <p class='ocr_par' dir='ltr' id='par_1_80' title="bbox 2096 2436 3694 2505">
     <span class='ocr_line' id='line_1_81' title="bbox 2096 2436 3694 2505; baseline 0.002 -16"><span class='ocrx_word' id='word_1_583' title='bbox 2096 2438 2372 2489; x_wconf 70' lang='lat' dir='ltr'>servitium</span> <span class='ocrx_word' id='word_1_584' title='bbox 2391 2436 2670 2505; x_wconf 80' lang='lat' dir='ltr'>impendo?</span> <span class='ocrx_word' id='word_1_585' title='bbox 2696 2438 2815 2505; x_wconf 82' lang='lat' dir='ltr'>quis</span> <span class='ocrx_word' id='word_1_586' title='bbox 2840 2452 2958 2490; x_wconf 88' lang='lat' dir='ltr'>sum</span> <span class='ocrx_word' id='word_1_587' title='bbox 2983 2453 3092 2505; x_wconf 85' lang='lat' dir='ltr'>ego,</span> <span class='ocrx_word' id='word_1_588' title='bbox 3115 2441 3176 2490; x_wconf 88' lang='lat' dir='ltr'>ut</span> <span class='ocrx_word' id='word_1_589' title='bbox 3197 2439 3286 2491; x_wconf 80' lang='lat' dir='ltr'>isti</span> <span class='ocrx_word' id='word_1_590' title='bbox 3303 2439 3571 2491; x_wconf 80' lang='lat' dir='ltr'>serviam?</span> <span class='ocrx_word' id='word_1_591' title='bbox 3590 2440 3694 2493; x_wconf 77' lang='lat' dir='ltr'>Ad</span> 
     </span>
    </p>
   </div>
   <div class='ocr_carea' id='block_1_81' title="bbox 2097 2509 3693 2577">
    <p class='ocr_par' dir='ltr' id='par_1_81' title="bbox 2097 2509 3693 2577">
     <span class='ocr_line' id='line_1_82' title="bbox 2097 2509 3693 2577; baseline 0.003 -18"><span class='ocrx_word' id='word_1_592' title='bbox 2097 2523 2249 2575; x_wconf 87' lang='lat' dir='ltr'>quem</span> <span class='ocrx_word' id='word_1_593' title='bbox 2274 2509 2360 2559; x_wconf 67' lang='grc' dir='ltr'>τίν</span> <span class='ocrx_word' id='word_1_594' title='bbox 2392 2509 2484 2560; x_wconf 89' lang='lat' dir='ltr'>Dei</span> <span class='ocrx_word' id='word_1_595' title='bbox 2513 2522 2783 2561; x_wconf 67' lang='lat' dir='ltr'>conuersus</span> <span class='ocrx_word' id='word_1_596' title='bbox 2812 2510 3109 2577; x_wconf 65' lang='lat' dir='ltr'>inc-rqmrit</span> <span class='ocrx_word' id='word_1_597' title='bbox 3135 2524 3251 2561; x_wconf 86' lang='lat' dir='ltr'>eum</span> <span class='ocrx_word' id='word_1_598' title='bbox 3274 2509 3483 2562; x_wconf 85' lang='lat' dir='ltr'>dicens:</span> <span class='ocrx_word' id='word_1_599' title='bbox 3517 2509 3693 2576; x_wconf 83' lang='lat' dir='ltr'>Signa</span> 
     </span>
    </p>
   </div>
   <div class='ocr_carea' id='block_1_82' title="bbox 2098 2579 3696 2648">
    <p class='ocr_par' dir='ltr' id='par_1_82' title="bbox 2098 2579 3696 2648">
     <span class='ocr_line' id='line_1_83' title="bbox 2098 2579 3696 2648; baseline 0.003 -17"><span class='ocrx_word' id='word_1_600' title='bbox 2098 2594 2184 2631; x_wconf 84' lang='lat' dir='ltr'>cor</span> <span class='ocrx_word' id='word_1_601' title='bbox 2215 2582 2385 2638; x_wconf 88' lang='lat' dir='ltr'>tuum,</span> <span class='ocrx_word' id='word_1_602' title='bbox 2416 2580 2613 2644; x_wconf 84' lang='lat' dir='ltr'>frater,</span> <span class='ocrx_word' id='word_1_603' title='bbox 2641 2579 2773 2647; x_wconf 86' lang='lat' dir='ltr'>quid</span> <span class='ocrx_word' id='word_1_604' title='bbox 2808 2584 2884 2632; x_wconf 91' lang='lat' dir='ltr'>est</span> <span class='ocrx_word' id='word_1_605' title='bbox 2921 2580 3065 2648; x_wconf 83' lang='lat' dir='ltr'>quod</span> <span class='ocrx_word' id='word_1_606' title='bbox 3094 2581 3324 2648; x_wconf 82' lang='lat' dir='ltr'>loqueris</span> <span class='ocrx_word' id='word_1_607' title='bbox 3350 2582 3379 2633; x_wconf 82' lang='lat'><em>?</em></span> <span class='ocrx_word' id='word_1_608' title='bbox 3400 2581 3559 2647; x_wconf 82' lang='lat' dir='ltr'>signa.</span> <span class='ocrx_word' id='word_1_609' title='bbox 3597 2596 3696 2635; x_wconf 85' lang='lat' dir='ltr'>cor</span> 
     </span>
    </p>
   </div>
   <div class='ocr_carea' id='block_1_83' title="bbox 2096 2649 3696 2718">
    <p class='ocr_par' dir='ltr' id='par_1_83' title="bbox 2096 2649 3696 2718">
     <span class='ocr_line' id='line_1_84' title="bbox 2096 2649 3696 2718; baseline 0.003 -16"><span class='ocrx_word' id='word_1_610' title='bbox 2096 2652 2247 2702; x_wconf 87' lang='lat' dir='ltr'>tuum</span> <span class='ocrx_word' id='word_1_611' title='bbox 2270 2650 2459 2715; x_wconf 82' lang='lat' dir='ltr'>(Greg.</span> <span class='ocrx_word' id='word_1_612' title='bbox 2487 2649 2577 2702; x_wconf 86' lang='lat' dir='ltr'>lib.</span> <span class='ocrx_word' id='word_1_613' title='bbox 2609 2664 2653 2703; x_wconf 85' lang='lat' dir='ltr'>II</span> <span class='ocrx_word' id='word_1_614' title='bbox 2682 2650 2825 2709; x_wconf 87' lang='lat' dir='ltr'>Dial,</span> <span class='ocrx_word' id='word_1_615' title='bbox 2862 2665 2907 2703; x_wconf 90' lang='lat' dir='ltr'>c.</span> <span class='ocrx_word' id='word_1_616' title='bbox 2945 2655 3057 2716; x_wconf 85' lang='lat'>20).</span> <span class='ocrx_word' id='word_1_617' title='bbox 3082 2650 3269 2705; x_wconf 90' lang='lat' dir='ltr'>Simile</span> <span class='ocrx_word' id='word_1_618' title='bbox 3312 2657 3395 2704; x_wconf 82' lang='lat' dir='ltr'>est</span> <span class='ocrx_word' id='word_1_619' title='bbox 3426 2650 3578 2718; x_wconf 90' lang='lat' dir='ltr'>quod</span> <span class='ocrx_word' id='word_1_620' title='bbox 3621 2652 3696 2707; x_wconf 89' lang='lat' dir='ltr'>de</span> 
     </span>
    </p>
   </div>
   <div class='ocr_carea' id='block_1_84' title="bbox 2093 2717 3695 2800">
    <p class='ocr_par' dir='ltr' id='par_1_84' title="bbox 2093 2717 3695 2800">
     <span class='ocr_line' id='line_1_85' title="bbox 2093 2717 3695 2800; baseline 0.003 -28"><span class='ocrx_word' id='word_1_621' title='bbox 2093 2717 2259 2800; x_wconf 73' lang='lat' dir='ltr'>fratre.</span> <span class='ocrx_word' id='word_1_622' title='bbox 2290 2719 2575 2774; x_wconf 87' lang='lat' dir='ltr'>Leonardo</span> <span class='ocrx_word' id='word_1_623' title='bbox 2600 2718 2766 2775; x_wconf 89' lang='lat' dir='ltr'>refert</span> <span class='ocrx_word' id='word_1_624' title='bbox 2788 2721 3167 2776; x_wconf 87' lang='lat' dir='ltr'>Bonaventura</span> <span class='ocrx_word' id='word_1_625' title='bbox 3202 2720 3256 2775; x_wconf 90' lang='lat' dir='ltr'>in</span> <span class='ocrx_word' id='word_1_626' title='bbox 3280 2721 3403 2775; x_wconf 86' lang='lat' dir='ltr'>Vita</span> <span class='ocrx_word' id='word_1_627' title='bbox 3425 2717 3482 2777; x_wconf 91' lang='lat' dir='ltr'>S.</span> <span class='ocrx_word' id='word_1_628' title='bbox 3512 2724 3695 2777; x_wconf 85' lang='lat' dir='ltr'>Fran-</span> 
     </span>
    </p>
   </div>
   <div class='ocr_carea' id='block_1_85' title="bbox 2097 2806 2245 2845">
    <p class='ocr_par' dir='ltr' id='par_1_85' title="bbox 2097 2806 2245 2845">
     <span class='ocr_line' id='line_1_86' title="bbox 2097 2806 2245 2845; baseline 0.007 -1"><span class='ocrx_word' id='word_1_629' title='bbox 2097 2806 2245 2845; x_wconf 83' lang='lat' dir='ltr'>ClSCI.</span> 
     </span>
    </p>
   </div>
   <div class='ocr_carea' id='block_1_86' title="bbox 2140 2860 3695 2932">
    <p class='ocr_par' dir='ltr' id='par_1_86' title="bbox 2140 2860 3695 2932">
     <span class='ocr_line' id='line_1_87' title="bbox 2140 2860 3695 2932; baseline 0.002 -16"><span class='ocrx_word' id='word_1_630' title='bbox 2140 2865 2192 2896; x_wconf 75' lang='lat'>~°</span> <span class='ocrx_word' id='word_1_631' title='bbox 2222 2860 2514 2930; x_wconf 90' lang='lat' dir='ltr'>Dionysius</span> <span class='ocrx_word' id='word_1_632' title='bbox 2551 2860 2934 2931; x_wconf 53' lang='lat' dir='ltr'>paulo&#39;jclarius</span> <span class='ocrx_word' id='word_1_633' title='bbox 2958 2882 2969 2916; x_wconf 94' lang='lat'>:</span> <span class='ocrx_word' id='word_1_634' title='bbox 3000 2866 3409 2932; x_wconf 85' lang='lat' dir='ltr'>Nonnumquam</span> <span class='ocrx_word' id='word_1_635' title='bbox 3438 2880 3560 2920; x_wconf 74' lang='lat' dir='ltr'>vero</span> <span class='ocrx_word' id='word_1_636' title='bbox 3587 2868 3695 2919; x_wconf 86' lang='lat' dir='ltr'>im-</span> 
     </span>
    </p>
   </div>
   <div class='ocr_carea' id='block_1_87' title="bbox 2096 2933 3700 3004">
    <p class='ocr_par' dir='ltr' id='par_1_87' title="bbox 2096 2933 3700 3004">
     <span class='ocr_line' id='line_1_88' title="bbox 2096 2933 3700 3004; baseline 0.003 -19"><span class='ocrx_word' id='word_1_637' title='bbox 2096 2935 2267 2986; x_wconf 84' lang='lat' dir='ltr'>mittit</span> <span class='ocrx_word' id='word_1_638' title='bbox 2281 2934 2544 2998; x_wconf 83' lang='lat' dir='ltr'>affectum</span> <span class='ocrx_word' id='word_1_639' title='bbox 2559 2933 2759 2999; x_wconf 89' lang='lat' dir='ltr'>gradus</span> <span class='ocrx_word' id='word_1_640' title='bbox 2779 2934 3078 3001; x_wconf 85' lang='lat' dir='ltr'>clericatus,</span> <span class='ocrx_word' id='word_1_641' title='bbox 3092 2935 3511 3004; x_wconf 73' lang='lat' dir='ltr'>disiden&#39;umque</span> <span class='ocrx_word' id='word_1_642' title='bbox 3526 2950 3700 2991; x_wconf 82' lang='lat' dir='ltr'>sacer-</span> 
     </span>
    </p>
   </div>
   <div class='ocr_carea' id='block_1_88' title="bbox 2096 3004 3696 3076">
    <p class='ocr_par' dir='ltr' id='par_1_88' title="bbox 2096 3004 3696 3076">
     <span class='ocr_line' id='line_1_89' title="bbox 2096 3004 3696 3076; baseline 0.004 -20"><span class='ocrx_word' id='word_1_643' title='bbox 2096 3004 2236 3076; x_wconf 83' lang='lat' dir='ltr'>dotii</span> <span class='ocrx_word' id='word_1_644' title='bbox 2250 3008 2345 3057; x_wconf 88' lang='lat' dir='ltr'>aut</span> <span class='ocrx_word' id='word_1_645' title='bbox 2372 3004 2718 3076; x_wconf 84' lang='lat' dir='ltr'>diaconatus._</span> <span class='ocrx_word' id='word_1_646' title='bbox 2735 3004 2875 3058; x_wconf 88' lang='lat' dir='ltr'>Nam</span> <span class='ocrx_word' id='word_1_647' title='bbox 2905 3005 3037 3060; x_wconf 90' lang='lat' dir='ltr'>satis</span> <span class='ocrx_word' id='word_1_648' title='bbox 3058 3005 3356 3076; x_wconf 86' lang='lat' dir='ltr'>improprie</span> <span class='ocrx_word' id='word_1_649' title='bbox 3377 3007 3579 3061; x_wconf 88' lang='lat' dir='ltr'>dicitur</span> <span class='ocrx_word' id='word_1_650' title='bbox 3594 3008 3696 3062; x_wconf 90' lang='lat' dir='ltr'>im-</span> 
     </span>
    </p>
   </div>
   <div class='ocr_carea' id='block_1_89' title="bbox 2098 3073 3692 3147">
    <p class='ocr_par' dir='ltr' id='par_1_89' title="bbox 2098 3073 3692 3147">
     <span class='ocr_line' id='line_1_90' title="bbox 2098 3073 3692 3147; baseline 0.003 -18"><span class='ocrx_word' id='word_1_651' title='bbox 2098 3075 2315 3147; x_wconf 85' lang='lat' dir='ltr'>mittere</span> <span class='ocrx_word' id='word_1_652' title='bbox 2333 3073 2563 3145; x_wconf 85' lang='lat' dir='ltr'>gradum</span> <span class='ocrx_word' id='word_1_653' title='bbox 2593 3074 2899 3147; x_wconf 77' lang='lat' dir='ltr'>clericatus,</span> <span class='ocrx_word' id='word_1_654' title='bbox 2937 3091 3037 3147; x_wconf 90' lang='lat' dir='ltr'>pro</span> <span class='ocrx_word' id='word_1_655' title='bbox 3059 3073 3263 3131; x_wconf 79' lang='lat' dir='ltr'>affectu</span> <span class='ocrx_word' id='word_1_656' title='bbox 3286 3093 3384 3132; x_wconf 90' lang='lat' dir='ltr'>seu</span> <span class='ocrx_word' id='word_1_657' title='bbox 3416 3077 3692 3133; x_wconf 87' lang='lat' dir='ltr'>desiderio</span> 
     </span>
    </p>
   </div>
   <div class='ocr_carea' id='block_1_90' title="bbox 2094 3145 3691 3226">
    <p class='ocr_par' dir='ltr' id='par_1_90' title="bbox 2094 3145 3691 3226">
     <span class='ocr_line' id='line_1_91' title="bbox 2094 3145 3691 3226; baseline 0.003 -26"><span class='ocrx_word' id='word_1_658' title='bbox 2094 3145 2396 3200; x_wconf 87' lang='lat' dir='ltr'>clericatus.</span> <span class='ocrx_word' id='word_1_659' title='bbox 2424 3146 2594 3226; x_wconf 72' lang='lat' dir='ltr'>Porrg</span> <span class='ocrx_word' id='word_1_660' title='bbox 2624 3145 3076 3226; x_wconf 72' lang='lat' dir='ltr'>adreprimendos</span> <span class='ocrx_word' id='word_1_661' title='bbox 3096 3147 3412 3226; x_wconf 81' lang='lat' dir='ltr'>hujusmodi</span> <span class='ocrx_word' id='word_1_662' title='bbox 3434 3147 3691 3226; x_wconf 78' lang='lat' dir='ltr'>affectus,</span> 
     </span>
    </p>
   </div>
   <div class='ocr_carea' id='block_1_91' title="bbox 2097 3216 3692 3289">
    <p class='ocr_par' dir='ltr' id='par_1_91' title="bbox 2097 3216 3692 3289">
     <span class='ocr_line' id='line_1_92' title="bbox 2097 3216 3692 3289; baseline 0.003 -18"><span class='ocrx_word' id='word_1_663' title='bbox 2097 3231 2160 3271; x_wconf 92' lang='lat' dir='ltr'>ac</span> <span class='ocrx_word' id='word_1_664' title='bbox 2177 3231 2533 3289; x_wconf 66' lang='lat' dir='ltr'>praepropera</span> <span class='ocrx_word' id='word_1_665' title='bbox 2558 3216 2820 3289; x_wconf 75' lang='lat' dir='ltr'>desideria</span> <span class='ocrx_word' id='word_1_666' title='bbox 2858 3216 3226 3289; x_wconf 83' lang='lat' dir='ltr'>quorumdam</span> <span class='ocrx_word' id='word_1_667' title='bbox 3254 3219 3654 3276; x_wconf 88' lang='lat' dir='ltr'>monachorum</span> <span class='ocrx_word' id='word_1_668' title='bbox 3675 3263 3692 3287; x_wconf 87' lang='lat'>,</span> 
     </span>
    </p>
   </div>
   <div class='ocr_carea' id='block_1_92' title="bbox 2098 3285 3696 3365">
    <p class='ocr_par' dir='ltr' id='par_1_92' title="bbox 2098 3285 3696 3365">
     <span class='ocr_line' id='line_1_93' title="bbox 2098 3285 3696 3365; baseline 0.003 -22"><span class='ocrx_word' id='word_1_669' title='bbox 2098 3285 2535 3365; x_wconf 33' lang='lat' dir='ltr'>quiiclerica&#39;tum</span> <span class='ocrx_word' id='word_1_670' title='bbox 2578 3296 2633 3342; x_wconf 89' lang='lat' dir='ltr'>et</span> <span class='ocrx_word' id='word_1_671' title='bbox 2669 3285 3314 3365; x_wconf 63' lang='lat' dir='ltr'>ordines_e_cclesia§t_icos</span> <span class='ocrx_word' id='word_1_672' title='bbox 3363 3285 3696 3365; x_wconf 58' lang='lat' dir='ltr'>pramature</span> 
     </span>
    </p>
   </div>
   <div class='ocr_carea' id='block_1_93' title="bbox 2098 3357 3692 3423">
    <p class='ocr_par' dir='ltr' id='par_1_93' title="bbox 2098 3357 3692 3423">
     <span class='ocr_line' id='line_1_94' title="bbox 2098 3357 3692 3423; baseline 0.003 -10"><span class='ocrx_word' id='word_1_673' title='bbox 2098 3358 2352 3414; x_wconf 85' lang='lat' dir='ltr'>ambiunt</span> <span class='ocrx_word' id='word_1_674' title='bbox 2371 3366 2425 3413; x_wconf 91' lang='lat' dir='ltr'>et</span> <span class='ocrx_word' id='word_1_675' title='bbox 2451 3357 2739 3423; x_wconf 80' lang='lat' dir='ltr'>affectant,</span> <span class='ocrx_word' id='word_1_676' title='bbox 2771 3360 3059 3415; x_wconf 79' lang='lat' dir='ltr'>salubriter</span> <span class='ocrx_word' id='word_1_677' title='bbox 3086 3357 3423 3417; x_wconf 65' lang='lat' dir='ltr'>ab&#39;Ecclesia</span> <span class='ocrx_word' id='word_1_678' title='bbox 3463 3371 3692 3419; x_wconf 88' lang='lat' dir='ltr'>cautum</span> 
     </span>
    </p>
   </div>
   <div class='ocr_carea' id='block_1_94' title="bbox 2097 3432 3691 3503">
    <p class='ocr_par' dir='ltr' id='par_1_94' title="bbox 2097 3432 3691 3503">
     <span class='ocr_line' id='line_1_95' title="bbox 2097 3432 3691 3503; baseline 0.002 -19"><span class='ocrx_word' id='word_1_679' title='bbox 2097 3438 2199 3496; x_wconf 87' lang='lat' dir='ltr'>est,</span> <span class='ocrx_word' id='word_1_680' title='bbox 2221 3447 2286 3485; x_wconf 89' lang='lat' dir='ltr'>ne</span> <span class='ocrx_word' id='word_1_681' title='bbox 2300 3432 2584 3503; x_wconf 78' lang='lat' dir='ltr'>monachus</span> <span class='ocrx_word' id='word_1_682' title='bbox 2604 3432 2802 3503; x_wconf 74' lang='lat' dir='ltr'>absque</span> <span class='ocrx_word' id='word_1_683' title='bbox 2821 3432 3035 3486; x_wconf 80' lang='lat' dir='ltr'>licentia</span> <span class='ocrx_word' id='word_1_684' title='bbox 3048 3434 3136 3485; x_wconf 81' lang='lat' dir='ltr'>sui</span> <span class='ocrx_word' id='word_1_685' title='bbox 3149 3434 3691 3503; x_wconf 63' lang='lat' dir='ltr'>pratiatiordinetur;</span> 
     </span>
    </p>
   </div>
   <div class='ocr_carea' id='block_1_95' title="bbox 2096 3500 3690 3571">
    <p class='ocr_par' dir='ltr' id='par_1_95' title="bbox 2096 3500 3690 3571">
     <span class='ocr_line' id='line_1_96' title="bbox 2096 3500 3690 3571; baseline 0.004 -18"><span class='ocrx_word' id='word_1_686' title='bbox 2096 3504 2369 3568; x_wconf 85' lang='lat' dir='ltr'>quoniam,</span> <span class='ocrx_word' id='word_1_687' title='bbox 2390 3500 2563 3569; x_wconf 88' lang='lat' dir='ltr'>inquit</span> <span class='ocrx_word' id='word_1_688' title='bbox 2573 3500 2835 3571; x_wconf 82' lang='lat' dir='ltr'>pontifex,</span> <span class='ocrx_word' id='word_1_689' title='bbox 2857 3504 3125 3557; x_wconf 88' lang='lat' dir='ltr'>honestius</span> <span class='ocrx_word' id='word_1_690' title='bbox 3136 3500 3186 3557; x_wconf 71' lang='lat' dir='ltr'>et</span> <span class='ocrx_word' id='word_1_691' title='bbox 3205 3507 3374 3558; x_wconf 87' lang='lat' dir='ltr'>tutius</span> <span class='ocrx_word' id='word_1_692' title='bbox 3398 3511 3477 3559; x_wconf 88' lang='lat' dir='ltr'>est</span> <span class='ocrx_word' id='word_1_693' title='bbox 3494 3506 3690 3559; x_wconf 85' lang='lat' dir='ltr'>subdi-</span> 
     </span>
    </p>
   </div>
   <div class='ocr_carea' id='block_1_96' title="bbox 2098 3572 3696 3645">
    <p class='ocr_par' dir='ltr' id='par_1_96' title="bbox 2098 3572 3696 3645">
     <span class='ocr_line' id='line_1_97' title="bbox 2098 3572 3696 3645; baseline 0.004 -20"><span class='ocrx_word' id='word_1_694' title='bbox 2098 3576 2173 3625; x_wconf 83' lang='lat' dir='ltr'>tos</span> <span class='ocrx_word' id='word_1_695' title='bbox 2192 3572 2421 3645; x_wconf 83' lang='lat' dir='ltr'>debitam</span> <span class='ocrx_word' id='word_1_696' title='bbox 2433 3574 2739 3645; x_wconf 68' lang='lat' dir='ltr'>prmpositis</span> <span class='ocrx_word' id='word_1_697' title='bbox 2754 3574 3105 3628; x_wconf 81' lang='lat' dir='ltr'>obedientiam</span> <span class='ocrx_word' id='word_1_698' title='bbox 3127 3576 3476 3645; x_wconf 82' lang='lat' dir='ltr'>impendendo</span> <span class='ocrx_word' id='word_1_699' title='bbox 3487 3579 3542 3630; x_wconf 88' lang='lat' dir='ltr'>in</span> <span class='ocrx_word' id='word_1_700' title='bbox 3558 3579 3696 3643; x_wconf 82' lang='lat' dir='ltr'>infe-</span> 
     </span>
    </p>
   </div>
   <div class='ocr_carea' id='block_1_97' title="bbox 2095 3642 3697 3716">
    <p class='ocr_par' dir='ltr' id='par_1_97' title="bbox 2095 3642 3697 3716">
     <span class='ocr_line' id='line_1_98' title="bbox 2095 3642 3697 3716; baseline 0.004 -21"><span class='ocrx_word' id='word_1_701' title='bbox 2095 3645 2144 3716; x_wconf 75' lang='lat' dir='ltr'>ri</span> <span class='ocrx_word' id='word_1_702' title='bbox 2147 3646 2231 3716; x_wconf 79' lang='lat' dir='ltr'>ori</span> <span class='ocrx_word' id='word_1_703' title='bbox 2238 3644 2395 3696; x_wconf 89' lang='lat' dir='ltr'>minis</span> <span class='ocrx_word' id='word_1_704' title='bbox 2396 3642 2738 3716; x_wconf 79' lang='lat' dir='ltr'>teriodeserri</span> <span class='ocrx_word' id='word_1_705' title='bbox 2743 3660 2983 3713; x_wconf 86' lang='lat' dir='ltr'>re,quam</span> <span class='ocrx_word' id='word_1_706' title='bbox 2997 3642 3524 3716; x_wconf 59' lang='lat' dir='ltr'>cumpraqiositorum</span> <span class='ocrx_word' id='word_1_707' title='bbox 3536 3642 3697 3702; x_wconf 84' lang='lat' dir='ltr'>scun-</span> 
     </span>
    </p>
   </div>
   <div class='ocr_carea' id='block_1_98' title="bbox 2096 3713 3689 3785">
    <p class='ocr_par' dir='ltr' id='par_1_98' title="bbox 2096 3713 3689 3785">
     <span class='ocr_line' id='line_1_99' title="bbox 2096 3713 3689 3785; baseline 0.006 -20"><span class='ocrx_word' id='word_1_708' title='bbox 2096 3714 2221 3766; x_wconf 85' lang='lat' dir='ltr'>dalo</span> <span class='ocrx_word' id='word_1_709' title='bbox 2270 3713 2539 3785; x_wconf 85' lang='lat' dir='ltr'>graduum</span> <span class='ocrx_word' id='word_1_710' title='bbox 2584 3717 2919 3782; x_wconf 82' lang='lat' dir='ltr'>superiorum</span> <span class='ocrx_word' id='word_1_711' title='bbox 2948 3713 3197 3785; x_wconf 77' lang='lat' dir='ltr'>appetere</span> <span class='ocrx_word' id='word_1_712' title='bbox 3225 3713 3541 3785; x_wconf 76' lang='lat' dir='ltr'>dignitatem</span> <span class='ocrx_word' id='word_1_713' title='bbox 3568 3725 3587 3782; x_wconf 85' lang='lat'>(</span> <span class='ocrx_word' id='word_1_714' title='bbox 3612 3723 3689 3774; x_wconf 85' lang='lat' dir='ltr'>De</span> 
     </span>
    </p>
   </div>
   <div class='ocr_carea' id='block_1_99' title="bbox 2096 3784 3686 3854">
    <p class='ocr_par' dir='ltr' id='par_1_99' title="bbox 2096 3784 3686 3854">
     <span class='ocr_line' id='line_1_100' title="bbox 2096 3784 3686 3854; baseline 0.004 -17"><span class='ocrx_word' id='word_1_715' title='bbox 2096 3788 2253 3854; x_wconf 84' lang='lat' dir='ltr'>temp.</span> <span class='ocrx_word' id='word_1_716' title='bbox 2290 3784 2491 3850; x_wconf 81' lang='lat' dir='ltr'>ordin.,</span> <span class='ocrx_word' id='word_1_717' title='bbox 2514 3800 2559 3837; x_wconf 88' lang='lat' dir='ltr'>c.</span> <span class='ocrx_word' id='word_1_718' title='bbox 2602 3786 2693 3839; x_wconf 79' lang='lat' dir='ltr'>Ad</span> <span class='ocrx_word' id='word_1_719' title='bbox 2720 3801 2894 3849; x_wconf 75' lang='lat' dir='ltr'>am&#39;es,</span> <span class='ocrx_word' id='word_1_720' title='bbox 2928 3784 3122 3843; x_wconf 82' lang='lat' dir='ltr'>Concil.</span> <span class='ocrx_word' id='word_1_721' title='bbox 3161 3784 3394 3843; x_wconf 81' lang='lat' dir='ltr'>Trident.</span> <span class='ocrx_word' id='word_1_722' title='bbox 3424 3803 3526 3843; x_wconf 86' lang='lat' dir='ltr'>ses.</span> <span class='ocrx_word' id='word_1_723' title='bbox 3567 3803 3686 3845; x_wconf 79' lang='lat' dir='ltr'>XIV</span> 
     </span>
    </p>
   </div>
   <div class='ocr_carea' id='block_1_100' title="bbox 2094 3856 3688 3929">
    <p class='ocr_par' dir='ltr' id='par_1_100' title="bbox 2094 3856 3688 3929">
     <span class='ocr_line' id='line_1_101' title="bbox 2094 3856 3688 3929; baseline 0.004 -19"><span class='ocrx_word' id='word_1_724' title='bbox 2094 3871 2138 3929; x_wconf 86' lang='lat' dir='ltr'>c.</span> <span class='ocrx_word' id='word_1_725' title='bbox 2180 3856 2297 3929; x_wconf 80' lang='lat' dir='ltr'>Ide</span> <span class='ocrx_word' id='word_1_726' title='bbox 2315 3856 2555 3929; x_wconf 81' lang='lat' dir='ltr'>Refor.).</span> <span class='ocrx_word' id='word_1_727' title='bbox 2590 3856 2744 3929; x_wconf 75' lang='lat' dir='ltr'>Hinc</span> <span class='ocrx_word' id='word_1_728' title='bbox 2774 3858 2937 3913; x_wconf 87' lang='lat' dir='ltr'>etiam</span> <span class='ocrx_word' id='word_1_729' title='bbox 2982 3862 3051 3913; x_wconf 91' lang='lat' dir='ltr'>D.</span> <span class='ocrx_word' id='word_1_730' title='bbox 3084 3860 3403 3914; x_wconf 88' lang='lat' dir='ltr'>Benedictus</span> <span class='ocrx_word' id='word_1_731' title='bbox 3445 3875 3566 3929; x_wconf 89' lang='lat' dir='ltr'>cap.</span> <span class='ocrx_word' id='word_1_732' title='bbox 3615 3868 3688 3917; x_wconf 82' lang='lat'><strong>62</strong></span> 
     </span>
    </p>
   </div>
   <div class='ocr_carea' id='block_1_101' title="bbox 2096 3927 3695 4000">
    <p class='ocr_par' dir='ltr' id='par_1_101' title="bbox 2096 3927 3695 4000">
     <span class='ocr_line' id='line_1_102' title="bbox 2096 3927 3695 4000; baseline 0.004 -19"><span class='ocrx_word' id='word_1_733' title='bbox 2096 3927 2317 4000; x_wconf 57' lang='lat' dir='ltr'>Regula</span> <span class='ocrx_word' id='word_1_734' title='bbox 2344 3927 2418 3981; x_wconf 89' lang='lat' dir='ltr'>ita</span> <span class='ocrx_word' id='word_1_735' title='bbox 2437 3927 2654 4000; x_wconf 81' lang='lat' dir='ltr'>statuit:</span> <span class='ocrx_word' id='word_1_736' title='bbox 2682 3930 2876 3997; x_wconf 87' lang='lat' dir='ltr'>Siquis</span> <span class='ocrx_word' id='word_1_737' title='bbox 2902 3931 3066 3983; x_wconf 87' lang='lat' dir='ltr'>abbas</span> <span class='ocrx_word' id='word_1_738' title='bbox 3082 3931 3187 3985; x_wconf 84' lang='lat' dir='ltr'>sibi</span> <span class='ocrx_word' id='word_1_739' title='bbox 3203 3927 3573 4000; x_wconf 80' lang='lat' dir='ltr'>presbyterum</span> <span class='ocrx_word' id='word_1_740' title='bbox 3590 3939 3695 3989; x_wconf 86' lang='lat' dir='ltr'>aut</span> 
     </span>
    </p>
   </div>
   <div class='ocr_carea' id='block_1_102' title="bbox 2094 3998 3693 4072">
    <p class='ocr_par' dir='ltr' id='par_1_102' title="bbox 2094 3998 3693 4072">
     <span class='ocr_line' id='line_1_103' title="bbox 2094 3998 3693 4072; baseline 0.006 -21"><span class='ocrx_word' id='word_1_741' title='bbox 2094 3999 2373 4072; x_wconf 79' lang='lat' dir='ltr'>diaconum</span> <span class='ocrx_word' id='word_1_742' title='bbox 2400 3998 2645 4072; x_wconf 85' lang='lat' dir='ltr'>ordinari</span> <span class='ocrx_word' id='word_1_743' title='bbox 2666 4002 2902 4069; x_wconf 82' lang='lat' dir='ltr'>petierit,</span> <span class='ocrx_word' id='word_1_744' title='bbox 2934 4002 2998 4055; x_wconf 84' lang='lat' dir='ltr'>de</span> <span class='ocrx_word' id='word_1_745' title='bbox 3026 4005 3139 4055; x_wconf 87' lang='lat' dir='ltr'>suis</span> <span class='ocrx_word' id='word_1_746' title='bbox 3175 3998 3344 4070; x_wconf 86' lang='lat' dir='ltr'>eligat</span> <span class='ocrx_word' id='word_1_747' title='bbox 3367 3998 3467 4072; x_wconf 80' lang='lat' dir='ltr'>qui</span> <span class='ocrx_word' id='word_1_748' title='bbox 3487 4005 3693 4072; x_wconf 64' lang='lat' dir='ltr'>dignus</span> 
     </span>
    </p>
   </div>
   <div class='ocr_carea' id='block_1_103' title="bbox 2092 4071 3691 4140">
    <p class='ocr_par' dir='ltr' id='par_1_103' title="bbox 2092 4071 3691 4140">
     <span class='ocr_line' id='line_1_104' title="bbox 2092 4071 3691 4140; baseline 0.004 -16"><span class='ocrx_word' id='word_1_749' title='bbox 2092 4071 2166 4124; x_wconf 89' lang='lat' dir='ltr'>sit</span> <span class='ocrx_word' id='word_1_750' title='bbox 2187 4071 2478 4125; x_wconf 87' lang='lat' dir='ltr'>sacerdotio</span> <span class='ocrx_word' id='word_1_751' title='bbox 2488 4071 2678 4140; x_wconf 77' lang='lat' dir='ltr'>fungi;</span> <span class='ocrx_word' id='word_1_752' title='bbox 2698 4072 2977 4127; x_wconf 83' lang='lat' dir='ltr'>ordinatus</span> <span class='ocrx_word' id='word_1_753' title='bbox 2988 4077 3165 4127; x_wconf 75' lang='lat' dir='ltr'>(uitem</span> <span class='ocrx_word' id='word_1_754' title='bbox 3184 4079 3364 4127; x_wconf 78' lang='lat' dir='ltr'>careat</span> <span class='ocrx_word' id='word_1_755' title='bbox 3380 4071 3691 4139; x_wconf 79' lang='lat' dir='ltr'>elationem,</span> 
     </span>
    </p>
   </div>
   <div class='ocr_carea' id='block_1_104' title="bbox 2093 4142 3694 4211">
    <p class='ocr_par' dir='ltr' id='par_1_104' title="bbox 2093 4142 3694 4211">
     <span class='ocr_line' id='line_1_105' title="bbox 2093 4142 3694 4211; baseline 0.004 -17"><span class='ocrx_word' id='word_1_756' title='bbox 2093 4146 2188 4195; x_wconf 89' lang='lat' dir='ltr'>aut</span> <span class='ocrx_word' id='word_1_757' title='bbox 2211 4142 2537 4211; x_wconf 81' lang='lat' dir='ltr'>superbiam,</span> <span class='ocrx_word' id='word_1_758' title='bbox 2561 4150 2661 4195; x_wconf 89' lang='lat' dir='ltr'>etc.</span> <span class='ocrx_word' id='word_1_759' title='bbox 2685 4143 2955 4198; x_wconf 71' lang='lat' dir='ltr'>Caeterum</span> <span class='ocrx_word' id='word_1_760' title='bbox 2979 4159 3044 4199; x_wconf 88' lang='lat' dir='ltr'>ex</span> <span class='ocrx_word' id='word_1_761' title='bbox 3068 4144 3173 4199; x_wconf 91' lang='lat' dir='ltr'>hoc</span> <span class='ocrx_word' id='word_1_762' title='bbox 3193 4145 3315 4200; x_wconf 93' lang='lat' dir='ltr'>loco</span> <span class='ocrx_word' id='word_1_763' title='bbox 3337 4146 3505 4200; x_wconf 89' lang='lat' dir='ltr'>etiam</span> <span class='ocrx_word' id='word_1_764' title='bbox 3531 4147 3694 4202; x_wconf 87' lang='lat' dir='ltr'>colli-</span> 
     </span>
    </p>
   </div>
   <div class='ocr_carea' id='block_1_105' title="bbox 2093 4210 3684 4287">
    <p class='ocr_par' dir='ltr' id='par_1_105' title="bbox 2093 4210 3684 4287">
     <span class='ocr_line' id='line_1_106' title="bbox 2093 4210 3684 4287; baseline 0.005 -22"><span class='ocrx_word' id='word_1_765' title='bbox 2093 4210 2279 4287; x_wconf 81' lang='lat' dir='ltr'>gimus</span> <span class='ocrx_word' id='word_1_766' title='bbox 2301 4210 2599 4287; x_wconf 77' lang='lat' dir='ltr'>monachos</span> <span class='ocrx_word' id='word_1_767' title='bbox 2623 4211 2776 4287; x_wconf 92' lang='lat' dir='ltr'>oli_m_,</span> <span class='ocrx_word' id='word_1_768' title='bbox 2800 4213 2935 4287; x_wconf 77' lang='lat' dir='ltr'>licet</span> <span class='ocrx_word' id='word_1_769' title='bbox 2965 4215 3217 4286; x_wconf 89' lang='lat' dir='ltr'>primitus</span> <span class='ocrx_word' id='word_1_770' title='bbox 3243 4231 3310 4271; x_wconf 85' lang='lat' dir='ltr'>ex</span> <span class='ocrx_word' id='word_1_771' title='bbox 3335 4231 3432 4271; x_wconf 91' lang='lat' dir='ltr'>sua</span> <span class='ocrx_word' id='word_1_772' title='bbox 3470 4216 3684 4287; x_wconf 87' lang='lat' dir='ltr'>profes-</span> 
     </span>
    </p>
   </div>
   <div class='ocr_carea' id='block_1_106' title="bbox 2092 4280 3685 4353">
    <p class='ocr_par' dir='ltr' id='par_1_106' title="bbox 2092 4280 3685 4353">
     <span class='ocr_line' id='line_1_107' title="bbox 2092 4280 3685 4353; baseline 0.005 -17"><span class='ocrx_word' id='word_1_773' title='bbox 2092 4280 2247 4337; x_wconf 83' lang='lat' dir='ltr'>sione</span> <span class='ocrx_word' id='word_1_774' title='bbox 2276 4280 2664 4353; x_wconf 80' lang='lat' dir='ltr'>etconditione</span> <span class='ocrx_word' id='word_1_775' title='bbox 2689 4284 2811 4339; x_wconf 92' lang='lat' dir='ltr'>laici</span> <span class='ocrx_word' id='word_1_776' title='bbox 2841 4280 3187 4353; x_wconf 76' lang='lat' dir='ltr'>haberentur,</span> <span class='ocrx_word' id='word_1_777' title='bbox 3209 4296 3271 4343; x_wconf 91' lang='lat' dir='ltr'>ut</span> <span class='ocrx_word' id='word_1_778' title='bbox 3300 4288 3429 4342; x_wconf 86' lang='lat' dir='ltr'>alias</span> <span class='ocrx_word' id='word_1_779' title='bbox 3455 4280 3685 4344; x_wconf 81' lang='lat' dir='ltr'>monui-</span> 
     </span>
    </p>
   </div>
   <div class='ocr_carea' id='block_1_107' title="bbox 2096 4351 3690 4419">
    <p class='ocr_par' dir='ltr' id='par_1_107' title="bbox 2096 4351 3690 4419">
     <span class='ocr_line' id='line_1_108' title="bbox 2096 4351 3690 4419; baseline 0.006 -12"><span class='ocrx_word' id='word_1_780' title='bbox 2096 4368 2237 4419; x_wconf 88' lang='lat' dir='ltr'>mus,</span> <span class='ocrx_word' id='word_1_781' title='bbox 2269 4351 2495 4408; x_wconf 89' lang='lat' dir='ltr'>subinde</span> <span class='ocrx_word' id='word_1_782' title='bbox 2517 4361 2699 4409; x_wconf 87' lang='lat' dir='ltr'>tamen</span> <span class='ocrx_word' id='word_1_783' title='bbox 2718 4354 2787 4411; x_wconf 88' lang='lat' dir='ltr'>ad</span> <span class='ocrx_word' id='word_1_784' title='bbox 2814 4356 3130 4412; x_wconf 89' lang='lat' dir='ltr'>clericatum</span> <span class='ocrx_word' id='word_1_785' title='bbox 3156 4351 3213 4414; x_wconf 86' lang='lat' dir='ltr'>et</span> <span class='ocrx_word' id='word_1_786' title='bbox 3240 4358 3464 4415; x_wconf 90' lang='lat' dir='ltr'>ordines</span> <span class='ocrx_word' id='word_1_787' title='bbox 3500 4375 3690 4417; x_wconf 88' lang='lat' dir='ltr'>sacros</span> 
     </span>
    </p>
   </div>
   <div class='ocr_carea' id='block_1_108' title="bbox 2095 4423 3692 4503">
    <p class='ocr_par' dir='ltr' id='par_1_108' title="bbox 2095 4423 3692 4503">
     <span class='ocr_line' id='line_1_109' title="bbox 2095 4423 3692 4503; baseline 0.006 -26"><span class='ocrx_word' id='word_1_788' title='bbox 2095 4423 2307 4503; x_wconf 76' lang='lat' dir='ltr'>admitti</span> <span class='ocrx_word' id='word_1_789' title='bbox 2344 4439 2406 4478; x_wconf 91' lang='lat' dir='ltr'>ac</span> <span class='ocrx_word' id='word_1_790' title='bbox 2444 4426 2758 4503; x_wconf 84' lang='lat' dir='ltr'>promoveri</span> <span class='ocrx_word' id='word_1_791' title='bbox 2785 4427 2975 4503; x_wconf 79' lang='lat' dir='ltr'>solere.</span> <span class='ocrx_word' id='word_1_792' title='bbox 3010 4428 3187 4503; x_wconf 76' lang='lat' dir='ltr'>Unde</span> <span class='ocrx_word' id='word_1_793' title='bbox 3211 4433 3274 4485; x_wconf 93' lang='lat' dir='ltr'>D.</span> <span class='ocrx_word' id='word_1_794' title='bbox 3309 4430 3692 4503; x_wconf 83' lang='lat' dir='ltr'>Hieronymus</span> 
     </span>
    </p>
   </div>
   <div class='ocr_carea' id='block_1_109' title="bbox 2095 4495 3684 4570">
    <p class='ocr_par' dir='ltr' id='par_1_109' title="bbox 2095 4495 3684 4570">
     <span class='ocr_line' id='line_1_110' title="bbox 2095 4495 3684 4570; baseline 0.004 -20"><span class='ocrx_word' id='word_1_795' title='bbox 2095 4495 2385 4570; x_wconf 70' lang='lat' dir='ltr'>Rusticum</span> <span class='ocrx_word' id='word_1_796' title='bbox 2421 4497 2762 4570; x_wconf 86' lang='lat' dir='ltr'>monachum</span> <span class='ocrx_word' id='word_1_797' title='bbox 2806 4500 3036 4569; x_wconf 89' lang='lat' dir='ltr'>qualiter</span> <span class='ocrx_word' id='word_1_798' title='bbox 3076 4501 3144 4556; x_wconf 90' lang='lat' dir='ltr'>ad</span> <span class='ocrx_word' id='word_1_799' title='bbox 3174 4499 3278 4555; x_wconf 92' lang='lat' dir='ltr'>hoc</span> <span class='ocrx_word' id='word_1_800' title='bbox 3313 4516 3371 4555; x_wconf 89' lang='lat' dir='ltr'>se</span> <span class='ocrx_word' id='word_1_801' title='bbox 3398 4495 3684 4570; x_wconf 76' lang='lat' dir='ltr'>disponat,</span> 
     </span>
    </p>
   </div>
   <div class='ocr_carea' id='block_1_110' title="bbox 391 4562 3684 4637">
    <p class='ocr_par' dir='ltr' id='par_1_110' title="bbox 391 4562 3684 4637">
     <span class='ocr_line' id='line_1_111' title="bbox 391 4562 3684 4637; baseline 0.003 -19"><span class='ocrx_word' id='word_1_802' title='bbox 391 4569 491 4637; x_wconf 84' lang='lat' dir='ltr'>ret,</span> <span class='ocrx_word' id='word_1_803' title='bbox 535 4566 792 4619; x_wconf 79' lang='lat' dir='ltr'>visionem</span> <span class='ocrx_word' id='word_1_804' title='bbox 828 4566 901 4617; x_wconf 87' lang='lat' dir='ltr'>eis</span> <span class='ocrx_word' id='word_1_805' title='bbox 947 4566 1212 4637; x_wconf 71' lang='lat' dir='ltr'>emposuit.</span> <span class='ocrx_word' id='word_1_806' title='bbox 1254 4562 1353 4637; x_wconf 89' lang='lat' dir='ltr'>Sic</span> <span class='ocrx_word' id='word_1_807' title='bbox 1384 4564 1472 4620; x_wconf 88' lang='lat' dir='ltr'>ille</span> <span class='ocrx_word' id='word_1_808' title='bbox 1527 4567 1748 4637; x_wconf 75' lang='lat' dir='ltr'>(Cwsar.</span> <span class='ocrx_word' id='word_1_809' title='bbox 1794 4568 1980 4622; x_wconf 81' lang='lat' dir='ltr'>Cister.</span> <span class='ocrx_word' id='word_1_810' title='bbox 2011 4562 2061 4623; x_wconf 94' lang='lat' dir='ltr'><strong>D</strong></span> <span class='ocrx_word' id='word_1_811' title='bbox 2091 4566 2389 4622; x_wconf 88' lang='lat' dir='ltr'>admonens</span> <span class='ocrx_word' id='word_1_812' title='bbox 2413 4568 2603 4637; x_wconf 86' lang='lat' dir='ltr'>(Epist.</span> <span class='ocrx_word' id='word_1_813' title='bbox 2635 4569 2685 4637; x_wconf 86' lang='lat'>4)</span> <span class='ocrx_word' id='word_1_814' title='bbox 2716 4587 2729 4623; x_wconf 90' lang='lat'>:</span> <span class='ocrx_word' id='word_1_815' title='bbox 2759 4562 3119 4626; x_wconf 61' lang='lat' dir='ltr'>Si&#39;clericatus</span> <span class='ocrx_word' id='word_1_816' title='bbox 3155 4577 3205 4626; x_wconf 88' lang='lat' dir='ltr'>te</span> <span class='ocrx_word' id='word_1_817' title='bbox 3243 4575 3432 4627; x_wconf 86' lang='lat' dir='ltr'>titillat</span> <span class='ocrx_word' id='word_1_818' title='bbox 3467 4562 3684 4629; x_wconf 54' lang='lat' dir='ltr'>descdei</span> 
     </span>
    </p>
   </div>
   <div class='ocr_carea' id='block_1_111' title="bbox 393 4635 1981 4707">
    <p class='ocr_par' dir='ltr' id='par_1_111' title="bbox 393 4635 1981 4707">
     <span class='ocr_line' id='line_1_112' title="bbox 393 4635 1981 4707; baseline 0.003 -18"><span class='ocrx_word' id='word_1_819' title='bbox 393 4636 484 4690; x_wconf 88' lang='lat' dir='ltr'>lib.</span> <span class='ocrx_word' id='word_1_820' title='bbox 518 4651 579 4693; x_wconf 77' lang='grc' dir='ltr'>ιν</span> <span class='ocrx_word' id='word_1_821' title='bbox 609 4638 797 4693; x_wconf 85' lang='lat' dir='ltr'>Mirac.</span> <span class='ocrx_word' id='word_1_822' title='bbox 831 4651 891 4707; x_wconf 93' lang='lat' dir='ltr'>c._</span> <span class='ocrx_word' id='word_1_823' title='bbox 910 4638 985 4707; x_wconf 76' lang='lat'>5).</span> <span class='ocrx_word' id='word_1_824' title='bbox 1019 4636 1139 4691; x_wconf 81' lang='lat' dir='ltr'>Huc</span> <span class='ocrx_word' id='word_1_825' title='bbox 1159 4636 1390 4705; x_wconf 85' lang='lat' dir='ltr'>pertinet</span> <span class='ocrx_word' id='word_1_826' title='bbox 1410 4637 1554 4707; x_wconf 92' lang='lat' dir='ltr'>quod</span> <span class='ocrx_word' id='word_1_827' title='bbox 1570 4635 1755 4691; x_wconf 91' lang='lat' dir='ltr'>scribit</span> <span class='ocrx_word' id='word_1_828' title='bbox 1779 4638 1847 4691; x_wconf 92' lang='lat' dir='ltr'>D.</span> <span class='ocrx_word' id='word_1_829' title='bbox 1870 4644 1981 4693; x_wconf 86' lang='lat' dir='ltr'>Au-</span> 
     </span>
    </p>
   </div>
   <div class='ocr_carea' id='block_1_112' title="bbox 391 4705 1984 4778">
    <p class='ocr_par' dir='ltr' id='par_1_112' title="bbox 391 4705 1984 4778">
     <span class='ocr_line' id='line_1_113' title="bbox 391 4705 1984 4778; baseline 0.001 -16"><span class='ocrx_word' id='word_1_830' title='bbox 391 4707 637 4775; x_wconf 76' lang='lat' dir='ltr'>gustinus</span> <span class='ocrx_word' id='word_1_831' title='bbox 666 4723 708 4764; x_wconf 87' lang='lat' dir='ltr'>x</span> <span class='ocrx_word' id='word_1_832' title='bbox 746 4705 1083 4763; x_wconf 89' lang='lat' dir='ltr'>Confession.</span> <span class='ocrx_word' id='word_1_833' title='bbox 1120 4709 1267 4778; x_wconf 85' lang='lat' dir='ltr'>(Cap.</span> <span class='ocrx_word' id='word_1_834' title='bbox 1324 4705 1471 4775; x_wconf 48' lang='lat'>33)}</span> <span class='ocrx_word' id='word_1_835' title='bbox 1506 4710 1635 4765; x_wconf 87' lang='lat' dir='ltr'>Cum</span> <span class='ocrx_word' id='word_1_836' title='bbox 1674 4711 1984 4764; x_wconf 72' lang='lat' dir='ltr'>reminiscor</span> 
     </span>
    </p>
   </div>
   <div class='ocr_carea' id='block_1_113' title="bbox 391 4780 1983 4851">
    <p class='ocr_par' dir='ltr' id='par_1_113' title="bbox 391 4780 1983 4851">
     <span class='ocr_line' id='line_1_114' title="bbox 391 4780 1983 4851; baseline 0.001 -18"><span class='ocrx_word' id='word_1_837' title='bbox 391 4781 657 4850; x_wconf 82' lang='lat' dir='ltr'>lacrymas</span> <span class='ocrx_word' id='word_1_838' title='bbox 679 4795 822 4835; x_wconf 89' lang='lat' dir='ltr'>meas</span> <span class='ocrx_word' id='word_1_839' title='bbox 850 4795 987 4851; x_wconf 89' lang='lat' dir='ltr'>quas</span> <span class='ocrx_word' id='word_1_840' title='bbox 1018 4780 1148 4847; x_wconf 87' lang='lat' dir='ltr'>fudi</span> <span class='ocrx_word' id='word_1_841' title='bbox 1170 4780 1245 4834; x_wconf 88' lang='lat' dir='ltr'>ad</span> <span class='ocrx_word' id='word_1_842' title='bbox 1274 4784 1463 4834; x_wconf 89' lang='lat' dir='ltr'>cantus</span> <span class='ocrx_word' id='word_1_843' title='bbox 1491 4782 1754 4842; x_wconf 73' lang='lat' dir='ltr'>Ecclesice,</span> <span class='ocrx_word' id='word_1_844' title='bbox 1782 4783 1839 4834; x_wconf 89' lang='lat' dir='ltr'>in</span> <span class='ocrx_word' id='word_1_845' title='bbox 1862 4784 1983 4851; x_wconf 87' lang='lat' dir='ltr'>pri-</span> 
     </span>
    </p>
   </div>
   <div class='ocr_carea' id='block_1_114' title="bbox 389 4851 1980 4923">
    <p class='ocr_par' dir='ltr' id='par_1_114' title="bbox 389 4851 1980 4923">
     <span class='ocr_line' id='line_1_115' title="bbox 389 4851 1980 4923; baseline 0.001 -17"><span class='ocrx_word' id='word_1_846' title='bbox 389 4855 612 4909; x_wconf 88' lang='lat' dir='ltr'>mordiis</span> <span class='ocrx_word' id='word_1_847' title='bbox 632 4856 955 4923; x_wconf 76' lang='lat' dir='ltr'>recuperata:</span> <span class='ocrx_word' id='word_1_848' title='bbox 966 4851 1101 4921; x_wconf 84' lang='lat' dir='ltr'>ﬁdei</span> <span class='ocrx_word' id='word_1_849' title='bbox 1115 4867 1261 4914; x_wconf 72' lang='lat' dir='ltr'>mete,</span> <span class='ocrx_word' id='word_1_850' title='bbox 1280 4856 1330 4905; x_wconf 90' lang='lat' dir='ltr'>et</span> <span class='ocrx_word' id='word_1_851' title='bbox 1354 4868 1493 4907; x_wconf 89' lang='lat' dir='ltr'>nunc</span> <span class='ocrx_word' id='word_1_852' title='bbox 1512 4854 1622 4923; x_wconf 84' lang='lat' dir='ltr'>ipse</span> <span class='ocrx_word' id='word_1_853' title='bbox 1643 4868 1980 4916; x_wconf 82' lang='lat' dir='ltr'>commoveor,</span> 
     </span>
    </p>
   </div>
   <div class='ocr_carea' id='block_1_115' title="bbox 388 4924 1985 4995">
    <p class='ocr_par' dir='ltr' id='par_1_115' title="bbox 388 4924 1985 4995">
     <span class='ocr_line' id='line_1_116' title="bbox 388 4924 1985 4995; baseline 0.001 -17"><span class='ocrx_word' id='word_1_854' title='bbox 388 4940 491 4978; x_wconf 87' lang='lat' dir='ltr'>non</span> <span class='ocrx_word' id='word_1_855' title='bbox 518 4929 700 4986; x_wconf 89' lang='lat' dir='ltr'>cantu,</span> <span class='ocrx_word' id='word_1_856' title='bbox 722 4925 815 4978; x_wconf 90' lang='lat' dir='ltr'>sed</span> <span class='ocrx_word' id='word_1_857' title='bbox 832 4926 985 4979; x_wconf 88' lang='lat' dir='ltr'>rebus</span> <span class='ocrx_word' id='word_1_858' title='bbox 1010 4940 1129 4994; x_wconf 63' lang='lat' dir='ltr'>quin</span> <span class='ocrx_word' id='word_1_859' title='bbox 1151 4928 1460 4987; x_wconf 85' lang='lat' dir='ltr'>cantantur,</span> <span class='ocrx_word' id='word_1_860' title='bbox 1487 4941 1604 4978; x_wconf 90' lang='lat' dir='ltr'>cum</span> <span class='ocrx_word' id='word_1_861' title='bbox 1636 4924 1843 4995; x_wconf 84' lang='lat' dir='ltr'>liquida</span> <span class='ocrx_word' id='word_1_862' title='bbox 1866 4941 1985 4979; x_wconf 81' lang='lat' dir='ltr'>recc</span> 
     </span>
    </p>
   </div>
   <div class='ocr_carea' id='block_1_116' title="bbox 389 4996 1978 5067">
    <p class='ocr_par' dir='ltr' id='par_1_116' title="bbox 389 4996 1978 5067">
     <span class='ocr_line' id='line_1_117' title="bbox 389 4996 1978 5067; baseline 0.002 -19"><span class='ocrx_word' id='word_1_863' title='bbox 389 4998 438 5067; x_wconf 91' lang='lat' dir='ltr'>et</span> <span class='ocrx_word' id='word_1_864' title='bbox 471 4996 962 5067; x_wconf 69' lang='lat' dir='ltr'>convenientissima</span> <span class='ocrx_word' id='word_1_865' title='bbox 986 4997 1344 5050; x_wconf 88' lang='lat' dir='ltr'>modulatione</span> <span class='ocrx_word' id='word_1_866' title='bbox 1370 5001 1692 5063; x_wconf 86' lang='lat' dir='ltr'>cantantur;</span> <span class='ocrx_word' id='word_1_867' title='bbox 1725 5012 1978 5067; x_wconf 85' lang='lat' dir='ltr'>magnam</span> 
     </span>
    </p>
   </div>
   <div class='ocr_carea' id='block_1_117' title="bbox 387 5063 1983 5136">
    <p class='ocr_par' dir='ltr' id='par_1_117' title="bbox 387 5063 1983 5136">
     <span class='ocr_line' id='line_1_118' title="bbox 387 5063 1983 5136; baseline 0.003 -18"><span class='ocrx_word' id='word_1_868' title='bbox 387 5066 631 5120; x_wconf 86' lang='lat' dir='ltr'>instituti</span> <span class='ocrx_word' id='word_1_869' title='bbox 659 5063 819 5133; x_wconf 86' lang='lat' dir='ltr'>hujus</span> <span class='ocrx_word' id='word_1_870' title='bbox 850 5066 1143 5120; x_wconf 83' lang='lat' dir='ltr'>utilitatem</span> <span class='ocrx_word' id='word_1_871' title='bbox 1172 5083 1415 5136; x_wconf 87' lang='lat' dir='ltr'>agnosco.</span> <span class='ocrx_word' id='word_1_872' title='bbox 1466 5071 1656 5123; x_wconf 87' lang='lat' dir='ltr'>Tamen</span> <span class='ocrx_word' id='word_1_873' title='bbox 1700 5063 1983 5122; x_wconf 65' lang='lat' dir='ltr'>muamihi</span> 
     </span>
    </p>
   </div>
   <div class='ocr_carea' id='block_1_118' title="bbox 389 5136 1982 5207">
    <p class='ocr_par' dir='ltr' id='par_1_118' title="bbox 389 5136 1982 5207">
     <span class='ocr_line' id='line_1_119' title="bbox 389 5136 1982 5207; baseline 0.003 -20"><span class='ocrx_word' id='word_1_874' title='bbox 389 5138 582 5190; x_wconf 86' lang='lat' dir='ltr'>accidit</span> <span class='ocrx_word' id='word_1_875' title='bbox 609 5139 671 5191; x_wconf 85' lang='lat' dir='ltr'>ut</span> <span class='ocrx_word' id='word_1_876' title='bbox 689 5151 772 5189; x_wconf 88' lang='lat' dir='ltr'>me</span> <span class='ocrx_word' id='word_1_877' title='bbox 796 5136 1029 5205; x_wconf 83' lang='lat' dir='ltr'>amplius</span> <span class='ocrx_word' id='word_1_878' title='bbox 1055 5142 1239 5191; x_wconf 88' lang='lat' dir='ltr'>cantus</span> <span class='ocrx_word' id='word_1_879' title='bbox 1277 5154 1439 5206; x_wconf 85' lang='lat' dir='ltr'>quam</span> <span class='ocrx_word' id='word_1_880' title='bbox 1480 5155 1561 5192; x_wconf 86' lang='lat' dir='ltr'>res</span> <span class='ocrx_word' id='word_1_881' title='bbox 1611 5155 1730 5207; x_wconf 71' lang='lat' dir='ltr'>qua:</span> <span class='ocrx_word' id='word_1_882' title='bbox 1766 5142 1982 5193; x_wconf 85' lang='lat' dir='ltr'>canitur</span> 
     </span>
    </p>
   </div>
   <div class='ocr_carea' id='block_1_119' title="bbox 390 5208 1980 5277">
    <p class='ocr_par' dir='ltr' id='par_1_119' title="bbox 390 5208 1980 5277">
     <span class='ocr_line' id='line_1_120' title="bbox 390 5208 1980 5277; baseline 0.003 -18"><span class='ocrx_word' id='word_1_883' title='bbox 390 5212 614 5270; x_wconf 76' lang='lat' dir='ltr'>moueat,</span> <span class='ocrx_word' id='word_1_884' title='bbox 628 5208 911 5276; x_wconf 81' lang='lat' dir='ltr'>pcenaliter</span> <span class='ocrx_word' id='word_1_885' title='bbox 928 5222 1009 5261; x_wconf 87' lang='lat' dir='ltr'>me</span> <span class='ocrx_word' id='word_1_886' title='bbox 1024 5223 1241 5276; x_wconf 85' lang='lat' dir='ltr'>peccare</span> <span class='ocrx_word' id='word_1_887' title='bbox 1264 5212 1529 5277; x_wconf 81' lang='lat' dir='ltr'>confiteor,</span> <span class='ocrx_word' id='word_1_888' title='bbox 1558 5215 1608 5263; x_wconf 86' lang='lat' dir='ltr'>et</span> <span class='ocrx_word' id='word_1_889' title='bbox 1619 5215 1744 5263; x_wconf 87' lang='lat' dir='ltr'>tunc</span> <span class='ocrx_word' id='word_1_890' title='bbox 1767 5212 1980 5263; x_wconf 89' lang='lat' dir='ltr'>mallem</span> 
     </span>
    </p>
   </div>
   <div class='ocr_carea' id='block_1_120' title="bbox 389 5278 1052 5332">
    <p class='ocr_par' dir='ltr' id='par_1_120' title="bbox 389 5278 1052 5332">
     <span class='ocr_line' id='line_1_121' title="bbox 389 5278 1052 5332; baseline 0.002 -2"><span class='ocrx_word' id='word_1_891' title='bbox 389 5293 492 5331; x_wconf 89' lang='lat' dir='ltr'>non</span> <span class='ocrx_word' id='word_1_892' title='bbox 512 5278 703 5332; x_wconf 87' lang='lat' dir='ltr'>audire</span> <span class='ocrx_word' id='word_1_893' title='bbox 727 5281 1052 5331; x_wconf 85' lang='lat' dir='ltr'>cantantem.</span> 
     </span>
    </p>
   </div>
   <div class='ocr_carea' id='block_1_121' title="bbox 459 5346 1979 5419">
    <p class='ocr_par' dir='ltr' id='par_1_121' title="bbox 459 5346 1979 5419">
     <span class='ocr_line' id='line_1_122' title="bbox 459 5346 1979 5419; baseline 0.002 -17"><span class='ocrx_word' id='word_1_894' title='bbox 459 5350 483 5379; x_wconf 74' lang='grc' dir='ltr'><strong>ο</strong></span> <span class='ocrx_word' id='word_1_895' title='bbox 503 5346 566 5403; x_wconf 90' lang='lat' dir='ltr'><strong>Id</strong></span> <span class='ocrx_word' id='word_1_896' title='bbox 586 5355 689 5413; x_wconf 89' lang='lat' dir='ltr'>est,</span> <span class='ocrx_word' id='word_1_897' title='bbox 716 5362 947 5418; x_wconf 87' lang='lat' dir='ltr'>corpore</span> <span class='ocrx_word' id='word_1_898' title='bbox 962 5346 1182 5419; x_wconf 86' lang='lat' dir='ltr'>jejuniis</span> <span class='ocrx_word' id='word_1_899' title='bbox 1208 5356 1520 5415; x_wconf 78' lang='lat' dir='ltr'>extenuato,</span> <span class='ocrx_word' id='word_1_900' title='bbox 1551 5357 1645 5404; x_wconf 91' lang='lat' dir='ltr'>aut</span> <span class='ocrx_word' id='word_1_901' title='bbox 1674 5348 1979 5405; x_wconf 89' lang='lat' dir='ltr'>macilento.</span> 
     </span>
    </p>
   </div>
   <div class='ocr_carea' id='block_1_122' title="bbox 390 5418 1982 5492">
    <p class='ocr_par' dir='ltr' id='par_1_122' title="bbox 390 5418 1982 5492">
     <span class='ocr_line' id='line_1_123' title="bbox 390 5418 1982 5492; baseline -0.003 -16"><span class='ocrx_word' id='word_1_902' title='bbox 390 5423 435 5477; x_wconf 89' lang='lat' dir='ltr'><strong><em>E</em></strong></span> <span class='ocrx_word' id='word_1_903' title='bbox 448 5421 620 5474; x_wconf 82' lang='lat' dir='ltr'>vicino</span> <span class='ocrx_word' id='word_1_904' title='bbox 631 5434 876 5488; x_wconf 86' lang='lat' dir='ltr'>namque,</span> <span class='ocrx_word' id='word_1_905' title='bbox 897 5418 976 5474; x_wconf 88' lang='lat' dir='ltr'>ait</span> <span class='ocrx_word' id='word_1_906' title='bbox 997 5418 1066 5475; x_wconf 90' lang='lat' dir='ltr'>D.</span> <span class='ocrx_word' id='word_1_907' title='bbox 1091 5420 1390 5491; x_wconf 84' lang='lat' dir='ltr'>Gregorius</span> <span class='ocrx_word' id='word_1_908' title='bbox 1407 5423 1583 5492; x_wconf 81' lang='lat' dir='ltr'>(Hom.</span> <span class='ocrx_word' id='word_1_909' title='bbox 1614 5423 1681 5474; x_wconf 87' lang='lat'>32</span> <span class='ocrx_word' id='word_1_910' title='bbox 1695 5421 1753 5492; x_wconf 84' lang='lat' dir='ltr'>in</span> <span class='ocrx_word' id='word_1_911' title='bbox 1766 5423 1982 5492; x_wconf 57' lang='lat' dir='ltr'>Even),</span> 
     </span>
    </p>
   </div>
   <div class='ocr_carea' id='block_1_123' title="bbox 388 5491 1983 5560">
    <p class='ocr_par' dir='ltr' id='par_1_123' title="bbox 388 5491 1983 5560">
     <span class='ocr_line' id='line_1_124' title="bbox 388 5491 1983 5560; baseline 0.001 -15"><span class='ocrx_word' id='word_1_912' title='bbox 388 5492 772 5546; x_wconf 79' lang='lat' dir='ltr'>abstinentiam</span> <span class='ocrx_word' id='word_1_913' title='bbox 791 5492 966 5545; x_wconf 87' lang='lat' dir='ltr'>carnis</span> <span class='ocrx_word' id='word_1_914' title='bbox 979 5507 1375 5560; x_wconf 86' lang='lat' dir='ltr'>nonnumquam</span> <span class='ocrx_word' id='word_1_915' title='bbox 1401 5508 1542 5545; x_wconf 72' lang='lat' dir='ltr'>cana</span> <span class='ocrx_word' id='word_1_916' title='bbox 1562 5491 1735 5559; x_wconf 84' lang='lat' dir='ltr'>gloria</span> <span class='ocrx_word' id='word_1_917' title='bbox 1749 5491 1983 5545; x_wconf 85' lang='lat' dir='ltr'>obsidet:</span> 
     </span>
    </p>
   </div>
   <div class='ocr_carea' id='block_1_124' title="bbox 389 5563 1984 5633">
    <p class='ocr_par' dir='ltr' id='par_1_124' title="bbox 389 5563 1984 5633">
     <span class='ocr_line' id='line_1_125' title="bbox 389 5563 1984 5633; baseline 0 -16"><span class='ocrx_word' id='word_1_918' title='bbox 389 5566 518 5633; x_wconf 86' lang='lat' dir='ltr'>quia</span> <span class='ocrx_word' id='word_1_919' title='bbox 547 5564 677 5618; x_wconf 85' lang='lat' dir='ltr'>dum</span> <span class='ocrx_word' id='word_1_920' title='bbox 709 5565 940 5617; x_wconf 86' lang='lat' dir='ltr'>tenuitas</span> <span class='ocrx_word' id='word_1_921' title='bbox 960 5565 1017 5616; x_wconf 88' lang='lat' dir='ltr'>in</span> <span class='ocrx_word' id='word_1_922' title='bbox 1042 5579 1274 5633; x_wconf 86' lang='lat' dir='ltr'>corpore,</span> <span class='ocrx_word' id='word_1_923' title='bbox 1298 5564 1427 5617; x_wconf 87' lang='lat' dir='ltr'>dum</span> <span class='ocrx_word' id='word_1_924' title='bbox 1454 5564 1628 5632; x_wconf 85' lang='lat' dir='ltr'>pallor</span> <span class='ocrx_word' id='word_1_925' title='bbox 1678 5578 1714 5614; x_wconf 81' lang='grc' dir='ltr'><em>η</em></span> <span class='ocrx_word' id='word_1_926' title='bbox 1734 5563 1984 5617; x_wconf 72' lang='lat' dir='ltr'>culture-</span> 
     </span>
    </p>
   </div>
   <div class='ocr_carea' id='block_1_125' title="bbox 387 5634 1988 5705">
    <p class='ocr_par' dir='ltr' id='par_1_125' title="bbox 387 5634 1988 5705">
     <span class='ocr_line' id='line_1_126' title="bbox 387 5634 1988 5705; baseline 0 -15"><span class='ocrx_word' id='word_1_927' title='bbox 387 5636 635 5705; x_wconf 84' lang='lat' dir='ltr'>spicitur,</span> <span class='ocrx_word' id='word_1_928' title='bbox 664 5637 840 5689; x_wconf 75' lang='lat' dir='ltr'>uirtus</span> <span class='ocrx_word' id='word_1_929' title='bbox 851 5636 1133 5705; x_wconf 86' lang='lat' dir='ltr'>patefacta</span> <span class='ocrx_word' id='word_1_930' title='bbox 1146 5634 1431 5701; x_wconf 87' lang='lat' dir='ltr'>laudatur;</span> <span class='ocrx_word' id='word_1_931' title='bbox 1454 5638 1505 5687; x_wconf 87' lang='lat' dir='ltr'>et</span> <span class='ocrx_word' id='word_1_932' title='bbox 1529 5638 1674 5688; x_wconf 87' lang='lat' dir='ltr'>tanto</span> <span class='ocrx_word' id='word_1_933' title='bbox 1693 5648 1745 5688; x_wconf 89' lang='lat' dir='ltr'>sc</span> <span class='ocrx_word' id='word_1_934' title='bbox 1769 5634 1988 5690; x_wconf 79' lang='lat' dir='ltr'>celerius</span> 
     </span>
    </p>
   </div>
   <div class='ocr_carea' id='block_1_126' title="bbox 388 5705 1989 5777">
    <p class='ocr_par' dir='ltr' id='par_1_126' title="bbox 388 5705 1989 5777">
     <span class='ocr_line' id='line_1_127' title="bbox 388 5705 1989 5777; baseline -0.002 -15"><span class='ocrx_word' id='word_1_935' title='bbox 388 5709 539 5775; x_wconf 88' lang='lat' dir='ltr'>foras</span> <span class='ocrx_word' id='word_1_936' title='bbox 569 5707 780 5774; x_wconf 85' lang='lat' dir='ltr'>fundit,</span> <span class='ocrx_word' id='word_1_937' title='bbox 804 5705 1007 5777; x_wconf 79' lang='lat' dir='ltr'>quanto</span> <span class='ocrx_word' id='word_1_938' title='bbox 1036 5706 1110 5760; x_wconf 90' lang='lat' dir='ltr'>ad</span> <span class='ocrx_word' id='word_1_939' title='bbox 1134 5707 1389 5777; x_wconf 88' lang='lat' dir='ltr'>humanos</span> <span class='ocrx_word' id='word_1_940' title='bbox 1418 5705 1587 5777; x_wconf 87' lang='lat' dir='ltr'>oculos</span> <span class='ocrx_word' id='word_1_941' title='bbox 1604 5722 1704 5777; x_wconf 84' lang='lat' dir='ltr'>per</span> <span class='ocrx_word' id='word_1_942' title='bbox 1727 5710 1989 5761; x_wconf 87' lang='lat' dir='ltr'>ostensum</span> 
     </span>
    </p>
   </div>
   <div class='ocr_carea' id='block_1_127' title="bbox 388 5776 1990 5850">
    <p class='ocr_par' dir='ltr' id='par_1_127' title="bbox 388 5776 1990 5850">
     <span class='ocr_line' id='line_1_128' title="bbox 388 5776 1990 5850; baseline 0.001 -20"><span class='ocrx_word' id='word_1_943' title='bbox 388 5779 649 5849; x_wconf 82' lang='lat' dir='ltr'>pallorem</span> <span class='ocrx_word' id='word_1_944' title='bbox 680 5776 817 5834; x_wconf 71' lang='lat' dir='ltr'>emit.</span> <span class='ocrx_word' id='word_1_945' title='bbox 839 5781 1010 5836; x_wconf 86' lang='lat' dir='ltr'>Porro</span> <span class='ocrx_word' id='word_1_946' title='bbox 1050 5776 1197 5850; x_wconf 90' lang='lat' dir='ltr'>quod</span> <span class='ocrx_word' id='word_1_947' title='bbox 1223 5776 1315 5832; x_wconf 94' lang='lat' dir='ltr'>hic</span> <span class='ocrx_word' id='word_1_948' title='bbox 1337 5776 1585 5848; x_wconf 85' lang='lat' dir='ltr'>sequitur</span> <span class='ocrx_word' id='word_1_949' title='bbox 1608 5776 1678 5833; x_wconf 90' lang='lat' dir='ltr'>in</span> <span class='ocrx_word' id='word_1_950' title='bbox 1706 5784 1878 5848; x_wconf 87' lang='lat' dir='ltr'>textu,</span> <span class='ocrx_word' id='word_1_951' title='bbox 1909 5778 1990 5833; x_wconf 76' lang='lat' dir='ltr'>vel</span> 
     </span>
    </p>
   </div>
   <div class='ocr_carea' id='block_1_128' title="bbox 2088 4641 3685 4714">
    <p class='ocr_par' dir='ltr' id='par_1_128' title="bbox 2088 4641 3685 4714">
     <span class='ocr_line' id='line_1_129' title="bbox 2088 4641 3685 4714; baseline 0.004 -21"><span class='ocrx_word' id='word_1_952' title='bbox 2088 4641 2251 4700; x_wconf 84' lang='lat' dir='ltr'>rium,</span> <span class='ocrx_word' id='word_1_953' title='bbox 2264 4641 2453 4714; x_wconf 78' lang='lat' dir='ltr'>discas</span> <span class='ocrx_word' id='word_1_954' title='bbox 2469 4642 2611 4714; x_wconf 84' lang='lat' dir='ltr'>quod</span> <span class='ocrx_word' id='word_1_955' title='bbox 2622 4656 2742 4710; x_wconf 79' lang='lat' dir='ltr'>pass</span> <span class='ocrx_word' id='word_1_956' title='bbox 2751 4643 2793 4695; x_wconf 87' lang='lat' dir='ltr'>is</span> <span class='ocrx_word' id='word_1_957' title='bbox 2816 4642 3014 4705; x_wconf 83' lang='lat' dir='ltr'>docere,</span> <span class='ocrx_word' id='word_1_958' title='bbox 3032 4648 3083 4697; x_wconf 90' lang='lat' dir='ltr'>et</span> <span class='ocrx_word' id='word_1_959' title='bbox 3110 4645 3483 4699; x_wconf 74' lang='lat' dir='ltr'>rattbnabilcm</span> <span class='ocrx_word' id='word_1_960' title='bbox 3503 4647 3685 4714; x_wconf 53' lang='lat' dir='ltr'>hospi.</span> 
     </span>
    </p>
   </div>
   <div class='ocr_carea' id='block_1_129' title="bbox 2091 4712 3686 4785">
    <p class='ocr_par' dir='ltr' id='par_1_129' title="bbox 2091 4712 3686 4785">
     <span class='ocr_line' id='line_1_130' title="bbox 2091 4712 3686 4785; baseline 0.004 -20"><span class='ocrx_word' id='word_1_961' title='bbox 2091 4715 2193 4765; x_wconf 84' lang='lat' dir='ltr'>tem</span> <span class='ocrx_word' id='word_1_962' title='bbox 2213 4712 2416 4785; x_wconf 80' lang='lat' dir='ltr'>offeras</span> <span class='ocrx_word' id='word_1_963' title='bbox 2438 4712 2671 4785; x_wconf 68' lang='lat' dir='ltr'>Christo:</span> <span class='ocrx_word' id='word_1_964' title='bbox 2696 4730 2762 4765; x_wconf 88' lang='lat' dir='ltr'>ne</span> <span class='ocrx_word' id='word_1_965' title='bbox 2786 4714 2934 4767; x_wconf 85' lang='lat' dir='ltr'>miles</span> <span class='ocrx_word' id='word_1_966' title='bbox 2956 4718 3241 4783; x_wconf 86' lang='lat' dir='ltr'>antequam</span> <span class='ocrx_word' id='word_1_967' title='bbox 3280 4718 3381 4769; x_wconf 85' lang='lat' dir='ltr'>tiro</span> <span class='ocrx_word' id='word_1_968' title='bbox 3401 4758 3415 4778; x_wconf 90' lang='lat'>,</span> <span class='ocrx_word' id='word_1_969' title='bbox 3443 4732 3506 4769; x_wconf 87' lang='lat' dir='ltr'>ne</span> <span class='ocrx_word' id='word_1_970' title='bbox 3524 4712 3686 4785; x_wconf 72' lang='lat' dir='ltr'>prius</span> 
     </span>
    </p>
   </div>
   <div class='ocr_carea' id='block_1_130' title="bbox 2090 4783 3686 4853">
    <p class='ocr_par' dir='ltr' id='par_1_130' title="bbox 2090 4783 3686 4853">
     <span class='ocr_line' id='line_1_131' title="bbox 2090 4783 3686 4853; baseline 0.004 -18"><span class='ocrx_word' id='word_1_971' title='bbox 2090 4784 2354 4851; x_wconf 86' lang='lat' dir='ltr'>magister</span> <span class='ocrx_word' id='word_1_972' title='bbox 2372 4784 2446 4836; x_wconf 85' lang='lat' dir='ltr'>sis</span> <span class='ocrx_word' id='word_1_973' title='bbox 2458 4799 2617 4851; x_wconf 89' lang='lat' dir='ltr'>quam</span> <span class='ocrx_word' id='word_1_974' title='bbox 2637 4783 2950 4852; x_wconf 78' lang='lat' dir='ltr'>discipulus.</span> <span class='ocrx_word' id='word_1_975' title='bbox 2979 4786 3042 4839; x_wconf 85' lang='lat' dir='ltr'>Et</span> <span class='ocrx_word' id='word_1_976' title='bbox 3060 4785 3201 4840; x_wconf 88' lang='lat' dir='ltr'>infra</span> <span class='ocrx_word' id='word_1_977' title='bbox 3228 4805 3239 4840; x_wconf 94' lang='lat'>:</span> <span class='ocrx_word' id='word_1_978' title='bbox 3270 4790 3372 4847; x_wconf 86' lang='lat' dir='ltr'>Ita,</span> <span class='ocrx_word' id='word_1_979' title='bbox 3395 4786 3488 4849; x_wconf 83' lang='lat' dir='ltr'>ait,</span> <span class='ocrx_word' id='word_1_980' title='bbox 3508 4783 3612 4853; x_wconf 77' lang='lat' dir='ltr'>age</span> <span class='ocrx_word' id='word_1_981' title='bbox 3633 4793 3686 4842; x_wconf 83' lang='lat' dir='ltr'>et</span> 
     </span>
    </p>
   </div>
   <div class='ocr_carea' id='block_1_131' title="bbox 2089 4854 3688 4925">
    <p class='ocr_par' dir='ltr' id='par_1_131' title="bbox 2089 4854 3688 4925">
     <span class='ocr_line' id='line_1_132' title="bbox 2089 4854 3688 4925; baseline 0.004 -19"><span class='ocrx_word' id='word_1_982' title='bbox 2089 4855 2205 4907; x_wconf 76' lang='lat' dir='ltr'>rice</span> <span class='ocrx_word' id='word_1_983' title='bbox 2225 4854 2279 4907; x_wconf 88' lang='lat' dir='ltr'>in</span> <span class='ocrx_word' id='word_1_984' title='bbox 2304 4856 2643 4915; x_wconf 82' lang='lat' dir='ltr'>monasterio,</span> <span class='ocrx_word' id='word_1_985' title='bbox 2676 4859 2735 4908; x_wconf 88' lang='lat' dir='ltr'>ut</span> <span class='ocrx_word' id='word_1_986' title='bbox 2760 4856 2979 4910; x_wconf 83' lang='lat' dir='ltr'>clericus</span> <span class='ocrx_word' id='word_1_987' title='bbox 3007 4871 3113 4910; x_wconf 89' lang='lat' dir='ltr'>esse</span> <span class='ocrx_word' id='word_1_988' title='bbox 3138 4860 3413 4925; x_wconf 70' lang='lat' dir='ltr'>nterearis,</span> <span class='ocrx_word' id='word_1_989' title='bbox 3430 4862 3491 4912; x_wconf 88' lang='lat' dir='ltr'>ut</span> <span class='ocrx_word' id='word_1_990' title='bbox 3506 4858 3688 4913; x_wconf 65' lang='lat' dir='ltr'>attole-</span> 
     </span>
    </p>
   </div>
   <div class='ocr_carea' id='block_1_132' title="bbox 2090 4926 3686 4989">
    <p class='ocr_par' dir='ltr' id='par_1_132' title="bbox 2090 4926 3686 4989">
     <span class='ocr_line' id='line_1_133' title="bbox 2090 4926 3686 4989; baseline 0.003 -11"><span class='ocrx_word' id='word_1_991' title='bbox 2090 4927 2343 4979; x_wconf 87' lang='lat' dir='ltr'>scentiam</span> <span class='ocrx_word' id='word_1_992' title='bbox 2368 4931 2517 4979; x_wconf 90' lang='lat' dir='ltr'>tuam</span> <span class='ocrx_word' id='word_1_993' title='bbox 2551 4926 2702 4978; x_wconf 79' lang='lat' dir='ltr'>nulla</span> <span class='ocrx_word' id='word_1_994' title='bbox 2731 4927 2881 4980; x_wconf 86' lang='lat' dir='ltr'>sorde</span> <span class='ocrx_word' id='word_1_995' title='bbox 2900 4929 3275 4989; x_wconf 84' lang='lat' dir='ltr'>commacules,</span> <span class='ocrx_word' id='word_1_996' title='bbox 3307 4933 3369 4982; x_wconf 87' lang='lat' dir='ltr'>ut</span> <span class='ocrx_word' id='word_1_997' title='bbox 3407 4929 3481 4982; x_wconf 90' lang='lat' dir='ltr'>ad</span> <span class='ocrx_word' id='word_1_998' title='bbox 3504 4930 3686 4983; x_wconf 85' lang='lat' dir='ltr'>altare</span> 
     </span>
    </p>
   </div>
   <div class='ocr_carea' id='block_1_133' title="bbox 2087 4996 3685 5069">
    <p class='ocr_par' dir='ltr' id='par_1_133' title="bbox 2087 4996 3685 5069">
     <span class='ocr_line' id='line_1_134' title="bbox 2087 4996 3685 5069; baseline 0.002 -18"><span class='ocrx_word' id='word_1_999' title='bbox 2087 4998 2286 5069; x_wconf 81' lang='lat' dir='ltr'>Christi</span> <span class='ocrx_word' id='word_1_1000' title='bbox 2313 4998 2476 5066; x_wconf 88' lang='lat' dir='ltr'>quasi</span> <span class='ocrx_word' id='word_1_1001' title='bbox 2500 4996 2565 5049; x_wconf 88' lang='lat' dir='ltr'>de</span> <span class='ocrx_word' id='word_1_1002' title='bbox 2590 4996 2826 5050; x_wconf 87' lang='lat' dir='ltr'>thalamo</span> <span class='ocrx_word' id='word_1_1003' title='bbox 2850 5000 3284 5069; x_wconf 75' lang='lat' dir='ltr'>cirgoprocedas,</span> <span class='ocrx_word' id='word_1_1004' title='bbox 3302 5005 3354 5053; x_wconf 83' lang='lat' dir='ltr'>et</span> <span class='ocrx_word' id='word_1_1005' title='bbox 3376 5001 3573 5054; x_wconf 86' lang='lat' dir='ltr'>habeas</span> <span class='ocrx_word' id='word_1_1006' title='bbox 3592 5001 3685 5055; x_wconf 83' lang='lat' dir='ltr'>de-</span> 
     </span>
    </p>
   </div>
   <div class='ocr_carea' id='block_1_134' title="bbox 2086 5068 3688 5139">
    <p class='ocr_par' dir='ltr' id='par_1_134' title="bbox 2086 5068 3688 5139">
     <span class='ocr_line' id='line_1_135' title="bbox 2086 5068 3688 5139; baseline 0.002 -18"><span class='ocrx_word' id='word_1_1007' title='bbox 2086 5069 2224 5135; x_wconf 85' lang='lat' dir='ltr'>foris</span> <span class='ocrx_word' id='word_1_1008' title='bbox 2242 5068 2431 5121; x_wconf 87' lang='lat' dir='ltr'>bonum</span> <span class='ocrx_word' id='word_1_1009' title='bbox 2443 5069 2820 5129; x_wconf 85' lang='lat' dir='ltr'>testimonium,</span> <span class='ocrx_word' id='word_1_1010' title='bbox 2835 5068 3158 5139; x_wconf 67' lang='lat' dir='ltr'>feminaeque</span> <span class='ocrx_word' id='word_1_1011' title='bbox 3167 5086 3350 5125; x_wconf 87' lang='lat' dir='ltr'>nomen</span> <span class='ocrx_word' id='word_1_1012' title='bbox 3367 5076 3521 5125; x_wconf 87' lang='lat' dir='ltr'>tuum</span> <span class='ocrx_word' id='word_1_1013' title='bbox 3536 5087 3688 5126; x_wconf 73' lang='lat' dir='ltr'>nove-</span> 
     </span>
    </p>
   </div>
   <div class='ocr_carea' id='block_1_135' title="bbox 2088 5139 3686 5209">
    <p class='ocr_par' dir='ltr' id='par_1_135' title="bbox 2088 5139 3686 5209">
     <span class='ocr_line' id='line_1_136' title="bbox 2088 5139 3686 5209; baseline 0.003 -17"><span class='ocrx_word' id='word_1_1014' title='bbox 2088 5141 2201 5192; x_wconf 84' lang='lat' dir='ltr'>rint</span> <span class='ocrx_word' id='word_1_1015' title='bbox 2220 5142 2269 5191; x_wconf 86' lang='lat' dir='ltr'>et</span> <span class='ocrx_word' id='word_1_1016' title='bbox 2284 5140 2489 5194; x_wconf 78' lang='lat' dir='ltr'>vultum</span> <span class='ocrx_word' id='word_1_1017' title='bbox 2503 5140 2758 5193; x_wconf 81' lang='lat' dir='ltr'>nesciant.</span> <span class='ocrx_word' id='word_1_1018' title='bbox 2783 5141 2852 5193; x_wconf 85' lang='lat' dir='ltr'>Et</span> <span class='ocrx_word' id='word_1_1019' title='bbox 2873 5139 3027 5209; x_wconf 85' lang='lat' dir='ltr'>epist.</span> <span class='ocrx_word' id='word_1_1020' title='bbox 3045 5147 3111 5195; x_wconf 76' lang='lat'>‘27</span> <span class='ocrx_word' id='word_1_1021' title='bbox 3132 5149 3315 5196; x_wconf 89' lang='lat' dir='ltr'>narrat</span> <span class='ocrx_word' id='word_1_1022' title='bbox 3333 5143 3388 5197; x_wconf 91' lang='lat' dir='ltr'>S.</span> <span class='ocrx_word' id='word_1_1023' title='bbox 3410 5141 3686 5197; x_wconf 88' lang='lat' dir='ltr'>Isidorum</span> 
     </span>
    </p>
   </div>
   <div class='ocr_carea' id='block_1_136' title="bbox 2088 5209 3687 5279">
    <p class='ocr_par' dir='ltr' id='par_1_136' title="bbox 2088 5209 3687 5279">
     <span class='ocr_line' id='line_1_137' title="bbox 2088 5209 3687 5279; baseline 0.004 -17"><span class='ocrx_word' id='word_1_1024' title='bbox 2088 5209 2404 5279; x_wconf 89' lang='lat' dir='ltr'>episcopum</span> <span class='ocrx_word' id='word_1_1025' title='bbox 2460 5209 2640 5264; x_wconf 71' lang='lat' dir='ltr'>Paula:</span> <span class='ocrx_word' id='word_1_1026' title='bbox 2681 5210 2856 5266; x_wconf 74' lang='lat' dir='ltr'>vidua:</span> <span class='ocrx_word' id='word_1_1027' title='bbox 2884 5215 3052 5266; x_wconf 83' lang='lat' dir='ltr'>Rom.</span> <span class='ocrx_word' id='word_1_1028' title='bbox 3105 5211 3221 5268; x_wconf 88' lang='lat' dir='ltr'>loca</span> <span class='ocrx_word' id='word_1_1029' title='bbox 3264 5220 3423 5268; x_wconf 68' lang='lat' dir='ltr'>terrm</span> <span class='ocrx_word' id='word_1_1030' title='bbox 3482 5221 3687 5269; x_wconf 76' lang='lat' dir='ltr'>sancta:</span> 
     </span>
    </p>
   </div>
   <div class='ocr_carea' id='block_1_137' title="bbox 2089 5279 3689 5349">
    <p class='ocr_par' dir='ltr' id='par_1_137' title="bbox 2089 5279 3689 5349">
     <span class='ocr_line' id='line_1_138' title="bbox 2089 5279 3689 5349; baseline 0.005 -17"><span class='ocrx_word' id='word_1_1031' title='bbox 2089 5279 2322 5335; x_wconf 89' lang='lat' dir='ltr'>visitanti</span> <span class='ocrx_word' id='word_1_1032' title='bbox 2354 5280 2654 5336; x_wconf 88' lang='lat' dir='ltr'>occurrisse</span> <span class='ocrx_word' id='word_1_1033' title='bbox 2697 5296 2825 5336; x_wconf 89' lang='lat' dir='ltr'>cum</span> <span class='ocrx_word' id='word_1_1034' title='bbox 2861 5282 3344 5349; x_wconf 84' lang='lat' dir='ltr'>innumerabilibus</span> <span class='ocrx_word' id='word_1_1035' title='bbox 3388 5283 3689 5340; x_wconf 86' lang='lat' dir='ltr'>monacho—</span> 
     </span>
    </p>
   </div>
   <div class='ocr_carea' id='block_1_138' title="bbox 2089 5351 3687 5424">
    <p class='ocr_par' dir='ltr' id='par_1_138' title="bbox 2089 5351 3687 5424">
     <span class='ocr_line' id='line_1_139' title="bbox 2089 5351 3687 5424; baseline 0.003 -19"><span class='ocrx_word' id='word_1_1036' title='bbox 2089 5366 2214 5406; x_wconf 88' lang='lat' dir='ltr'>rum</span> <span class='ocrx_word' id='word_1_1037' title='bbox 2236 5351 2531 5424; x_wconf 29' lang='lat' dir='ltr'>turbispex</span> <span class='ocrx_word' id='word_1_1038' title='bbox 2562 5351 2758 5424; x_wconf 86' lang='lat' dir='ltr'>quibus</span> <span class='ocrx_word' id='word_1_1039' title='bbox 2790 5354 2993 5409; x_wconf 90' lang='lat' dir='ltr'>multos</span> <span class='ocrx_word' id='word_1_1040' title='bbox 3021 5354 3378 5412; x_wconf 86' lang='lat' dir='ltr'>sacerdotalis</span> <span class='ocrx_word' id='word_1_1041' title='bbox 3415 5365 3471 5411; x_wconf 85' lang='lat' dir='ltr'>et</span> <span class='ocrx_word' id='word_1_1042' title='bbox 3514 5355 3687 5411; x_wconf 85' lang='lat' dir='ltr'>leviti-</span> 
     </span>
    </p>
   </div>
   <div class='ocr_carea' id='block_1_139' title="bbox 2090 5421 2796 5479">
    <p class='ocr_par' dir='ltr' id='par_1_139' title="bbox 2090 5421 2796 5479">
     <span class='ocr_line' id='line_1_140' title="bbox 2090 5421 2796 5479; baseline 0.004 -4"><span class='ocrx_word' id='word_1_1043' title='bbox 2090 5437 2187 5476; x_wconf 92' lang='lat' dir='ltr'>cus</span> <span class='ocrx_word' id='word_1_1044' title='bbox 2210 5421 2552 5478; x_wconf 88' lang='lat' dir='ltr'>sublimabat</span> <span class='ocrx_word' id='word_1_1045' title='bbox 2578 5421 2796 5479; x_wconf 65' lang='lat' dir='ltr'>madus.</span> 
     </span>
    </p>
   </div>
   <div class='ocr_carea' id='block_1_140' title="bbox 2162 5485 3694 5571">
    <p class='ocr_par' dir='ltr' id='par_1_140' title="bbox 2162 5485 3694 5571">
     <span class='ocr_line' id='line_1_141' title="bbox 2162 5485 3694 5571; baseline 0.004 -25"><span class='ocrx_word' id='word_1_1046' title='bbox 2162 5485 2181 5571; x_wconf 68' lang='grc' dir='ltr'><strong>ξ</strong></span> <span class='ocrx_word' id='word_1_1047' title='bbox 2206 5494 2285 5547; x_wconf 89' lang='lat' dir='ltr'>De</span> <span class='ocrx_word' id='word_1_1048' title='bbox 2300 5493 2446 5571; x_wconf 77' lang='lat' dir='ltr'>clero</span> <span class='ocrx_word' id='word_1_1049' title='bbox 2472 5502 2530 5571; x_wconf 76' lang='lat' dir='ltr'>et</span> <span class='ocrx_word' id='word_1_1050' title='bbox 2550 5485 2805 5571; x_wconf 64' lang='lat' dir='ltr'>clericatu</span> <span class='ocrx_word' id='word_1_1051' title='bbox 2839 5510 2937 5566; x_wconf 89' lang='lat' dir='ltr'>pro</span> <span class='ocrx_word' id='word_1_1052' title='bbox 2966 5495 3073 5551; x_wconf 90' lang='lat' dir='ltr'>loci</span> <span class='ocrx_word' id='word_1_1053' title='bbox 3101 5495 3265 5571; x_wconf 83' lang='lat' dir='ltr'>hujus</span> <span class='ocrx_word' id='word_1_1054' title='bbox 3279 5497 3694 5571; x_wconf 80' lang='lat' dir='ltr'>opportunitate</span> 
     </span>
    </p>
   </div>
   <div class='ocr_carea' id='block_1_141' title="bbox 2092 5560 3694 5636">
    <p class='ocr_par' dir='ltr' id='par_1_141' title="bbox 2092 5560 3694 5636">
     <span class='ocr_line' id='line_1_142' title="bbox 2092 5560 3694 5636; baseline 0.004 -19"><span class='ocrx_word' id='word_1_1055' title='bbox 2092 5560 2308 5618; x_wconf 88' lang='lat' dir='ltr'>videtur</span> <span class='ocrx_word' id='word_1_1056' title='bbox 2329 5564 2533 5636; x_wconf 87' lang='lat' dir='ltr'>aliquid</span> <span class='ocrx_word' id='word_1_1057' title='bbox 2551 5560 2869 5631; x_wconf 76' lang='lat' dir='ltr'>dicendum,</span> <span class='ocrx_word' id='word_1_1058' title='bbox 2889 5583 3015 5623; x_wconf 88' lang='lat' dir='ltr'>cum</span> <span class='ocrx_word' id='word_1_1059' title='bbox 3038 5560 3397 5626; x_wconf 62' lang='lat' dir='ltr'>monachatus</span> <span class='ocrx_word' id='word_1_1060' title='bbox 3414 5567 3694 5624; x_wconf 88' lang='lat' dir='ltr'>clericatui</span> 
     </span>
    </p>
   </div>
   <div class='ocr_carea' id='block_1_142' title="bbox 2093 5635 3693 5714">
    <p class='ocr_par' dir='ltr' id='par_1_142' title="bbox 2093 5635 3693 5714">
     <span class='ocr_line' id='line_1_143' title="bbox 2093 5635 3693 5714; baseline 0.004 -26"><span class='ocrx_word' id='word_1_1061' title='bbox 2093 5635 2451 5714; x_wconf 69' lang='lat' dir='ltr'>perquamsit</span> <span class='ocrx_word' id='word_1_1062' title='bbox 2466 5635 2663 5714; x_wconf 75' lang='lat' dir='ltr'>affinis,</span> <span class='ocrx_word' id='word_1_1063' title='bbox 2693 5644 2748 5714; x_wconf 78' lang='lat' dir='ltr'>et</span> <span class='ocrx_word' id='word_1_1064' title='bbox 2771 5653 2962 5714; x_wconf 80' lang='lat' dir='ltr'>omnes</span> <span class='ocrx_word' id='word_1_1065' title='bbox 3003 5641 3254 5714; x_wconf 89' lang='lat' dir='ltr'>monachi</span> <span class='ocrx_word' id='word_1_1066' title='bbox 3280 5638 3561 5714; x_wconf 68' lang='lat' dir='ltr'>gaudeant</span> <span class='ocrx_word' id='word_1_1067' title='bbox 3583 5639 3693 5711; x_wconf 85' lang='lat' dir='ltr'>pri-</span> 
     </span>
    </p>
   </div>
   <div class='ocr_carea' id='block_1_143' title="bbox 2093 5705 3690 5781">
    <p class='ocr_par' dir='ltr' id='par_1_143' title="bbox 2093 5705 3690 5781">
     <span class='ocr_line' id='line_1_144' title="bbox 2093 5705 3690 5781; baseline 0.008 -22"><span class='ocrx_word' id='word_1_1068' title='bbox 2093 5705 2288 5781; x_wconf 74' lang='lat' dir='ltr'>vilegio</span> <span class='ocrx_word' id='word_1_1069' title='bbox 2324 5707 2565 5781; x_wconf 85' lang='lat' dir='ltr'>clericali</span> <span class='ocrx_word' id='word_1_1070' title='bbox 2592 5725 2657 5765; x_wconf 83' lang='lat' dir='ltr'>ex</span> <span class='ocrx_word' id='word_1_1071' title='bbox 2679 5708 2899 5765; x_wconf 90' lang='lat' dir='ltr'>decreto</span> <span class='ocrx_word' id='word_1_1072' title='bbox 2939 5713 3245 5768; x_wconf 88' lang='lat' dir='ltr'>Innocentii</span> <span class='ocrx_word' id='word_1_1073' title='bbox 3273 5705 3496 5769; x_wconf 58' lang='lat' dir='ltr'>s&#39;ecundi</span> <span class='ocrx_word' id='word_1_1074' title='bbox 3519 5718 3539 5779; x_wconf 94' lang='lat'><strong>(</strong></span> <span class='ocrx_word' id='word_1_1075' title='bbox 3564 5705 3690 5781; x_wconf 73' lang='lat' dir='ltr'>Cap.</span> 
     </span>
    </p>
   </div>
   <div class='ocr_carea' id='block_1_144' title="bbox 2091 5779 3697 5852">
    <p class='ocr_par' dir='ltr' id='par_1_144' title="bbox 2091 5779 3697 5852">
     <span class='ocr_line' id='line_1_145' title="bbox 2091 5779 3697 5852; baseline 0.001 -16"><span class='ocrx_word' id='word_1_1076' title='bbox 2091 5779 2156 5836; x_wconf 85' lang='lat' dir='ltr'>Si</span> <span class='ocrx_word' id='word_1_1077' title='bbox 2174 5779 2296 5849; x_wconf 85' lang='lat' dir='ltr'>quis</span> <span class='ocrx_word' id='word_1_1078' title='bbox 2323 5780 2598 5845; x_wconf 77' lang='lat' dir='ltr'>suadente,</span> <span class='ocrx_word' id='word_1_1079' title='bbox 2636 5787 2722 5851; x_wconf 84' lang='lat' dir='ltr'>l7,</span> <span class='ocrx_word' id='word_1_1080' title='bbox 2752 5798 2807 5852; x_wconf 88' lang='lat' dir='ltr'>q.</span> <span class='ocrx_word' id='word_1_1081' title='bbox 2829 5785 2908 5852; x_wconf 69' lang='lat' dir='ltr'>It),</span> <span class='ocrx_word' id='word_1_1082' title='bbox 2933 5796 3127 5842; x_wconf 83' lang='lat' dir='ltr'>omnes</span> <span class='ocrx_word' id='word_1_1083' title='bbox 3155 5783 3288 5840; x_wconf 84' lang='lat' dir='ltr'>item</span> <span class='ocrx_word' id='word_1_1084' title='bbox 3316 5784 3573 5841; x_wconf 88' lang='lat' dir='ltr'>monachi</span> <span class='ocrx_word' id='word_1_1085' title='bbox 3596 5779 3697 5838; x_wconf 79' lang='lat' dir='ltr'>hcc</span> 
     </span>
    </p>
   </div>
  </div>
