4012 6192
324 206 423 261 413

875 208 964 264 DE
1001 206 1482 266 COENOBIORUM
1518 208 1761 265 INSTIT.
1804 210 1931 267 LIB.
1972 212 2058 268 XI.
2101 239 2169 251 --
2207 211 2294 267 DE
2331 211 2598 268 SPIRITU
2639 212 3074 271 CENODOXIIE.

3518 218 3621 272 414

325 327 540 385 derium
566 331 881 404 presbyterii
912 334 994 389 vel
1020 333 1338 390 diaconatus
1362 335 1628 391 immittit.
1662 336 1840 404 Quem
1873 336 1919 391 si
1949 341 2003 403 Α
2031 336 2219 394 ctitate
2248 352 2314 394 ac
2339 337 2518 410 rigore
2544 338 2823 411 depingit},
2854 348 2920 395 ut
2951 339 3165 396 caeteris
3198 353 3418 412 quoque
3439 353 3620 397 sacer-

326 422 402 482 vel
434 424 630 485 invitus
666 424 861 482 fuisset
907 424 1167 500 adeptus,
1216 435 1366 484 tanta
1406 428 1756 500 expleturum
1791 444 1920 484 san-

2031 429 2252 486 dotibus
2284 430 2525 503 praebere
2565 433 2802 504 potuerit
2844 432 3138 490 sanctitatis
3187 431 3429 505 exempla
3450 473 3465 502 ,
3495 431 3622 490 dein

1417 556 1673 611 ALARDI
1710 556 1936 611 GAZzEl
1974 555 2531 614 COMMENTARIUS.

322 680 605 743 tempore,
634 669 938 743 praesertim
976 668 1314 743 Benedictini
1342 714 1356 738 ,
1389 670 1458 726 ad
1503 671 1816 743 clericatum
1867 680 1921 726 et

322 739 540 800 ordines
562 739 772 808 sacros,
808 740 853 795 si
893 739 1002 813 sint
1034 739 1238 813 idonei,
1267 742 1578 810 promoveri
1621 743 1832 813 possint
1859 759 1922 798 ac

320 814 574 880 debeant,
596 813 755 883 juxta
773 810 1211 885 constitutionem
1240 813 1537 885 Clementis
1563 810 1736 884 quinti
1776 815 1921 885 (Cle—

320 902 461 941 men.
493 887 571 957 Ne
590 887 649 939 in
674 899 826 952 agro,
843 883 909 937 de
927 887 1079 957 statu
1106 900 1306 957 monac.
1329 888 1368 952 ).
1394 884 1559 957 Unde
1581 883 1916 957 consequens

322 966 407 1012 est
443 955 760 1025 clericatum
807 953 1053 1025 proxime
1081 954 1151 1010 ad
1177 971 1368 1011 eorum
1406 954 1713 1011 institutum
1754 953 1915 1025 perti-

319 1042 468 1082 nere.
508 1029 571 1081 In
605 1023 795 1097 primis
810 1023 1123 1080 notandum
1149 1041 1211 1080 ex
1241 1026 1468 1097 Rabano
1499 1025 1643 1096 (Lib.
1687 1042 1709 1081 Ι
1735 1023 1799 1080 de
1822 1030 1914 1082 In-

320 1101 499 1178 _stitu_t.
525 1099 701 1178 cleric.
720 1112 850 1178 gap:
871 1100 938 1176 2)
970 1104 1224 1178 tresesse
1264 1096 1483 1178 ordines
1507 1137 1521 1162 ,
1555 1097 1666 1178 siﬂv-e
1693 1112 1909 1178 genera,

320 1169 610 1224 hominum
640 1168 696 1221 in
720 1167 980 1223 Ecclesia.
1003 1167 1109 1221 Alii
1133 1166 1405 1236 siquidem
1427 1167 1566 1222 inter
1580 1166 1914 1224 Christianos

322 1238 531 1307 clerici,
584 1237 673 1293 alii
720 1236 839 1293 laici
874 1236 1142 1293 dicuntur.
1194 1237 1431 1307 Quidam
1473 1254 1600 1294 vero
1633 1239 1770 1294 inter
1811 1238 1914 1295 hos

321 1310 473 1390 yelut
500 1307 936 1390 intermediityel
962 1308 1294 1390 ex‘utrisque
1308 1310 1384 1364 mi
1391 1309 1500 1390 iui,-
1513 1317 1567 1364 et
1582 1310 1745 1390 certis
1769 1325 1916 1390 sym-

317 1380 464 1436 bolis
496 1395 560 1434 ac
588 1378 955 1450 {unctionibus
997 1379 1064 1433 ab
1094 1378 1334 1450 utriSque
1374 1379 1649 1448 distincti,
1690 1378 1912 1435 tertium

318 1450 571 1507 ordinem
599 1448 841 1521 efﬁciunt
860 1492 875 1511 ,
904 1456 959 1503 et
983 1448 1263 1521 regulares
1280 1450 1391 1505 sive
1413 1450 1664 1506 monachi
1694 1465 1912 1506 nuncu-

318 1529 529 1594 pantur.
572 1519 820 1594 Secundo
848 1519 1085 1594 notanda
1108 1529 1240 1576 sunt
1271 1521 1530 1594 nonnulla
1559 1523 1654 1579 SS.
1685 1525 1910 1578 Patrum

319 1590 517 1666 elogia,
548 1606 630 1666 ex_
653 1590 850 1666 quibus
891 1590 1222 1666 intelligatur
1245 1593 1377 1663 quid
1404 1592 1691 1649 clericatus
1704 1594 1914 1666 ,‘et‘qui

319 1661 571 1720 dicantur
586 1661 789 1727 clerici,
811 1669 865 1716 et
885 1661 1029 1730 quod
1060 1661 1132 1717 sit
1155 1661 1351 1718 eorum
1375 1679 1578 1719 munus
1600 1672 1653 1719 et
1673 1661 1915 1719 ofﬁcium

320 1737 606 1807 (Bellum.
627 1734 721 1787 lib.
745 1747 767 1787 ι
792 1733 1081 1807 deClen'cis
1096 1733 1133 1804 ).
1155 1733 1414 1807 Origenes
1431 1734 1489 1807 in
1506 1749 1625 1806 cap.
1654 1751 1747 1791 vn
1766 1737 1914 1789 Jerc-

316 1802 465 1874 mite,
489 1818 769 1876 exponens
809 1802 898 1876 illa
948 1802 1112 1860 verba
1134 1844 1150 1873 ,
1177 1802 1318 1861 Cleri
1347 1802 1530 1860 eorum
1571 1802 1687 1861 non
1728 1807 1915 1876 prode-

324 1882 451 1932 runt
466 1874 726 1942 eia—Haec,
744 1874 938 1946 inquit,
955 1880 1080 1930 ante
1094 1892 1177 1931 me
1194 1878 1295 1931 alii
1310 1881 1700 1947 exposuerunt;
1726 1874 1775 1932 et
1785 1880 1912 1946 quia

2027 673 2255 748 sterium
2276 676 2332 731 S.
2365 676 2670 743 Pacliomii,
2695 684 2811 732 tum
2838 675 2905 732 ad
2927 677 3028 734 alia
3050 676 3261 748 Aigypti
3289 676 3618 748 monasteria

2027 746 2314 820 pervenit,
2342 754 2398 802 et
2436 750 2746 820 complures
2795 748 3095 820 monachos
3114 746 3414 820 sanctitate
3442 754 3494 820 et
3522 747 3618 802 do-

2029 816 2202 871 ctrina
2253 817 2488 874 illustres
2544 816 2714 875 sacris
2744 818 3026 875 ordinibus
3053 817 3294 873 initiatos
3332 819 3384 873 in
3414 818 3619 874 clerum

2021 888 2242 961 allegit,
2285 896 2338 944 et
2372 890 2611 961 clericali
2649 890 2761 945 sive
2799 888 3123 945 sacerdotali
3161 888 3425 960 dignitate
3448 890 3614 945 auxit.

2025 960 2317 1025 Quivero,
2362 960 2439 1015 ait
2471 961 2761 1029 Baronius,
2796 963 2856 1014 in
2901 963 3027 1015 orbe
3069 961 3399 1016 Occidentali
3446 975 3623 1014 mona-

2021 1031 2279 1084 chismum
2298 1031 2635 1099 conjunmerit
2662 1032 2956 1093 clericatui,
2976 1032 3312 1100 praedicatur
3338 1048 3372 1084 a
3399 1032 3453 1086 S.
3484 1031 3622 1085 Am-

2026 1101 2194 1154 brosio
2212 1104 2267 1156 S.
2297 1103 2557 1156 Eusebius
2578 1104 2868 1171 Episcopus
2891 1103 3257 1169 Vercellensis,
3280 1104 3379 1170 qui
3392 1104 3621 1171 Aposta-

2022 1172 2127 1225 lica
2158 1173 2421 1239 legatione
2435 1175 2757 1241 perfunctus
2777 1175 2835 1225 in
2856 1176 3145 1241 Egyptum
3156 1175 3433 1241 profectus
3457 1176 3551 1233 est,
3570 1176 3621 1226 et

2021 1244 2068 1297 A
2076 1242 2374 1297 lewa‘ndriae
2385 1244 2642 1297 adversus
2657 1245 2799 1299 Aria
2805 1259 2895 1297 nos
2908 1244 3185 1296 concilium
3197 1244 3267 1295 ha
3275 1244 3408 1303 buit,
3423 1248 3623 1296 sancto-

2020 1329 2244 1382 rumque
2255 1315 2633 1368 monachorum
2643 1317 2952 1368 institutum
2974 1314 2988 1383 (
3004 1317 3063 1366 ut
3074 1329 3148 1383 pa
3158 1329 3184 1365 r
3198 1318 3273 1367 est
3289 1312 3530 1376 credere)
3543 1314 3619 1366 dio

2021 1383 3618 1454 ligentiusperquisivit,‘etstuduitclericaliuitaeconjungere:

2022 1456 2131 1509 haec
2149 1458 2309 1519 enim,
2330 1456 2505 1527 inquit
2522 1456 2849 1512 Ambrosius
2869 1459 2888 1524 (
2908 1457 2995 1511 Ad
3018 1456 3234 1511 Vercell.
3250 1456 3343 1508 lib.
3367 1468 3435 1509 χι
3457 1455 3615 1523 epist.

2022 1528 2143 1595 82),
2156 1529 2363 1595 primus
2378 1530 2436 1579 in
2450 1528 3000 1597 Occidentispartibus
3018 1528 3231 1581 diversa
3240 1528 3381 1579 inter
3396 1541 3449 1579 se
3463 1528 3621 1579 Euse-

2025 1597 2143 1650 bius
2164 1603 2361 1651 sanctae
2378 1601 2641 1652 memoria:
2657 1614 2747 1652 con
2744 1599 2955 1667 jurm‘t,
2974 1602 3033 1651 ut
3048 1615 3108 1651 ea
3120 1599 3177 1650 in
3192 1598 3619 1665 civitatepositus

2020 1669 2273 1721 instituta
2287 1670 2662 1723 monachorum
2689 1673 2904 1733 teneret,
2929 1673 2978 1722 et
2999 1671 3069 1723 Ec
3079 1669 3291 1722 clesium
3317 1672 3519 1733 regeret
3534 1667 3617 1734 je-

2011 1737 2474 1806 jum’isobrietate.
2496 1742 2566 1793 Et
2582 1747 2705 1809 post
2720 1740 2895 1808 aliqua
2916 1756 2929 1791 ί
2956 1742 3075 1793 Haec
3090 1740 3258 1805 igitur
3278 1739 3544 1809 patientia
3560 1738 3619 1789 in

2021 1810 2079 1865 S.
2101 1810 2327 1864 Eusebio
2337 1808 2652 1864 monasterii
2664 1812 2863 1863 coaluit
2871 1825 2993 1871 usu,
3010 1809 3302 1863 etdurioris
3315 1808 3621 1861 observatio-

2020 1882 2106 1933 nis
2123 1882 2503 1934 consuetudine
2522 1882 2706 1934 hausit
2730 1882 2971 1934 laborum
2997 1880 3356 1934 tolerantiam.
3382 1878 3623 1946 Namque

316 1965 418 2033 πρυ
438 1948 679 2033 imprpbo
695 1948 1183 2033 interpretationem
1200 1951 1749 2033 eorum,_eonserltg‘erts
1768 1964 1916 2033 eam:
1942 1968 1989 2032 Β
2022 1952 2133 2005 haec
2160 1952 2267 2033 duo
2292 1953 2348 2004 in
2374 1953 2659 2033 attentiore
2683 1952 3113 2033 Qhristianorum
3154 1950 3428 2033 devqtione
3446 1964 3618 2033 praes-

317 2020 440 2074 dem
458 2021 696 2089 profero.
730 2020 834 2091 Nos
855 2021 951 2086 qui
960 2022 1222 2091 putamur
1244 2020 1457 2088 aliquid
1476 2036 1604 2082 esse,
1624 2020 1684 2074 id
1704 2025 1800 2082 est,
1818 2023 1915 2088 qui

317 2093 377 2145 in
404 2092 685 2145 clericatus
708 2089 857 2143 vobis
884 2089 1070 2144 ordine
1092 2091 1479 2159 praesidemus,
1506 2093 1565 2144 in
1590 2095 1823 2153 tantum,
1854 2096 1915 2145 ut

316 2162 546 2232 quidam
569 2161 635 2215 de
650 2162 853 2215 minori
866 2161 1048 2229 gradu
1067 2161 1142 2214 ad
1162 2162 1302 2215 hunc
1319 2163 1490 2216 locum
1503 2163 1722 2231 cupiant
1732 2177 1916 2231 perve-

315 2236 456 2295 nire,
472 2247 619 2287 nosse
632 2232 829 2287 debetis
849 2248 956 2286 non
979 2234 1167 2286 statim
1186 2235 1244 2286 in
1260 2248 1317 2286 eo
1336 2247 1444 2287 esse
1463 2233 1768 2297 salvandos,
1789 2236 1917 2301 quia

317 2305 497 2359 clerici
506 2318 684 2357 sumus
700 2322 715 2369 ;
742 2303 906 2357 multi
917 2305 1060 2357 enim
1081 2307 1131 2358 et
1138 2304 1443 2372 presbyteri
1452 2307 1698 2373 pereunt,
1726 2308 1776 2358 et
1792 2305 1918 2358 laici

323 2376 622 2446 beatissimi
636 2376 1007 2446 reperiuntur.
1027 2374 1085 2446 Si.
1108 2374 1446 2446 Epiphanius
1456 2374 1740 2446 epistolam
1758 2389 1913 2430 suam

317 2444 391 2517 ad
413 2447 681 2501 Joannem
706 2444 1268 2517 Hierosolymitanum
1296 2444 1611 2517 episcopum
1647 2446 1726 2501 sic
1752 2460 1913 2500 exor-

316 2516 468 2573 ditur
499 2533 512 2569 :
548 2517 838 2586 Oportebat
864 2516 978 2579 nos,
1006 2516 1343 2572 dilectissime
1365 2560 1380 2579 ,
1408 2519 1687 2572 clericatus
1716 2518 1913 2572 honore

315 2605 423 2644 non
452 2589 610 2645 abuti
622 2589 683 2643 in
706 2588 1029 2658 superbiam,
1051 2589 1145 2643 sed
1159 2590 1399 2643 custodia
1412 2590 1791 2644 mandatorum
1817 2591 1916 2644 Dei

316 2665 369 2714 et
390 2661 754 2717 observatione
800 2660 1214 2727 diligentissima
1243 2661 1337 2715 hoc
1366 2676 1474 2715 esse
1496 2661 1639 2728 quod
1658 2661 1907 2715 dicimur.

314 2733 378 2787 Si
409 2734 547 2787 enim
574 2746 729 2786 sacra
764 2732 1046 2800 Scriptura
1087 2732 1326 2801 loquitur
1369 2750 1385 2786 :
1417 2732 1558 2788 Cleri
1597 2746 1778 2785 eorum
1803 2746 1909 2784 non

307 2803 712 2872 proderunteis,
726 2818 836 2871 qua
847 2805 1163 2870 arrogantia
1173 2804 1453 2858 clericatus
1464 2802 1748 2857 conducere
1761 2802 1909 2856 nobis

312 2877 543 2943 poterit,
573 2876 672 2944 qui
701 2889 806 2928 non
824 2874 993 2929 solum
1008 2876 1325 2942 cogitatione
1347 2879 1399 2929 et
1420 2890 1598 2937 sensu,
1625 2874 1719 2929 sed
1746 2875 1908 2928 etiam

311 2961 556 3018 sermone
573 2943 851 3018 peccamus
869 2949 897 2999 ?
944 2944 1189 3018 Denique
1212 2948 1284 3018 D,
1312 2946 1680 3018 Hieronymus
1703 2943 1757 2999 in
1791 2944 1904 3013 epi-

310 3017 453 3073 stola
477 3016 548 3072 ad
565 3014 958 3087 Nepotianum:
990 3014 1241 3079 Clericus,
1270 3016 1474 3087 inquit,
1498 3014 1598 3087 qui
1617 3019 1777 3072 servit
1803 3019 1907 3072 Ec-

310 3089 507 3151 clesiae,
520 3090 1082 3157 intrepreteturpn‘mo
1094 3089 1408 3142 vocabulum
1422 3103 1599 3148 suum.
1611 3092 1662 3141 et
1675 3090 1907 3142 nominis

312 3160 629 3227 deﬁnitione
654 3157 893 3227 prolata,
922 3160 1133 3212 nitatur
1156 3174 1264 3212 esse
1281 3159 1422 3227 quod
1449 3159 1666 3213 dicitur.
1690 3160 1751 3213 Si
1769 3160 1909 3211 enim

313 3228 505 3297 κλῆρος
535 3232 731 3293 Graece,
750 3243 864 3283 sors
885 3230 1074 3283 Latine
1087 3230 1412 3297 appellatur,
1428 3232 1711 3298 propterea
1724 3244 1909 3281 vocan-

319 3304 419 3353 tur
443 3299 641 3359 clerici,
670 3300 749 3353 vel
768 3300 901 3367 quia
922 3298 987 3352 de
1001 3302 1142 3352 sorte
1154 3303 1276 3353 sunt
1294 3300 1527 3361 Domini,
1544 3299 1625 3352 uel
1650 3300 1780 3367 quia
1798 3300 1910 3367 ipse

313 3371 583 3425 Dominus
608 3384 740 3432 sors,
776 3369 835 3423 id
862 3373 958 3435 est,
984 3384 1113 3438 pars
1139 3370 1447 3424 clerico-rum
1480 3374 1579 3424 est.
1607 3371 1713 3437 Qui
1734 3374 1912 3423 autem

311 3442 400 3495 vel
427 3443 543 3510 ipse
564 3455 696 3510 pars
724 3442 942 3495 Domini
963 3444 1042 3495 est
1063 3483 1077 3501 ,
1102 3442 1185 3495 vel
1206 3443 1487 3496 Dominum
1506 3445 1715 3510 partem
1734 3440 1910 3502 habet,

312 3513 480 3566 talem
507 3527 562 3567 se
582 3512 827 3566 exhibere
848 3511 1020 3574 debet,
1044 3517 1105 3567 ut
1122 3519 1174 3567 et
1185 3514 1299 3582 ipse
1318 3512 1591 3582 possideat
1606 3514 1910 3574 Dominum,

315 3588 368 3638 et
394 3583 741 3653 possideatur
777 3599 811 3637 a
829 3584 1070 3639 Domino.
1107 3585 1171 3638 Et
1187 3581 1352 3639 infra:
1396 3584 1613 3640 Obsecro
1630 3587 1812 3653 itaque
1839 3588 1909 3645 te,

312 3659 366 3709 et
391 3659 628 3724 repetens
656 3656 954 3724 iterumque
990 3657 1288 3725 iterumque
1308 3657 1549 3719 monebo,
1579 3672 1644 3710 ne
1683 3656 1911 3723 o/ﬁcium

312 3726 589 3781 clericatus
600 3741 761 3794 genus
781 3728 1020 3795 antiquae
1042 3729 1255 3782 militiae
1272 3731 1449 3797 putes,
1471 3728 1531 3782 id
1553 3732 1651 3790 est,
1672 3743 1740 3782 ne
1758 3729 1911 3781 lucra

311 3797 499 3852 saeculi
518 3800 577 3851 in
594 3798 796 3870 Christi
818 3812 1033 3867 quaeras
1044 3800 1262 3870 militia,
1283 3806 1388 3870 etc.
1414 3801 1481 3853 Et
1499 3798 1555 3853 in
1568 3797 1669 3853 alia
1684 3797 1910 3870 epistola

312 3871 528 3937 (Epist.
562 3872 612 3934 1)
641 3866 863 3924 clericos
882 3883 1010 3938 cum
1046 3866 1332 3938 monachis
1353 3866 1783 3938 comparans,'et
1822 3884 1907 3923 se-

312 3936 497 4008 ipsum
518 3938 576 3993 in
597 3947 747 4009 parte
777 3937 1180 4009 monachorum
1196 3936 1508 4009 collocans':
1538 3940 1689 4009 Alia,
1715 3939 1909 4008 inquit,

312 4007 696 4065 monachorum
726 4012 803 4062 est
832 4022 1027 4068 causa,
1059 4007 1175 4059 alia
1201 4007 1514 4060 clericorum
1546 4025 1561 4059 :
1592 4008 1770 4060 clerici
1793 4007 1915 4075 pa-

308 4084 475 4135 scunt
499 4094 639 4140 oues,
671 4094 764 4145 ego
807 4091 1031 4145 pascor;
1061 4077 1144 4131 illi
1167 4075 1234 4129 de
1273 4076 1466 4128 altario
1492 4077 1708 4141 vivunt;
1759 4077 1912 4139 mihi,

314 4152 488 4221 quasi
502 4150 855 4215 infructuosa:
872 4147 1075 4221 arbori,
1104 4147 1302 4221 securis
1322 4147 1546 4221 ponitur
1565 4147 1640 4221 ad
1662 4146 1912 4221 radicem,

315 4215 428 4276 étc.
464 4221 600 4274 Haec
641 4233 844 4287 magna
879 4232 1006 4273 cum
1046 4216 1350 4272 humilitate
1370 4225 1433 4287 et
1459 4217 1543 4272 sui
1586 4215 1918 4273 demissione

314 4295 391 4362 Ι).
427 4286 806 4362 Hieronymus
841 4296 901 4362 ut
948 4287 1253 4362 monachus
1281 4295 1335 4343 et
1362 4286 1418 4362 in
1449 4303 1687 4362 persona
1717 4302 1918 4362 mena:

315 4361 557 4432 chorum
584 4358 833 4431 loquens.
854 4361 932 4414 Ex
952 4358 1059 4425 his,
1080 4358 1263 4424 credo,
1288 4359 1421 4415 satis
1445 4359 1762 4432 intelligitur
1782 4359 1913 4431 quid

315 4433 383 4489 sit
403 4431 711 4498 clericatus,
739 4445 935 4501 nempe
958 4434 1133 4486 status
1151 4433 1426 4486 hominum
1450 4434 1549 4500 qui
1559 4431 1806 4488 Ecclesiae
1824 4433 1911 4488 de-

316 4506 572 4570 serviunt,
601 4508 700 4559 aut
720 4517 836 4557 eam
862 4506 1078 4571 regunt,
1100 4510 1164 4557 ut
1190 4503 1420 4572 exponit
1440 4503 1738 4560 Durandus
1762 4507 1910 4570 (Ba-

320 4578 485 4629 tiona.
516 4576 611 4629 lib.
652 4588 702 4629 ιι
729 4589 849 4643 cap.
881 4578 963 4640 ι),
994 4581 1048 4644 et
1074 4582 1340 4644 quatenus
1371 4589 1400 4628 a
1437 4574 1793 4639 monachatu,
1846 4584 1909 4631 ut

319 4646 432 4725 tali,
463 4644 860 4725 distinguat-ur;
890 4643 1282 4725 quodque'hoc
1304 4644 1526 4725 nomine
1554 4647 1905 4725 comprehen-

2020 2025 2288 2077 stantiora
2308 2037 2418 2076 esse
2437 2024 2558 2091 quis
2585 2023 2850 2091 ambigat,
2885 2024 3192 2076 clericorum
3220 2021 3423 2090 ofﬁcia,
3441 2024 3493 2074 et
3514 2035 3623 2073 mo-

2019 2096 2313 2148 nachorum
2327 2096 2726 2148 instituta?etc.
2751 2094 2901 2161 Quod
2918 2095 3097 2163 ipsum
3114 2093 3622 2161 praestantissimum

2019 2167 2145 2219 vitm
2186 2180 2353 2233 genus
2377 2167 2433 2220 S.
2464 2166 2732 2220 Martinus
2760 2167 3031 2233 episcopus
3065 2164 3385 2217 Turonensis
3441 2166 3624 2216 trans-

2021 2238 2169 2289 vexit
2195 2238 2254 2289 in
2275 2237 2499 2302 Gallias,
2532 2241 2583 2289 et
2597 2237 2655 2292 S.
2674 2238 3009 2303 Augustinus
3026 2236 3135 2289 inA
3146 2235 3345 2300 fricam
3363 2251 3379 2299 ;
3406 2235 3504 2300 qui
3527 2233 3619 2303 ad-

2019 2308 2266 2361 mirabili
2284 2307 2518 2376 quadam
2554 2302 2871 2361 connexione
2897 2307 3001 2370 duo
3026 2306 3135 2360 hac
3166 2306 3256 2375 (ut
3285 2305 3489 2359 dictum
3512 2302 3615 2373 est)

2020 2380 2254 2432 omnium
2273 2380 2674 2447 perfectissima
2700 2380 2825 2433 vitae
2860 2393 3070 2446 genera,
3095 2378 3409 2431 clericorum
3436 2379 3488 2429 et
3508 2389 3620 2428 mo-

2018 2450 2329 2512 nachorum,
2347 2452 2405 2503 in
2430 2465 2597 2504 unum
2609 2452 2821 2519 pariter
2833 2449 3228 2519 conjungentes,
3248 2451 3525 2516 tamquam
3541 2447 3617 2499 lu-

2020 2520 2303 2575 cidissi-rm's
2333 2523 2519 2587 astris,
2550 2526 2611 2574 ut
2638 2522 2762 2574 olim
2798 2526 3068 2589 martyres
3124 2524 3352 2588 tempore
3378 2532 3616 2587 persecu-

2021 2594 2198 2659 tionis,
2216 2594 2273 2645 in
2288 2607 2420 2660 pace
2433 2592 2632 2645 Christi
2645 2592 2935 2645 Ecclesium
2952 2596 3300 2645 emornarunt.
3327 2590 3404 2643 At
3421 2603 3619 2657 parum

2019 2666 2193 2717 visum
2215 2667 2292 2717 est
2319 2664 2620 2717 Athanasio
2647 2663 3022 2715 monachorum
3060 2663 3313 2715 instituta
3338 2662 3394 2711 in
3422 2661 3619 2712 clerum

2018 2734 2252 2787 civitatis
2268 2734 2625 2787 Ecclesiarum
2649 2733 2969 2798 transferre,
2993 2732 3086 2785 sed
3105 2733 3245 2799 ipsos
3262 2730 3618 2783 sanctissimos

2017 2804 2317 2869 monachos,
2339 2818 2470 2873 quos
2483 2806 2688 2857 caeteris
2703 2807 2878 2857 nosset
2901 2802 3134 2873 moribus
3164 2804 3213 2873 et
3226 2800 3428 2869 peritia
3461 2803 3618 2873 ante-

2017 2875 2216 2937 cellere,
2244 2876 2305 2928 in
2323 2870 2589 2945 episcopos
2618 2875 2954 2929 diversarum
2990 2872 3349 2945 Ecclesiarum
3381 2870 3569 2945 ascivit
3600 2888 3617 2923 :

2016 2947 2161 3017 quod
2189 2943 2514 3013 fortissimos
2545 2947 2636 3000 hos
2659 2947 2780 3013 fore
2806 2946 2965 2999 sciret
2991 2943 3248 3017 adversus
3282 2943 3622 3017 ingruentem

2014 3014 2144 3073 Arii
2153 3019 2397 3073 haeresim
2406 3022 2755 3087 pugnatores,
2771 3020 2823 3071 et
2851 3016 3011 3086 quasi
3030 3014 3425 3087 munitissimus
3441 3015 3619 3065 turres

2013 3083 2532 3157 contraMeletia—tno's
2555 3083 2937 3143 schismaticbs.
2955 3088 3185 3154 Quinam
3207 3099 3327 3138 vero
3343 3083 3402 3136 hi
3424 3086 3616 3157 essent,

2016 3164 2115 3230 qui
2158 3154 2233 3214 ad
2268 3162 2562 3230 episcopale
2605 3175 2799 3214 munus
2828 3158 3132 3213 obeundum
3186 3157 3402 3224 fuerint
3427 3154 3518 3230 _ab
3559 3170 3616 3230 eo

2010 3225 2197 3300 postea
2233 3225 2476 3297 accersiti
2502 3273 2515 3293 ,
2541 3232 2737 3300 hocque
2780 3230 3108 3285 uisitationis
3137 3232 3377 3300 tempore
3406 3225 3618 3280 dioecesi

2017 3299 2217 3369 cogniti
2233 3308 2394 3371 atque
2412 3303 2617 3363 delecti,
2641 3299 2784 3355 idem
2804 3304 2917 3372 ipse
2932 3302 3266 3355 Athanasius
3292 3299 3366 3372 ad
3382 3302 3617 3353 Dracon-

2022 3375 2157 3426 tium
2173 3373 2487 3425 monachum
2497 3373 2702 3434 scribit,
2716 3388 2873 3441 quem
2887 3373 3256 3426 contentiosius
3270 3371 3614 3423 reluctantem

2022 3444 2098 3499 ad
2107 3443 2247 3497 idem
2264 3445 2623 3497 ministerium
2636 3443 3029 3512 suscipiendum
3049 3444 3321 3511 era-pertus,
3340 3441 3425 3494 his
3444 3444 3616 3495 monet

2016 3520 2142 3585 post
2164 3515 2337 3569 multa
2366 3533 2382 3569 :
2406 3517 2587 3583 Neque
2617 3516 2757 3568 enim
2778 3518 2838 3568 tu
2857 3516 2997 3568 solus
3023 3530 3090 3567 er
3113 3513 3383 3567 monachis
3407 3526 3460 3566 es
3493 3526 3616 3565 con-
3690 3530 3695 3535 ·

2019 3584 2263 3649 suam,
2285 3588 2558 3656 episcopus
2573 3587 2788 3647 scilicet,
2810 3600 2977 3655 neque
2994 3586 3137 3639 solus
3151 3584 3474 3639 monasterio
3479 3599 3616 3653 prce-

2017 3659 2199 3725 fuisti,
2229 3674 2400 3728 neque
2421 3659 2565 3713 solus
2591 3674 2626 3711 a
2650 3658 2921 3712 monachis
2947 3657 3177 3711 delectus
3197 3672 3284 3723 es;
3313 3656 3457 3710 nosti
3476 3656 3616 3709 enim

2015 3730 2357 3800 Serapionem
2383 3730 2700 3785 monachum
2721 3745 2847 3791 esse,
2867 3733 2917 3783 et
2939 3732 3066 3797 quot
3087 3728 3464 3800 monachorum
3476 3741 3615 3796 prato

2017 3799 2239 3867 fectum.
2265 3804 2448 3869 Neque
2470 3804 2569 3855 ate
2592 3803 2880 3867 ignoratur
2902 3803 3030 3867 quot
3054 3799 3436 3852 monachorum
3455 3800 3617 3864 pater

2019 3874 2190 3938 fuerit
2210 3872 2548 3941 Apollonius.
2581 3873 2739 3928 Nosti
2773 3869 3617 3941 Agathonem,neque~ignot_um

2019 3937 2175 3998 habes
2198 3937 2530 3996 Aristonem.
2568 3944 2768 3996 Memor
2804 3956 2855 3995 es
2883 3940 3159 3995 Ammonii
3184 3952 3305 3991 cum
3332 3937 3619 4003 Serapione

2014 4028 2235 4079 peregre
2248 4014 2495 4134 profecti.
2515 4014 2774 4066 Fortassis
2805 4012 2968 4065 etiam
2996 4009 3205 4063 audisti
3225 4008 3292 4062 de
3316 4007 3420 4063 Cue
3444 4007 3503 4059 in
3525 4021 3615 4060 su-

2019 4083 2223 4134 periori
2250 4130 2255 4133 .
2290 4083 2550 4134 hebaide:
2577 4085 2776 4134 poteris
2804 4083 2965 4134 etiam
3011 4081 3285 4134 resciscere
3313 4078 3379 4131 de
3414 4078 3580 4132 Paulo
3600 4119 3613 4134 .

2018 4078 2223 4148 imm:
2248 4078 2550 4147 Thebaide;
2573 4085 2776 4150 poteris
2804 4083 2965 4150 etiam
3011 4081 3285 4134 resciscere
3313 4078 3379 4131 de
3414 4078 3580 4132 Paulo
3597 4119 3613 4139 ,

2022 4153 2123 4219 qui
2147 4154 2226 4204 est
2246 4152 2394 4220 apud
2419 4148 2611 4211 Latos,
2648 4155 2699 4204 et
2724 4151 2791 4203 de
2818 4148 2943 4220 aliis
2975 4151 3160 4203 multis
3189 4168 3204 4202 :
3235 4153 3284 4202 et
3310 4152 3488 4220 tamen
3526 4150 3618 4202 isti

2022 4223 2257 4289 episcopi
2278 4219 2565 4277 constituti
2584 4236 2691 4275 non
2714 4219 3192 4283 contradiarerunt;
3231 4219 3324 4273 sed
3362 4220 3613 4273 habentes

2015 4307 2117 4361 pro
2144 4293 2441 4361 exmplari
2467 4292 2743 4355 Eliswum,
2766 4295 2818 4346 et
2830 4293 3024 4346 conscii
3043 4292 3177 4361 quid
3199 4292 3348 4348 Elias
3363 4294 3547 4360 egerit,
3566 4296 3615 4347 et

2023 4364 2229 4418 eruditi
2240 4363 2373 4433 quid
2390 4364 2649 4435 discipuli
2664 4364 2864 4429 Christi
2878 4365 3207 4435 apostolique
3227 4364 3426 4432 facerm
3433 4368 3472 4427 t,
3492 4379 3609 4419 sus-

2020 4440 2270 4505 ceperunt
2293 4435 2430 4491 hanc
2451 4452 2639 4491 curam
2660 4480 2675 4499 ,
2712 4452 2881 4507 neque
2902 4438 3261 4492 ministerium
3302 4437 3397 4490 hoc
3420 4451 3612 4507 asper-

2017 4509 2143 4561 nati
2174 4512 2329 4574 sunt;
2360 4508 2455 4563 sed
2479 4512 2529 4563 et
2557 4509 2758 4563 laboris
2777 4510 3063 4564 mercedem
3088 4509 3419 4579 eispectant,
3446 4511 3615 4579 proﬁ-

2015 4581 2204 4634 cientes
2235 4582 2345 4651 ipsi
2376 4582 2615 4651 aliosque
2642 4583 2899 4651 proﬁcere
2953 4581 3321 4636 adhortantes.
3366 4583 3503 4647 Quot
3542 4582 3611 4633 ab

2014 4650 2171 4707 idolis
2193 4650 2578 4715 converterunt,
2609 4650 2737 4721 quot
2767 4669 2801 4705 a
2832 4654 3041 4718 furiosa
3070 4658 3117 4705 ct
3138 4651 3464 4706 daemoniaca
3496 4665 3610 4721 con-

321 4715 517 4794 dantur
541 4713 664 4794 iuni
685 4713 947 4794 episcopi,
975 4713 1098 4769 tum
1124 4713 1442 4785 presbyteri,
1472 4723 1591 4770 tum
1619 4713 1801 4773 caiteri
1829 4734 1905 4774 ec.
1935 4732 1985 4794 Ι)
2013 4724 2294 4794 suetudine
2316 4726 2431 4778 suis
2450 4713 2904 4794 admonitionibus
2921 4723 3364 4794 conzpescuerunt.
3379 4719 3613 4794 quoted-

324 4786 607 4843 clesiastici
630 4786 869 4842 ordines.

384 4859 510 4914 Jam
533 4872 663 4913 vero
700 4856 747 4912 si
777 4863 1055 4937 quaeratur
1083 4854 1303 4981 quando
1334 4854 1572 4938 primum
1616 4858 1904 4937 monachi-3

384 4944 474 4981 ius
493 4928 823 4981 coniunctus
857 4927 1022 4981 fuerit
1070 4944 1101 4981 c
1121 4934 1368 4981 ertcatul.
1400 4942 1497 4981 seu
1540 4928 1760 4981 quando
1788 4944 1904 4981 mo-

321 4942 474 5001 smus
493 4926 823 5001 conjunctae
857 4926 1022 5001 fuerit
1070 4926 1368 5001 clericatui,
1400 4942 1497 5001 seu
1540 4928 1760 5001 quando
1788 4930 1908 4984 moi

322 4998 473 5055 nachi
506 4997 766 5070 εαξρθτὶοι
793 4999 852 5054 in
892 4998 1098 5054 clerum
1125 4997 1328 5070 assumi
1349 5039 1363 5064 ,
1394 4997 1473 5053 vel
1509 4997 1584 5070 ad
1608 4998 1828 5054 ordines
1855 5008 1909 5056 et

323 5071 506 5127 munia
532 5068 887 5126 ecclesiastica
917 5069 1248 5141 promoveri,
1276 5068 1610 5141 docet‘card.
1641 5070 1909 5141 Baronius

325 5141 499 5210 (Tom.
531 5144 608 5198 Ill
635 5138 968 5208 Annalium)
996 5140 1052 5196 id
1080 5139 1291 5211 factum
1308 5138 1543 5211 quidem
1571 5139 1625 5195 in
1652 5140 1906 5211 Ecclesia

321 5209 580 5270 Orientali
602 5212 943 5283 temporibus
957 5213 1013 5269 S.
1030 5209 1315 5283 Athanasii
1336 5209 1575 5283 episcopi
1599 5209 1910 5268 Alexandri-

321 5284 390 5352 ni,
425 5284 532 5341 sub
558 5298 701 5339 anno
722 5282 923 5340 Christi
964 5282 1358 5354 trecentesimo
1393 5282 1656 5354 vigesimo
1685 5290 1905 5354 octavo;

323 5356 544 5412 camille
568 5355 834 5426 nimirum
845 5356 1004 5410 tertio
1026 5353 1260 5426 suscepti
1279 5352 1619 5426 episcopatus
1632 5368 1778 5409 anno
1796 5353 1911 5426 uni-

323 5440 527 5497 versam
544 5425 906 5497 eamdemque
916 5423 1711 5497 amplissimam—Alexandrinae
1728 5425 1911 5482 Eccle-

324 5496 412 5581 siae
421 5497 728 5579 subjectam
748 5495 1128 5581 perlustrando
1142 5496 1423 5581 digcesin,
1437 5497 1645 5581 @gypti
1662 5512 1911 5581 ρεςεξτε-

323 5577 403 5624 ret
414 5568 822 5642 prouincias,_et
840 5576 1060 5623 cunctas
1077 5584 1142 5623 ex
1158 5568 1344 5642 officio
1366 5568 1610 5642 visitaret
1621 5568 1905 5642 ecclesias,

323 5637 435 5713 non
456 5639 515 5696 in
544 5637 848 5713 civitatibus
865 5639 1324 5713 tantum,oppidi_s
1337 5647 1503 5713 atque
1532 5640 1659 5713 vicis
1680 5640 1902 5713 positas,

324 5710 413 5792 sed
425 5719 483 5767 et
491 5725 618 5783 quae
639 5710 695 5792 ip
712 5708 1093 5792 solitudinibus
1111 5708 1442 5792 desertisque
1459 5711 1593 5792 locis
1607 5708 1772 5792 pepes
1784 5727 1907 5768 san»

326 5789 442 5841 ctos
457 5780 761 5841 monachos
774 5789 948 5840 erant.
974 5784 1038 5838 In
1049 5797 1158 5854 qua
1174 5780 1477 5840 visitatione
1495 5780 1627 5841 tum'
1632 5782 1701 5841 ad
1726 5798 1907 5841 mona-

2013 4792 2289 4849 duarerunt
2306 4795 2514 4850 Christo
2533 4796 2736 4847 servos!
2755 4793 2886 4845 adeo
2908 4797 2969 4844 ut
2993 4788 3092 4857 qui
3108 4792 3216 4842 ista
3234 4790 3390 4850 signa
3410 4788 3615 4857 conspi-

2014 4867 2181 4925 ciant,
2216 4864 2573 4917 admirentur.
2628 4863 2717 4916 An
2739 4902 2755 4921 ,
2780 4875 2959 4928 qumso
2979 4856 3134 4919 ,inon
3179 4858 3366 4928 ingens
3398 4856 3612 4928 signum

2008 4935 2249 5001 puellam
2274 4933 2527 4994 inducere
2553 4935 2615 4984 ut
2635 4925 3047 5001 virgo—maneat,
3070 4930 3121 4980 et
3152 4925 3613 5001 adolescentiorem

2016 4999 2192 5056 adhuc
2210 5006 2272 5055 ut
2291 5004 2558 5056 continens
2579 5002 2668 5066 sit,
2687 5003 2737 5052 et
2766 4999 3108 5053 idololatram
3129 5002 3192 5052 ut
3214 5002 3491 5066 cognoscat
3510 5000 3613 5054 Do-

2015 5075 2263 5126 minum?
2297 5074 2367 5127 Et
2388 5078 2513 5142 post
2553 5069 3071 5142 aliqua,»quodgnon
3108 5070 3177 5125 sit
3217 5069 3611 5142 impedimento

2016 5158 2146 5213 cura
2191 5140 2512 5213 episcopalis
2538 5140 2855 5196 monasticae
2896 5140 3276 5207 observantiae,
3298 5140 3439 5196 hinc
3475 5142 3608 5198 sub-

2019 5212 2099 5269 dit
2126 5230 2141 5267 :
2169 5212 2510 5284 Quapropter
2530 5229 2648 5268 cum
2686 5214 2989 5268 istiusmodi
3013 5215 3210 5268 habeas
3232 5213 3497 5283 ecrempla,
3525 5215 3610 5268 di-

2018 5286 2296 5341 lectissime
2343 5288 2617 5348 Draconti,
2642 5300 2708 5339 ne
2749 5285 2927 5348 dicas,
2956 5302 3050 5340 nec
3076 5286 3374 5341 dicentibus
3401 5287 3605 5348 credas,

2016 5360 2376 5427 episcopatum
2413 5372 2521 5412 esse
2542 5372 2759 5412 causam
2782 5360 3005 5427 peccati,
3041 5363 3138 5412 aut
3180 5358 3325 5427 quod
3359 5358 3485 5411 inde
3508 5373 3606 5411 na-

2014 5434 2234 5483 scantur
2260 5432 2549 5484 occasiones
2568 5428 2922 5498 delinquendi
2948 5447 2964 5483 :
2989 5429 3164 5483 licebit
3194 5430 3295 5484 tibi
3323 5431 3381 5482 in
3406 5431 3607 5496 episco-

2010 5504 2150 5570 patu
2169 5503 2389 5570 esurire,
2421 5502 2576 5555 sitire
2595 5516 2715 5553 cum
2738 5501 2930 5555 Paulo.
2968 5501 3165 5556 Licebit
3190 5503 3377 5554 vinum
3398 5513 3503 5550 non
3529 5498 3607 5549 bi-

2017 5571 2150 5647 bere,
2197 5575 2337 5647 sicut
2362 5574 2659 5647 Met/reus
2696 5571 3140 5647 fecit;_jejunare
3185 5570 3611 5647 frequenter,‘ut

2015 5645 2213 5697 Paulus
2239 5646 2427 5699 solitus
2456 5664 2470 5698 :
2500 5646 2580 5699 ita
2598 5647 2659 5698 ut
2685 5637 2973 5697 secundum
2998 5645 3155 5697 illum
3165 5637 3443 5714 iejunans,
3474 5637 3607 5714 αξίρε

2013 5715 2339 5769 sermonibus
2363 5718 2576 5770 nutrias
2600 5735 2616 5779 ;
2634 5718 2686 5769 et
2708 5716 2893 5769 sitiens
2918 5705 3233 5767 abstinendo
3253 5727 3287 5763 (ι
3302 5712 3460 5779 potu,
3480 5705 3605 5756 aliis

2014 5786 2242 5843 docendo
2257 5790 2449 5856 potum
2471 5776 2734 5858 praebeas.
2761 5788 2839 5846 Ne
2860 5787 3031 5853 igitur
3053 5782 3189 5839 talia
3208 5776 3462 5847 objiciunt
3479 5782 3604 5822 oon-
