4042 6198
369 228 472 280 4εες
1470 292 1487 299 _
1716 216 1975 273 JOANNIS

2084 218 2334 277 ASSIANI
3570 222 3627 277 41
3643 221 3680 274 6

373 351 578 409 multos
621 366 736 408 non
789 349 973 408 solum
1020 349 1464 407 conversationis
1506 349 1683 405 forma
1713 387 1730 416 ,
1776 362 1969 403 verum
1996 350 2050 414 Α

371 448 536 504 etiam
567 446 821 505 doctrina
856 462 957 503 sua
983 460 1348 517 sermoneque
1376 448 1401 476 ³
1427 444 1788 501 lucraturum.
1820 442 1976 497 Facit

376 544 544 600 etiam
564 544 622 599 in
644 542 964 609 solitudine,
992 541 1075 596 vel
1101 541 1158 596 in
1186 537 1382 595 cellula
1406 544 1871 603 commorantem,
1901 534 1976 590 di-

379 654 663 696 versorum
692 638 889 695 domos
930 651 993 690 ac
1021 633 1355 690 monasteria
1377 640 1564 689 mente
1597 640 1762 705 atque
1789 631 1976 687 animo

378 732 693 797 circumire,
730 737 783 784 et
829 728 1194 799 plurimorum
1232 726 1619 782 conversiones
1649 728 1975 793 [conversa-

378 826 590 890 tiones]
614 823 714 877 sub
739 822 1102 876 incitamento
1130 819 1469 892 imaginaria:
1484 819 1879 876 exhortationis
1897 834 1976 875 ac-

378 917 614 987 quirere.
655 915 855 985 Agitur
900 914 1086 986 itaque
1133 911 1324 969 infelix
1367 914 1553 969 anima
1599 914 1692 969 tali
1744 909 1977 969 vanitate

378 1007 521 1063 velut
562 1004 993 1078 profundissimo
1036 1023 1233 1079 sopore
1280 1006 1473 1065 delusa
1501 1049 1517 1076 ,
1550 1016 1608 1064 ut
1654 1008 1977 1081 plerumque

376 1098 693 1170 hujusmodi
720 1100 1122 1172 cogitationum
1146 1101 1322 1156 illecta
1350 1099 1654 1169 dulcedine,
1688 1109 1743 1156 et
1766 1098 1853 1155 his
1872 1116 1977 1171 op-

376 1193 516 1264 pleta
556 1193 862 1251 simulacris
888 1235 903 1262 ,
956 1210 1026 1251 ne
1061 1202 1360 1267 praesentes
1405 1194 1629 1266 quidem
1676 1202 1833 1250 actus
1889 1193 1973 1248 vel

376 1286 572 1343 fratres
595 1288 769 1344 valeat
783 1288 1164 1361 contemplari,
1183 1288 1315 1344 dum
1332 1288 1418 1345 his
1443 1304 1565 1360 quae
1580 1288 1972 1361 cogitationum

377 1385 760 1456 pervagatione
781 1385 1013 1458 vigilans
1040 1384 1350 1449 somniavit,
1369 1384 1669 1442 delectatur
1687 1382 1972 1452 inhaerere,

383 1478 540 1551 quasi
565 1479 725 1534 veris.

2670 350 2914 407 CAPUT
2951 350 3079 406 XV.

2319 447 2583 515 Quomodo
2611 449 2902 503 oenodorcia
2937 452 3162 503 mentem
3196 448 3444 503 inebriet.

2156 545 2385 602 Memini
2425 545 2710 617 cujusdam
2757 546 2903 602 senis
2927 588 2943 615 ,
2975 562 3107 602 cum
3140 546 3198 600 in
3226 561 3413 602 eremo
3441 544 3685 618 Scythiae

2084 651 2458 697 commorarer
2485 637 2655 702 (Vide
2678 638 2852 691 collat.
2880 653 2901 690 ι.
2925 652 2969 691 c.
3010 639 3089 703 l),
3115 636 3207 707 qui
3234 650 3363 691 cum
3390 634 3463 691 ad
3483 636 3683 693 cellam

2084 724 2369 798 cujusdam
2400 724 2584 781 fratris
2609 768 2628 796 ,
2650 726 2823 798 gratia
2850 724 3198 794 visitationis,
3224 723 3517 781 adveniens
3539 726 3686 784 ostio

2085 814 2552 886 approximasset,
2599 813 2940 885 audissetque
2967 829 3095 869 eum
3133 812 3392 885 quiddam
3453 812 3685 870 obmur-

2087 910 2396 959 murantem
2414 902 2760 974 intrinsecus,
2777 901 3059 975 paululum
3073 901 3687 975 substitit,cognoscere

2086 992 2271 1048 volens
2296 990 2561 1063 quidnam
2592 991 2661 1047 de
2698 990 2990 1064 Scripturis
3015 991 3252 1062 legeret;
3285 991 3389 1059 vel,
3431 992 3575 1048 sicut
3599 1001 3688 1048 est

2085 1079 2280 1144 moris,
2307 1095 2540 1151 operans
2569 1081 2893 1136 memoriter
2913 1088 3232 1136 recenseret.
3262 1076 3514 1151 Cumque
3542 1080 3678 1151 piis-

2084 1169 2259 1224 simus
2298 1168 2610 1239 explorator
2636 1184 2766 1225 aure
2801 1169 3090 1241 diligenter
3116 1168 3372 1240 applicita
3408 1169 3684 1225 curiosius

2083 1248 2438 1324 auscultaret,
2462 1257 2538 1311 ita
2568 1271 2695 1312 eum
2724 1258 2922 1328 reperit
2944 1257 3108 1329 hujus
3136 1256 3355 1328 spiritus
3380 1256 3684 1330 impugna-

2083 1347 2230 1403 tione
2273 1347 2583 1418 pellectum,
2638 1353 2700 1401 ut
2753 1346 2810 1400 in
2855 1346 3080 1402 ecclesia
3127 1344 3311 1402 facere
3348 1361 3406 1401 se
3433 1346 3685 1403 crederet

2084 1438 2527 1496 exhortatorium
2559 1436 2700 1509 plebi
2736 1452 3069 1493 sermonem.
3100 1437 3351 1509 Cumque
3377 1436 3683 1494 subsistens

2083 1543 2248 1585 senex
2289 1527 2528 1583 audisset
2571 1541 2699 1582 eum
2725 1518 2752 1557 ¹³
2777 1525 2983 1582 ﬁniisse
3006 1532 3300 1581 tractatum
3322 1567 3337 1592 ,
3367 1534 3425 1581 et
3463 1534 3682 1582 mutato

2083 1632 2305 1673 rursum
2348 1614 2535 1672 ofﬁcio
2579 1626 2599 1652 ο
2651 1613 2925 1672 celebrare
2976 1614 3124 1674 velut
3182 1614 3475 1672 diaconum
3525 1625 3681 1672 cate-

1472 1800 1724 1856 ALARDI
1765 1798 1988 1855 GAZ/El
2030 1794 2586 1852 COMMENTARIUS.

374 1968 577 2019 siliarii
600 1967 717 2019 tui:
750 1966 1001 2020 Nouimus
1013 1964 1155 2017 enim
1183 1964 1449 2031 episcopos
1458 1960 1784 2031 jejunantes,
1804 1962 1972 2012 etmo-
2000 1962 2047 2023 B
2080 1957 2264 2011 tendos
2296 1957 2428 2011 alios
2446 1960 2508 2031 et
2537 1954 2791 2031 regendos
2825 1955 3109 2031 diabolicis
3150 1956 3485 2031 illusionibus
3515 1960 3679 2031 insti-

376 2039 571 2091 nachos
599 2036 918 2091 comedentes
939 2077 954 2097 ,
983 2041 1087 2088 etc.
1139 2030 1261 2087 Hcce
1290 2030 1496 2085 et’alia
1516 2033 1675 2101 plura
1723 2030 1782 2084 id
1807 2044 1971 2097 genus

376 2110 714 2163 Athanasius
738 2108 810 2160 ad
840 2107 1183 2161 Dracontium
1198 2146 1213 2165 ,
1241 2119 1394 2171 quem
1420 2103 1636 2156 tandem
1652 2102 1978 2171 persuasisse

376 2182 600 2239 constat,
633 2183 682 2231 et
706 2192 804 2243 pro
838 2176 942 2243 ﬁde
979 2175 1239 2228 catholica
1266 2178 1479 2227 strenue
1516 2178 1823 2238 certantem,
1855 2187 1975 2225 cum

376 2193 600 2239 constat,
633 2193 682 2231 et
775 2193 804 2229 Ο
838 2193 942 2243 [lth
979 2193 1239 2228 οαῑηοησα
1266 2193 1479 2227 Strenue
1516 2193 1823 2238 certantem,
1855 2193 1975 2225 cum

374 2250 500 2301 aliis
524 2193 831 2301 orthodggis
848 2248 1046 2299 sanctis
1066 2246 1321 2313 episcopis
1340 2260 1438 2314 pro
1458 2246 1576 2313 ipsa
1599 2245 1702 2313 ﬁde
1727 2244 1977 2314 cnsilium

375 2319 597 2372 subiisse
617 2318 759 2370 idem
790 2318 1126 2371 Athanasius
1157 2313 1350 2369 tradit.
1378 2316 1674 2384 Hucusque
1706 2313 1977 2369 Baronius

377 2388 445 2444 de
468 2388 807 2443 monacbatu
837 2394 892 2441 et
916 2385 1170 2441 clericatu
1196 2386 1398 2456 pariter
1424 2384 1746 2456 conjunctis.
1773 2386 1975 2456 Verum

377 2474 506 2515 cum
532 2466 747 2514 constet
772 2457 1051 2529 apostolos
1073 2463 1151 2529 et!
1174 2453 1376 2529 multos
1397 2453 1773 2526 apostolorum
1805 2453 1975 2529 disci-

379 2530 538 2601 pulos
574 2545 689 2585 non
714 2524 891 2585 solum
924 2527 1239 2601 monasticae
1274 2527 1399 2601 vita;
1433 2524 1695 2582 normam
1734 2524 1976 2601 tenuisse

377 2596 434 2657 et
459 2600 730 2661 docuisse,
780 2609 945 2671 atque
994 2597 1133 2671 adeo
1176 2598 1575 2671 monachorum
1602 2596 1755 2671 _novi
1783 2599 1971 2652 Testa-

379 2673 546 2727 menti
576 2666 1175 2743 principes—exstitisse,
1215 2668 1312 2725 sed
1348 2678 1406 2724 et
1434 2666 1724 2743 sacerdotii
1753 2682 1974 2738 evange-

378 2743 463 2799 lici
490 2738 766 2812 primitias
779 2742 1007 2809 tulisse;
1046 2755 1383 2812 consequens
1417 2748 1524 2812 est,
1552 2746 1616 2794 ut
1644 2738 1820 2812 prima
1849 2753 1975 2812 mo-

378 2808 642 2870 nachatus
665 2822 723 2869 et
749 2813 1037 2869 clericatus
1075 2808 1391 2883 conju'nctio,
1415 2808 1663 2883 adipsos
1685 2808 1974 2883 referenda

375 2885 448 2942 sit
477 2903 489 2939 :
518 2900 643 2957 quae
665 2892 851 2957 tamen
868 2879 1244 2957 postmodum,
1270 2879 1612 2938 saevientibus
1639 2879 1975 2957 persecutio-

378 2972 519 3012 num
533 2951 823 3027 'procellis,
853 2951 1169 3027 aliquandiu
1198 2955 1524 3027 interrupta,
1556 2951 1811 3027 tandem,
1842 2966 1973 3027 pace

378 3020 635 3083 Ecclesiae
664 3020 869 3097 reddita
893 3065 909 3089 ,
938 3020 1179 3097 primum
1216 3024 1274 3080 in
1309 3020 1533 3097 Qriente
1564 3022 1707 3097 Asub_
1731 3020 1972 3097 Antenio

378 3096 780 3179 et'Athanasio,
815 3092 1051 3179 utroque
1069 3111 1292 3179 magno.
1317 3093 1443 3179 dein
1467 3094 1521 3150 in
1539 3092 1838 3179 Occidente
1859 3092 1972 3179 .sub

380 3167 499 3223 aliis
540 3166 890 3223 sanctissimis
933 3163 1059 3222 viris
1099 3163 1411 3222 reﬂoruerit
1435 3207 1450 3232 ,
1498 3173 1559 3221 ut
1609 3163 1777 3220 refert
1822 3163 1971 3220 idem

379 3237 685 3305 Baronius,
728 3253 792 3293 ac
831 3236 1059 3294 demum
1085 3246 1206 3293 toto
1233 3245 1506 3293 terrarum
1553 3236 1685 3292 orbe
1730 3243 1969 3305 recepta,

378 3318 436 3365 et
466 3307 819 3381 frequentata,
847 3309 1054 3381 legibus
1077 3310 1300 3381 insuper
1326 3308 1701 3381 ecclesiasticis
1732 3306 1967 3381 sancita,

381 3386 437 3437 et
457 3378 777 3452 approbata,
794 3378 967 3450 magis
985 3378 1231 3452 acmagis
1253 3378 1598 3436 increbuerit.
1615 3378 1781 3452 _Unde
1804 3378 1973 3452 etiam

380 3448 869 3523 apud—Gratianum
891 3448 1053 3507 multi
1078 3448 1297 3507 exstant
1312 3522 1317 3523 ί
1331 3465 1569 3523 canones
1596 3450 1665 3506 de
1686 3448 1974 3523 monachis

382 3519 449 3577 ad
492 3522 815 3578 clericatum
857 3530 912 3578 et
938 3537 1167 3578 munera
1210 3521 1594 3586 ecclesiastica,
1624 3536 1728 3575 nec
1765 3535 1878 3575 non
1905 3519 1975 3575 ad

381 3608 573 3675 curam
619 3594 932 3675 animarum
959 3600 1015 3647 et
1051 3593 1312 3675 regimen
1346 3591 1713 3675 Ecclesiarum
1756 3605 1976 3675 promo-

379 3662 609 3735 vendis;
655 3663 712 3719 in
767 3661 977 3735 quibus
994 3672 1077 3718 est
1118 3660 1216 3721 illa
1267 3667 1342 3735 D.
1379 3661 1668 3733 Augustini
1721 3660 1975 3735 praeclara

380 3734 646 3791 sententia
674 3776 691 3802 ,
712 3731 939 3789 et'huic
966 3734 1088 3791 loco
1115 3733 1442 3791 conveniens
1465 3731 1495 3799 ξ
1524 3747 1629 3802 qua
1676 3731 1978 3786 monachos

383 3806 577 3862 insula:
592 3806 864 3878 Caprariaa
874 3805 951 3861 sic
970 3805 1478 3877 alloquitur(Epist.
1502 3810 1560 3859 8|
1582 3807 1630 3878 )_:
1656 3806 1759 3859 Vos
1778 3806 1975 3865 autem,

380 3880 605 3945 fratres.
614 3906 619 3909 -
629 3876 977 3933 eihortamur
989 3880 1048 3931 in
1066 3880 1309 3939 Domino,
1326 3880 1389 3929 ut
1397 3876 1729 3945 propositum
1746 3878 1980 3928 vestrum

381 3951 698 4005 custodiatis
717 3989 733 4012 ,
754 3954 804 4005 et
827 3964 995 4019 usque
1018 3951 1076 4001 in
1102 3951 1259 4017 ﬁnem
1281 3947 1644 4019 perseueretis.
1662 3947 1738 4001 At
1755 3946 1978 4019 siquam

378 4036 597 4090 operam
617 4025 851 4075 vestram
874 4017 1048 4074 mater
1061 4019 1297 4073 Ecclesia
1317 4017 1721 4090 desideraverit,
1743 4032 1837 4071 nec
1860 4017 1978 4070 ela-

380 4088 521 4147 tione
543 4093 709 4147 avida
732 4092 1062 4161 suscipiatis,
1085 4106 1180 4144 nec
1205 4089 1506 4145 blandiente
1520 4088 1729 4144 desidia
1754 4103 1976 4158 respua-

380 4165 481 4231 tis;
511 4165 605 4219 sed
631 4165 756 4217 miti
779 4163 935 4218 corde
969 4161 1332 4232 obtemperetis
1361 4166 1496 4225 Deo,
1522 4177 1640 4216 cum
1667 4164 1977 4215 mansuetu-

379 4234 503 4289 dine
522 4239 801 4304 portantes
848 4250 968 4288 eum
995 4236 1093 4304 qui
1128 4250 1219 4289 vos
1250 4235 1421 4303 regit,
1450 4235 1551 4303 qui
1588 4233 1783 4301 dirigit
1824 4234 1977 4286 mites

380 4305 443 4356 in
460 4304 689 4371 judicio,
709 4308 808 4371 qui
824 4306 971 4359 docet
998 4310 1301 4360 mansuetos
1319 4308 1437 4360 vias
1448 4320 1592 4359 suas.
1622 4306 1728 4362 Nec
1744 4308 1978 4359 vestrum

380 4375 548 4445 otium
581 4375 977 4445 necessitatibus
1007 4378 1253 4429 Ecclesia
1269 4377 1601 4445 prwponatis
1617 4416 1634 4436 ,
1664 4376 1752 4445 cui
1786 4379 1979 4443 partu-

378 4444 542 4497 rienti
573 4443 624 4494 si
650 4443 794 4493 nulli
817 4443 939 4494 boni
977 4437 1291 4497 ministrare
1324 4437 1549 4505 vellent,
1592 4437 1852 4511 quomodo
1881 4459 1979 4497 na-

379 4512 791 4637 sceihemiménon
826 4513 1152 4567 inveniretis.
1182 4514 1263 4566 lta
1305 4513 1665 4585 Augustinus.
1700 4520 1776 4570 At
1802 4512 1979 4572 dehis

382 4596 475 4636 mo
518 4596 551 4636 ο
579 4594 637 4637 sa
666 4594 733 4634 IS.

382 4587 551 4637 modo
579 4587 733 4639 satis.

450 4655 475 4684 "
502 4654 636 4708 Haec
648 4657 733 4725 est
754 4651 1056 4725 vulpecula,
1072 4658 1353 4725 quieteste
1375 4654 1445 4725 Ι).
1470 4652 1755 4725 Bernardo
1777 4656 1970 4721 (Serm.

379 4728 450 4779 64
477 4727 534 4779 in
553 4723 832 4796 Cantica),
848 4723 1074 4780 'multos
1090 4723 1316 4796 decipit,
1340 4723 1432 4796 qui
1455 4723 1524 4780 de
1549 4723 1781 4780 aliorum
1801 4725 1976 4782 salute

378 4804 433 4851 et
455 4794 811 4868 conversione
831 4796 1077 4868 solliciti,
1097 4810 1259 4851 suam
1282 4794 1527 4868 ipsorum
1545 4796 1780 4852 salutem
1805 4798 1978 4868 negli-

377 4877 515 4940 gunt
533 4910 549 4937 ,
579 4865 729 4940 quod
751 4876 855 4941 est,
881 4866 1028 4941 apud
1055 4865 1317 4941 Plautum
1345 4886 1357 4921 :
1384 4867 1623 4941 alienum
1646 4882 1841 4939 agrum
1884 4865 1975 4923 se-

378 4938 517 5011 rere,
543 4938 613 4994 et‘
626 4954 791 5011 suum
819 4938 1088 4997 deserere.
1121 4940 1248 5011 Quo
1270 4953 1349 5011 se
1394 4938 1529 4995 vitio
1558 4938 1855 5011 laborasse,
1880 4948 1977 4996 aut

378 5010 628 5065 titillatos
652 5008 817 5064 fuisse
861 5008 1173 5068 Germanus
1196 5010 1383 5077 abbas,
1416 5011 1590 5067 nostri
1624 5010 1860 5067 Cassiani
1891 5026 1972 5067 so-

377 5080 513 5154 eius,
527 5094 660 5154 cum
683 5079 883 5154 eodem
909 5081 1335 5154 apudabbatem
1361 5081 1666 5154 Abraham,
1692 5079 1975 5154 professus

378 5159 459 5206 est
486 5151 570 5206 his
601 5149 782 5206 verbis
809 5149 1033 5224 (Collat.
1064 5158 1134 5207 24
1164 5169 1282 5222 cap.
1317 5152 1376 5222 1)
1411 5172 1427 5207 :
1457 5149 1975 5224 Insupcr'etiamspe

377 5224 626 5276 inanium
676 5224 1001 5290 gaudiorum
1044 5226 1284 5277 animum
1316 5226 1684 5293 pascebamus.
1708 5226 1974 5280 credentes

377 5294 619 5363 fructum
632 5307 726 5347 nos
744 5294 1045 5347 maximum
1056 5298 1397 5363 percepturos
1412 5296 1478 5349 de
1500 5297 1831 5350 conversione
1844 5298 1978 5351 mul-

378 5367 571 5424 torum,
591 5365 698 5436 qui
705 5363 861 5436 pelut
878 5368 1062 5436 nostro
1082 5369 1253 5419 essent
1268 5366 1342 5419 ad
1360 5368 1502 5420 viam
1525 5367 1717 5436 salutis
1736 5368 1974 5436 exemplo

376 5449 441 5515 ac
452 5435 672 5517 monitis
682 5433 977 5517 dirigendi:
986 5437 1171 5517 Quam
1182 5450 1376 5517 eorum
1389 5436 1618 5517 stultam
1629 5433 1947 5517 opinione—m
1958 5479 1972 5505 ,

378 5504 578 5573 immo.
598 5512 660 5560 ut
674 5512 855 5571 vocat,
870 5504 1203 5561 diabolicam
1229 5505 1541 5563 illusionem
1564 5508 1645 5562 sic
1668 5504 1783 5573 ipse
1800 5507 1977 5563 redar-

375 5576 495 5648 guit
545 5592 607 5633 ac
652 5574 859 5649 refutat
891 5596 903 5631 :
932 5578 1031 5631 His
1087 5578 1428 5633 illusionibus
1460 5584 1624 5649 atque
1675 5574 1973 5648 dispendiis

375 5663 565 5723 omnes
584 5648 881 5723 admodum
925 5650 1163 5723 inﬁrmos
1214 5665 1418 5723 necesse
1441 5654 1518 5705 est
1530 5648 1822 5723 implicari
1831 5693 1847 5713 ,
1881 5653 1979 5720 qui

375 5734 495 5774 cum
517 5719 682 5774 etiam
699 5719 765 5775 de
788 5735 890 5775 sua
914 5720 1091 5774 salute
1107 5722 1216 5775 sint
1241 5720 1416 5784 dubii,
1439 5719 1647 5791 ipsique
1662 5719 1839 5777 adhuc
1859 5738 1977 5776 ma-

377 5792 599 5860 gisterio
628 5795 791 5861 atque
816 5792 1155 5847 institutione
1194 5796 1380 5860 egeant
1411 5792 1621 5858 aliena,
1654 5794 1729 5849 ad
1756 5808 1973 5849 conver-

2082 2033 2323 2096 gantur;
2357 2030 2554 2097 quique
2591 2029 2751 2080 etiam
2782 2028 2834 2081 si
2870 2028 3148 2095 potuerint
3195 2028 3333 2080 lucri
3363 2029 3579 2098 aliquid
3611 2046 3682 2083 ccc

2083 2100 2443 2168 quorumdam
2474 2100 2807 2151 conversione
2831 2099 3156 2166 conquirere,
3188 2100 3530 2168 impatientia
3555 2116 3683 2159 sua.

2084 2174 2247 2239 atque
2274 2170 2562 2223 inconditis
2586 2170 2825 2222 moribus
2853 2169 3126 2237 quidquid
3154 2172 3509 2238 acquisierint
3549 2188 3685 2241 per-

2083 2242 2240 2295 dunt.
2273 2242 2417 2296 Illud
2452 2256 2684 2309 namque
2712 2242 2818 2306 eis,
2851 2241 2993 2309 quod
3016 2240 3257 2308 Agamus
3283 2240 3559 2311 propheta,
3582 2243 3685 2296 de-

2063 2314 2290 2374 .scribit,
2322 2314 2519 2366 eveniet
2559 2331 2575 2365 :
2606 2315 2674 2366 Et
2701 2326 2821 2379 qua:
2850 2311 3107 2365 mercedes
3147 2317 3467 2381 congregat,
3506 2316 3687 2367 mittet

2083 2398 2172 2436 eas
2194 2385 2251 2436 in
2277 2383 2546 2437 sacculum
2567 2386 2849 2451 pertusum
2872 2384 3089 2449 (Aggrei
3107 2396 3128 2435 r
3154 2384 3193 2447 ).
3225 2385 3356 2436 Vere
3372 2386 3511 2437 enim
3525 2386 3686 2437 lucra

2082 2469 2182 2507 sua
2204 2456 2259 2506 in
2282 2458 2563 2522 pertusum
2615 2453 2884 2506 sacculum
2924 2453 3142 2515 condit,
3174 2455 3269 2521 qui
3285 2454 3555 2523 quidquid
3576 2470 3688 2523 per

2084 2526 2313 2578 aliorum
2324 2539 2533 2578 convers
2540 2525 2709 2577 ionem
2723 2524 2937 2578 videtur
2955 2526 3248 2592 acquirere,
3262 2527 3685 2594 intemperantia

2082 2595 2254 2649 cordis
2283 2597 2371 2649 sui
2409 2600 2461 2649 et
2488 2594 2807 2663 quotidiana
2837 2596 3010 2647 animi
3039 2596 3356 2649 distentione
3390 2596 3682 2665 disperdit.

2082 2669 2272 2735 Itaque
2303 2669 2412 2735 ﬁet,
2443 2670 2505 2719 ut
2534 2666 2663 2719 dum
2694 2666 2951 2719 ulteriora
2996 2666 3147 2719 lucra
3180 2683 3280 2735 per
3319 2668 3553 2721 aliorum
3581 2683 3688 2722 cre-

2083 2737 2219 2791 dunt
2246 2740 2628 2791 institutionem
2652 2752 2858 2806 parare
2899 2752 2954 2790 se
2973 2751 3147 2805 posse,
3178 2740 3346 2791 etiam
3373 2753 3475 2792 sua
3499 2754 3683 2793 corrc-

2084 2810 2253 2862 ctione
2274 2811 2577 2879 priventur.
2607 2809 2740 2862 Haec
2770 2807 2963 2879 ille._1n
2984 2808 3236 2879 eamdem
3259 2809 3585 2865 sententiam
3610 2813 3679 2866 D.

2084 2877 2382 2951 Gregorius
2411 2878 2689 2951 lib.gxxxr
2711 2877 3029 2951 Moralium,
3060 2877 3155 2951 ubi
3184 2879 3251 2951 de
3282 2880 3512 2951 singulis
3537 2882 3685 2938 vitiis

2082 2949 2408 3020 capitalibus
2439 2949 2553 3019 agit
2583 2968 2595 3003 :
2637 2950 2818 3005 Inanis
2845 2950 3053 3017 gloria,
3088 2950 3268 3021 inquit
3311 2956 3331 3017 (
3361 2949 3495 3021 Cap.
3548 2958 3617 3009 32
3637 2958 3682 3020 ),

2080 3020 2344 3075 devictum
2375 3036 2464 3074 cor
2491 3022 2652 3089 quasi
2694 3038 2761 3075 ea:
2788 3023 2999 3075 ratione
3027 3020 3173 3076 solet
3198 3020 3513 3087 exhortari,
3560 3040 3681 3080 cum

2081 3092 2194 3146 dici
2219 3111 2235 3146 :
2266 3092 2429 3148 Debes
2455 3092 2668 3161 majora
2693 3097 2957 3162 appetere,
2998 3096 3060 3145 ut
3079 3108 3183 3161 quo
3201 3098 3469 3163 potestate
3500 3096 3681 3151 volue-

2079 3165 2155 3217 ris
2186 3165 2382 3236 multos
2413 3163 2692 3236 excedere,
2725 3179 2781 3236 eo
2835 3165 3000 3217 etiam
3047 3164 3230 3236 ualeas
3278 3166 3463 3219 multis
3505 3167 3683 3236 prod-

2081 3248 2206 3289 esse.
2253 3234 2389 3290 Vide
2417 3233 2675 3290 eumdem
2722 3234 2779 3288 in
2830 3232 3095 3305 Pastorali
3133 3249 3253 3305 cap.
3308 3241 3329 3289 1
3366 3275 3381 3301 ,
3438 3232 3688 3293 D.'Ber-

2082 3305 2318 3362 nardum
2344 3321 2510 3361 serm.
2547 3311 2616 3360 64
2646 3305 2703 3360 in
2734 3303 2976 3371 Cantica,
3006 3310 3061 3358 et
3089 3303 3216 3376 quin
3250 3307 3568 3363 notavimus
3607 3308 3681 3365 ad

2080 3391 2198 3480 cap.
2232 3383 2255 3431 1
2292 3376 2602 3432 collationis
2623 3381 2713 3431 24.
3159 3416 3185 3446 _.

2205 3447 2686 3480 Mnlnimn-naanm
2704 3455 2857 3480 annm
2881 3465 2895 3478 ο
2929 3450 3108 3480 ’Πηίόρβ
3123 3451 3185 3480 hu

2204 3447 2687 3523 Malejmpressum
2702 3455 2860 3523 antea
2881 3465 2895 3501 :
2924 3450 3108 3523 Euisse
3121 3451 3434 3523 tractatum.
3449 3448 3672 3523 Dionys.

2081 3520 2286 3574 Finisse
2312 3534 2621 3581 sermonem,
2662 3518 2719 3573 id
2758 3527 2862 3585 est,
2887 3518 3326 3575 exhortationem
3375 3518 3679 3577 conciona-

2083 3588 2307 3653 teriam,
2339 3604 2505 3660 quam
2537 3589 2636 3660 ille,
2655 3589 2923 3645 nimirum
2959 3589 3349 3657 meditabatur,
3382 3591 3528 3648 velut
3557 3591 3682 3648 dia-

2082 3659 2360 3735 conorum
2391 3674 2546 3735 more
2573 3659 2641 3715 ad
2667 3675 2789 3715 eam
2817 3676 2876 3717 se
2902 3676 3235 3734 praeparans,
3264 3662 3681 3735 imaginatione,

2085 3746 2199 3786 non
2227 3730 2429 3801 reipsa,
2459 3730 2741 3787 diaconus.
2903 3730 2922 3733 ’
3020 3730 3035 3734 ⁷
3370 3730 3387 3766 λ

2154 3804 2179 3833 ε
2209 3803 2395 3873 Vetus,
2420 3810 2475 3857 et
2498 3801 2716 3873 vulgata
2746 3810 2829 3857 est
2850 3802 3033 3859 Missae
3057 3802 3333 3860 distinctio
3361 3803 3415 3859 in
3444 3804 3679 3860 Missam

2084 3871 2617 3947 catechumenorum:
2655 3872 2794 3947 (hoc
2821 3878 2924 3947 est,
2973 3890 3168 3947 eorum
3217 3875 3311 3947 qui
3352 3874 3554 3947 intide
3583 3875 3681 3931 in-

2086 3942 2436 4016 struebantur
2463 3942 2709 4000 nondum
2749 3944 3034 4016 baptizati)
3062 3955 3120 4001 et
3152 3942 3376 4001 Missam
3412 3945 3679 4003 ﬁdelium.

2086 4015 2346 4088 Priorem
2371 4016 2519 4088 enim
2554 4016 2733 4088 Missae
2760 4015 3002 4088 partem,
3026 4016 3094 4072 ab
3138 4016 3365 4073 introitu
3409 4017 3682 4088 nimirum

2056 4102 2258 4159 .usque
2283 4086 2354 4143 ad
2377 4084 3049 4159 offertorium,r'vocabant
3077 4087 3303 4144 Missam
3335 4084 3685 4145 catechume-

2005 4704 2056 4768 D

2085 4128 2313 4232 no‘ri-um,
2354 4159 2505 4232 quod
2532 4159 2588 4232 in
2623 4174 2687 4214 ea
2729 4128 2917 4216 liceret
2944 4158 3353 4232 catechumenis
3385 4169 3441 4216 et
3467 4160 3682 4232 publice

2086 4228 2473 4300 pmnitentibus
2499 4228 2714 4297 adesse,
2743 4246 2848 4300 qua
2879 4238 2934 4285 et
2972 4230 3222 4288 absoluta
3259 4228 3683 4288 dimittebantur

2084 4314 2114 4354 e
2136 4300 2367 4375 templo,
2389 4300 2739 4355 manentibus
2760 4300 3038 4375 ﬁdelibus;
3060 4302 3328 4375 reliquam
3352 4318 3482 4359 vero
3500 4303 3681 4361 Missa:

2084 4339 2114 4354 υ
2140 4339 2341 4371 ωαψς,
2389 4339 2739 4355 ...υμνμηυησ
2763 4339 3038 4382 uiuum”,
3062 4339 3328 4375 .e...,..a...
3360 4339 3482 4359 ,σιν
3500 4339 3679 4361 unum

2084 4339 2420 4451 celebrandae
2468 4379 2698 4451 partem,
2739 4387 2827 4451 cu}
2848 4372 2966 4451 _so_|i
3005 4372 3194 4451 ﬁdeles
3241 4374 3503 4451 interesse
3535 4383 3679 4451 pote-

2084 4449 2226 4517 rant,
2257 4440 2510 4517 dicebant
2539 4440 2761 4497 MisSam
2795 4441 3058 4517 fidelium.
3096 4445 3266 4517 Cujus
3302 4446 3379 4501 rei
3418 4440 3680 4501 meminit

2084 4514 2154 4567 D.
2188 4512 2533 4588 Augustiuus
2556 4518 2851 4588 serm.»237
2891 4514 2978 4570 his
3004 4512 3191 4571 verbis
3208 4536 3218 4571 :
3252 4519 3382 4572 Ecce
3404 4521 3525 4588 post
3559 4532 3675 4572 ser-

2313 4585 2376 4653 ﬁt
2399 4586 2564 4640 Missa
2592 4586 2994 4657 catechumenis,
3021 4591 3239 4643 manent
3263 4585 3462 4657 ﬁdeles.
3506 4588 3677 4643 Lecto

2082 4653 2355 4725 siquidem
2388 4655 2700 4728 Evangelio,
2724 4666 2777 4711 et
2800 4657 3074 4728 symbolo,
3097 4667 3195 4714 aut
3216 4653 3476 4715 sermone
3497 4657 3677 4728 ﬁnito,

2083 4734 2384 4797 antequam,
2402 4726 2559 4797 panis
2574 4735 2627 4782 et
2655 4726 2842 4783 vinum
2860 4727 3194 4785 offerrentur
3217 4730 3274 4784 in
3294 4730 3451 4785 altari
3481 4726 3677 4785 conscL

2083 4796 2282 4874 cranda
2305 4837 2321 4866 ,
2353 4796 2619 4874 diaconus
2649 4798 2705 4853 in
2736 4798 2969 4854 Ecclesia
3003 4801 3204 4874 Latina
3246 4801 3459 4874 publice
3509 4800 3677 4856 accla-

2083 4868 2312 4924 mabat:
2356 4870 2419 4924 Si
2452 4872 2574 4938 quis
2602 4885 2706 4924 non
2751 4873 3123 4935 communicat,
3169 4868 3264 4927 def
3296 4874 3486 4935 locum,
3517 4880 3577 4927 ut
3602 4887 3678 4927 re-

2083 4938 2189 5013 fert
2212 4943 2283 5013 D.
2315 4940 2609 5013 Gregorius
2654 4940 2789 5013 libro
2826 4940 3065 5013 secundo
3110 4942 3458 5012 dialogorum
3496 4943 3675 5013 capite

2082 5011 2342 5082 vigesimo
2373 5010 2564 5076 tertio;
2611 5012 2692 5066 vel
2726 5012 2832 5067 hoc
2862 5012 3029 5083 modo
3063 5032 3075 5067 :
3102 5016 3164 5071 Si
3188 5010 3310 5083 quis
3333 5019 3413 5070 est
3435 5010 3679 5069 catechu-

2080 5098 2285 5145 menus,
2313 5086 2473 5137 exeat
2500 5083 2672 5149 foras,
2700 5091 2762 5137 ut
2788 5082 3031 5138 Isidorus
3050 5092 3104 5139 et
3132 5082 3425 5140 Durandus
3449 5092 3680 5141 annota-

2081 5162 2210 5208 runt
2229 5154 2452 5225 (Isidor.
2481 5154 2519 5206 ι.
2540 5168 2607 5208 vr
2630 5156 2861 5222 Etymol.
2877 5171 2921 5209 c.
2941 5155 3142 5221 ultim.;
3160 5157 3404 5211 Durand.
3423 5159 3481 5211 in
3492 5159 3677 5212 Ratio.

2083 5225 2175 5279 lib.
2202 5239 2332 5298 rvgc.
2358 5229 2422 5290 2;
2445 5225 2807 5298 Demochares,
2836 5226 2929 5280 lib.
2952 5240 3037 5294 ιν,
3056 5232 3214 5298 αξη,
3235 5242 3355 5298 cap.
3384 5229 3510 5298 38):
3535 5227 3679 5282 sicut

2081 5294 2224 5379 apud
2240 5296 2471 5379 Crascos
2488 5294 2713 5377 .liturgia
2741 5295 3137 5379 Chrysostomi,
3169 5299 3279 5351 ὅσοι
3297 5294 3677 5379 tinuatur»:

2081 5366 2379 5436 παρέλοετε,
2411 5365 2738 5437 quicumque
2774 5365 2901 5422 estis
2941 5369 3352 5436 catechumeni,
3382 5365 3676 5425 abscedite.

2082 5436 2504 5512 Hinc_Alcuinus
2529 5436 2619 5493 lib.
2643 5436 2711 5494 de
2730 5437 2940 5512 Divinis
2954 5437 3195 5495 Ofﬁciis:
3215 5442 3458 5509 Missam,
3477 5440 3676 5512 inquit,

2080 5509 2567 5583 catechumenorum
2578 5510 3011 5583 canonesdieunt,
3029 5514 3286 5581 quoniam
3300 5517 3423 5583 post
3437 5509 3684 5581 Evange-

2083 5580 2147 5633 lii
2163 5579 2714 5654 lectionemincifn'unt
2734 5581 2989 5635 celebrari
3013 5579 3169 5637 sacra
3189 5579 3468 5654 mysteria,
3484 5586 3584 5653 qui

2080 5651 2317 5713 nullum,
2335 5653 2446 5706 nisi
2458 5652 2817 5722 baptizatum,
2830 5654 3084 5708 interesse
3110 5651 3408 5711 licetiTune
3421 5651 3564 5710 enim
3573 5656 3680 5709 cla-

2082 5726 2271 5793 mante
2284 5722 2505 5793 diacono
2528 5765 2543 5789 ,
2561 5724 2724 5778 iidem
2746 5725 3107 5780 catechumeni
3124 5727 3474 5781 mittebantur
3500 5727 3674 5793 foras.

2088 5795 2221 5850 Haec
2242 5792 2346 5851 ille.
2372 5795 2489 5850 Hac
2515 5793 2696 5867 itaque
2714 5794 2932 5853 ratione
2950 5795 3230 5869 dicebatur
3252 5792 3515 5854 diaconus
3539 5804 3681 5852 cate-
