4012 6192
329 270 431 324 417

878 272 968 328 DE
1003 273 1484 334 C(ENOBIORUM
1523 277 1765 337 INSTIT.
1805 279 1936 338 LIB.
1976 281 2066 337 XI.
2105 310 2178 323 —
2213 282 2306 339 DE
2343 281 2610 340 SPIRITU
2647 280 3084 339 CENODOXLIE.

3529 287 3635 342 418

328 394 614 455 chumenis
652 398 897 472 Missam,
943 411 1076 460 tunc
1125 405 1352 464 demum
1406 407 1645 480 pulsavit
1671 409 1875 468 ostium
1909 430 1924 470 :
1959 417 2012 480 Α
2039 412 2439 487 congressibus,
2479 421 2772 486 antequam
2813 410 3214 485 superveniant,
3245 411 3477 483 eruditi,
3503 429 3638 486 qua-

329 490 425 562 qui
453 507 723 564 egressus,
768 511 1176 570 occurrensque
1201 501 1336 571 seni,
1369 503 1719 562 veneratione
1745 505 1927 574 solita,

329 583 792 662 introducensque
819 607 968 662 eum,
994 597 1019 626 ⁸
1049 610 1212 667 quam
1238 596 1368 653 olim
1393 598 1626 666 venerit,
1657 600 1933 673 cogitatio-

328 694 464 736 num
490 696 720 740 suarum
755 687 1088 745 conscientia
1129 690 1502 762 remordente,
1535 694 1820 766 perquirit,
1864 711 1936 753 ne

327 773 532 831 scilicet
559 775 769 834 diutius
799 788 950 838 stans
971 781 1042 838 ad
1069 785 1273 842 ostium
1298 765 1558 860 injuriam
1587 765 1947 862 pertulisset,

319 866 649 939 ioculariter
691 887 858 930 senex
899 885 1163 951 grataque
1211 881 1494 954 respondit
1537 903 1550 939 :
1609 883 1800 954 Modo,
1848 884 1932 940 in-

327 962 544 1113 ξξέἱιέε,
573 967 717 1035 veni,
744 969 969 1040 quando
997 979 1056 1028 tu
1093 972 1318 1035 missam
1345 974 1755 1034 catechumenis
1794 977 1932 1034 cele-

501 1073 547 1113 s.
1803 1065 1812 1071 '

929 1159 1167 1217 CAPUT
1203 1163 1343 1217 XVI.

329 1251 486 1319 Quod
501 1253 678 1308 .aliter
689 1257 826 1310 vitia
839 1261 1023 1312 curari
1036 1275 1138 1313 non
1159 1264 1387 1330 possint,
1403 1264 1516 1319 nisi
1533 1279 1714 1319 eorum
1731 1265 1935 1320 radices

829 1333 882 1382 et
899 1345 1068 1385 causa
1087 1333 1436 1388 innotuerint.

402 1429 539 1486 Haec
575 1429 779 1488 idcirco
825 1433 1064 1493 inserere
1105 1435 1232 1494 huic
1271 1439 1535 1510 opusculo
1567 1441 1933 1498 necessarium

331 1523 485 1591 duxi,
520 1517 548 1557 ¹³
570 1532 634 1581 ut
651 1525 720 1582 de
747 1525 1226 1601 impugnationum
1255 1531 1328 1601 vi,
1358 1541 1521 1606 atque
1549 1534 1743 1592 ordine
1771 1535 1931 1592 vitio-

327 1633 478 1686 rum,
511 1618 708 1690 quibus
735 1622 1056 1680 miserabilis
1079 1625 1263 1682 anima
1288 1627 1582 1696 laceratur,
1603 1645 1721 1685 non
1751 1629 1933 1685 solum

331 1712 568 1784 ratione,
595 1713 692 1772 sed
725 1716 891 1774 etiam
928 1720 1187 1794 exemplis
1218 1721 1490 1790 instructi,
1517 1697 1934 1780 adodevitandos

2035 507 2162 564 liter
2204 523 2510 580 praecavere
2553 514 2610 564 et
2647 522 2932 564 occurrere
2978 505 3058 564 eis
3098 505 3182 562 vel
3215 505 3505 579 confligere
3533 507 3633 563 de-

2037 600 2222 670 beant,
2249 601 2610 659 instruantur.
2642 603 2724 660 Ut
2750 601 2926 658 solent
2954 601 3261 673 peritissimi
3287 600 3634 658 medicorum
3704 623 3708 627 ·

2038 709 2149 750 non
2179 695 2359 750 solum
2380 694 2586 751 mederi
2611 694 2964 766 praesentibus
2994 692 3224 762 morbis,
3263 707 3449 750 verum
3473 693 3634 750 etiam

2039 787 2236 844 futuris
2257 788 2452 860 peritia
2482 787 2660 861 sagaci
2681 802 2988 857 occurrere,
3015 801 3215 858 eosque
3246 787 3533 859 praeceptis
3552 787 3634 842 vel

2039 883 2250 954 poculis
2277 882 2605 940 salutaribus
2647 881 2980 954 praevenire;
3017 880 3094 938 ita
3127 879 3183 936 hi
3230 895 3450 952 quoque
3478 879 3638 936 veris-

2041 977 2164 1032 simi
2186 976 2494 1032 animarum
2523 973 2742 1044 medici,
2773 978 2796 1008 °
2821 989 3125 1030 emersuras
3151 972 3487 1030 valetudines
3515 987 3638 1028 cor-

2041 1071 2192 1128 dium
2220 1071 2447 1142 spiritali
2475 1068 2782 1132 collatione,
2826 1068 2975 1124 velut
2999 1066 3240 1139 quodam
3267 1055 3474 1123 cheSti
3500 1064 3639 1122 anti-

2041 1163 2174 1221 doto
2203 1171 2594 1237 praenecantes,
2638 1163 2696 1218 in
2729 1161 3019 1234 juniorum
3064 1159 3342 1217 mentibus
3382 1175 3500 1216 non
3544 1175 3640 1232 pa-

2039 1260 2252 1316 tiuntur
2288 1259 2621 1326 adolescere,
2673 1256 2975 1329 aperientes
3019 1255 3097 1311 eis
3133 1262 3188 1312 et
3226 1269 3418 1311 causas
3461 1253 3640 1310 immi-

2038 1354 2288 1410 nentium
2317 1353 2655 1426 passionum,
2687 1358 2744 1406 et
2764 1348 3010 1406 remedia
3035 1348 3349 1406 sanitatum.

2608 1443 2848 1500 CAPUT
2883 1443 3066 1500 XVII.

2041 1538 2190 1606 Quod
2223 1537 2512 1592 monachus
2551 1537 2798 1592 mulieres
2821 1539 2873 1592 et
2909 1538 3174 1606 episcopos
3212 1536 3388 1590 vitare
3429 1533 3636 1590 debeat.

2111 1633 2448 1702 Quapropter
2475 1629 2596 1686 hac
2621 1637 2702 1684 est
2741 1629 3040 1700 antiquitus
3071 1632 3290 1685 Patrum
3320 1642 3642 1700 permanens

1973 1773 1980 1782 .
2039 1739 2188 1780 nunc
2213 1739 2386 1796 usque
2415 1723 2706 1791 sententia,
2736 1737 2903 1794 quam
2944 1721 3190 1794 proferre
3217 1722 3332 1778 sine
3353 1737 3476 1777 mea
3505 1737 3644 1777 con-

331 1803 560 1878 Iaqueos
606 1816 663 1864 et
706 1809 1031 1883 multiplices
1073 1821 1093 1846 ⁶
1121 1813 1396 1887 decipulas
1419 1815 1625 1872 inimici
1657 1815 1930 1873 cautiores
1964 1825 2013 1888 Β
2041 1817 2254 1874 fusione
2281 1833 2394 1873 non
2421 1824 2639 1888 potero,
2667 1817 2760 1888 qui
2799 1831 2900 1872 nec
2929 1830 3247 1888 germanam
3271 1814 3438 1870 vitare
3467 1813 3640 1886 potui,

332 1915 454 1957 esse
509 1902 804 1975 possimus.
854 1908 935 1962 Ita
979 1923 1218 1980 namque
1267 1907 1650 1966 indifferenter
1702 1909 1820 1966 haec
1863 1910 1933 1966 ab

333 1995 606 2069 Egyptiis
647 1999 898 2056 Patribus
945 2000 1302 2073 proferuntur
1331 2002 1388 2058 in
1409 2003 1678 2073 medium,
1708 2011 1774 2060 ut
1815 2019 1932 2060 om-

331 2088 492 2146 nium
539 2089 790 2148 vitiorum
835 2093 1155 2164 certamina,
1206 2095 1290 2152 vel
1334 2097 1425 2152 illa
1467 2113 1592 2170 quae
1631 2098 1933 2171 patiuntur,

333 2183 419 2238 vel
462 2183 550 2240 illa
598 2199 723 2256 quae
770 2187 982 2258 passuri
1026 2197 1158 2244 sunt
1190 2189 1458 2260 juniores,
1506 2191 1768 2247 relatione
1816 2207 1932 2258 sua,

338 2282 620 2346 tamquam
649 2277 740 2348 qui
767 2277 948 2334 adhuc
967 2295 1030 2335 ea
1059 2281 1386 2356 sustineant,
1408 2282 1552 2354 apud
1576 2298 1670 2338 eos
1691 2283 1945 2356 detegant

335 2376 502 2440 atque
565 2369 860 2442 denudent,
933 2389 1045 2446 quo
1093 2375 1494 2448 exponentibus
1545 2377 1620 2432 eis
1665 2377 1942 2436 illusiones

335 2463 592 2521 omnium
620 2467 960 2538 passionum,
995 2455 1024 2500 δ
1049 2469 1386 2542 quicumque
1414 2469 1782 2543 incipientium
1811 2481 1943 2528 sunt

335 2572 405 2614 ac
439 2557 808 2632 frequentium
853 2562 1070 2635 spiritu,
1111 2564 1558 2622 colluctationum
1595 2581 1820 2622 suarum
1847 2581 1942 2621 ar-

335 2667 473 2710 cana
495 2663 848 2728 cognoscant,
880 2664 936 2713 et
957 2673 1019 2714 ea
1045 2665 1330 2731 tamquam
1355 2658 1408 2714 in
1437 2659 1660 2731 speculo
1685 2667 1941 2715 contem-

335 2746 568 2818 plantes,
598 2757 655 2806 et
678 2766 872 2808 causas
907 2751 1167 2810 vitiorum
1197 2753 1398 2826 quibus
1424 2753 1736 2826 pulsantur,
1762 2761 1816 2808 et
1857 2769 1941 2810 re-

336 2842 520 2898 media
569 2843 874 2902 doceantur
917 2861 934 2901 :
977 2845 1297 2904 futurorum
1337 2861 1554 2920 quoque
1580 2847 1943 2908 certaminum

2043 1925 2153 1966 nec
2200 1909 2440 1982 episcopi
2485 1907 2717 1965 evadere
2756 1923 2974 1976 manus,
3029 1906 3362 1964 omnimodis
3405 1899 3424 1938 ‘
3458 1921 3648 1962 mona-

2041 2003 2206 2059 chum
2248 2001 2435 2075 fugere
2483 2001 2685 2058 debere
2709 2000 2964 2058 mulieres
2985 2007 3040 2056 et
3081 1995 3390 2073 episcopos.
3443 2001 3647 2056 Neuter

2040 2097 2186 2154 enim
2242 2096 2374 2152 sinit
2423 2111 2574 2161 eum,
2661 2110 2824 2167 quem
2887 2094 3054 2152 semel
3119 2109 3233 2151 suae
3288 2093 3648 2150 familiaritati

2043 2191 2372 2261 devinxerit,
2410 2191 2495 2247 vel
2546 2190 2709 2262 quieti
2753 2189 2966 2246 cellulae
2991 2189 3216 2246 ulterius
3244 2203 3466 2260 operam
3493 2187 3642 2258 dare,

2047 2286 2131 2341 vel
2163 2285 2364 2342 divinae
2414 2284 2642 2342 theorize
2692 2300 2787 2356 per
2826 2292 3137 2340 sanctarum
3180 2298 3366 2339 rerum
3387 2283 3644 2339 intuitum

2049 2377 2354 2451 purissimis
2379 2377 2550 2434 oculis
2594 2377 2878 2434 inhaerere.

2127 2471 2132 2476 ’
2589 2473 2830 2528 CAPUT
2885 2473 3097 2528 XVIII.

2272 2566 2526 2624 Remedia
2566 2567 2824 2620 adversus
2855 2567 3154 2621 cenodoa‘ite
3188 2566 3412 2620 malum.

2125 2659 2362 2732 Ideoque
2397 2659 2603 2715 athleta
2636 2657 2854 2726 Christi,
2896 2657 2989 2728 qui
3029 2673 3216 2714 verum
3263 2673 3326 2712 ac
3350 2656 3650 2728 spiritalem

2055 2767 2288 2826 agonem
2330 2751 2571 2824 legitime
2603 2759 2812 2806 certare
2861 2749 3157 2819 desiderat,
3203 2749 3345 2804 hanc
3391 2748 3652 2804 multifor-

2027 2862 2202 2904 ‘mem
2244 2847 2558 2918 variamque
2597 2844 2824 2901 bestiam
2880 2843 3215 2901 omnimodis
3237 2857 3490 2915 superare
3514 2839 3656 2897 festi-

1442 2974 1696 3029 ALARDI
1735 2973 1962 3028 GAZIEI
1996 2961 2559 3028 COMMENTARIUS.

339 3075 629 3151 chAumenis
656 3080 884 3138 Missam
913 3082 1208 3150 celebrare,
1232 3083 1339 3138 hoc
1383 3093 1485 3151 est,
1515 3083 1944 3141 catechumenos

2054 3083 2238 3156 lugere
2280 3083 2479 3141 debere
2511 3081 2784 3156 consortia
2829 3081 3148 3149 mulierum,
3175 3079 3312 3156 adeo
3341 3081 3499 3156 ut_D_.
3519 3079 3657 3156 _Hie-

338 3148 549 3228 missos
573 3149 771 3217 facere,
798 3161 895 3208 aut
912 3141 1340 3228 dimittere'cum
1375 3141 1618 3228 silenini
1635 3155 1814 3225 aliqua
1859 3156 1947 3212 ad-
1975 3163 2020 3226 (ἶ
2051 3141 2316 3228 ιόἶὶγωυε
2335 3155 2666 3210 monachum
2685 3169 2786 3209 nec
2810 3168 2939 3208 cum
2963 3141 3147 3208 matre
3159 3151 3382 3228 quidem
3407 3151 3653 3228 habitare

343 3220 688 3301 monitione,
724 3232 821 3278 aut
844 3225 1226 3301 exhortatione
1243 3242 1270 3301 ;_
1295 3220 1948 3301 quoduoflicium—riiona-

348 3286 490 3372 ghus
517 3289 626 3372 ille,
651 3286 725 3372 de
759 3309 873 3372 _quo
899 3294 986 3372 hic
1030 3296 1226 3366 agitur,
1248 3286 1478 3366 juvenili
1515 3295 1697 3350 studio
1736 3295 1951 3354 affecta-

343 3356 465 3423 bat,
496 3371 553 3417 et
570 3356 770 3419 imitari
781 3356 1118 3422 conabatur.

421 3433 447 3462 ³
479 3434 652 3514 Quam
697 3437 846 3514 olim,
881 3435 937 3492 id
972 3446 1073 3500 est,
1116 3452 1282 3514 quam
1324 3437 1534 3514 pridem
1572 3438 1807 3514 venerit,
1855 3454 1952 3514 seu

349 3504 609 3584 quamdiu
649 3508 866 3584 steterit
903 3517 1028 3564 ante
1075 3504 1298 3584 ostium,
1323 3504 1948 3584 etaninjuriamaeris,

349 3574 434 3658 vei
483 3575 788 3658 molestiam
858 3579 1279 3658 esSpectationis
1327 3581 1430 3637 sub
1470 3574 1580 3658 dio'
1617 3574 1947 3658 pertulisset.

355 3643 528 3732 aliud.
555 3647 771 3732 interim
817 3643 1009 3732 “animo
1059 3651 1297 3732 agitabat
1336 3643 1687 3732 remordente
1717 3654 1952 3732 _scilicet

351 3722 680 3844 ggnsecientia
702 3722 883 3792 anxia,
924 3739 1002 3779 an
1031 3722 1213 3780 senior
1251 3723 1674 3787 audiisset.eum
1702 3723 1950 3782 diaconi-

419 3804 451 3842 n
513 3805 591 3844 m.

351 3801 568 3845 2801.80]
577 3831 591 3846 .

377 3928 388 3941 ι
421 3852 976 3941 “_Impuguationum,
1019 3863 1075 3920 id
1117 3865 1636 3941 est,tenta_tionum.
1664 3865 1841 3941 _Simili
1863 3880 1950 3941 ra:

349 3931 575 4003 tiocinid
595 3931 725 3990 usus
745 3943 828 3989 est
849 3935 946 3988 lib.
966 3931 1056 3987 vn
1079 3931 1294 4002 cap.'13
1323 3951 1336 3984 ε
1370 3938 1512 3994 Hcec,
1538 3935 1733 4003 inquit,
1750 3937 1956 3988 nemini

349 4002 635 4058 videantur
655 4007 946 4073 superﬂua,
979 4003 1060 4055 uel
1090 4003 1326 4073 molesta.
1371 4004 1490 4054 Nisi
1516 4002 1656 4054 enim
1678 4007 1831 4071 prius
1857 4021 1955 4058 ea:-

345 4075 549 4141 posita’
567 4072 775 4138 fuerint
795 4088 991 4140 genera
1013 4072 1323 4137 uulnerum,
1347 4074 1398 4124 et
1415 4073 1648 4139 origines
1683 4088 1956 4142 causaeque

353 4143 660 4196 morborum
677 4145 889 4209 fuerint
911 4143 1200 4210 indagatw,
1218 4157 1310 4196 nec
1333 4143 1562 4210 inﬁrmis
1574 4145 1778 4212 poterit
1796 4143 1957 4197 adhi-

357 4213 481 4266 beri
518 4227 748 4280 congrua
788 4213 1064 4268 medicinae
1103 4215 1325 4279 curatio,
1355 4228 1449 4268 nec
1486 4213 1688 4266 ualidis
1725 4215 1960 4282 conferri

344 4283 614 4353 perfectae
635 4285 875 4340 custodia
900 4286 1173 4340 sanitatis.
1204 4286 1342 4341 Nam
1368 4288 1419 4340 et
1437 4285 1567 4348 haec,
1599 4288 1651 4338 et
1683 4285 1854 4338 multo
1873 4286 1959 4338 his

344 4355 520 4424 plura
546 4353 622 4408 ad
661 4357 1060 4410 instructionem
1075 4355 1351 4424 juniorum
1382 4357 1550 4412 solent
1577 4372 1611 4409 a
1633 4355 1956 4418 senioribus,

351 4426 457 4494 qui
460 4426 764 4498 innumeros
777 4428 1109 4498 diuersorum
1127 4442 1280 4482 casus
1291 4444 1352 4483 ac
1373 4430 1563 4484 ruinas
1582 4430 1796 4498 experti
1807 4431 1954 4491 sunt,

353 4496 725 4599 “uinculiatibne
753 4501 1011 4569 proferri.
1044 4497 1194 4554 Idem
1223 4514 1413 4555 rursus
1441 4496 1678 4556 inculcat
1705 4499 1800 4556 lib.
1833 4513 1954 4568 xu,
1983 4537 2034 4599 Ι)

352 4581 477 4622 can.
518 4573 570 4622 4.

423 4582 745 4712 g'chipula
774 4639 998 4712 proprie
1017 4646 1098 4696 est
1123 4639 1549 4712 instrumentum
1570 4641 1848 4712 quoddam
1873 4641 1962 4698 de-

354 4707 636 4782 cipiendis
660 4718 716 4765 et
754 4707 1032 4782 capiendis
1061 4709 1250 4782 avibus
1279 4711 1359 4782 vel
1388 4707 1640 4782 muribus
1673 4713 1958 4782 idoneum.

355 4778 612 4854 sumitur
658 4778 999 4854 generaliter
1029 4795 1128 4853 pro
1166 4778 1361 4854 fraude
1396 4788 1452 4854 et
1476 4779 1622 4854 ‘dolo
1658 4781 1728 4838 ad
1749 4782 1963 4854 capien-

357 4849 498 4924 dum
524 4847 781 4924 aliquEm.
811 4847 1198 4924 Paraphrastes
1237 4849 1393 4922 ponit
1419 4847 1678 4924 fallacias.

433 4909 462 4954 δ
491 4909 792 4994 Dionysius
838 4909 1114 4978 :Juniores
1133 4909 1499 4990 feruentesque
1549 4923 1750 4990 spiritu
1796 4940 1967 4993 agno-

359 4997 514 5048 scant
540 5000 758 5058 secreta,
781 4998 878 5050 etc.

436 5074 458 5100 ε
490 5063 550 5120 ld
587 5074 692 5132 est,
731 5065 957 5121 morbos
1004 5063 1340 5121 animorum.
1395 5061 1782 5120 Valetudinem
1822 5065 1973 5120 enim

437 5135 578 5191 ssim
605 5144 832 5208 usurpat
867 5139 1076 5208 Auctor
1104 5150 1204 5206 pro
1221 5133 1592 5208 invaletudine
1609 5149 1704 5189 seu
1729 5133 1978 5208 imbecil-

389 5207 538 5274 itate,
557 5205 756 5279 quippe
775 5222 900 5263 cum
927 5206 1016 5260 illa
1028 5205 1190 5279 etiam
1215 5207 1272 5262 in
1291 5207 1491 5262 malam
1515 5209 1727 5276 partem
1751 5205 1982 5279 accipia-

367 5285 462 5334 tur
489 5274 626 5335 teste
655 5274 835 5336 Gellio
870 5279 1047 5348 (Noct.
1076 5278 1245 5342 Attio,
1269 5279 1364 5332 lib.
1387 5291 1478 5333 xu
1507 5274 1624 5346 cap.
1654 5279 1740 5340 9).
1767 5274 1975 5348 Tertul-

369 5349 548 5406 lianus
589 5349 683 5406 lib.
737 5349 806 5406 de
843 5345 1128 5420 Baptismo
1176 5365 1297 5420 cap.
1331 5355 1406 5405 5:
1447 5345 1741 5420 Piscinam,
1771 5345 1972 5420 inquit,

369 5421 608 5490 Angelus
637 5417 988 5476 interveniens
1015 5417 1366 5475 commovebat
1392 5422 1572 5486 (Joan.
1609 5417 1680 5488 ν)
1696 5437 1714 5485 ;
1737 5417 1978 5490 obserua-

375 5487 524 5555 bant,
565 5495 664 5562 qui
688 5492 1050 5547 valetudinem
1075 5493 1450 5561 querebantur,
1482 5490 1539 5547 id
1565 5487 1671 5559 est,
1701 5489 1795 5562 qui
1822 5487 1977 5555 infir-

374 5563 566 5634 mitate
589 5563 772 5634 aliqua
798 5562 1195 5634 detinebantur.

445 5627 465 5665 ¹
489 5627 785 5706 Neminem,
821 5643 952 5706 puto
983 5633 1100 5690 haec
1121 5633 1301 5706 _verba
1326 5633 1612 5706 lecturum
1633 5631 1840 5703 absque
1868 5628 1978 5706 ali-

377 5720 484 5777 qua
537 5701 919 5777 admiratione,
974 5713 1068 5762 aut
1120 5704 1479 5762 haesitatione.
1526 5701 1798 5777 Primum-
1830 5701 1976 5777 enim

377 5771 644 5848 quorsum
673 5775 792 5834 haec
818 5771 1255 5848 ad'prmsentem
1302 5779 1634 5848 tractatum?
1685 5771 1802 5830 Etsi
1830 5773 1978 5828 enim

379 5846 746 5905 certissimum
790 5848 862 5904 sit
920 5846 1242 5920 monachos,
1296 5848 1341 5905 si
1401 5847 1708 5904 castitatem
1769 5852 1976 5915 ament,

2055 3223 2336 3299 permittat
2361 3228 2570 3296 (Epist.
2603 3231 2636 3280 4
2666 3229 2716 3279 et
2738 3230 2806 3299 47
2825 3229 2866 3299 ),
2897 3233 3080 3299 tamen
3109 3223 3243 3299 quid
3271 3223 3372 3278 hoc
3400 3223 3467 3278 ad
3491 3237 3654 3278 ceno-

2057 3295 2299 3365 doxiam,
2341 3295 2455 3353 εειί
2473 3313 2666 3351 vanam
2706 3295 2980 3366 gloriam?
3023 3295 3228 3350 Deinde
3271 3309 3396 3364 qua:
3427 3309 3654 3364 compa-

2057 3369 2196 3424 ratio
2238 3376 2332 3423 aut
2373 3366 2608 3422 afﬁnitas
2654 3365 2794 3436 inter
2839 3365 3092 3422 mulieres
3131 3367 3186 3420 et
3233 3365 3535 3436 episcopos,
3595 3371 3658 3436 ut

2059 3447 2318 3510 utrosque
2351 3439 2464 3509 pari
2503 3437 2672 3493 modo
2709 3435 2897 3508 fugere
2937 3437 3133 3510 debeat
3156 3435 3658 3510 monachusﬂfide

2059 3505 2247 3566 collatf
2270 3505 2408 3564 19c.
2459 3514 2542 3573 16,
2565 3525 2682 3563 cum
2710 3505 2899 3573 notis.)
2938 3507 3162 3563 Videtur
3211 3505 3343 3561 mihi
3371 3514 3514 3561 certe
3540 3505 3657 3562 hac

2057 3581 2321 3638 sententia
2367 3597 2399 3636 a
2437 3581 2534 3636 SS.
2563 3579 2669 3635 illis
2697 3579 2946 3635 Patribus
2967 3594 3034 3634 ex
3063 3579 3345 3651 occasione
3371 3575 3654 3651 et‘hyper-

2057 3651 2234 3708 bolice
2272 3653 2504 3723 prolata;
2533 3667 2660 3706 cum
2688 3651 2834 3723 enim
2863 3649 3096 3723 episcopi
3134 3646 3656 3723 subindegobfd‘efe-

2057 3733 2206 3779 ctum
2230 3718 2556 3779 clericorum
2580 3721 2882 3778 monachos
2897 3718 2936 3777 e
2957 3718 3209 3777 claustris
3233 3729 3289 3776 et
3303 3720 3510 3776 cellulis
3538 3718 3651 3775 suis

2058 3803 2366 3860 evocarent,
2419 3801 2475 3848 et
2503 3808 2568 3848 ex
2609 3792 2688 3849 eis
2731 3793 2815 3848 vel
2843 3791 3144 3862 episcopos,
3194 3791 3280 3862 vel,
3307 3790 3441 3846 alios
3482 3789 3659 3845 Eccle-

2057 3867 2266 3922 siarum
2302 3864 2592 3936 pratfectos
2625 3864 2986 3936 instituerent,
3003 3861 3080 3936 ut
3105 3861 3353 3936 superius
3378 3869 3656 3936 ostensum

2059 3945 2170 4007 est;
2216 3927 2528 4007 complures
2567 3934 2819 4007 monachi
2867 3927 3193 4007 ambitionis"
3228 3937 3324 4007 au_t
3351 3927 3662 4007 cenodoxiaa

2061 3998 2300 4061 stimulis
2323 3998 2530 4079 incitati
2556 4004 2720 4060 cellas
2755 4018 2882 4060 suas
2905 4003 3173 4079 deserere,
3223 3999 3390 4079 urbes
3413 3998 3663 4079 frequen-

2061 4083 2202 4142 tare,
2244 4077 2565 4146 popularem
2617 4089 2835 4146 _auram_
2872 4072 3076 4146 venari,
3125 4085 3290 4142 seque
3351 4070 3407 4124 in
3455 4070 3663 4146 episco-

2064 4139 2264 4226 porum
2307 4139 2570 4226 gratiam,
2617 4142 3068 4226 benevolentiam,
3109 4157 3174 4196 ac
3202 4139 3664 4226 consuetudinem

2069 4209 2344 4270 insinuare
2375 4212 2708 4284 gestiebant,
2746 4211 3192 4284 nitebanturque;
3235 4218 3296 4266 ut
3337 4209 3406 4266 ad
3451 4209 3664 4266 clerica-

2068 4294 2193 4341 tum
2237 4292 2293 4340 et
2336 4281 2536 4356 gradus
2569 4281 2962 4356 ecclesiasticos
3001 4281 3160 4341 citius
3189 4289 3658 4356 promoverentur.

2068 4358 2245 4427 Quam
2297 4353 2612 4428 pravitatem
2670 4354 2910 4428 seniores
2951 4361 3006 4409 et
3051 4353 3349 4428 sanctiores
3387 4353 3660 4428 detestati,

2067 4425 2403 4510 sententiam
2434 4426 2586 4510 illam
2626 4440 2739 4510 non
2782 4425 2899 4482 sine
2931 4426 3343 4510 exaggeratioue
3383 4426 3666 4510 et_hyper-

2067 4499 2191 4572 bole
2223 4499 2591 4572 protulerunt,
2631 4507 2686 4554 et
2712 4497 2766 4554 in
2785 4497 3165 4572 proverbium
3197 4504 3494 4572 verterunt,
3519 4497 3663 4554 'mo-

2065 4569 2272 4642 nachis,
2314 4571 2360 4626 si
2413 4585 2540 4628 vere
2586 4569 2839 4626 monachi
2897 4585 3015 4642 esse
3065 4569 3252 4642 velint,
3277 4569 3661 4642 episcoporum

2067 4641 2288 4712 perinde
2316 4657 2382 4699 ac
2415 4641 2707 4698 mulierum
2738 4641 3016 4712 vitandam
3041 4657 3164 4712 esse
3192 4639 3666 4712 consuetudinem,

2069 4707 2214 4784 quod
2243 4713 2314 4770 ab
2329 4714 2580 4797 _utrisque
2621 4710 2878 4797 monachi
2913 4727 2944 4766 a
2969 4711 3081 4797 suis
3108 4711 3402 4797 celliilisjet
3427 4707 3664 4797 a‘studio

2069 4776 2546 4865 contemplationis
2617 4782 3224 4865 abstraherenturihet
3285 4776 3356 4865 ad
3366 4776 3667 4865 “utrisque

2070 4855 2219 4912 idem
2266 4849 2585 4916 discrimen,
2630 4853 2818 4906 eadem
2883 4849 3220 4916 praeberetur
3291 4849 3506 4916 occasio
3554 4859 3672 4916 eva-

2075 4920 2401 4996 gandigsed
2448 4936 2479 4974 a
2515 4911 2832 4974 mulieribus
2865 4911 2933 4996 ad
2976 4911 3274 4995 iibidinem,
3313 4913 3676 4996 _ab_episcopis

2079 4983 2149 5049 ad
2199 4983 2556 5045 ambitionem
2617 4997 2674 5043 et
2725 4984 3120 5056 cenodoxiam;
3186 4983 3334 5056 quod
3381 4983 3467 5041 hic
3509 4983 3674 5042 etiam

2083 5069 2276 5118 auctor
2301 5059 2448 5115 haud
2489 5057 2720 5114 obscure
2759 5055 3018 5122 insinuat,
3059 5055 3420 5113 dum’subdit
3447 5077 3459 5112 :
3491 5062 3678 5114 neuter

2086 5135 2227 5188 enim
2255 5131 2387 5184 sinit
2407 5146 2544 5198 eum,
2582 5137 2686 5184 etc.
2709 5127 2884 5198 ATales
2906 5128 3070 5184 etiam
3118 5136 3336 5184 notasse
3365 5128 3575 5185 videtur
3603 5133 3673 5186 D.

2089 5204 2457 5273 Hieronymus
2494 5195 2548 5256 in
2588 5195 2802 5273 epistol:
2839 5198 2908 5255 ad
2951 5199 3240 5273 Paulinum
3287 5201 3496 5273 (Epist.
3560 5201 3676 5273 13),

2083 5274 2180 5331 ubi
2209 5270 2541 5329 monachum
2582 5270 2882 5344 quemlibet
2927 5271 3031 5344 sub
3067 5271 3232 5328 unius
3258 5270 3679 5344 compellatione

2083 5347 2369 5417 alloquens
2432 5365 2483 5417 :_
2511 5345 2574 5400 Si
2598 5341 2796 5417 'cupis,
2855 5341 3054 5417 inquit,
3115 5358 3224 5399 esse
3274 5341 3437 5417 quod
3464 5343 3677 5406 dureris,

2083 5414 2391 5480 monachus,
2424 5415 2484 5470 id
2525 5417 2624 5480 est,
2654 5415 2828 5480 solus;
2863 5414 2996 5484 quid
3024 5415 3164 5481 facis
3205 5417 3267 5470 in
3291 5414 3534 5477 urbibus,
3559 5430 3680 5484 quae

2083 5491 2270 5558 utique
2290 5503 2423 5542 non.
2440 5489 2566 5542 sunt
2597 5487 2831 5541 solorum
2858 5485 3186 5558 habitacula,
3217 5487 3310 5542 sed
3330 5485 3622 5558 multorum
3662 5503 3678 5538 :

2087 5569 2142 5615 et
2169 5555 2297 5614 alibi
2324 5558 2524 5630 (Epist.
2558 5563 2578 5630 t
2611 5558 2684 5613 ad
2711 5556 3017 5628 Heliodor.)
3042 5577 3058 5611 :
3079 5560 3440 5630 Interpretare
3455 5555 3680 5630 poetibu-

2087 5633 2197 5686 Ium
2246 5623 2509 5692 monachi,
2555 5629 2648 5684 hoc
2683 5633 2780 5692 est,
2819 5623 3010 5684 nomen
3035 5633 3186 5682 tuum
3207 5623 3241 5693 ξ
3269 5623 3404 5695 quid
3440 5623 3581 5695 facis
3625 5624 3682 5672 in

2087 5703 2271 5770 turba,
2293 5704 2392 5779 qui
2410 5691 2553 5758 solus
2579 5704 2678 5779 es?
2695 5691 2772 5779 _i_d’
2802 5707 2905 5770 est,
2940 5691 3297 5779 qui‘proprio’
3331 5691 3597 5747 vocabulo
3629 5695 3685 5740 et

2085 5769 2493 5830 nomenclatura
2510 5771 2867 5831 solitudinem
2892 5769 3185 5842 profiteris.
