4042 6198
354 264 459 317 419

1688 246 1966 303 JOANNIS
2004 213 2339 302 CASSIANI‘

3548 237 3655 292 420

353 393 466 442 net.
503 384 684 454 Quam
727 379 888 437 nobis
933 392 998 433 ex
1048 375 1197 433 omni
1228 381 1377 447 parte
1414 372 1559 428 velut
1590 370 1947 443 multiplicem
1977 374 2029 438 Α
2057 368 2303 437 reddere,
2356 377 2378 403 °
2423 382 2486 423 ac
2542 363 2704 422 veluti
2762 362 2896 420 solis
2964 359 3288 418 facientibus
3332 358 3452 415 laus
3507 357 3657 429 apud

354 479 653 552 nequitiam
678 481 1054 532 occurrentem
1084 470 1179 527 tali
1224 466 1465 524 remedio
1506 465 1805 539 poterimus
1833 480 1949 521 eva-

356 573 508 636 dere,
550 578 613 627 ut
640 569 941 641 cogitantes
968 562 1104 619 illud
1132 560 1456 617 Davidicum
1495 559 1776 630 eloquium
1802 576 1814 612 :
1841 562 1949 614 Do-

354 671 532 724 minus
556 665 854 734 dissipavit
880 675 1000 716 ossa
1030 673 1225 719 eorum,
1266 657 1363 725 qui
1396 654 1696 709 hominibus
1738 653 1952 723 placent

354 762 533 834 (Psal.
577 761 759 824 xxv).
800 754 1060 811 Primitus
1114 749 1248 806 nihil
1301 747 1577 821 proposito
1623 745 1874 802 vanitatis
1897 752 1954 800 et

355 853 529 911 inanis
565 850 755 924 gloria
790 844 1134 919 capessenda
1184 843 1352 916 gratia
1381 840 1747 912 nosmetipsos
1774 837 1952 894 facere

356 945 755 1020 permittamus.
790 939 1003 997 Deinde
1031 954 1093 995 ea
1117 952 1239 1009 qua
1274 936 1419 992 bono
1449 934 1602 991 initio
1634 932 1949 998 fecerimus,

354 1038 734 1096 observatione
775 1034 937 1091 simili
982 1031 1255 1099 custodire
1285 1030 1525 1085 nitamur
1566 1031 1587 1055 ¹
1641 1043 1711 1083 ne
1761 1040 1952 1082 omnes

355 1134 608 1191 laborum
636 1139 955 1187 nostrorum
984 1126 1194 1183 fructus
1225 1132 1349 1195 post
1374 1124 1618 1194 irrepens
1636 1119 1952 1177 cenodoxia

355 1229 582 1287 morbus
604 1231 848 1283 evacuet.
882 1215 909 1254 ¹³
939 1218 1215 1291 Quidquid
1246 1217 1411 1275 etiam
1448 1217 1505 1271 in
1545 1214 1951 1272 conversatione

355 1323 587 1378 fratrum
625 1317 853 1375 minime
901 1312 1223 1371 communis
1260 1326 1390 1367 usus
1436 1310 1648 1382 recipit,
1673 1309 1753 1364 vel
1803 1324 1950 1364 exer-

354 1424 458 1484 cet,
496 1412 645 1471 omni
696 1410 874 1468 studio
902 1449 918 1476 ,
977 1416 1038 1464 ut
1083 1406 1360 1481 jactantia
1409 1402 1652 1459 deditum
1721 1401 1952 1457 decline-

360 1524 502 1587 mus,
532 1516 586 1565 et
608 1522 668 1563 ea
694 1520 818 1578 qua
850 1518 953 1559 nos
990 1506 1218 1573 possunt
1244 1499 1388 1554 inter
1422 1505 1651 1554 cateros
1684 1495 1952 1551 notabiles

2054 462 2310 519 homines
2355 461 2426 516 sit
2468 457 2857 531 conquirenda,
2912 455 3168 511 vitemus.
3226 452 3325 509 His
3361 450 3515 507 enim
3572 451 3655 508 vel

2057 556 2300 611 maxime
2329 553 2545 610 indiciis
2575 551 2893 609 cenodoxia
2928 548 3124 605 lethale
3157 546 3471 619 contagium
3496 544 3658 602 nobis
3729 544 3737 548 ’

2060 649 2326 707 inhaerere
2373 648 2791 716 monstrabitur;
2837 645 2985 718 quod
3047 642 3302 700 facillime
3354 641 3656 719 poterimus

2061 743 2323 816 effugere,
2351 742 2397 799 si
2423 741 2828 798 consideremus
2852 754 2961 799 non
2990 738 3167 794 solum
3220 735 3464 791 fructum
3509 734 3657 790 labo-

2057 853 2181 893 rum
2206 843 2521 891 nostrorum
2549 849 2653 890 nos
2676 832 2890 905 penitus
2928 832 3245 896 amissuros,
3280 843 3658 901 quoscumque

2059 929 2374 986 cenodoxia
2414 926 2691 1000 proposito
2740 924 3054 993 fecerimus,
3096 912 3125 955 ἀ
3174 921 3273 978 sed
3318 921 3485 978 etiam
3533 936 3660 977 reos

2059 1022 2240 1093 magni
2264 1021 2508 1077 criminis
2551 1018 2726 1075 factos
2751 1025 2957 1073 aterna
2995 1014 3274 1087 supplicia,
3314 1014 3461 1069 velut
3489 1013 3657 1070 sacri-

2060 1115 2209 1186 legos
2258 1115 2565 1181 soluturos;
2604 1120 2793 1184 utpote
2828 1111 2921 1182 qui
2959 1110 3030 1167 ad
3067 1109 3319 1181 injuriam
3361 1108 3462 1164 Dei
3495 1124 3654 1179 opus,

2057 1207 2203 1280 quod
2245 1208 2363 1279 ejus
2422 1206 2654 1262 obtentu
2694 1220 2795 1260 nos
2843 1203 3087 1276 oportuit
3135 1217 3317 1273 agere,
3366 1200 3657 1257 hominum

2058 1302 2230 1374 gratia
2273 1300 2564 1356 maluimus
2613 1313 2887 1364 exercere,
2938 1297 3005 1353 ab
3044 1311 3109 1351 eo
3162 1296 3253 1367 qui
3313 1296 3659 1351 occultorum

2057 1407 2139 1455 est
2167 1398 2442 1465 conscius,
2464 1395 2720 1452 homines
2747 1398 2890 1462 Deo,
2917 1402 2969 1450 et
2996 1393 3230 1466 gloriam
3260 1393 3449 1449 mundi
3472 1392 3659 1465 gloria

2057 1493 2284 1549 Domini
2323 1490 2623 1565 praetulisse
2657 1490 2913 1547 convicti.

1457 1622 1711 1677 ALARDI
1748 1621 1971 1676 GAZzEI
2008 1619 2562 1676 COMMENTARIUS.

424 1745 450 1773 ³
471 1740 613 1795 Hinc
631 1746 684 1792 et
698 1738 766 1790 D.
785 1732 1086 1806 Gregorius
1110 1734 1293 1797 (Hom.
1320 1735 1344 1784 1
1357 1734 1386 1783 2
1410 1732 1467 1783 in
1484 1732 1697 1797 Evang.
1715 1729 1730 1799 )
1754 1726 1819 1782 ad
1830 1743 1952 1806 mo-

356 1820 451 1867 net
470 1816 533 1865 ut
580 1814 630 1864 et
673 1809 827 1868 bona,
882 1800 1002 1875 q'ua:
1044 1806 1270 1872 agimus,
1322 1816 1441 1875 cum
1498 1816 1699 1875 magna.
1745 1800 1949 1875 cautela

358 1887 669 1944 timeamus;
693 1895 759 1933 ne
783 1892 879 1948 per
890 1872 989 1930 hoc
1015 1875 1159 1944 quod
1182 1891 1216 1926 a
1244 1873 1396 1927 nobis
1413 1877 1549 1926 recte
1570 1872 1952 1948 geriturfavor

2059 1730 2158 1787 ris,
2190 1729 2289 1796 qui
2307 1742 2488 1780 eorum
2521 1740 2620 1795 per
2648 1725 2992 1780 successiones
3036 1725 3289 1778 instituta
3315 1738 3460 1776 nunc
3488 1737 3658 1791 usque

2059 1799 2383 1864 custodiunt,
2433 1798 2640 1851 tradita
2684 1797 2921 1850 videmus
2976 1796 3242 1863 exempla,
3286 1798 3348 1847 ut
3386 1797 3657 1863 superﬂua

2057 1870 2275 1923 inutilia
2299 1863 2393 1922 nos
2414 1884 2623 1937 quoque
2642 1883 2874 1921 reseca-re
2897 1869 3154 1921 convenit.
3178 1868 3318 1919 Item
3347 1863 3441 1919 lib.
3467 1866 3657 1934 quinto

354 1959 452 2008 aut
481 1938 664 2022 gratia
715 1938 972 2022 humana!
993 1938 1309 2022 requiratur
1321 1963 1351 2022 ξ.
1364 1959 1430 1998 ne
1462 1938 1731 2022 appetitus
1770 1942 1948 2022 laudis
1984 1948 2031 2009 Β
2061 1956 2156 2010 cap
2174 1944 2238 1993 23
2264 1959 2275 1994 :
2306 1941 2505 2007 Quibus
2525 1941 2663 1999 enim
2684 1943 2841 2022 cntra
2861 1938 3288 2022 consuetudinem
3303 1938 3658 2022 priesumitur

357 2012 629 2095 subrbpat,
668 2019 911 2095 etquod
942 2012 1081 2095 foris
1123 2015 1439 2095 ostenditur,
1478 2016 1627 2095 intus
1652 2029 1685 2066 a
1714 2012 1948 2095 mercede

351 2083 624 2150 vacue‘tur.
654 2083 950 2147 Sed-etD.
1001 2086 1327 2141 Benedictus
1377 2084 1463 2154 pie
1514 2083 1704 2138 itidem
1762 2091 1951 2137 monet

359 2168 520 2237 (Cap.
557 2170 626 2218 49
660 2162 923 2237 Regula),
956 2163 1017 2237 ut
1062 2158 1204 2226 quod
1233 2154 1711 2237 unusquisquevad
1740 2156 1953 2237 solitum

349 2227 571 2306 pensum
619 2227 1035 2306 suaservitutis
1073 2227 1462 2306 super-erogari,
1513 2230 1561 2278 et
1601 2228 1718 2306 Deo
1749 2227 1954 2306 offer-re

356 2298 579 2360 voluerit
604 2307 661 2356 in
690 2301 1134 2370 Quadragesima,
1162 2298 1349 2351 abbati
1362 2311 1454 2370 suo
1470 2300 1741 2370 suggerat,
1766 2301 1951 2370 etcum

356 2378 469 2446 ejus
491 2379 590 2445 ﬁat
618 2367 855 2427 oratione
870 2377 931 2446 et
953 2371 1226 2446 voluntate
1242 2369 1430 2446 ;Aquia,
1454 2367 1823 2446 inquit,_quod
1843 2368 1955 2420 sine

354 2438 698 2517 permissione
721 2440 1225 2517 patrisspiritualis
1249 2440 1331 2508 ﬁt,
1352 2439 1763 2517 pras‘umptio-ni
1786 2438 1951 2506 depu-

359 2509 584 2581 tabitur,
612 2520 661 2571 et
695 2509 848 2569 vana:
866 2509 1071 2581 gloria,
1098 2527 1202 2565 non
1227 2509 1473 2581 mercedi.

426 2582 453 2620 ¹³
482 2579 747 2644 Ιῑάθὶὶδῐι]
784 2579 925 2639 ΙίΙ).ἰ
954 2599 1071 2654 cap.
1116 2589 1146 2637 3
1181 2600 1192 2635 :
1223 2580 1498 2648 Quidquid
1542 2581 1678 2654 inter
1716 2579 1949 2654 [amulos

326 2674 331 2679 ‘
356 2663 456 2717 Dei
486 2659 835 2730 prarsumitur
863 2655 931 2708 ab
960 2650 1087 2730 uno
1106 2654 1189 2730 vel
1212 2666 1427 2730 paucis,
1454 2664 1546 2730 nec
1573 2650 1823 2730 catlrolice
1843 2664 1947 2730 per

356 2723 507 2785 omne
533 2744 720 2799 corpus
739 2726 1111 2799 fraternitatis
1128 2727 1353 2799 tenetur,
1377 2726 1472 2799 aut
1490 2723 1835 2799 superﬂuum,
1854 2723 1953 2773 aut

355 2805 553 2856 elatum
572 2793 667 2863 est,
691 2793 746 2855 et
765 2801 829 2853 ob
854 2798 915 2852 id
939 2798 1164 2849 nomium
1178 2794 1535 2863 judicandum
1550 2796 1645 2853 est,
1670 2793 1949 2863 magisque

352 2877 573 2943 speciem
596 2862 853 2926 vanitatis
894 2883 1057 2943 quam
1084 2862 1304 2943 virtutis
1335 2867 1624 2943 ostentans.
1652 2865 1729 2943 Et
1749 2862 1946 2942 idcirco

356 2933 483 3006 hac,
499 2959 618 3012 qua:
634 2958 725 2996 nec
740 2958 773 3012 a
791 2933 1050 2994 veteribus
1066 2936 1396 3012 sanctis,_qui
1420 2933 1578 3012 hujus
1591 2933 1893 3012 profession
1902 2933 1946 2985 is

352 3004 709 3081 fundamenta
733 3011 997 3080 jecerunt,
1017 3022 1185 3076 neque
1207 3022 1242 3059 a
1272 3005 1522 3059 Patribus
1546 3004 1716 3056 nostri
1744 3006 1941 3071 tempo-

2060 2009 2312 2079 usumque
2325 2026 2666 2070 commtmem,
2682 2014 2741 2062 ut
2759 2024 2910 2062 rana?
2921 2010 3107 2076 gloria:
3122 2012 3283 2077 atque
3293 2009 3657 2079 ostentationis

2058 2082 2234 2136 morbo
2261 2082 2547 2150 pollutum,
2577 2082 2953 2149 antiquissima
2978 2082 3202 2150 Patrum
3230 2078 3449 2150 traditio
3479 2083 3653 2150 notat.

2061 2155 2233 2207 Porro
2250 2148 2331 2206 his
2353 2159 2408 2206 et
2433 2148 3006 2206 similibus'sententiis
3029 2148 3417 2220 singularitatis
3441 2149 3654 2215 vitium,

2060 2224 2115 2277 in
2144 2222 2405 2294 religiosis
2435 2221 2759 2294 prasertim,
2791 2222 3101 2294 damnatur,
3126 2218 3282 2291 quod
3313 2228 3367 2274 et
3407 2221 3478 2274 D.
3513 2222 3657 2294 _Ber-

2058 2290 2409 2349 nadus'inter
2437 2290 2639 2364 gradus
2662 2292 2930 2364 superbia
2951 2290 3263 2364 recenset:
3297 2290 3651 2364 quemadmo-

2061 2365 2192 2420 dum
2216 2379 2244 2418 e
2269 2360 2484 2418 diverso
2504 2365 2575 2416 D.
2598 2360 2922 2417 Benedictus
2946 2362 3088 2417 inter
3102 2361 3301 2433 gradus
3316 2360 3654 2415 humilitatis

2062 2434 2243 2507 ponit(
2263 2436 2394 2503 Cap.
2420 2441 2451 2488 7
2473 2437 2632 2501 Reg.)
2656 2453 2671 2487 :
2694 2436 2755 2490 Si
2775 2435 2913 2487 nihil
2937 2433 3493 2507 agatmonachusnisi
3504 2433 3656 2501 quod

2058 2503 2345 2629 commulnis
2371 2506 2683 2559 monasterii
2712 2506 2918 2574 Regula
2950 2508 3032 2560 vel
3056 2504 3271 2574 majoris
3313 2503 3655 2558 cohortantur

2061 2592 2245 2629 crernn
2271 2594 2323 2629 a.

2061 2592 2323 2632 CIClllDla.

2131 2593 2207 2632 em
2228 2593 2323 2630 na.

2130 2657 2151 2682 ο
2188 2593 2477 2719 ιζὶοιιγςίυε
2510 2650 2693 2719 :Etezc
2714 2648 2909 2716 quibus
2936 2647 3053 2719 laus
3070 2648 3307 2719 humana
3330 2646 3655 2719 acquiritur,

2059 2721 2228 2799 quasi
2244 2716 2345 2772 soli
2373 2721 2508 2799 talia
2533 2718 2856 2799 habeamus.-
2875 2718 3013 2774 Solis
3040 2718 3237 2799 igitur,
3254 2717 3444 2799 supple
3471 2716 3656 2799 nobis.

2128 2778 2154 2820 ί¹
2188 2790 2308 2862 Qua
2357 2789 2564 2862 ratione
2592 2790 2890 2862 cenodoxia
2930 2778 3125 2862 magni
3160 2778 3523 2862 criminis,__id
3549 2796 3653 2854 est,

2059 2861 2311 2997 (agonali;
2324 2860 2519 3000 )culpa
2552 2874 2671 2915 reos
2698 2859 2921 2930 efﬁciat,
2949 2858 3196 2933 superius
3223 2867 3306 2916 est
3327 2858 3656 2930 explicatum

2121 2948 2210 3000 ap.
2348 2974 2359 2986 .

2121 2948 2210 3002 ap.
2248 2948 2359 3000 12).

1177 3236 1740 3342 LIBER
1811 3206 2835 3341 nvonnemvs.

1626 3404 1710 3459 DE
1745 3402 1996 3457 SPIRITU
2014 3402 2381 3456 ‘SUPERBIIE.

1709 3635 1949 3691 CAPUT
1992 3638 2311 3692 PRIMUM.

426 3749 449 3777 ³
484 3744 771 3810 Octavum,
802 3739 950 3814 quod
977 3747 1034 3797 et
1060 3747 1389 3808 extremum,
1424 3738 1683 3797 adversus
1702 3741 1954 3813 spiritum

2062 3742 2330 3813 superbia
2380 3740 2539 3798 nobis
2578 3749 2852 3797 certamen
2903 3748 3002 3795 est.
3062 3736 3166 3809 Qui
3232 3735 3458 3794 morbus
3520 3734 3661 3791 licet

1445 3867 1698 3923 ALARDI
1736 3868 1957 3923 GAZAEI
1998 3867 2552 3923 COMMENTARIUS.

424 3970 467 4012 ί
488 3977 732 4035 Tandem
784 3975 853 4032 ad
897 3982 1205 4047 extremum
1246 3982 1525 4030 certamen
1565 3984 1789 4032 ventum
1841 3985 1942 4045 est,
1986 3981 2031 4044 C
2056 3981 2166 4032 suit
2187 3993 2305 4032 eam
2323 3979 2566 4047 reginam
2590 3975 2827 4030 omnium
2864 3975 3191 4047 vitiorumet
3218 3974 3460 4047 matrem.
3499 3968 3652 4047 Unde

353 4059 543 4106 contra
576 4048 842 4120 superbia
868 4046 1116 4120 Spiritum
1143 4047 1410 4118 spirituali
1448 4048 1711 4120 agonista
1738 4056 1951 4103 certan-

352 4122 503 4177 dum.
535 4118 851 4193 Superbiam
899 4118 1044 4173 enim
1082 4119 1141 4193 in
1188 4133 1480 4174 numerum
1513 4127 1567 4174 et
1593 4119 1842 4175 ordinem
1873 4120 1948 4173 vi-

350 4194 555 4249 tiorum
606 4190 920 4262 capitalium
970 4190 1153 4262 retulit
1191 4193 1421 4253 Auctor,
1478 4205 1706 4262 eamque
1757 4199 1957 4262 octavo

354 4264 497 4328 loco,
523 4261 686 4332 quasi
709 4269 1004 4332 postrema:
1017 4261 1150 4326 acie,
1188 4269 1249 4315 ut
1283 4261 1599 4332 primarium
1628 4271 1685 4317 et
1705 4261 1946 4316 maxime

350 4330 656 4402 capitalem,
700 4345 795 4402 seu
837 4330 1210 4399 principalem,
1263 4330 1327 4384 ut
1359 4339 1537 4402 vocat,
1566 4331 1805 4395 hostem,
1839 4332 1950 4402 col-

354 4400 568 4463 locavit,
627 4400 891 4463 imitatus,
950 4406 1011 4452 ut
1075 4408 1315 4467 apparet,
1383 4400 1635 4455 ordinem
1702 4401 1950 4456 militaris

354 4415 568 4463 locavit,
627 4415 891 4463 imitatus,
950 4415 1011 4452 ιιι
1075 4415 1102 4452 a
1146 4415 1315 4467 paret,
1383 4415 1635 4455 ormnem
1702 4415 1950 4456 militaris

353 4471 835 4547 disciplinatquo
866 4466 1005 4547 solet
1047 4415 1514 4547 rogunexercitus
1566 4480 1619 4525 et
1676 4472 1787 4526 dux
1837 4472 1950 4540 ipse

351 4537 645 4610 primarius
686 4537 749 4610 in
799 4546 1045 4610 extremo
1094 4537 1310 4607 agmine
1338 4539 1671 4610 consistere.
1718 4546 1788 4595 At
1821 4537 1949 4597 vero

354 4607 423 4666 D.
466 4607 768 4681 Gregorius
795 4607 935 4675 (Lib.
986 4622 1141 4664 χχχι
1175 4609 1371 4681 Morel.
1403 4625 1447 4662 c.
1501 4609 1592 4681 31)
1641 4611 1949 4681 superbiam

351 4690 503 4737 extra
518 4677 747 4753 classem
767 4687 823 4734 et
837 4694 1129 4735 numerum
1151 4677 1460 4753 capitalium
1472 4677 1727 4736 vitiorum
1747 4682 1947 4753 posuit,

354 4763 570 4826 utsape
610 4751 823 4826 dictum
843 4758 946 4826 est,
978 4765 1211 4826 eamque
1245 4750 1390 4805 velut
1433 4759 1665 4826 matrem
1712 4750 1768 4808 et
1810 4754 1950 4826 regi-

349 4842 476 4881 nam
508 4820 771 4881 omnium
821 4820 1278 4887 vitiorum,’vclut
1303 4822 1585 4893 superiore
1624 4831 1680 4878 et
1714 4820 1949 4879 eminén-

349 4898 487 4953 tiore
516 4894 756 4967 quodam
784 4893 904 4950 loco
932 4893 1237 4967 constituit.
1259 4895 1566 4967 Utramque
1618 4902 1813 4950 tamen.
1832 4911 1948 4951 sen-

350 4963 571 5022 tentiam
608 4965 819 5022 diversa
860 4966 1073 5021 ratione
1119 4972 1172 5019 et
1200 4963 1628 5020 consideratione
1656 4966 1945 5023 subnixam

348 5037 596 5093 conciliat
640 5043 694 5090 et
740 5034 996 5104 explanat
1025 5039 1093 5089 D.
1134 5034 1373 5090 Thomas
1416 5035 1471 5090 in
1519 5035 1663 5093 hunc
1717 5038 1942 5094 modum

351 5114 499 5174 (2-2,
543 5124 596 5178 q.
648 5110 772 5170 161,
823 5122 873 5158 a.
907 5108 981 5172 8)
1041 5121 1055 5157 :
1101 5107 1364 5179 Superbia
1417 5106 1611 5179 inquit,
1662 5109 1945 5179 dupliciter

348 5175 675 5235 considerari
698 5180 871 5250 potest
902 5194 918 5229 :
945 5190 1051 5229 uno
1069 5175 1228 5243 modo,
1250 5175 1555 5250 secundum
1585 5195 1659 5246 se,
1686 5175 1846 5250 prout
1867 5187 1945 5236 est

383 5251 617 5304 uoddam
633 5248 860 5317 speciale
881 5251 1156 5316 peccatum
1174 5265 1189 5309 ;
1207 5247 1314 5300 alio
1330 5249 1483 5303 modo
1498 5247 1787 5304 secundum
1802 5254 1943 5319 quod

347 5267 617 5375 )qmuoaaam
633 5267 860 5317 εῃθσῑαιε
881 5267 1156 5316 peccatum
1174 5267 1189 5309 ζ
1207 5267 1314 5300 αηο
1330 5267 1483 5303 moao
1498 5267 1787 5304 secundum
1802 5267 1943 5319 quoa

421 5322 505 5375 bet
513 5319 805 5389 quamdam
817 5319 1149 5384 inﬂuentiam
1162 5319 1221 5390 in
1233 5320 1408 5372 omnia
1419 5325 1655 5389 peccata.
1672 5322 1943 5390 Capitalia

344 5397 524 5446 autem
550 5391 685 5445 vitia
716 5392 996 5458 ponuntur
1035 5389 1283 5457 quaedam
1325 5393 1579 5459 specialia
1600 5389 1841 5460 peccata,
1873 5409 1942 5447 ea:

347 5463 534 5532 quibus
566 5461 981 5533 multaigenera
1021 5464 1359 5533 peccatorum
1406 5464 1671 5533 oriuntur.
1714 5465 1785 5516 Et
1819 5463 1939 5518 ideo

345 5534 571 5603 quidam
590 5532 983 5587 considerantes
1025 5532 1332 5600 superbiam
1365 5532 1654 5587 secundum
1691 5533 1836 5601 quod
1859 5539 1937 5588 est

1972 5362 2022 5424 D

2057 4050 2189 4102 dicit
2199 4052 2257 4102 in
2278 4050 2373 4103 lib.
2390 4044 2552 4104 ’χχχι
2570 4047 2760 4103 Moral.
2783 4061 2901 4115 cap.
2920 4051 2981 4100 31
3013 4063 3028 4098 :
3046 4046 3175 4115 Ipsa
3189 4045 3443 4097 vitiorum
3462 4044 3652 4115 regina

2056 4122 2325 4189 superbia,
2359 4136 2476 4174 cum
2515 4120 2774 4173 dem'ctum
2792 4113 2948 4186 plene
2971 4113 3304 4189 conceperit,
3337 4130 3468 4189 mea;
3509 4113 3653 4189 illud

2056 4185 2254 4259 septem
2271 4190 2668 4260 principalibus
2686 4185 2836 4242 vitiis
2862 4189 3025 4260 quasi
3034 4186 3357 4260 quibusdam
3380 4186 3494 4239 suis
3508 4185 3654 4260 duci-

2060 4256 2155 4314 bus
2178 4256 2567 4315 devastandum
2594 4260 2786 4321 tradit,
2814 4256 2883 4313 ea.-
2912 4258 3104 4328 quibus
3131 4259 3383 4312 vitiorum
3410 4256 3654 4328 multitu-

2060 4332 2212 4385 dines
2240 4334 2501 4385 oriuntur.
2532 4332 2809 4385 Hactenus
2827 4331 2895 4385 S;
2913 4326 3154 4385 Thomas
3183 4328 3357 4383 citans
3393 4326 3554 4382 verba
3573 4328 3645 4381 D.

2059 4402 2322 4473 Gregorii.
2362 4402 2576 4456 Dicitur
2601 4409 2781 4473 autem
2828 4400 3079 4471 superbia
3116 4416 3147 4454 a
3175 4398 3342 4454 verbo
3367 4413 3596 4473 supereo
3630 4415 3647 4453 :

2058 4469 2191 4527 nani
2216 4472 2362 4527 idem
2405 4480 2488 4526 est
2528 4471 2808 4543 superbire
2846 4469 2910 4527 ac
2945 4486 3189 4543 supragse
3208 4479 3303 4526 aut
3324 4469 3486 4541 supra
3515 4469 3650 4543 alios

2058 4544 2161 4614 ire,
2197 4543 2281 4597 vel
2321 4558 2498 4614 supra,
2527 4541 2841 4598 mensuram
2881 4549 2937 4597 et
2966 4541 3341 4598 conditionem
3361 4556 3514 4597 suam
3547 4541 3649 4607 ire,

2050 4613 2208 4685 juxta
2228 4613 2360 4669 illud
2389 4613 2526 4685 psal.
2570 4629 2725 4670 cxxx
2757 4617 2970 4683 :Neque
3004 4614 3283 4685 ambulavi
3306 4615 3382 4685 _in
3412 4614 3644 4685 magnis,

2056 4683 2221 4754 neque
2250 4688 2303 4739 in
2333 4683 2666 4740 mirabilibus
2689 4700 2850 4754 super
2877 4700 2977 4739 me.
3015 4683 3181 4741 Unde
3215 4683 3464 4739 Isidorus
3503 4683 3643 4752 (Lib.

2058 4756 2124 4810 de
2174 4759 2386 4813 Summo
2422 4761 2564 4813 Bono
2606 4773 2651 4811 ο.
2696 4762 2841 4821 38):
2884 4757 3176 4826 Superbus,
3227 4754 3423 4825 inquit,
3470 4755 3648 4826 dictus

2059 4831 2156 4889 est,
2189 4831 2322 4898 quia
2349 4844 2511 4899 super
2537 4830 2654 4882 vult
2679 4829 2859 4883 videri
2902 4844 3066 4897 quam
3090 4825 3169 4882 est
3194 4846 3211 4881 :
3241 4827 3341 4896 qui
3366 4828 3509 4899 enim
3532 4825 3648 4899 vah
3712 4857 3735 4867 -

2053 4896 2367 4969 supergredi
2391 4896 2531 4969 quod
2559 4905 2655 4967 est,
2679 4896 2935 4969 superbus
2965 4903 3060 4953 est.
3120 4901 3412 4953 Anselmus
3458 4897 3551 4952 lib.
3575 4896 3646 4952 de

2053 4970 2346 5041 Similitud.
2388 4990 2399 5024 :
2436 4972 2692 5041 Superbia
2735 4974 2977 5041 vocatur,
3006 4974 3081 5041 ‘eo
3115 4970 3256 5041 quod
3286 4983 3644 5041 superquam

2052 5040 2239 5096 debeat
2255 5039 2526 5111 graditur:
2553 5041 2714 5097 Unde
2739 5056 2771 5095 a
2798 5039 3064 5112 theologis
3081 5039 3353 5112 superbia
3377 5039 3648 5112 definitio,

2045 5128 2324 5182 perversus
2343 5113 2784 5167 seuinordinatus
2807 5111 3050 5182 propria
3083 5111 3410 5169 excellentia
3427 5114 3538 5165 sive
3555 5111 3649 5164 cel-

2049 5184 2308 5238 situdinis
2326 5187 2613 5255 appetitus.
2646 5184 2734 5238 Sic
2750 5183 3197 5255 Augustinusw'e
3209 5185 3364 5240 Civit.
3382 5184 3419 5236 l.
3441 5197 3507 5255 iv
3520 5197 3642 5251 cap.

2051 5259 2118 5320 3;
2162 5256 2228 5309 de
2276 5253 2432 5310 Verb.
2482 5258 2691 5310 Domin.
2725 5253 3026 5327 _ser_m._53)
3061 5275 3072 5310 :
3110 5257 3294 5327 Amore
3323 5254 3648 5327 excellentia

2049 5328 2299 5394 superbia
2348 5331 2592 5381 vocatur.
2639 5324 2745 5382 Sed
2784 5324 3319 5397 plenius'scolastici.
3351 5326 3473 5380 Non
3501 5324 3645 5397 enim

2048 5397 2228 5467 omnis
2245 5396 2574 5452 excellentia
2585 5412 2740 5451 amor
2749 5394 3017 5467 superbia
3032 5395 3256 5452 nomine
3269 5394 3643 5459 damnandus;

2048 5465 2141 5539 sed
2175 5482 2330 5539 amor
2370 5467 2482 5539 sive
2521 5468 2794 5539 appetitus
2819 5465 3191 5533 inordinatus,
3235 5467 3286 5524 id
3315 5475 3416 5535 est,
3457 5475 3644 5522 contra

2043 5537 2269 5593 rationis
2312 5537 2571 5610 ordinem
2598 5537 2664 5593 'et
2703 5539 2967 5610 regulam.
3025 5539 3327 5595 Ordinatus
3362 5546 3543 5594 autem
3590 5547 3649 5593 et

342 5605 613 5681 (Πιράἀᾳηξ
657 5604 900 5681 speciale
920 5607 1246 5681 Peccgtuml_
1275 5608 1782 5681 connumeraverunt
1821 5620 1936 5681 eam
2040 5615 2223 5681 rectus
2249 5623 2365 5664 esse
2390 5608 2509 5664 talis
2533 5624 2692 5681 amor
2719 5604 2931 5666 duobus
2958 5618 3171 5665 tantum
3195 5610 3374 5665 modis
3403 5616 3636 5681 postest.

343 5678 469 5731 aliis
483 5677 635 5730 vitiis
653 5675 995 5745 capitalibus.
1022 5674 1308 5743 Gregorius
1320 5689 1442 5727 vero
1461 5674 1797 5731 considerans
1817 5679 1936 5730 uni-

341 5749 601 5803 versalem
624 5747 737 5816 ejus
751 5748 1103 5815 inﬂuentiam,
1125 5761 1288 5814 quam
1305 5745 1465 5816 habet
1487 5745 1547 5797 in
1566 5747 1744 5800 omnia
1770 5748 1931 5810 vitia,

340 5835 445 5875 non
472 5815 869 5877 connumeravit
890 5834 1003 5873 eam
1024 5818 1149 5873 aliis
1164 5815 1488 5885 capitalibus
1509 5816 1690 5885 vitiis;
1720 5817 1815 5872 sed
1834 5833 1933 5889 po-

2044 5678 2295 5735 Primum
2335 5695 2463 5763 cum
2500 5680 2737 5763 propria
2781 5682 3112 5737 excellentia
3137 5678 3643 5763 et.laudis_:sollieiti

2043 5764 2241 5823 sumus
2265 5760 2484 5823 propter
2513 5751 2616 5807 Dei
2642 5751 2911 5808 honorem
2959 5761 3013 5807 et
3055 5751 3292 5823 proximi
3322 5751 3632 5807 utilitatem.

2041 5822 2124 5878 De
2163 5821 2344 5893 primo
2369 5821 2670 5895 'Apostolus
2703 5841 2716 5879 :
2764 5826 2870 5891 Qui
2887 5821 3171 5892 gloriatur,
3195 5821 3391 5895 inquit,
3424 5824 3485 5877 in
3532 5825 3643 5877 Do-
