4012 6192
330 199 410 252 421
774 255 777 258 ἠ
876 198 966 253 DE
1001 156 1479 255 COENGBIORUM
1516 199 1759 257 INSTIT.
1799 200 1927 255 LIB.
1968 201 2080 256 ΧΠ.
2119 229 2191 242 -
2229 201 2318 256 DE
2355 201 2624 259 SPIRITU
2662 202 3042 261 SUPERBle.

3511 211 3615 266 422

330 323 349 352 ⁸
371 318 587 377 ultimus
617 320 687 377 sit
714 321 768 376 in
808 321 1074 379 conﬂictu
1111 323 1392 393 vitiorum,
1436 332 1598 396 atque
1624 325 1678 381 in
1718 325 1911 382 ordine
1946 328 1998 391 Α
2018 340 2142 382 mus
2166 327 2608 395 est;saevissima
2626 329 3069 402 etsuperioribus
3083 330 3298 387 cunctis
3319 331 3616 388 immanior

331 424 554 486 ponatur
590 423 891 485 extremus,
930 411 957 449 δ
988 416 1194 489 origine
1217 425 1403 474 tamen
1432 426 1486 474 et
1517 426 1769 491 tempore
1796 419 1910 491 pri-

2020 420 2213 488 bestia,
2254 419 2522 492 perfectos
2566 422 2804 479 maxime
2849 432 3084 495 tentans,
3114 433 3169 481 et
3212 424 3614 498 propemodum

1414 578 1668 634 ALARDl
1709 580 1931 634 (ἶΑΖίΕΙ
1971 579 2529 638 COMMENTARIUS.

333 721 458 793 mino
491 721 754 793 glorietur
794 723 840 792 (Ι
872 722 1049 778 Corin.
1080 720 1222 792 I).Et
1268 720 1396 777 alibi
1425 721 1493 778 de
1530 721 1721 779 divinis
1759 737 1922 793 agens

331 791 745 863 revelationibus
819 795 891 858 (II
941 793 1112 850 Corin.
1179 807 1281 850 xu
1312 798 1370 861 ):
1429 796 1534 848 Pro
1593 791 1918 863 hujusmbdi,

331 862 517 932 inquit,
550 864 854 932 gloriabor;
892 880 992 934 pro
1030 881 1110 919 me
1136 870 1314 919 autem
1351 866 1509 932 nihil,
1539 866 1648 919 nisi
1666 862 1734 919 in
1766 868 1922 935 inﬁr-

331 935 607 1007 mitatibus
636 937 784 989 meis.
812 936 1054 990 Rursum
1083 944 1309 1007 propter
1352 936 1584 990 aliorum
1631 935 1919 990 utilitatem

331 1018 450 1059 suas
485 1005 672 1061 laudes
705 1005 1416 1062 commemoransfFactus
1460 1022 1595 1069 sum,
1643 1006 1738 1073 ait,
1786 1010 1918 1061 insi-

325 1077 470 1144 piens
496 1076 725 1141 (scilicet
745 1077 848 1132 ista
877 1094 1000 1149 quae
1026 1092 1212 1149 passus
1235 1092 1357 1133 sum
1390 1077 1918 1148 commemorando),

328 1162 406 1201 vos
429 1163 512 1201 me
540 1150 804 1216 coegistis.
835 1152 950 1217 Ego
972 1166 1005 1203 a
1022 1150 1167 1203 vobis
1195 1149 1355 1203 debui
1370 1149 1759 1215 commendari;
1784 1150 1921 1203 nihil

327 1220 456 1272 enim
473 1221 650 1273 minus
677 1222 769 1286 fui
790 1220 857 1272 ab
882 1223 950 1273 iis
972 1222 1065 1289 qui
1092 1224 1214 1273 sunt
1234 1236 1405 1290 supra
1433 1221 1645 1273 modum
1668 1221 1916 1289 apostoli,

328 1292 532 1369 tametsi
557 1292 697 1371 nihil
719 1306 852 1371 sum.
877 1292 1064 1371 Itaque
1086 1291 1309 1371 studere
1329 1291 1501 1371 bona}.
1518 1290 1679 1346 famae
1703 1290 1918 1371 etlaudi

326 1359 577 1430 pr0prim,
620 1360 702 1415 his
738 1361 803 1416 de
842 1359 1038 1427 causis,
1081 1361 1355 1431 superbire
1408 1361 1603 1416 vitium
1659 1376 1769 1416 non
1814 1370 1913 1416 est.

326 1433 529 1503 Rursus
554 1431 1009 1503 nequesuperbia
1032 1439 1303 1503 censetur,
1333 1448 1458 1487 cum
1474 1432 1614 1503 quis
1639 1432 1917 1503 propriam

327 1500 690 1557 excellentiam
733 1502 790 1573 in
822 1502 968 1557 bono
1005 1502 1322 1559 desiderat:
1373 1510 1434 1556 ut
1460 1500 1688 1573 ﬂagrare
1725 1500 1917 1559 amore

328 1573 533 1644 virtutis
575 1581 631 1627 et
653 1572 993 1637 eruditionis,
1027 1588 1334 1644 cupereque
1380 1573 1433 1628 in
1462 1572 1693 1644 utraque
1732 1576 1919 1629 excel-

326 1644 448 1716 lere,
478 1642 522 1699 si
566 1651 749 1716 tamen
774 1644 955 1700 media
987 1643 1074 1700 hic
1101 1642 1273 1716 magis
1296 1659 1459 1716 quam
1488 1642 1654 1716 linem
1670 1652 1913 1716 expetat,

325 1714 373 1770 id
431 1723 532 1780 est,
584 1714 813 1771 virtutes
865 1716 1006 1785 ipsas
1055 1724 1121 1785 ct
1157 1714 1481 1771 laudabilem
1527 1714 1912 1780 eruditiOnem,

326 1785 485 1858 magis
504 1801 667 1858 quam
687 1784 913 1858 gloriam
938 1795 992 1841 et
1008 1784 1247 1842 laudem.
1269 1787 1372 1841 Hic
1394 1786 1541 1858 enim
1566 1801 1726 1858 amor
1746 1786 1917 1842 laudis

325 1857 654 1912 inordinatus
688 1857 863 1914 adhuc
907 1874 1019 1913 non
1059 1866 1162 1920 est,
1204 1873 1330 1913 cum
1380 1858 1449 1912 ad
1489 1857 1628 1913 hanc
1668 1857 1920 1913 hortetur

323 1928 748 1996 ApostoluszDe
792 1933 998 1991 ccetero,
1058 1928 1251 1999 inquit,
1302 1929 1521 1995 fratres,
1577 1945 1920 1999 quiscumque

321 2005 439 2054 sunt
458 2016 602 2063 rora,
624 2016 970 2092 quteeumque
990 2001 1188 2069 pudica
1218 2016 1557 2092 quaecumque
1571 2005 1740 2062 casta,
1762 2017 1916 2069 qute-
1944 2031 1990 2092 B

322 2086 537 2141 aurique
589 2077 798 2134 saneta,
861 2086 1205 2140 qutelmmque
1248 2072 1526 2135 amabilia,
1574 2088 1916 2141 quacumque

325 2143 467 2196 bonae
505 2145 688 2209 ranae,
728 2145 779 2197 si
805 2159 914 2212 qua
955 2144 1145 2201 uirtus,
1176 2144 1227 2194 si
1258 2143 1510 2210 qualaus,
1545 2143 1656 2195 heec
1687 2145 1917 2210 cogitate

322 2212 537 2285 (Philip.
574 2216 675 2283 tv).
722 2216 789 2268 Et
826 2228 1049 2268 rursus:
1085 2215 1287 2267 Bonum
1312 2215 1423 2285 fac,
1456 2213 1762 2285 et_habebis
1793 2214 1917 2267 lau-

321 2283 443 2338 dem
463 2302 529 2338 eae
546 2287 641 2339 illa
656 2287 824 2355 (Rom.
842 2284 1283 2355 x111),potestate
1298 2283 1502 2355 scilicet
1520 2283 1773 2339 humana.
1792 2287 1915 2339 Non

322 2356 466 2411 enim
504 2353 679 2411 solum
710 2353 966 2411 futuram
998 2353 1148 2410 illam
1197 2353 1471 2425 proponit,
1521 2354 1588 2410 de
1636 2370 1746 2426 qua
1785 2355 1913 2410 alibi

321 2426 475 2483 dicit:
533 2431 672 2483 Tunc
702 2429 819 2482 laus
865 2429 965 2481 erit
1005 2428 1297 2497 unicuique
1319 2442 1353 2479 α
1382 2429 1486 2497 Deo
1509 2426 1549 2497 (Ι
1589 2426 1765 2482 Corin.
1799 2430 1907 2492 ιγ).

390 2500 552 2554 Extra
592 2498 873 2571 hospcasus
903 2496 1483 2571 propriaecxcellentiae
1516 2512 1673 2571 amor
1703 2497 1912 2571 inordig

320 2578 475 2625 natus
502 2570 624 2637 erit,
665 2567 1196 2640 ideoque'superbiaz
1230 2583 1432 2640 nomen
1466 2567 1708 2638 accipiet.
1752 2570 1912 2639 Quod

320 2640 537 2711 quidem
571 2646 707 2713 quot
741 2639 921 2696 modis
952 2639 1061 2707 ﬁat,
1091 2656 1238 2696 nunc
1266 2639 1533 2713 dicemus.
1560 2642 1916 2713 Enumeran-

319 2710 410 2767 tur
435 2710 619 2768 autem
639 2721 890 2768 accurate
916 2727 946 2767 a
976 2715 1045 2768 D.
1078 2712 1339 2783 Gregorio
1368 2712 1585 2783 (Morel.
1621 2710 1915 2783 lib._xx1u

318 2799 436 2853 cap.
478 2784 552 2853 7),
582 2799 745 2855 quem
775 2799 968 2838 omnes
1000 2779 1527 2855 postea—scholastici
1558 2779 1731 2836 secuti
1764 2790 1910 2837 sunt.

322 2854 812 2926 Quatuor,linquit,
840 2859 967 2908 sunt
1010 2856 1225 2925 species,
1270 2855 1465 2923 quibus
1513 2856 1686 2907 omnis
1737 2857 1917 2908 tumor

319 2929 696 2994 arroqantium
725 2927 1146 2981 demonstratur:
1174 2942 1290 2979 cum
1320 2927 1506 2979 bonum
1535 2929 1634 2979 aut
1662 2941 1696 2978 α
1724 2929 1917 2979 Somet—

317 2997 450 3065 ipsis
490 2999 683 3051 habere
718 3013 771 3051 se
808 3000 1108 3060 (estimant;
1137 3001 1232 3050 aut
1261 2999 1311 3049 si
1336 2997 1440 3050 sibi
1476 2996 1662 3050 datum
1691 2996 1918 3065 desuper

318 3068 567 3128 credunt,
595 3084 694 3135 pro
725 3070 835 3120 suis
859 3083 912 3120 se
941 3069 1033 3120 hoc
1061 3069 1315 3136 accepisse
1342 3083 1411 3119 m!
1428 3069 1549 3120 ritis
1574 3071 1792 3135 puta-nt,
1821 3071 1917 3120 aut

318 3143 460 3191 certe
506 3154 623 3191 cum
654 3138 870 3205 jactant
901 3152 966 3205 _se
1008 3138 1197 3191 habere
1227 3137 1371 3204 quod
1407 3151 1511 3189 non
1558 3137 1774 3198 habent,
1823 3141 1921 3190 aut

321 3208 585 3275 despectis
619 3198 820 3261 cui-teris
838 3198 1192 3273 singulariter
1221 3198 1401 3259 rideri
1438 3212 1696 3275 appetunt
1730 3207 1923 3261 habere

318 3278 469 3347 quod
488 3278 704 3332 habent.
740 3279 818 3332 lta
852 3276 1162 3347 Gregorius.
1197 3275 1404 3347 Prima,
1426 3291 1553 3347 ergo
1582 3275 1788 3347 species
1825 3292 1922 3332 su-

320 3345 526 3419 perbire
562 3348 898 3419 estibonum
937 3345 1153 3418 aliquod
1188 3362 1284 3403 seu
1318 3345 1516 3402 animae
1539 3345 1638 3419 seu
1676 3348 1922 3418 corporis

321 3416 420 3499 sibi
451 3418 554 3499 soli
582 3418 977 3499 tribueretnou
1001 3416 1120 3499 _De_o
1145 3427 1428 3499 acceptum
1464 3416 1701 3499 referre:
1718 3416 1924 3499 Guntra
1958 3435 2002 3499 ο

323 3489 466 3546 hanc
479 3491 779 3562 Apostolus
801 3510 812 3544 :
834 3491 977 3558 Quid
994 3491 1157 3546 habes
1170 3491 1315 3561 quod
1323 3506 1426 3546 non
1446 3492 1701 3560 accepisti
1716 3492 1920 3546 ?Siau-

324 3566 426 3616 tem
445 3565 712 3633 accepisti,
731 3563 864 3632 quid
876 3563 1145 3631 gloriaris,
1158 3564 1320 3633 quasi
1339 3578 1443 3617 non
1465 3564 1725 3633 acceperis
1743 3562 1782 3633 (Ι
1799 3564 1916 3619 Cor.

326 3634 400 3703 iv)
423 3636 451 3687 ?
479 3635 611 3705 Haec
638 3633 741 3689 fuit
770 3633 971 3689 diaboli
999 3634 1268 3704 superbia,
1302 3648 1407 3705 qua
1435 3634 1603 3689 voluit
1626 3633 1683 3688 in
1722 3635 1920 3690 caelum

320 3704 630 3773 ascendere,
688 3712 743 3760 et
786 3705 975 3760 similis
1026 3720 1143 3761 esse
1182 3704 1486 3761 Altissimo.
1548 3705 1691 3760 Talis
1728 3705 1921 3767 .ctiam

320 3775 576 3846 superbia
605 3791 798 3832 eorum
823 3775 1111 3832 hominum
1138 3776 1231 3846 qui
1257 3792 1316 3831 se
1345 3792 1442 3844 pro
1464 3775 1565 3846 diis
1594 3776 1701 3831 coli
1728 3776 1921 3831 volue-

320 3845 473 3913 runt,
527 3855 590 3902 ut
639 3846 951 3902 Alexander
1001 3845 1249 3911 Macedo,
1306 3845 1817 3901 Nabuchodonozor
1865 3845 1920 3900 in

313 3916 642 3988 Babylonia,
691 3917 941 3988 Herodes
988 3915 1045 3988 in
1073 3914 1303 3988 Judma,_
1338 3921 1393 3967 et
1420 3913 1565 3988 _alii_
1586 3916 1918 3988 complures.

312 3980 512 4058 Altera
559 3980 829 4058 superbia:
874 3985 1080 4058 species
1121 3991 1228 4049 est,
1274 3980 1435 4036 fateri
1477 3980 1775 4058 quidem_'a
1809 3986 1925 4037 Dco

309 4051 646 4137 bona_esse'
670 4071 792 4137 quae
841 4051 1536 4137 acc‘e_pimus_;‘etutamen_
1564 4051 1641 4106 sic
1685 4051 1830 4119 data,
1865 4061 1926 4133 ut

307 4128 536 4183 nostris
570 4123 801 4193 meritis,
832 4123 1021 4183 studiis
1050 4133 1104 4180 et
1126 4123 1417 4195 laboribus
1445 4123 1924 4195 putemusiacqui-

305 4199 451 4255 sita.
508 4198 713 4254 Contra
756 4213 919 4269 quam
963 4194 1272 4265 superbiam
1331 4194 1631 4269 Apostolus
1679 4194 1919 4250 clamat:

310 4272 439 4327 Non
483 4286 552 4324 ea:
591 4270 756 4336 vobis,
774 4268 903 4325 lnon
930 4284 997 4323 ea:
1023 4269 1285 4338 operibus,
1328 4272 1388 4321 ut
1417 4284 1482 4321 ne
1509 4268 1631 4337 quis
1663 4268 1925 4335 glorietur

315 4342 539 4411 (Ephes.
575 4342 666 4409 n).
704 4343 769 4396 Et
800 4348 954 4397 vetus
989 4338 1262 4411 Scriptura
1290 4355 1304 4393 :
1338 4339 1473 4411 Vide
1500 4355 1565 4394 ne
1584 4338 1921 4393 obliviscaris

323 4410 547 4467 Domini
577 4415 679 4469 Dei
702 4415 816 4479 tui;
858 4418 909 4468 et
942 4410 1232 4482 postquam
1268 4410 1570 4474 comedetis,
1613 4415 1665 4466 et
1685 4412 1919 4466 satiatus

317 4485 516 4549 fueris,
548 4486 780 4540 elevatur
801 4500 889 4540 cor
913 4489 1083 4545 tuum,
1114 4487 1164 4536 et
1184 4483 1330 4536 dicas
1367 4484 1426 4536 in
1451 4483 1604 4536 corde
1632 4487 1722 4537 tuo
1743 4500 1760 4537 :
1786 4484 1918 4538 For-

322 4557 500 4610 titudo
541 4571 678 4619 mea,
720 4560 773 4610 et
822 4556 983 4610 robur
1030 4569 1221 4608 manus
1265 4568 1395 4606 mea:
1438 4553 1546 4607 haec
1578 4554 1715 4607 mihi
1740 4554 1920 4607 omnia

323 4630 690 4692 praestiterunt
731 4630 1005 4691 (Deutero.
1062 4621 1232 4691 Vin).
1263 4622 1410 4677 Talis
1436 4631 1554 4677 erat
1579 4623 1761 4691 Ozias,
1804 4623 1917 4679 sive

324 4699 555 4767 Azarias
572 4714 688 4761 rex,
711 4699 940 4767 quicum
962 4696 1243 4751 roboratus
1268 4697 1419 4759 esset,
1450 4693 1709 4748 eleuatum
1736 4699 1813 4748 est
1831 4709 1920 4747 cor

327 4766 466 4834 ejus,
496 4774 545 4823 et
572 4771 807 4838 neglexit
843 4769 1126 4824 Dominum
1169 4768 1528 4838 _Deum_suum
1566 4767 1618 4829 (4
1649 4767 1795 4838 -Ιζεςιἶ
1823 4778 1916 4838 xv,

330 4842 385 4914 et
408 4840 450 4893 ll
484 4833 666 4914 Pin-al.
703 4842 897 4914 xxvn,
926 4847 1032 4914 etc.
1062 4839 1141 4892 Ex
1170 4835 1274 4914 ha_c
1292 4834 1464 4914 etiam
1484 4833 1732 4905 superbia
1761 4834 1920 4888 Pela-

330 4907 491 4976 giana
549 4910 774 4967 haeresis
816 4908 1064 4976 emersit,
1110 4915 1165 4961 et
1217 4907 1641 4976 Donatistarum,
1682 4919 1918 4976 quoque.

331 4974 534 5053 Contra
563 4998 700 5053 quos
730 4981 932 5053 saepius
973 4974 1566 5053 ustirpatAugustinus
1592 4974 1926 5053 illuddere-f

332 5050 499 5107 mite:
532 5046 852 5109 Haledictus
899 5052 1071 5125 homo,
1110 5046 1218 5117 qui
1245 5046 1460 5125 confidit
1503 5047 1562 5099 in
1606 5046 1838 5125 homiue,
1860 5050 1926 5125 et

330 5126 487 5187 ponit
523 5141 737 5180 carnem
769 5124 1044 5178 brachium
1082 5116 1238 5174 suum
1281 5119 1488 5186 (Jerem.
1522 5116 1696 5187 xvn).
1747 5116 1925 5187 Tertia

336 5185 602 5261 superbiae
649 5195 859 5263 species
887 5202 988 5256 est,
1035 5190 1139 5247 sibi
1189 5185 1482 5263 attribuere
1527 5185 1928 5263 bouumquod

339 5258 459 5333 quis
482 5282 588 5322 non
616 5258 802 5333 habet,
833 5273 927 5320 aut
955 5263 1137 5318 minus
1163 5277 1331 5333 quam
1365 5259 1554 5315 habet.
1576 5258 1789 5333 Qualis
1810 5264 1928 5333 erat

344 5328 429 5405 ille
455 5328 800 5395 Laodicensis
829 5337 1135 5405 episcopus,
1161 5328 1348 5389 contra
1374 5347 1538 5403 quem
1560 5328 1840 5405 Dominus
1870 5328 1925 5383 in

345 5404 702 5483 Apocalypsi:
746 5402 890 5463 Dicis
930 5402 1074 5483 quod
1110 5406 1262 5483 diues
1293 5402 1431 5465 sum,
1462 5408 1512 5483 et
1556 5402 1923 5483 locupletatus,

346 5474 609 5549 {tinnulas
646 5496 796 5549 egeo;
825 5483 876 5534 et
898 5474 1067 5533 nescis
1096 5478 1224 5546 quia
1241 5480 1302 5530 tu
1327 5490 1386 5549 es_
1412 5477 1594 5549 miser,
1622 5479 1671 5528 et
1696 5474 1927 5549 misera-3

349 5542 485 5626 bilis,
510 5558 560 5608 et
868 5554 917 5605 et
956 5542 1140 5626 caecus,
1183 5551 1235 5602 et
1274 5546 1448 5626 nudus
1487 5545 1733 5626 (Apoeal.
1780 5545 1927 5626 tu)?

346 5616 540 5694 Quarta
565 5616 835 5694 superbiae
862 5620 1069 5694 species
1096 5626 1194 5694 est,
1225 5633 1378 5683 cum,
1401 5616 1670 5694 despectis
1695 5616 1926 5694 caeteris,

349 5686 1003 5767 “bonum-singulariter
1037 5689 1238 5767 habere
1275 5687 1423 5767 quod
1460 5686 1728 5767 habemus
1756 5686 1928 5767 videri

346 5760 614 5836 volumus,
638 5758 849 5836 nosciue
868 5761 992 5820 inde
1020 5761 1143 5818 aliis
1166 5758 1526 5833 praeferimus.
1556 5759 1682 5829 Quo
1708 5758 1930 5814 nomine

1947 4807 1999 4869 D

2025 723 2447 798 reprehenditur
2485 726 2574 781 ille
2617 724 2922 783 Pharisaeus
2952 726 3043 798 qui
3075 731 3155 794 (ut
3181 727 3259 783 ait
3300 727 3625 798 Gregorius)

2026 797 2223 868 idcirco
2251 799 2316 852 de
2340 799 2534 867 templo
2563 798 2761 866 absque
2779 797 3163 868 justiﬁCatione
3183 797 3469 861 descendit,
3490 803 3619 868 quia

2030 866 2281 922 bonmum
2328 866 2546 939 operum
2592 866 2843 924 meritum
2897 866 3023 933 sibi,
3080 873 3238 939 quasi
3272 866 3621 939 singulariter

2030 940 2282 1012 tribuens,
2332 942 2514 994 oranti
2526 940 2820 1012 publicano
2846 956 2901 995 se
2916 943 3166 1011 praetulit
3197 942 3369 1012 (Lucra
3412 943 3617 1006 xvm).

2028 1008 2162 1065 Vide
2200 1011 2375 1083 plura
2399 1008 2652 1083 apuqu:
2694 1008 2995 1083 Thomam.
3022 1014 3102 1067 De
3144 1008 3409 1083 gradibus
3437 1020 3619 1068 autem

2027 1082 2298 1151 superbia:
2325 1080 2539 1136 dicetur
2568 1080 2708 1152 infra
2740 1083 2890 1152 (Cap.
2916 1082 3027 1152 25).

2098 1161 2132 1233 “_
2151 1151 2270 1233 Qua
2287 1152 2508 1233 ratione
2540 1151 2805 1233 morbum
2828 1151 3100 1233 Superbia
3120 1153 3391 1233 ultimum
3418 1154 3473 1208 in
3491 1169 3639 1227 con-,

2028 1221 2178 1295 flictu
2204 1223 2464 1295 vitiorum
2496 1222 2747 1295 posuerit,
2764 1221 3074 1291 Cassianus,
3106 1223 3320 1295 dictum
3352 1233 3435 1279 est
3463 1240 3621 1295 supe-

2025 1293 2159 1366 rius,
2199 1301 2254 1349 et
2283 1293 2392 1364 ipse
2417 1293 2598 1350 verbis
2628 1294 2788 1364 paulo
2820 1304 2943 1366 post
2973 1294 3323 1366 sequentibus
3355 1293 3616 1357 insinuat,

2025 1363 2150 1436 quia
2179 1363 2492 1429 sanissimo,
2533 1370 2582 1420 et
2609 1363 2809 1420 cunctis
2823 1363 3196 1436 superioribus
3228 1368 3517 1420 immanior
3545 1371 3622 1420 est

2028 1435 2214 1506 bestia,
2242 1440 2508 1505 perfectos
2542 1440 2778 1491 maxime
2819 1435 3048 1506 tentans,
3097 1446 3200 1493 etc.
3241 1437 3454 1493 Dicitur
3490 1451 3619 1506 ergo

2025 1505 2556 1589 superbia__tnorbus
2591 1508 2860 1589 ultimus,“
2882 1505 3247 1589 quia'ultimo
3276 1516 3497 1589 etpost
3512 1505 3619 1589 alia

2027 1577 2214 1650 omnia
2244 1577 2373 1650 vitia
2404 1586 2710 1650 superatur,
2744 1577 3066 1650 difﬁcillime
3093 1577 3428 1650 expugnatur
3455 1579 3620 1634 etiam

2025 1662 2054 1721 ξι
2089 1647 2368 1721 perfectis,
2394 1647 2532 1721 quos
2556 1649 2795 1703 maxime
2814 1649 3119 1720 impugnat.
3150 1647 3312 1721 Quod
3350 1650 3622 1721 eleganter

2023 1720 2100 1791 D._
2147 1719 2379 1789 Prosper
2413 1719 2561 1791 (Lib.
2596 1722 2909 1791 Epig-ram.)
2954 1719 3072 1774 tum
3103 1719 3283 1791 prosa,
3330 1719 3456 1775 tum
3497 1736 3635 1775 car-

2025 1788 2173 1844 mine
2203 1790 2470 1859 expressit
2506 1790 2559 1843 in
2596 1789 2744 1844 hunc
2780 1790 3049 1845 modum:
3085 1788 3196 1858 Quo
3220 1792 3457 1861 primum
3491 1794 3624 1845 vitio

2023 1865 2309 1930 superatus
2343 1866 2419 1916 est
2458 1862 2630 1927 homo,
2676 1862 2771 1915 hoc
2812 1863 3060 1915 ultimum
3100 1865 3285 1917 uincit.
3319 1864 3449 1918 Cum
3484 1865 3623 1916 enim

2025 1933 2205 1986 omnia
2227 1936 2447 2001 peccata
2481 1935 2834 2002 superaverit,
2856 1938 3039 1987 manet
3058 1935 3380 2003 periculum,
3408 1950 3472 1988 ne
3502 1935 3625 1987 bene

2024 2005 2134 2057 sibi
2156 2019 2303 2058 mens
2340 2007 2566 2066 conscia,
2598 2005 2654 2056 in
2690 2020 2745 2057 se
2770 2007 2954 2073 potius
2993 2021 3157 2075 quam
3185 2008 3242 2058 in
3261 2006 3486 2060 Domino
3514 2006 3627 2073 glo-

2024 2077 2217 2130 rietur.

2084 2183 2193 2238 Qua
2211 2180 2425 2243 primum
2444 2180 2488 2228 in
2506 2182 2712 2229 mortem
2732 2183 2807 2243 est
2828 2179 2977 2228 homo
3000 2179 3174 2243 pulsus
3202 2179 3377 2229 fraude
3397 2178 3616 2242 maligni,

2148 2242 2283 2305 Hanc
2308 2242 2379 2290 illi
2406 2246 2683 2291 extremum
2707 2242 2835 2291 bella
2861 2247 3058 2305 peracta
3087 2245 3304 2292 movent.

2081 2304 2327 2353 Sublimes
2348 2308 2406 2352 ut
2426 2317 2538 2353 cum
2564 2306 2770 2367 palmas,
2795 2304 3051 2366 clarasque
3073 2318 3281 2354 coronas

2146 2367 2437 2430 Sumpserit,
2453 2370 2611 2430 atque
2634 2367 2827 2417 hostem
2851 2367 3126 2430 subdiderit
3141 2367 3369 2430 pedibus,

2084 2428 2281 2477 Virtuti
2300 2428 2510 2492 proprias
2531 2428 2651 2492 velit
2684 2430 2933 2491 assignare
2965 2428 3305 2492 triumphum;

2152 2492 2259 2539 Non
2281 2491 2506 2551 Domino,
2541 2491 2685 2550 cujus
2713 2505 2891 2540 munus
2913 2506 3134 2555 opusque
3169 2492 3279 2542 fuit.

2088 2555 2142 2601 1n
2174 2566 2273 2613 quo
2293 2566 2391 2600 uno
2413 2566 2607 2615 semper
2633 2558 2831 2614 superat
2857 2554 2943 2663 qui
2959 2568 3052 2602 non
3081 2555 3396 2616 superaturj.‘

2152 2617 2264 2663 Ouo
2287 2614 2516 2663 (limante
2545 2626 2745 2662 manum
2767 2615 2860 2663 sub
2896 2628 2995 2663 ere.
3024 2629 3170 2663 nemo
3195 2616 3341 2663 cadit.

2152 2617 2264 2670 Quo
2287 2614 2516 2675 dignanle
2545 2626 2745 2662 manum
2767 2614 2995 2675 subdere,
3024 2614 3170 2664 nemo
3195 2616 3341 2665 cadit.

2030 2709 2271 2765 Isidorus
2299 2710 2391 2765 lib.
2417 2725 2464 2765 II
2489 2709 2555 2764 de
2580 2713 2809 2767 Summo
2834 2713 2986 2765 Bono
3010 2712 3159 2780 (Cap.
3193 2712 3278 2781 38)
3300 2706 3623 2781 :'Superbia,

2026 2782 2232 2852 inquit,
2254 2784 2394 2836 sicut
2413 2784 2561 2850 origo
2587 2786 2665 2836 est
2680 2784 2922 2836 omnium
2945 2785 3253 2848 criminum,
3277 2784 3358 2835 ita
3373 2785 3536 2836 ruina
3550 2788 3628 2837 est

2027 2856 2263 2908 omnium
2292 2855 2557 2907 uirtutum
2572 2872 2589 2919 ;
2604 2855 2725 2923 ipsa
2740 2858 2816 2908 est
2830 2855 2971 2908 enim
2989 2855 3046 2907 in
3064 2857 3280 2923 peccato
3288 2855 3489 2923 prima,
3509 2856 3627 2923 ipsa

2025 2927 2085 2979 in
2109 2927 2355 2992 conﬂictu
2366 2928 2658 2994 postrema.
2680 2928 2807 2979 Hcce
2831 2926 2973 2980 enim
2992 2927 3179 2995 prima
3207 2929 3304 2978 aut
3325 2927 3386 2978 in
3410 2926 3627 2979 exordio

2026 3001 2250 3050 mentem
2267 3012 2362 3065 per
2374 3000 2648 3065 peceatum
2670 2998 2987 3066 prosternit,
3019 3001 3115 3050 aut
3140 2997 3421 3050 novissime
3445 2997 3510 3050 de
3527 2998 3627 3049 trir-

2025 3068 2228 3121 tutibus
2241 3067 2426 3136 dejieit
2436 3107 2448 3120 .
2468 3068 2599 3122 Inde
2609 3072 2659 3122 et
2679 3070 2913 3122 omnium
2923 3072 3260 3137 peccatorum
3272 3070 3349 3121 est
3359 3069 3623 3128 matrima,

2026 3141 2153 3207 quia
2171 3142 2279 3193 tam
2290 3154 2387 3207 per
2400 3139 2628 3193 virtutes
2644 3156 2805 3210 quam
2822 3156 2923 3211 per
2937 3156 2965 3193 τ
2974 3142 3069 3194 itia
3086 3139 3381 3193 humanam
3398 3143 3625 3192 mentem

2026 3211 2368 3264 exterminat.

2098 3272 2123 3308 δ
2162 3281 2326 3344 Nam,
2369 3287 2429 3333 ut
2476 3279 2551 3334 ait
2595 3280 3000 3335 Ecclesiasticus
3050 3281 3199 3350 (Cap.
3250 3278 3354 3343 x):
3403 3272 3624 3334 Initium

2029 3352 2198 3404 omnis
2228 3352 2431 3419 peccati
2464 3352 2733 3421 superbia.
2766 3354 2835 3405 Et
2872 3351 3073 3422 Tobias
3103 3366 3222 3422 cap.
3266 3365 3367 3405 1v:
3408 3353 3469 3405 In
3507 3353 3625 3419 ipsa

2030 3422 2245 3475 initium
2272 3424 2495 3491 sumpsit
2518 3425 2688 3477 omnis
2710 3422 2964 3492 perditio.
2988 3421 3205 3477 Dicitur
3233 3429 3414 3476 autem
3439 3436 3628 3492 super-

2032 3491 2118 3574 bia
2150 3492 2367 3573 initium
2400 3494 2587 3574 ‘omnis
2630 3491 2857 3574 peccati,
2898 3492 3097 3574 duplici
3126 3493 3373 3574 ratione:
3415 3498 3470 3546 1°
3500 3491 3624 3574 quia

2030 3572 2144 3619 tam
2174 3564 2228 3618 in
2260 3564 2467 3636 angelis
2489 3564 2655 3636 quam
2690 3564 2743 3619 in
2765 3564 3082 3636 hominibus
3113 3565 3349 3634 primum
3374 3564 3624 3636 omnium

2031 3644 2311 3707 peccatum
2339 3634 2441 3690 luit
2479 3634 2753 3707 superbia,
2783 3644 2843 3691 ut
2868 3634 3008 3707 infra
3037 3636 3390 3707 ostendetur;
3412 3641 3471 3689 2°
3501 3635 3625 3707 quia

2030 3704 2093 3761 ex
2136 3704 2406 3778 superbia,
2445 3704 2729 3777 tamquam
2770 3722 2835 3762 ex
2885 3704 3038 3761 fonte
3083 3714 3138 3761 et
3182 3705 3389 3778 origine
3443 3704 3626 3778 omnia

2031 3773 2376 3858 peccatorum
2397 3773 2602 3858 genera
2625 3773 3419 3858 promanant‘etmscatuﬁunt.
3460 3773 3630 3858 Quod

2031 3842 2245 3904 duobus
2291 3842 2472 3904 modis
2515 3842 2802 3917 contingit,
2846 3855 2910 3901 ut
2948 3848 3019 3901 D.
3062 3846 3325 3917 Thomas
3354 3842 3624 3911 explicat:

2032 3917 2211 3988 primo
2252 3917 2479 3983 directe,
2528 3933 2628 3973 seu
2672 3912 2766 3988 pér
2792 3912 2890 3988 se,
2946 3924 3212 3988 quatenus
3257 3912 3360 3967 alia
3392 3920 3627 3988 peccata

2033 3982 2355 4042 ordinantur
2382 3989 2453 4043 ad
2472 3982 2655 4043 ﬁnem
2673 3982 2978 4056 superbiai,
3004 3987 3094 4056 qui
3116 3993 3198 4039 est
3222 3982 3437 4054 propria
3465 3983 3633 4056 excel-

2037 4056 2221 4123 lentia,
2250 4056 2329 4127 ad‘
2360 4074 2523 4127 quam
2554 4051 2973 4127 referri‘potest,
3015 4051 3071 4127 et
3094 4051 3415 4127 plerumque
3455 4051 3630 4127 refer-

2034 4133 2144 4189 tur,
2207 4122 2463 4196 quidquid
2504 4122 2823 4196 inordinate,
2850 4122 3157 4196 appetitur;
3202 4122 3441 4178 secundo
3486 4123 3627 4179 indi-

2033 4194 2306 4267 rectepet
2355 4194 2510 4267 quasi
2570 4211 2666 4266 per
2712 4194 2985 4267 accidens,
3038 4195 3242 4250 scilicet
3296 4196 3625 4267 removendo

2032 4265 2505 4339 impedimentum,
2545 4265 2679 4323 dum
2710 4265 2879 4322 homo
2906 4282 3000 4338 per
3035 4267 3347 4339 superbiam
3396 4267 3512 4339 lege
3540 4266 3627 4323 di-

2034 4337 2180 4412 vina,
2238 4354 2334 4409 per
2377 4354 2613 4412 quamn
2667 4337 3344 4412 peccato’prohibebatur,
3397 4337 3626 4412 objecta,

2029 4410 2183 4483 quasi
2227 4419 2439 4466 remoto
2479 4410 2636 4467 obice
2670 4424 2734 4483 ac
2760 4411 3037 4483 repagulo,
3073 4426 3278 4483 pronus
3310 4418 3366 4466 et
3388 4410 3628 4483 princeps

2027 4480 2081 4535 in
2103 4497 2266 4536 omne
2297 4491 2577 4554 peccatum
2615 4481 2747 4548 ruit,
2770 4480 3227 4539 secundum'illud
3259 4480 3513 4539 Jereiniae
3541 4480 3625 4539 1i:

2027 4554 2350 4623 Confregisti
2363 4556 2578 4625 jugum,
2608 4556 2811 4625 rupisti
2845 4555 3090 4621 vincula,-
3120 4557 3333 4617 diwisti,
3363 4558 3487 4625 Non,
3514 4569 3629 4608 ser-

2024 4627 2187 4699 viam.
2222 4629 2341 4694 Qua
2366 4623 2581 4699 ratione
2604 4623 2801 4682 dicitur
2829 4641 2990 4680 omne
3020 4634 3301 4699 peccatum
3342 4623 3626 4699 continere

2024 4697 2245 4767 tacitam
2276 4697 2613 4767 superbiam,
2632 4704 2848 4751 contem
2857 4704 3008 4764 ptum
3026 4694 3134 4748 ’Dei
3156 4694 3493 4767 interpretati
3499 4703 3629 4767 vum

2026 4766 2149 4822 licet
2194 4782 2308 4820 non
2341 4755 2525 4820 omnia
2574 4755 2794 4833 peccata
2841 4755 2914 4833 ex
2949 4767 3269 4833 contemptu
3304 4755 3531 4833 ’formali
3576 4765 3631 4811 et

2027 4851 2283 4905 expresso
2328 4827 2792 4905 committantur;_
2825 4831 2920 4885 sed
2949 4831 3053 4905 alia
3090 4845 3178 4905 ex,
3201 4827 3528 4905 ignorantia,
3577 4835 3632 4882 et

2028 4902 2130 4960 alia
2160 4919 2225 4958 ex
2262 4902 2584 4956 inﬁrmitate
2626 4905 2695 4965 (S.
2730 4902 2911 4956 Thom.
2948 4904 3044 4955 1-2
3069 4916 3123 4969 q.
3158 4904 3246 4962 24,
3275 4915 3309 4953 a
3338 4902 3399 4966 2;
3426 4902 3477 4953 et
3506 4903 3628 4963 2-2,

2031 4994 2085 5045 q.
2115 4978 2238 5045 162,
2266 4988 2307 5045 a_
2326 4977 2385 5037 2;
2412 4975 2510 5045 Leo
2539 4974 2750 5045 Lessius
2765 4972 2858 5025 lib.
2878 4985 2943 5025 Iv
2965 4987 3009 5045 c_.
3038 4972 3111 5045 4).
3136 4972 3316 5045 Atque
3343 4969 3447 5026 hoc
3466 4986 3628 5045 sensu

2031 5041 2409 5113 accipiendum
2454 5041 2589 5096 illud
2630 5046 2701 5098 D.
2752 5042 3035 5113 Prosperi:
3086 5043 3352 5113 Superbia
3396 5044 3629 5097 omnium

2028 5117 2365 5185 peccatorum
2401 5114 2624 5167 initium
2655 5118 2752 5176 est,
2801 5119 2852 5168 et
2885 5116 3029 5183 ﬁnis,
3060 5119 3111 5169 et
3139 5129 3329 5177 causa;
3360 5115 3493 5182 quia
3520 5128 3627 5168 non

2032 5187 2201 5241 solum
2239 5188 2514 5254 peccatum
2546 5188 2623 5239 est
2656 5187 2781 5255 ipsa
2806 5186 3087 5255 superbia;
3124 5186 3219 5241 sed
3236 5188 3401 5240 etiam
3418 5185 3630 5239 nullum

2028 5261 2303 5328 peccatum
2320 5258 2516 5326 potuit,
2540 5260 2636 5310 aut
2651 5260 2843 5326 potest,
2865 5262 2959 5311 aut
2971 5260 3171 5327 poterit
3185 5272 3292 5313 esse
3309 5259 3423 5313 sine
3439 5272 3625 5325 super-

2035 5330 2120 5383 bia
2139 5330 2231 5398 (De
2253 5330 2381 5384 Vita
2398 5329 2746 5398 Contemplat.
2780 5329 2871 5382 lib.
2898 5344 2929 5380 v
2956 5345 3002 5383 c.
3033 5330 3104 5398 2).
3128 5331 3317 5397 Neque
3342 5328 3425 5383 his
3452 5327 3632 5382 obstat

2033 5401 2183 5471 quod
2206 5400 2230 5453 Ι
2254 5399 2322 5454 ad
2337 5398 2692 5471 Timotheum
2711 5413 2771 5454 v1
2789 5400 3252 5471 Cupiditasradim
3269 5401 3500 5471 omnium
3517 5412 3630 5471 ma-

2035 5467 2206 5547 lorum
2228 5473 2517 5547 asseritur;
2544 5469 2749 5547 dicitur
2776 5467 2919 5547 enim
2943 5470 3168 5525 avaritia
3192 5470 3348 5525 radix
3376 5467 3627 5547 omnium

2037 5544 2328 5617 ma‘orum,
2354 5540 2503 5617 quod
2523 5557 2587 5597 ex
2612 5540 2715 5617 hac
2729 5541 3209 5617 cupiditateomne
3231 5554 3401 5617 genus
3422 5540 3627 5617 peccati

2034 5612 2306 5670 committi
2336 5612 2528 5684 possit,
2574 5620 2629 5668 et
2667 5612 2920 5684 pleraque
2962 5612 3141 5683 reipsa
3187 5612 3633 5684 committantur;

2030 5690 2312 5756 propterea
2332 5676 2475 5754 quod
2487 5676 2691 5739 divitidz
2708 5676 2988 5756 praebeant
3005 5676 3458 5756 οῄροφῖιιιηίεαίθῖτὲ
3478 5676 3634 5756 εξίξξῖ

2037 5736 2308 5814 sine;
2327 5736 2684 5825 senatus;
2707 5736 3205 5812 inhumanum
3244 5743 3467 5813 peccati.
3496 5736 3633 5788 sicut
