4012 6192
394 291 500 347 423

1750 280 2031 338 JOANNIS
2066 278 2369 337 CASSIANI

3595 278 3704 332 424

393 414 511 487 jam
548 413 758 485 positos
820 413 878 468 in
951 408 1421 468 consummatione
1479 406 1735 463 virtutum
1798 420 1988 464 morsu
2023 410 2076 473 Α
2104 406 2354 463 homines
2398 404 2615 477 proprie
2656 403 2907 476 pertinet.
2940 400 3106 473 Cujus
3128 400 3397 473 originem
3433 414 3496 456 ac
3524 414 3707 456 reme-

402 506 606 565 diriore
622 504 937 579 depascens.

1029 598 1271 654 CAPUT
1307 598 1381 652 II.

723 694 875 762 Quod
893 692 1156 763 superbia:
1179 692 1286 747 duo
1316 693 1423 747 sint
1452 707 1673 761 genera.

472 794 497 822 ³
535 787 702 860 Cujus
750 786 859 843 duo
884 794 1015 842 sunt
1063 800 1293 858 genera:
1326 800 1498 841 unum
1545 784 1652 842 hoc
1697 799 1809 857 quo
1864 782 1999 839 dixi-

406 897 532 939 mus
595 881 867 952 spiritales
931 879 1077 936 viros
1137 895 1499 951 summosque
1565 878 1787 951 pulsari,
1853 877 1996 935 aliud

406 973 551 1047 quod
603 974 802 1045 etiam}
824 973 1144 1045 incipientes
1199 972 1552 1045 carnalesque
1597 971 1995 1044 complectitur.

408 1069 473 1122 Et
512 1065 645 1123 libet
686 1074 984 1136 utrumque
1020 1065 1287 1137 superbiae
1315 1080 1488 1136 genus
1538 1073 1652 1120 tam
1701 1066 1758 1120 in
1797 1068 1999 1130 Deum,

405 1176 569 1233 quam
602 1161 658 1215 in
696 1159 947 1215 homines
990 1159 1147 1215 noxia
1190 1157 1342 1214 inﬂet
1383 1158 1580 1226 elatio;
1636 1166 1822 1214 tamen
1871 1156 2002 1214 illud

407 1255 649 1327 primum
677 1252 982 1326 specialiter
1011 1250 1244 1308 refertur
1273 1251 1342 1309 ad
1364 1254 1571 1323 Deum,
1602 1251 1905 1309 secundum
1932 1249 2003 1306 ad

2105 500 2192 557 dia
2215 501 2270 556 in
2309 497 2702 573 posterioribus
2731 495 2893 553 libelli
2924 494 3085 567 hujus
3121 494 3271 565 (Cap.
3318 499 3429 561 24),
3462 492 3707 551 donante

2106 596 2246 661 Deo,
2286 592 2342 647 in
2374 599 2641 663 quantum
2689 604 2984 662 possumus
3022 602 3405 659 exsequemur.
3441 588 3602 643 Nunc
3638 586 3708 644 de

2107 684 2199 742 illo
2240 686 2445 756 priore,
2478 699 2587 756 quo
2628 682 2837 755 praefati
2879 697 3073 739 sumus
3118 679 3390 752 perfectos
3433 680 3709 753 praecipue

2102 780 2321 848 tentari,
2348 777 2692 850 propositum
2710 777 2871 834 nobis
2895 786 2977 834 est
3005 792 3173 849 pauca
3203 774 3489 832 disserere.

2716 872 2954 928 CAPUT
2990 873 3091 926 Ill.

2204 968 2355 1036 Quod
2390 967 2643 1039 superbia
2672 982 2848 1022 omnes
2870 968 3083 1036 pariter
3108 966 3336 1019 virtutes
3365 963 3607 1031 auferat.

2174 1061 2399 1119 Nullum
2444 1069 2529 1118 est
2576 1060 2738 1132 igitur
2766 1056 2958 1115 vitium
3006 1057 3155 1116 aliud
3193 1056 3344 1130 quod
3391 1056 3467 1114 ita
3514 1073 3710 1114 omnes

2109 1154 2339 1212 virtutes
2377 1154 2685 1222 exhauriat,
2720 1161 3025 1225 cunctaque
3061 1151 3274 1224 justitia
3318 1159 3373 1206 et
3420 1150 3711 1207 sanctitate

2109 1248 2392 1305 hominem
2414 1248 2612 1321 spoliet
2647 1263 2712 1304 ac
2740 1246 3000 1317 denudet,
3028 1253 3091 1303 ut
3109 1237 3138 1277 δ
3166 1243 3433 1331 superbia:
3467 1243 3706 1300 malum:

1501 1395 1756 1482 Amani
1793 1394 2016 1450 cum
2055 1391 2614 1448 COMMENTARIUS.

410 1523 580 1578 radix
597 1523 802 1593 prabet
831 1522 1147 1593 alimentum
1166 1520 1372 1583 arbori,
1412 1519 1486 1575 ait
1510 1522 1565 1577 S.
1592 1520 1836 1593 Thomas
1861 1519 2004 1593 (1-2,

408 1611 463 1664 q.
504 1591 614 1662 84,7
635 1611 687 1648 a.
720 1598 740 1648 1
778 1596 830 1647 et
854 1596 924 1658 2).
958 1592 1417 1647 Considerandum
1445 1593 1607 1658 enim,
1633 1591 1843 1664 inquit,_
1858 1591 2005 1664 quod

409 1662 470 1721 in
489 1667 697 1720 actibus
716 1665 1062 1726 voluntariis,
1084 1664 1383 1732 cujusmodi
1398 1667 1522 1717 sunt
1534 1667 1776 1733 peccata,
1806 1662 2008 1731 duplea:

408 1737 538 1790 ordo
562 1738 851 1801 invenitur,
879 1735 1083 1788 scilicet
1111 1735 1427 1788 intentionis
1456 1738 1506 1787 et
1533 1734 1903 1788 emsecutionis.
1938 1736 2007 1787 Et

390 1809 466 1860 in
496 1808 680 1872 priore
706 1805 923 1875 quidem
950 1804 1137 1858 ordine
1176 1805 1317 1858 illud
1340 1804 1544 1858 dicitur
1576 1806 1835 1874 primum,
1864 1803 2006 1872 quod

410 1877 568 1932 habet
610 1878 875 1931 rationem
900 1877 1046 1945 ﬁnis,
1087 1891 1179 1930 seu
1204 1876 1383 1945 ﬁnalis
1420 1890 1611 1929 causa.
1651 1876 1800 1929 Finis
1825 1879 2004 1928 autem

2113 1518 2382 1588 cupiditas
2409 1517 2623 1579 reddat,
2652 1516 2868 1586 quando
2892 1518 3117 1586 possunt
3144 1516 3255 1567 sine
3281 1514 3550 1588 superbia
3578 1515 3713 1571 tales

2112 1586 2251 1657 ﬁeri,
2277 1592 2390 1644 sine
2413 1604 2521 1657 qua
2549 1591 2769 1642 omnin:
2805 1603 2911 1641 non
2933 1589 3157 1656 possunt
3191 1586 3290 1641 Dei
3302 1590 3573 1655 praecepta
3590 1602 3712 1640 con-

2114 1664 2297 1728 temni,
2329 1662 2520 1729 quibus
2544 1660 2900 1729 prohibentur
2918 1659 3098 1712 omnia
3117 1657 3215 1710 illa
3241 1657 3389 1710 mala
3409 1672 3530 1726 quae
3554 1672 3710 1727 sape.

2111 1733 2226 1784 rius
2245 1732 2614 1800 comprehendi
2632 1733 2660 1784 ?
2677 1731 2898 1799 Ideoque
2911 1731 2960 1783 si
2977 1730 3219 1783 volumus
3238 1742 3603 1782 consummare
3617 1744 3712 1783 no—

2111 1804 2217 1856 stri
2228 1804 2535 1857 certaminis
2546 1816 2778 1864 cursum,
2793 1816 3070 1856 caveamus
3083 1801 3141 1853 in
3148 1801 3351 1869 primis
3359 1800 3710 1869 cupiditatem

2111 1877 2273 1942 atque
2314 1873 2637 1943 superbiam,
2679 1889 2785 1927 non
2825 1873 2932 1926 duo
2975 1872 3141 1933 mala,
3190 1871 3285 1925 sed
3326 1886 3506 1932 unum,
3534 1886 3569 1923 a
3597 1887 3707 1940 quo

406 1951 465 2002 in
484 1949 727 2003 omnibus
750 1943 1293 2016 bonistemporalibus
1307 1947 1671 2015 acquirendis,
1694 1951 1771 2000 est
1785 1950 1848 1999 ut
1861 1947 2010 1999 homo
2038 1948 2085 2010 B
2120 1945 2349 1999 trahunt
2382 1959 2555 1998 omnes
2582 1946 2720 2016 mali
2742 1948 2889 1997 actus
2909 1945 3145 1997 initium.
3175 1944 3313 1998 Nam
3332 1943 3707 2016 sinesuperbia

404 2035 506 2089 per
518 2021 615 2073 illa
637 2020 928 2088 quamdam
938 2020 1317 2089 perfectionem
1333 2018 1663 2085 singularem
1688 2021 1739 2070 et
1756 2017 2010 2071 emcellen-

2116 2031 2237 2084 qua?
2265 2020 2489 2085 possunt
2534 2015 2723 2069 saltem
2763 2016 3004 2069 inchoati
3036 2017 3273 2083 peccata,
3304 2029 3419 2067 cum
3445 2013 3662 2085 dicatur
3686 2033 3704 2068 :

412 2083 545 2145 tiam
561 2166 567 2168 _
584 2083 813 2168 habeat:
841 2094 904 2168 et
1081 2104 1149 2142 ea:
1296 2083 1455 2168 parte
1482 2088 1752 2168 superbia,
1783 2102 1904 2157 quae
1932 2091 2012 2168 est
2118 2083 2342 2168 initium
2369 2088 2536 2168 omnis
2550 2088 2756 2155 peccati
2787 2086 3035 2168 superbia
3049 2086 3220 2168 {Aut
3243 2087 3358 2138 sine
3383 2083 3706 2168 cupiditate,

409 2163 680 2228 appetitus
711 2160 1054 2220 excellentia,
1078 2161 1302 2227 ponitur
1328 2160 1545 2213 initium
1577 2160 1748 2213 omnis
1766 2160 2005 2228 peccati;

407 2229 500 2285 sed
511 2247 578 2284 ea
584 2234 744 2300 parte
755 2231 1105 2284 emsecutionis
1112 2230 1354 2298 primum
1367 2229 1569 2283 dicitur
1582 2230 1641 2284 id
1657 2230 1799 2299 quod
1804 2230 2010 2298 praebet

409 2302 867 2372 opportunitatem
901 2300 1239 2372 adimplendi
1264 2301 1446 2372 omnia
1484 2300 1755 2355 desideria
1776 2303 2001 2370 peccati,

408 2371 551 2441 quod
591 2371 749 2425 habet
776 2372 1039 2425 rationem
1075 2371 1296 2433 radicis,
1330 2371 1530 2425 scilicet
1555 2372 1779 2432 divitiae,
1807 2375 1866 2425 ‘et
1888 2372 2005 2425 ideo

410 2458 478 2497 ea:
505 2444 601 2497 hac
622 2446 782 2512 parte
809 2443 1049 2495 avaritia
1069 2441 1276 2496 dicitur
1297 2457 1405 2496 esse
1420 2443 1586 2496 radia-
1601 2444 1833 2496 omnium
1847 2443 2007 2496 malo-

407 2530 547 2568 rum.
575 2515 658 2569 lta
704 2516 774 2567 D.
812 2513 1054 2583 Thomas
1075 2512 1206 2583 (Lib.
1234 2527 1285 2567 ιι
1308 2514 1453 2569 Sent.
1488 2514 1616 2568 dist.
1654 2512 1763 2582 4t).
1811 2514 2005 2568 Petrus

407 2600 534 2640 vero
579 2582 925 2640 Lombardus
953 2583 1112 2653 paulo
1155 2583 1309 2638 aliter
1342 2583 1487 2638 hunc
1526 2584 1734 2639 nodum
1761 2583 2002 2650 resolvit,

410 2671 517 2727 quo
542 2670 704 2711 sensu
725 2663 1018 2727 utrumque
1037 2653 1416 2727 radisdicatur
1440 2655 1689 2710 omnium
1706 2655 2004 2727 malorum,

408 2722 618 2782 scilicet
661 2726 912 2797 superbia
928 2722 1012 2780 'et
1031 2724 1319 2796 cupiditas.
1373 2729 1683 2795 Utrumque,
1731 2722 1829 2791 ait:
1869 2731 2008 2781 recte

288 2864 305 2869 _
410 2799 610 2853 dictum
631 2812 740 2852 esse
765 2797 1110 2865 intelligitur,
1139 2798 1192 2850 si
1212 2812 1409 2866 genera
1418 2802 1755 2867 peccatorum
1777 2798 2009 2865 singulo-

410 2884 553 2933 rum,
578 2885 686 2925 non
706 2869 925 2937 singula
952 2884 1205 2936 generum
1240 2874 1471 2937 utraque
1500 2870 1756 2922 locutione
1800 2868 2010 2922 includi

410 2943 802 3009 intelligantur.
842 2940 1063 2995 Nullum
1103 2941 1303 3008 quippe
1337 2954 1500 3006 genus
1523 2940 1731 3007 peccati
1758 2943 1836 2992 est
1864 2940 2007 3006 quod

411 3012 680 3064 interdum
695 3026 761 3063 ea:
777 3010 1029 3079 superbia
1049 3024 1155 3062 non
1163 3012 1443 3077 proveniat
1454 3010 1682 3070 ,nullum
1691 3010 1855 3062 etiam
1865 3010 2008 3076 quod

408 3096 475 3134 ea:
491 3080 789 3149 cupiditate
806 3080 1103 3147 aliquando
1116 3094 1221 3131 non
1236 3079 1539 3132 descendat.
1567 3080 1700 3133 Sunt
1723 3081 1863 3133 enim
1876 3096 2008 3133 non-

408 3152 546 3203 nulli
555 3151 828 3203 hominum
841 3151 937 3216 qui
951 3164 1019 3202 em
1030 3149 1323 3217 cupiditate
1336 3152 1475 3217 [lunt
1485 3150 1721 3218 superbi.
1734 3153 1831 3204 Est
1843 3153 2006 3219 enim,

408 3225 470 3273 ut
488 3223 569 3273 ait
585 3221 942 3287 Augustinus,
966 3220 1116 3272 homo
1137 3221 1234 3286 qui
1249 3234 1353 3273 non
1369 3224 1503 3274 esset
1520 3224 1733 3274 amator
1742 3224 2002 3287 pecuniae,

408 3237 470 3273 ut
488 3237 569 3273 ait
585 3237 942 3287 augusttnus,
966 3237 1116 3272 nomo
1137 3237 1233 3286 qui
1249 3237 1353 3273 non
1369 3237 1503 3274 esset
1520 3237 1733 3274 amator
1785 3237 2002 3284 ecunue,

408 3292 517 3357 nisi
536 3306 637 3363 per
662 3291 754 3363 hoc
769 3294 991 3359 putaret
1017 3306 1071 3343 se
1100 3291 1517 3363 excellentiorem
1540 3306 1678 3356 esse;
1698 3237 1919 3363 ideoque
1945 3298 2008 3347 ut

409 3360 653 3429 cmcellat,
680 3360 903 3416 divitias
930 3363 1116 3430 cupit:
1142 3362 1245 3415 tali
1265 3363 1469 3416 homini
1485 3379 1553 3417 ea:
1572 3360 2008 3433 superbia—obori-

410 3433 812 3511 turcupiditas.
845 3435 916 3511 Et
938 3436 1017 3486 est
1038 3433 1237 3511 aliquis
1267 3435 1489 3511 qui
1511 3440 1721 3511 amaret
1737 3437 2004 3511 erpellere,

408 3506 518 3557 nisi
537 3508 757 3572 putaret
775 3520 875 3573 per
895 3504 987 3557 hoc
1011 3504 1238 3586 majores
1261 3505 1485 3558 divitias
1506 3507 1574 3559 ha
1583 3507 1727 3571 bere;
1750 3507 1867 3559 ideo
1884 3522 2006 3575 ergo

407 3575 660 3627 encellere
676 3575 905 3635 laborat,
924 3589 1054 3641 quia
1068 3575 1289 3628 divitias
1306 3576 1496 3629 habere
1511 3581 1660 3629 amat
1678 3594 1694 3629 :
1713 3578 1837 3629 huic
1855 3579 2004 3629 inna-

407 3646 579 3698 scitur
593 3645 865 3713 superbia,
892 3645 953 3697 id
971 3649 1068 3705 est,
1093 3661 1245 3698 amor
1263 3646 1582 3699 excellentia:
1598 3662 1665 3698 ea:
1683 3647 1996 3715 cupiditate.

408 3718 559 3769 Patet
579 3730 701 3783 ergo
720 3715 863 3785 quod
887 3715 1212 3784 easuperbia
1234 3716 1532 3784 aliquando
1549 3717 1838 3785 cupiditas,
1866 3722 1917 3771 et
1933 3734 2001 3772 ea:

405 3786 703 3855 cupiditate
725 3785 1021 3855 aliquando
1044 3786 1295 3856 superbia
1317 3789 1521 3853 oritur;
1542 3791 1591 3840 et
1618 3788 1735 3841 ideo
1758 3788 1824 3841 de
1842 3792 1998 3842 utra-

408 3873 511 3927 que
533 3862 669 3913 recte
691 3858 907 3919 dicitur,
935 3856 1078 3927 quod
1102 3858 1174 3910 sit
1202 3857 1369 3911 rudia:
1386 3860 1555 3911 omnis
1578 3859 1728 3911 mali.
1755 3860 1889 3914 Haec
1910 3859 1997 3914 ille

406 3933 503 3994 (De
531 3930 715 3985 Genes.
744 3929 817 3983 ad
846 3929 1081 3982 litteram
1111 3928 1201 3981 lib.
1234 3942 1283 3983 ιι
1307 3944 1350 3983 c.
1386 3929 1487 3999 l3).
1518 3928 1635 3984 Alio
1669 3929 1799 3984 item
1830 3930 1996 3985 modo

408 4003 475 4053 D.
508 4002 1069 4072 Prosperutramque
1111 3998 1462 4072 sententiam.
1485 3999 1843 4072 (Ecclesiastici
1876 4004 1996 4065 (Ec-

405 4072 524 4125 cles.
557 4071 616 4137 x)
648 4070 855 4126 scilicet
877 4075 932 4125 et
951 4070 1201 4142 Apostoli
1227 4072 1268 4141 (Ι
1300 4071 1526 4126 Timoth.
1557 4072 1994 4142 i,vr),rconciliat,

410 4151 704 4214 utrumque
733 4142 942 4205 vitium,
973 4141 1281 4211 superbiam
1306 4142 1430 4197 dico
1449 4150 1504 4197 et
1529 4141 1897 4211 cupiditatem,
1922 4142 1997 4197 ita

406 4214 544 4268 inter
563 4229 620 4268 se
642 4228 965 4283 comparans
990 4231 1002 4267 :
1033 4214 1164 4268 Cum
1190 4215 1424 4283 Spiritus
1447 4217 1658 4269 sanctus
1680 4216 1778 4283 qui
1795 4215 1998 4269 locutus

406 4288 483 4337 est
496 4300 596 4351 per
610 4285 947 4352 prophetam,
973 4300 1074 4353 per
1098 4286 1415 4353 Apostolum
1443 4301 1652 4354 quoque
1672 4285 1873 4340 locutus
1901 4288 1995 4348 sit,

405 4368 497 4406 nec
521 4355 626 4405 sibi
643 4356 816 4421 possit
843 4370 952 4407 esse
970 4354 1225 4416 diversus,
1252 4356 1474 4409 sollicite
1496 4356 1831 4410 considerare
1850 4356 2002 4409 debe-

404 4438 521 4476 mus
540 4438 706 4499 quare
731 4424 821 4499 ille
838 4425 1057 4499 initium
1074 4427 1278 4499 peccati
1293 4426 1616 4499 superbiam,
1644 4426 1727 4499 hic
1760 4426 1999 4499 radicem

406 4495 641 4545 omnium
667 4492 931 4545 malorum
959 4492 1311 4559 cupiditatem
1339 4492 1617 4547 nominari
1638 4496 1883 4550 voluerit.
1908 4497 1999 4551 An

404 4563 546 4634 forte
596 4576 881 4615 sermonem
926 4561 1293 4634 propheticum
1346 4564 1551 4617 Paulus
1599 4567 1889 4634 apostolus,
1938 4572 2001 4621 ut

403 4632 553 4700 solet,
576 4635 822 4703 exposuit
840 4636 869 4686 ?
881 4632 1317 4701 quandoquidem
1342 4636 1449 4687 sive
1461 4632 1680 4688 initium
1698 4632 1876 4690 omnis
1882 4653 1999 4703 pec-

2114 2174 2231 2227 qua:
2260 2162 2338 2212 est
2373 2158 2640 2211 malorum
2683 2159 2915 2211 omnium
2962 2156 3146 2223 radice,
3194 2171 3313 2224 qua:
3340 2159 3562 2225 possunt
3586 2158 3712 2224 ﬁeri

2113 2230 2280 2296 mala,
2312 2244 2431 2282 cum
2455 2230 2570 2283 sine
2608 2228 2789 2282 radice
2825 2228 3004 2281 omnia
3039 2231 3139 2281 aut
3169 2227 3321 2280 nulla
3359 2227 3705 2296 deputentur,

2112 2305 2209 2355 aut
2229 2302 2481 2354 mortua?
2504 2299 2705 2369 Deinde
2727 2301 2777 2353 si
2804 2298 3072 2368 quodlibet
3093 2302 3365 2368 peccatum
3390 2302 3710 2368 perpetrare

2110 2386 2213 2425 non
2222 2384 2461 2441 possum,
2482 2372 2595 2424 nisi
2640 2371 2799 2424 mala:
2830 2371 3169 2424 delectationi
3201 2370 3542 2431 consentiam,
3563 2370 3719 2438 quod

2110 2443 2432 2511 cupiditatis
2459 2446 2538 2496 est
2557 2443 2857 2511 proprium,
2890 2445 2941 2495 et
2958 2444 3057 2496 Dei
3072 2444 3337 2511 praecepta
3356 2445 3708 2509 contemnam,

2111 2512 2261 2582 quod
2273 2518 2352 2567 est
2367 2512 2627 2582 superbia:
2645 2514 2866 2579 malum,
2885 2513 3144 2581 quomodo
3160 2527 3261 2567 non
3294 2526 3359 2565 ea:
3381 2511 3710 2581 cupiditate,

2112 2599 2230 2652 quia
2255 2588 2333 2637 est
2356 2584 2524 2637 radia-
2546 2584 2813 2637 malorum
2843 2587 3102 2651 omnium,
3133 2587 3182 2637 et
3205 2599 3269 2637 ea:
3294 2583 3563 2651 superbia,
3584 2598 3713 2655 qua:

2111 2656 2332 2708 initium
2348 2656 2514 2709 omnis
2527 2658 2732 2724 peccati
2750 2656 2970 2719 dicitur,
2980 2655 3220 2725 procedit
3237 2669 3386 2707 omne
3392 2658 3672 2723 peccatum
3684 2656 3715 2708 ?

2111 2726 2408 2797 Hucusque
2444 2728 2516 2797 D.
2552 2728 2783 2796 PrOSper
2812 2725 2945 2797 (Lib.
2988 2740 3037 2781 ιι
3068 2727 3133 2780 de
3179 2727 3308 2781 Vita
3352 2725 3709 2797 Contemplat.

2113 2812 2162 2850 c.
2192 2801 2248 2863 4)
2278 2795 2586 2868 superbiam
2615 2804 2668 2851 et
2693 2795 3044 2868 cupiditatem
3075 2796 3232 2868 largo
3256 2795 3424 2850 modo
3461 2810 3707 2864 sumens,

2113 2875 2275 2939 prout
2306 2867 2361 2922 in
2381 2868 2531 2922 omni
2562 2867 3078 2939 peccatorinvenitur
3109 2867 3330 2939 quidam
3358 2873 3711 2939 contemptus

2113 2937 2497 2993 mandatorum
2526 2938 2644 3005 Dei,
2680 2946 2740 2993 ut
2764 2938 2972 2994 dictum
3005 2947 3103 3006 est,
3126 2937 3188 2993 'et
3214 2938 3469 3008 quaedam
3493 2937 3709 3009 cupidi-

2112 3008 2245 3063 tatis
2275 3009 2580 3081 inordinata
2629 3009 2885 3075 affectio;
2918 3009 3197 3081 quomodo
3226 3025 3393 3064 omne
3418 3008 3708 3081 peccatum

2113 3085 2229 3134 tam
2258 3095 2324 3135 ex
2366 3079 2625 3152 superbia
2657 3096 2820 3152 quam
2851 3096 2915 3135 ex
2938 3079 3238 3152 'cupiditate
3282 3079 3540 3152 procedit.
3571 3081 3709 3137 Vide

2114 3158 2300 3222 notata
2317 3150 2387 3206 ad
2405 3167 2521 3222 cap.
2550 3158 2584 3207 6
2615 3150 2705 3205 lib.
2734 3167 2841 3207 vn.

2184 3224 2207 3295 ἦ
2238 3221 2361 3295 Alia
2389 3219 2581 3278 divisio
2608 3223 2875 3295 superbia:
2904 3222 2957 3295 in
2978 3222 3313 3295 spiritualem
3330 3231 3395 3295 et!
3410 3219 3704 3295 carnalem.

2114 3292 2463 3366 Spiritualem
2499 3292 2822 3366 vocat'qua:
2858 3292 3164 3366 spirituales
3189 3303 3244 3349 et
3277 3293 3543 3366 perfectos
3581 3294 3707 3363 pul-

2115 3372 2236 3447 sat;
2272 3364 2548 3447 ‘carnale'm
2617 3363 2740 3447 qua}
2778 3363 3062 3447 carnalem.
3087 3365 3139 3420 id
3185 3363 3702 3447 est,'_impei'fe<3}os.

2115 3435 2380 3508 Eamdem
2410 3435 2818 3508 distinctionem
2846 3436 3086 3508 agnoscit
3108 3444 3161 3489 et
3204 3436 3431 3506 explicat
3459 3438 3527 3490 D.
3566 3436 3705 3490 Gre-

2113 3504 2297 3575 gorius
2323 3505 2409 3560 liis
2453 3506 2628 3560 verbis
2668 3507 2800 3576 (Lib.
2830 3504 3019 3563 xixrv
3049 3509 3245 3562 Moral.
3275 3504 3322 3562 c.
3370 3512 3452 3570 l9)
3476 3524 3492 3558 :
3518 3508 3705 3561 Scien-

2114 3577 2243 3630 dum
2283 3577 2427 3645 quod
2463 3577 2574 3631 hac
2610 3580 2751 3647 ipsa,
2774 3579 2853 3632 de
2888 3595 2994 3647 qua
3036 3583 3345 3641 tractamus,
3376 3578 3532 3632 elatio
3566 3578 3706 3631 alios

2109 3662 2176 3700 ea:
2203 3648 2359 3719 rebus
2376 3649 2743 3710 saecularibus,
2767 3652 2902 3704 alios
2924 3666 3046 3704 vero
3064 3666 3131 3703 ea:
3149 3652 3307 3704 rebus
3331 3649 3707 3719 spiritualibus

2102 3718 2376 3787 possidet:
2417 3719 2556 3773 alter
2596 3722 2735 3773 enim
2774 3722 3079 3775 intumescit
3111 3737 3266 3784 auro,
3297 3718 3431 3774 alter
3464 3721 3706 3788 eloquio;

2106 3789 2245 3842 alter
2258 3790 2458 3857 infimis
2472 3794 2521 3843 et
2535 3794 2761 3843 terrenis
2783 3793 2959 3860 rebus,
2980 3793 3120 3846 alter
3143 3793 3357 3846 summis
3375 3791 3705 3844 cmlcstibus-

2109 3874 2209 3928 que
2227 3860 2558 3915 virtutibus?
2591 3876 2703 3914 una
2732 3867 2906 3916 tamen
2945 3863 3231 3932 eademque
3263 3876 3341 3916 res
3369 3865 3493 3914 ante
3518 3862 3705 3915 oculos

2105 3932 2205 3984 Dei
2254 3933 2464 3999 agitur,
2504 3935 2749 4001 quamvis
2799 3934 2874 3987 ad
2924 3935 3161 3988 humana
3202 3933 3358 3989 corda
3388 3934 3600 3986 veniens
3642 3935 3703 3987 in

2104 4016 2280 4075 eorum
2297 4004 2568 4075 obtutibus
2593 4004 2798 4059 diverso
2817 4008 3015 4060 amictu
3030 4006 3310 4075 pallietur.
3330 4005 3465 4060 Hac
3490 4003 3708 4074 Grego-

2108 4071 2245 4148 rius;
2268 4081 2329 4148 _et
2367 4072 2449 4148 his
2479 4074 2672 4148 similia
2707 4071 3052 4148 Smaragdus—
3070 4075 3237 4132 abbas
3284 4075 3339 4130 in
3368 4090 3489 4146 cap.
3527 4081 3563 4129 4
3593 4071 3704 4130 Re-

2106 4143 2331 4228 gulae‘D.
2365 4145 2660 4226 Benedicti.
2718 4215 2733 4228 ‘
2830 4225 2838 4228 Δ
3134 4218 3149 4228 _
3230 4217 3243 4228 _
3362 4216 3375 4228 .
3433 4143 3452 4146 “
3490 4216 3529 4228 η

2177 4206 2576 4288 bOccasionem
2606 4215 2849 4287 praebent
2898 4217 3017 4275 hmc
3035 4218 3201 4276 verba
3228 4216 3706 4288 inquirendiquale

2106 4294 2387 4409 peccatum
2431 4287 2504 4341 sit
2535 4288 2807 4358 superbia.
2851 4291 2918 4343 Et
2961 4289 3182 4361 quidem
3214 4306 3280 4345 ex
3303 4287 3413 4344 hoc
3459 4287 3702 4345 Cassiani

2127 4370 2250 4409 oco.
2276 4371 2448 4409 Immo
2471 4373 2536 4409 ex
2561 4365 2682 4409 toto
2711 4358 2870 4409 huius
2899 4360 3024 4409 libri
3054 4368 3311 4409 tractatu.
3359 4360 3493 4409 satis
3515 4368 3702 4409 anerte

2127 4370 2250 4437 oco,
2275 4355 2448 4437 immo
2471 4373 2536 4411 ex
2561 4355 2682 4414 toto
2711 4358 2870 4431 hujus
2898 4355 3024 4416 libri
3054 4368 3312 4427 tractatu,
3359 4360 3493 4416 satis
3515 4368 3702 4433 aperte

2106 4426 2687 4508 colligiturpeccatum
2734 4426 2851 4508 esse
2881 4440 3090 4508 _nat_u_ra
3129 4448 3226 4488 sua
3255 4446 3459 4508 θεν-ει
3505 4426 3703 4508 genere

2107 4511 2210 4574 suo
2233 4500 2599 4574 mortiferum,
2626 4500 2772 4571 quod
2799 4510 2853 4557 et
2881 4504 2954 4557 D.
2975 4502 3218 4574 Thomas
3245 4500 3696 4574 conﬁrmaturi.
3761 4551 3767 4557 ,

2108 4571 2162 4635 5,
2189 4569 2286 4644 ubi
2312 4570 2538 4644 supra).
2568 4569 2769 4644 Docet
2823 4581 3010 4629 tamen
3060 4573 3116 4630 id
3166 4569 3578 4644 intelligendum
3623 4573 3693 4629 de

2107 4638 2356 4727 superbia
2391 4638 2669 4727 completa
2691 4645 3078 4727 ,_qua_scilicet_
3106 4646 3227 4727 quis
3279 4638 3689 4727 ita:extollitur,

406 4705 539 4767 cati,
556 4705 672 4786 sive
685 4704 924 4786 radicem
939 4705 1448 4786 omnium‘malm'um
1466 4705 1631 4767 dicat,
1648 4722 1813 4786 unum
1826 4704 1999 4786 idem-
2026 4708 2077 4771 D
2107 4704 2397 4786 ut'Deunr
2416 4704 2768 4786 contemnat;
2784 4715 2867 4770 vel
2889 4716 2993 4786 legi
3022 4704 3221 4772 divinae
3256 4714 3395 4771 nolit
3413 4730 3532 4772 esse
3559 4704 3691 4771 sub;

405 4792 505 4844 que
530 4778 806 4846 signiﬁcet.
832 4779 998 4832 Porro
1024 4776 1292 4845 cupiditas
1321 4780 1482 4845 atque
1509 4778 1759 4847 superbia
1789 4780 1847 4832 in
1878 4784 1998 4835 tan~

403 4852 518 4902 tum
541 4853 619 4903 est
645 4864 813 4903 unum
827 4847 1049 4911 malum,
1072 4851 1135 4901 ut
1164 4863 1254 4902 nec
1272 4848 1531 4917 superbus
1550 4851 1664 4903 sine
1682 4850 1996 4919 cupiditate,

400 4934 493 4973 nec
525 4922 638 4974 sine
654 4921 906 4989 superbia
926 4918 1149 4989 cupidus
1168 4922 1340 4989 possit
1366 4921 1617 4974 inveniri.
1645 4918 1923 4989 Siquidem
1950 4928 2000 4976 et

400 4989 666 5064 diabolus,
691 4992 749 5043 in
776 5007 880 5059 quo
900 4996 1049 5064 tenet
1067 4991 1316 5064 superbia
1339 4992 1730 5061 principatum,
1763 4995 2000 5064 propria:

397 5061 679 5134 potestatis
698 5075 759 5112 ac
774 5062 1095 5134 perditionis
1123 5062 1367 5116 humana
1388 5064 1614 5132 cupidus
1641 5061 1785 5131 fuit;
1812 5061 1996 5134 et—ipse

400 5130 550 5183 homo
566 5145 666 5199 per
685 5132 983 5199 appetitum
998 5132 1203 5186 arboris
1222 5130 1542 5195 interdicta,
1559 5135 1828 5189 acdivina:
1837 5130 1996 5189 simi-

400 5200 653 5274 litudinis
685 5200 1035 5274 affectionem,
1090 5204 1343 5256 morbosa:
1393 5204 1644 5272 affectum
1677 5206 1993 5274 cupiditatis

398 5272 647 5325 ostendit.
672 5275 747 5326 De
767 5271 1018 5340 superbia
1040 5287 1271 5342 namque
1288 5271 1580 5328 nascuntur
1594 5271 1836 5337 hareses,
1858 5277 1997 5330 schi-

334 5362 343 5373 -
399 5345 595 5414 smata,
608 5342 978 5405 detractiones,
998 5344 1225 5407 invidia,
1240 5345 1549 5407 verbositas,
1561 5346 1853 5414 jactantia,
1867 5361 1999 5400 con-.

400 5413 673 5485 tentiones,
707 5414 1093 5485 animositates,
1137 5416 1375 5478 ambitio,
1408 5413 1590 5477 elatio,
1620 5418 1990 5485 praesumptio,

399 5484 634 5555 punitas,
667 5484 997 5551 inquietudo,
1022 5486 1386 5547 mendacium,
1398 5486 1723 5555 perjurium,
1737 5489 1786 5539 et
1797 5484 1993 5543 cratera

397 5552 724 5627 huiusmodi.
746 5554 849 5611 Sed
876 5556 987 5609 hac
1005 5557 1129 5625 quis
1153 5556 1361 5611 dubitet
1381 5552 1448 5609 ea:
1463 5552 1759 5626 cupiditate
1784 5573 1995 5627 quoque

387 5626 694 5694 procedere,
722 5641 840 5681 cum
862 5641 1035 5681 omnes
1048 5668 1063 5687 ,
1086 5629 1184 5696 qui
1193 5627 1402 5694 fuerint
1414 5628 1523 5681 illis
1538 5628 1778 5682 omnibus
1792 5626 1992 5685 morbis

395 5711 527 5764 quos
561 5699 839 5752 nominaui
871 5701 1126 5767 corrupti,
1171 5698 1471 5754 habeantur
1508 5702 1559 5752 et
1584 5700 1815 5769 cupidi?
1857 5702 1992 5757 Item

392 5782 511 5842 cum
531 5769 760 5836 gulosos,
792 5771 1224 5840 intemperantes,
1249 5770 1497 5837 ebriosos,
1516 5770 1720 5835 avidos,
1748 5787 1987 5842 rapaces,
2036 5786 2043 5791 ‘

385 5815 1043 5912 mammatae;
1056 5815 1991 5916 gtauuaamczgiasftétaaas

2100 4780 2295 4860 j_ectus,
2319 4782 2400 4837 vel
2426 4784 2518 4855 qui
2535 4799 2602 4840 ex
2627 4784 2730 4840 hoc
2752 4780 3071 4860 contemptu
3094 4786 3493 4859 transgreditur
3514 4788 3690 4860 legem

2106 4853 2230 4921 Dei,
2278 4853 2671 4937 aut_pra3cepta
2702 4853 3043 4937 superiorum
3086 4853 3341 4937 (Leonam
3387 4853 3611 4937 Less._l.
3637 4874 3695 4915 ιν

2107 4931 2334 5001 οαρηιι).
2378 4927 2518 5001 N‘am
2546 4927 2590 4981 si
2606 4927 2913 5001 loquamur
2938 4928 3005 4985 de
3045 4929 3298 5001 superbia
3327 4928 3656 5000 incompleta
3674 4971 3688 4997 ,

2107 5009 2205 5072 seu
2232 4994 2571 5072 imperfecta,
2606 4994 2723 5072 haec
2744 5014 2855 5054 non
2880 5015 3093 5071 semper
3115 4994 3205 5055 est
3235 4994 3697 5072 peccatum'morL

2099 5065 2227 5120 tale.
2255 5069 2428 5122 Sicuti
2452 5071 2612 5141 enim,
2645 5069 2743 5135 ait,
2763 5072 2822 5124 in
2842 5065 3138 5141 aliis,fqu¢
3157 5065 3343 5127 eae-suo
3364 5088 3555 5141 genere
3569 5077 3695 5127 sunt

2091 5142 2308 5205 peccata
2337 5140 2609 5202 mortalia,
2648 5146 2785 5210 puta
2816 5143 2872 5195 in
2911 5140 3266 5208 fornicatione
3293 5149 3344 5198 et
3372 5140 3694 5206 ad‘ultierio,
3755 5192 3763 5199 .

2099 5213 2223 5261 sunt
2258 5209 2434 5286 aliqui
2455 5216 2629 5286 motus
2657 5209 2766 5281 qui
2787 5219 2913 5267 sunt
2949 5218 3165 5283 peccata
3195 5215 3429 5269 venialia
3467 5221 3699 5286 propter

2100 5293 2277 5357 eorum
2288 5282 3102 5357 imperfectionem,quiascilicet
3110 5289 3449 5355 prleveniunt
3461 5282 3701 5342 rationis

2090 5350 2382 5432 judicium,
2411 5358 2468 5432 et
2488 5358 2613 5432 sunt
2629 5350 2828 5432 prater
2851 5355 2965 5424 ejus
2986 5350 3328 5432 cons—ensum;
3354 5360 3433 5411 ita
3463 5360 3636 5432 etiam
3651 5363 3704 5414 et

2099 5423 2244 5503 ciroa
2286 5423 3205 5503 superbiamacciditguodaliqui
3235 5434 3407 5483 motus
3428 5431 3703 5497 superbiae

2097 5495 2209 5544 sint
2230 5498 2451 5559 peccata
2494 5497 2749 5560 venialia,
2808 5495 2938 5552 dum
2965 5502 3038 5553 eis
3080 5495 3224 5554 ratio
3264 5517 3369 5554 non
3414 5495 3696 5556 consentit.

2098 5562 2277 5642 Porro
2310 5578 2424 5618 non
2447 5566 2628 5642 solum
2654 5568 2889 5642 mortale
2924 5585 2988 5625 ac
3011 5568 3364 5627 mortiferum
3404 5579 3701 5642 peccatum

2098 5640 2372 5718 censetur.
2404 5637 2656 5718 superbia
2692 5639 2980 5709 completa,
3031 5642 3127 5698 sed
3172 5642 3335 5698 etiam
3377 5637 3697 5718 maximum

2097 5710 2155 5780 et
2225 5710 2625 5780 gravissimum
2645 5719 3018 5780 peccatorum,
3066 5728 3131 5768 ex
3186 5713 3472 5769 communi
3540 5715 3698 5771 theo-

2098 5773 2349 5850 logorum
2394 5773 2662 5836 sententia
2710 5773 3230 5850 asseriturlNavar.
3275 5801 3319 5841 c.
3378 5788 3447 5839 25
3504 5802 3562 5842 η.
3612 5790 3692 5849 8).

2098 5847 2262 5918 Quod
2290 5856 2475 5907 tamen
2502 5867 2618 5909 non
2662 5851 2735 5910 ita
2775 5847 3154 5929 accipiendum
3202 5863 3309 5929 est,
3351 5856 3511 5931 quasi
3548 5847 3693 5915 inter
