4042 6198
378 327 480 381 427

1719 316 2003 372 JOANNIS
2039 314 2344 371 CASSIANI

3583 311 3688 367 428

379 447 486 503 alio
524 460 690 518 quam
712 444 818 505 hoc
845 443 977 500 vitio
1010 441 1281 515 dejectum
1309 440 1529 498 caelitus
1556 437 1901 507 invenimus,
1924 446 1982 495 et
2005 443 2059 505 Α
2084 437 2327 495 remedia
2368 444 2627 525 poterunt
2653 436 2815 493 malis
2854 432 3249 492 valetudinibus
3282 432 3524 491 exhiberi
3547 472 3564 503 ,
3594 433 3698 492 nisi

379 556 446 598 ex
488 540 579 596 illa
634 540 796 595 beata
851 537 1179 608 sublimique
1226 534 1547 607 angelorum
1596 534 1831 591 statione
1869 533 1977 591 telo

379 634 646 707 superbia
686 632 1036 688 vulneratum
1081 629 1153 686 ad
1192 626 1406 685 inferna
1446 628 1616 686 fuisse
1654 629 1977 700 collapsum.

380 728 434 787 Si
460 727 626 800 igitur
654 733 863 781 tantam
904 723 1164 779 virtutem
1195 729 1251 778 et
1285 729 1454 778 tanta
1482 721 1741 789 potentia
1772 736 1982 794 praro-

379 821 557 893 gativa
584 818 897 874 decoratam
927 831 1036 871 una
1060 815 1220 872 elatio
1245 814 1430 872 cordis
1454 816 1634 887 potuit
1652 813 1722 871 de
1746 816 1981 872 coelesti-

378 913 482 969 bus
509 911 578 967 ad
602 920 820 966 terrena
842 908 1148 979 devolvere,
1177 925 1284 982 qua
1302 925 1405 966 nos
1428 908 1775 965 observantia
1799 907 1984 965 carnis

381 1002 671 1076 fragilitate
698 1003 1064 1059 circumdatos
1094 1018 1282 1059 cavere
1309 1010 1585 1074 oporteat,
1612 1002 1781 1075 ipsius
1807 1002 1983 1058 ruina

308 1096 317 1103 ’
380 1097 699 1170 magnitudo
737 1096 1097 1153 demonstrat.
1135 1095 1614 1179 Quemadmodum
1659 1112 1786 1152 vero
1821 1095 1985 1168 hujus

379 1190 561 1246 morbi
618 1190 767 1246 virus
821 1189 1343 1261 perniciosissimum
1399 1188 1736 1257 devitemus,
1784 1188 1982 1245 instrui

380 1284 716 1356 poterimus,
752 1283 797 1338 si
840 1284 1012 1340 ruina
1054 1283 1223 1355 ipsius
1254 1298 1462 1360 (causas
1502 1291 1665 1354 atque
1716 1282 1983 1355 originem

383 1379 795 1448 persequamur:
832 1377 1147 1447 Numquam
1182 1377 1330 1432 enim
1372 1376 1551 1432 curari
1591 1377 1841 1448 languor,
1884 1390 1984 1431 nec

2089 534 2237 605 prius
2270 532 2616 605 inquisitione
2658 530 2834 604 sagaci
2877 529 3115 603 origines
3140 543 3330 587 earum
3368 528 3698 601 investigen-

2087 634 2180 682 tur
2216 634 2271 682 et
2298 640 2498 683 causa.
2534 625 2640 680 Hic
2664 638 2901 695 namque
2944 620 3164 678 indutus
3195 619 3378 677 divina
3416 618 3694 692 claritate,

2088 728 2143 776 et
2170 718 2313 776 inter
2349 726 2577 776 cateras
2618 731 2883 790 supernas
2918 715 3145 771 virtutes
3183 711 3500 773 Conditoris
3536 713 3696 784 largi-

2084 817 2200 869 tate
2241 811 2567 885 prafulgens
2586 851 2602 880 ,
2639 810 2985 883 splendorem
3017 807 3297 881 sapientia
3333 815 3389 864 et
3427 807 3693 866 virtutum

2092 905 2550 980 pulchritudinem
2587 920 2696 978 qua
2735 904 3034 960 ornabatur
3058 902 3230 975 gratia
3259 901 3562 971 Creatoris,
3590 917 3698 959 na-

2089 1009 2229 1058 tura
2254 1015 2369 1075 sua
2400 999 2669 1078 potentia,
2697 1013 2813 1054 non
2840 995 3226 1054 muniﬁcentia
3255 995 3399 1052 illius
3425 994 3697 1055 beneﬁcio

2090 1109 2149 1152 se
2183 1092 2417 1167 credidit
2444 1092 2708 1150 obtinere.
2750 1093 2817 1148 Et
2845 1090 2918 1146 ob
2956 1089 3062 1146 hoc
3087 1087 3262 1145 elatus
3286 1096 3573 1159 tamquam
3601 1089 3697 1161 qui

2090 1188 2160 1246 ad
2199 1186 2657 1261 perseverantiam
2682 1184 2933 1258 puritatis
2961 1184 3126 1256 hujus
3148 1182 3331 1240 divino
3361 1198 3474 1239 non
3510 1191 3700 1255 egeret

2092 1280 2315 1349 auxilio,
2348 1283 2374 1313 ³
2399 1283 2517 1336 Deo
2541 1280 2619 1350 ise
2652 1277 2885 1334 similem
2909 1276 3206 1350 judicavit,
3240 1283 3428 1348 utpote
3455 1275 3547 1348 qui
3572 1273 3701 1332 nul-

2092 1375 2198 1432 lius
2241 1373 2534 1446 indigeret,
2581 1368 3050 1444 quemadmodum
3072 1371 3262 1438 .Deus,
3304 1368 3458 1425 liberi
3496 1368 3702 1427 scilicet

1489 1507 1744 1561 ALARDI
1781 1507 2007 1561 GAZ/El
2044 1502 2601 1561 COMMENTARIUS.

429 1634 494 1674 ua
537 1616 739 1675 deinde
782 1627 1074 1674 consecuta
1124 1619 1197 1674 sit
1238 1618 1460 1674 invidia.
1508 1617 1574 1675 Id
1615 1619 1760 1674 enim
1806 1621 1997 1675 Patres

429 1635 494 1674 ua
537 1635 739 1675 uernae
782 1635 1074 1674 consecuta
1124 1635 1197 1674 sit
1238 1635 1460 1674 anldla.
1514 1635 1574 1675 ια
1615 1635 1760 1674 enim
1807 1635 1995 1675 Patres

388 1635 588 1761 giserte
622 1688 919 1761 affirmant.
952 1692 1022 1743 D.
1066 1691 1435 1761 Hieronymus
1471 1690 1629 1759 epist.
1669 1696 1741 1745 45
1780 1706 1794 1743 :
1830 1692 1995 1746 Sata-

387 1775 520 1827 nas,
560 1759 768 1829 inquit,
799 1776 867 1813 ea
905 1759 1288 1827 archangelico'
1312 1762 1537 1828 fastigio
1579 1776 1684 1814 non
1721 1761 1892 1815 aliam
1932 1762 1995 1815 ob

388 1845 625 1893 causam,
641 1831 751 1901 nisi
771 1830 834 1883 ob
857 1832 1191 1901 contrariam
1216 1831 1514 1885 humilitati
1526 1832 1833 1901 superme
1855 1834 1990 1887 ruit.

389 1903 459 1956 Ι).
511 1900 854 1982 Augustinus
902 1900 1131 1982 l_ih._xu
1176 1900 1244 1982 de
1293 1901 1536 1982 Civitate_
1560 1900 1677 1972 cap.
1725 1907 1759 1955 6
1802 1920 1816 1955 ε
1864 1905 1994 1982 Cum

390 1986 576 2034 causa,
609 1973 804 2042 inquit,
837 1973 1067 2025 miseria
1091 1973 1352 2026 malorum
1380 1973 1689 2041 angelorum
1712 1975 1990 2041 quaritur,

2096 1619 2470 1685 mum-notis,
2496 1616 2782 1688 superbia,
2809 1617 3033 1688 inquam
3049 1621 3151 1688 ,_et
3175 1613 3476 1688 humilitate
3502 1614 3701 1672 distin-

2104 1691 2212 1762 gui.
2245 1690 2350 1747 Sed
2376 1683 2545 1762 satius
2565 1683 2975 1762 'ipsum'audire
3003 1685 3116 1762 suis
3142 1683 3419 1762 verbisid
3441 1693 3701 1762 pasti-neu:

2105 1758 2237 1816 tem.
2280 1760 2432 1829 Quod
2465 1758 2632 1824 nunc,
2663 1758 2872 1829 inquit,
2906 1760 2964 1811 in
2992 1758 3208 1812 civitate
3245 1758 3369 1819 Dei,
3400 1760 3451 1812 et
3488 1759 3705 1813 civitati

2106 1835 2201 1910 Dei
2217 1834 2276 1910 iri
2289 1833 2400 1910 _hoc
2418 1831 2604 1910 saeculo
2626 1830 3021 1910 peregrinanti,

2103 1904 2408 1965 humilitas,
2435 1908 2486 1957 et
2512 1903 2575 1955 in
2596 1898 2712 1970 ejus
2743 1915 2891 1968 rege,
2923 1901 3021 1967 qui
3051 1902 3128 1953 est
3154 1898 3428 1970 Christus,
3459 1900 3699 1954 maxime

2099 1974 2430 2043 pradicatur
2440 1992 2457 2040 ;
2469 1969 2896 2039 contrariamque
2907 1971 3031 2043 huic
3041 1970 3236 2043 virtuti
3247 1969 3495 2043 elationis
3505 1971 3701 2043 vitium

389 2057 461 2113 ea
479 2032 669 2096 merito
682 2032 939 2105 occurrit,
967 2043 1112 2111 quod
1133 2042 1200 2095 ab
1226 2043 1319 2097 illo
1346 2047 1444 2111 qui
1455 2032 1671 2097 vsumme
1694 2032 1769 2098 est
1798 2032 1991 2107 aversi,
2029 2032 2077 2092 Β
2099 2032 2164 2098 in
2186 2044 2302 2113 ejus
2322 2032 2648 2113 adversario,
2675 2043 2776 2110 qui
2790 2032 2868 2096 est
2888 2040 3160 2113 diabolus,
3177 2042 3414 2094 maa‘ime

390 2112 465 2166 ad
490 2115 686 2181 seipsos
711 2114 945 2166 conversi
972 2117 1116 2175 sunt,
1147 2114 1246 2181 qui
1265 2128 1371 2166 non
1397 2128 1595 2167 summe
1620 2118 1746 2168 sunt
1776 2133 1792 2168 :
1823 2121 1874 2170 et
1897 2116 1993 2169 hoc

388 2184 581 2236 vitium
597 2182 733 2251 quid
747 2183 902 2235 aliud
919 2198 1083 2251 quam
1106 2184 1355 2252 superbia
1375 2188 1754 2252 nuncupatur?
1773 2187 1993 2241 Initium

390 2254 799 2323 quippeomnis
832 2256 1041 2323 peccati
1080 2258 1159 2308 est
1194 2255 1467 2323 superbia.
1506 2254 1615 2309 Cur
1651 2263 1834 2311 autem
1875 2255 1993 2311 sola

390 2320 649 2395 superbia
683 2329 740 2377 et
768 2320 959 2395 invidia
992 2323 1049 2378 in
1082 2320 1285 2395 angelis
1310 2339 1428 2380 esse
1458 2325 1698 2395 possint,
1729 2326 1996 2381 rationem

390 2391 627 2467 insinuat
654 2396 726 2467 l_).
767 2393 1034 2467 Thomas,
1064 2391 1215 2467 quod
1252 2394 1369 2451 hac
1403 2391 1521 2450 sola
1564 2391 1692 2450 vitia
1718 2412 1850 2466 pure
1878 2396 1996 2467 spi-

390 2462 788 2537 ritualia_s_int,_
819 2462 1127 2535 cujusmodi
1148 2480 1276 2537 esse
1312 2473 1529 2536 oportet
1568 2480 1692 2537 qua
1720 2462 1793 2520 'in
1832 2462 1994 2521 natu-

390 2548 507 2608 ram
547 2533 897 2608 spiritualem:
914 2543 968 2590 et
1005 2536 1303 2608 angelicam
1345 2533 1536 2608 cadere
1579 2533 1805 2608 possint.
1852 2540 1996 2594 Nam

389 2603 489 2660 etsi
512 2603 634 2677 _al’ia
674 2605 933 2677 nonnulla
978 2603 1108 2661 vitia
1143 2606 1439 2677 spiritualia
1475 2603 1724 2664 dicantur
1760 2623 1825 2663 ex
1867 2618 1998 2664 sen-'

390 2674 559 2749 tentia
584 2676 647 2729 B.
677 2675 930 2749 Gregorii
960 2678 1091 2743 (Lib.
1121 2674 1279 2733 xixr
1305 2679 1496 2749 Morai.
1521 2693 1565 2732 c.
1600 2683 1689 2745 31)
1715 2694 1995 2749 compara-

389 2747 543 2821 iione
584 2745 914 2821 carnalium,
953 2762 1150 2821 nempe
1186 2748 1325 2819 gula
1359 2756 1416 2803 et
1460 2747 1714 2821 lusoria,
1749 2745 1873 2821 qua
1903 2765 1996 2805 vo-

392 2816 596 2889 luptate
624 2817 831 2889 carnali
861 2816 1232 2889 complentur;
1269 2826 1455 2874 tamen
1485 2818 1733 2874 absolute
1761 2816 1816 2876 et
1841 2835 1995 2875 mere

393 2886 696 2959 spiritualia
722 2888 828 2944 dici
871 2886 1274 2960 non—possunt,
1302 2892 1432 2958 quia
1455 2891 1771 2959 vel‘objecta
1800 2892 1996 2945 habent

395 2960 717 3038 corporalia,
737 2961 819 3012 vel
829 2962 1164 3038 corporalem
1184 2962 1488 3038 passionem
1512 2965 1821 3038 supponunt
1843 2965 1895 3014 et
1914 2963 1996 3015 in-

395 3029 637 3082 cludunt.
662 3031 933 3084 Avaritia
952 3033 1092 3083 enim
1114 3029 1370 3098 objectum
1395 3034 1473 3083 est
1485 3029 1739 3099 pecunia.
1758 3033 1849 3085 Ira
1871 3046 1994 3086 vero

395 3114 515 3154 cum
542 3099 783 3170 quadam
804 3102 1051 3170 passione
1074 3103 1171 3161 est,
1197 3101 1336 3153 sicut
1357 3102 1774 3170 concupiscentia
1805 3120 1821 3155 :
1854 3102 1997 3156 unde

397 3170 606 3242 ipsa_in
643 3168 971 3223 damonibus
999 3184 1108 3242 esse
1133 3184 1241 3223 non
1259 3175 1463 3241 potest,
1488 3168 1598 3225 nisi
1618 3173 1991 3242 metaphorice.

450 3239 601 3312 cedia
624 3255 744 3312 vero
772 3244 851 3293 est
872 3241 1121 3309 quadam
1148 3239 1399 3305 tristitia,
1431 3258 1540 3312 qua
1569 3243 1720 3297 homo
1745 3239 1997 3298 redditur

397 3310 589 3365 tardus
617 3311 692 3365 ad
717 3312 1029 3383 spirituales
1055 3316 1209 3366 actus
1234 3310 1457 3383 propter
1487 3314 1814 3383 corporalem
1844 3315 1995 3368 labo-

396 3397 541 3479 rem,
579 3384 678 3452 qui
695 3382 1048 3479 tdanionibqu.
1069 3398 1174 3438 non
1199 3386 1470 3479 competit.
1506 3385 1665 3479 {inde
1677 3390 1831 3455 patet
1851 3385 1996 3479 quod
2022 3416 2066 3479 Ο

397 3453 511 3506 sola
527 3454 779 3525 superbia
797 3458 848 3507 et
870 3455 1081 3508 invidia
1101 3460 1227 3509 sunt
1233 3453 1367 3524 pure
1383 3453 1721 3525 spiritualia,
1744 3453 1877 3525 qua
1885 3456 1993 3510 da-

399 3522 641 3576 monibus
678 3529 965 3591 competere
984 3529 1207 3593 possunt
1233 3522 1254 3578 Ξ
1301 3527 1381 3579 ita
1406 3522 1595 3579 tamen
1622 3522 1773 3593 quod
1790 3528 1998 3580 invidia

398 3606 505 3664 non
532 3597 775 3664 sumatur
797 3608 898 3660 pro
913 3598 1183 3664 passione,
1212 3595 1304 3649 sed
1320 3610 1421 3664 pro
1446 3596 1719 3649 voluntate
1738 3599 1999 3651 renitente

400 3660 531 3714 bono
560 3662 804 3714 alterius.
836 3660 1002 3716 lta’S.
1036 3662 1296 3718 Thomas.
1320 3660 1493 3720 'Addit
1520 3673 1705 3719 tamen
1729 3665 1839 3721 duo
1871 3681 1998 3721 mo-

397 3729 519 3811 nita
549 3729 630 3811 ad
661 3730 859 3811 horum
880 3731 1329 3811 intelligentiam
1348 3734 1708 3811 pertinentia,
1733 3750 1835 3811 nec
1864 3752 1998 3807 pra.

397 3801 776 3877 germittenda:
798 3802 1053 3877 Primum
1077 3801 1215 3877 cum
1225 3801 1426 3860 dicitur
1449 3801 1797 3861 solummbdo
1821 3801 2000 3877 super-

397 3869 550 3949 biam
584 3880 640 3927 et
669 3872 930 3949 invidiam
958 3873 1305 3949 damqnibus
1327 3880 1664 3946 competere,
1691 3869 1996 3949 intelligen-

396 3940 529 3999 dum
561 3958 680 4000 esse
719 3944 1022 4000 secundum
1067 3944 1349 4002 affectum.
1379 3940 1519 4004 Nam
1557 3940 1844 4004 secundum
1864 3940 1999 4002 rea-

398 4017 533 4077 tum,
557 4013 758 4086 inquit,
781 4019 963 4070 omnia
983 4022 1205 4087 peccata
1226 4020 1285 4072 in
1312 4018 1638 4074 damonibus
1666 4034 1774 4074 esse
1792 4021 2002 4075 contin-

395 4086 506 4154 git,
537 4087 679 4160 quia
722 4087 851 4141 dum
878 4086 1111 4143 hommes
1142 4088 1218 4143 ad
1253 4090 1433 4143 omnia
1451 4095 1679 4160 peccata
1705 4091 1996 4152 inducunt,

397 4159 637 4228 omnium
656 4163 991 4227 peccatorum
1017 4164 1229 4214 reatum
1253 4162 1552 4215 incurrunt.
1576 4162 1875 4218 Secundum
1904 4164 2001 4228 af-

396 4227 613 4301 fectum,
634 4226 757 4301 vero
793 4231 890 4284 illa
925 4231 1097 4285 solum
1110 4226 1345 4301 peccata
1374 4234 1431 4285 in
1465 4234 1624 4287 malis
1660 4234 1863 4301 angelis
1895 4226 2003 4287 esse

391 4300 637 4372 possunt,
660 4298 742 4372 _ad
768 4314 888 4365 qua
907 4298 1171 4369 contingit
1188 4303 1344 4370 afﬁci
1359 4304 1703 4372 spiritualem
1723 4298 1996 4357 naturam.

397 4365 758 4442 _Spiritualem
799 4373 979 4442 autem
1013 4365 1265 4442 naturam
1293 4365 1701 4442 non-icontingit
1738 4375 1893 4442 afﬁci
1926 4373 2002 4427 ad

399 4433 823 4514 _sunt
836 4440 1061 4514 propria
1083 4442 1309 4514 corpori,
1334 4441 1428 4514 sed
1455 4442 1530 4494 ad
1543 4457 1605 4495 ea
1769 4433 1826 4496 in
1844 4443 1998 4498 rebus

395 4503 775 4579 spiritualibus
799 4503 1032 4579 inveniri
1047 4503 1290 4579 possunt.
1317 4508 1562 4579 alterum
1581 4503 1875 4579 monitum,
1895 4513 1998 4569 sub

398 4570 602 4627 invidia
623 4580 693 4651 _et
716 4573 994 4651 superbia,
1022 4570 1184 4651 p'rout
1210 4576 1266 4631 in
1307 4576 1655 4636 damonibus
1697 4570 1994 4651 ponuntur,

395 4641 798 4721 comprehendi
820 4641 1173 4721 omniajvitia
1199 4655 1253 4721 et
1276 4656 1494 4721 peccata
1519 4664 1643 4721 qua
1677 4641 1748 4707 ab
1775 4651 1878 4707 illis
1905 4641 1999 4710 del

392 4713 663 4782 rivantur,
693 4723 756 4789 ut
778 4715 965 4789 odium
996 4716 1126 4784 Dei,
1158 4713 1579 4789 blasphemiam,
1605 4721 1794 4778 odium
1819 4722 1995 4779 homi-

2098 2110 2265 2171 sacris
2294 2115 2494 2167 litteris
2523 2112 2798 2177 edocetur;
2820 2112 3058 2180 profecto
3095 2111 3194 2163 illa
3223 2115 3275 2165 et
3306 2126 3507 2179 magna
3531 2110 3699 2180 diffe-

2100 2188 2297 2247 rentia,
2329 2200 2439 2253 qua
2468 2185 2676 2245 civitas,
2703 2182 2844 2236 unde
2873 2182 3159 2253 loquimur,
3186 2186 3419 2251 utraque
3437 2181 3698 2236 discerni-

2100 2260 2195 2310 tur
2220 2275 2236 2309 :
2266 2251 2376 2309 una
2394 2256 2591 2310 scilicet
2612 2256 2830 2308 societas
2850 2254 3067 2322 piorum
3090 2251 3382 2316 hominum,
3405 2253 3579 2306 altera
3596 2254 3699 2306 im-

2099 2329 2352 2397 pio-rum;
2379 2325 2593 2393 singula
2619 2338 2841 2397 quaque
2867 2338 2985 2397 cum
3015 2323 3219 2397 angelis
3245 2323 3329 2397 _ad
3349 2337 3403 2377 se
3417 2325 3700 2397 pertineng

2105 2394 2269 2459 tibus,
2291 2399 2350 2450 in
2371 2397 2567 2465 quibus
2580 2396 2851 2465 praeessit
2872 2395 2970 2448 hac
2986 2409 3138 2465 amor
3156 2395 3269 2465 Dei,
3291 2394 3391 2465 hac
3407 2409 3562 2447 amor
3582 2396 3694 2448 sui.

2103 2468 2185 2522 Ita
2230 2463 2599 2538 Augustinu.’
2619 2464 2716 2538 Cui
2756 2463 3027 2538 consentit
3057 2465 3128 2518 D.
3161 2463 3701 2538 Gregorius_xxxtv

2104 2532 2395 2593 Moralium
2425 2538 2582 2607 (Cap.
2628 2535 2725 2606 23)
2770 2534 2843 2607 ita
2884 2532 3126 2590 scribens
3156 2551 3169 2588 :
3198 2532 3331 2607 Quia
3371 2533 3698 2607 Redemptor

2100 2612 2279 2663 noster
2307 2608 2468 2663 corda
2488 2603 2629 2675 regit
2656 2603 2961 2668 humilium,
2984 2609 3036 2659 et
3059 2605 3353 2660 Leviathan
3368 2607 3464 2659 iste
3482 2603 3559 2669 (id
3580 2611 3692 2671 est,

2101 2678 2373 2744 diabolus)
2400 2694 2499 2733 rea
2522 2678 2722 2732 dicitur
2743 2676 3109 2746 superborum,
3131 2680 3310 2745 aperte
3335 2676 3699 2745 cognoscimus

2101 2750 2247 2820 quod
2264 2750 2724 2820 evidentissimum
2740 2746 3080 2820 reproborum
3097 2748 3311 2815 signum
3329 2746 3579 2820 superbia
3598 2751 3698 2809 est,

2101 2816 2359 2875 utcontra
2378 2821 2657 2874 humilitas
2673 2816 2973 2874 electorum.
2996 2818 3126 2873 Cum
3150 2833 3268 2886 ergo
3291 2832 3452 2885 quam
3477 2819 3702 2886 quisque

2068 2892 2296 2945 'habeat
2336 2893 2655 2959 agnoscitur,
2702 2889 2803 2944 sub
2853 2904 2958 2958 quo
3002 2903 3122 2956 rege
3166 2888 3362 2942 militet
3404 2889 3694 2942 invenitur.

2109 2964 2482 3030 Unusquisque
2501 2963 2642 3015 enim
2665 2962 2828 3029 quasi
2841 2959 3123 3029 quemdam
3146 2959 3363 3013 titulum
3378 2962 3563 3027 portat
3581 2973 3703 3028 ope-

2101 3034 2200 3094 ris,
2234 3047 2338 3101 quo
2366 3032 2530 3099 facile
2555 3030 2803 3086 ostendat
2826 3031 2924 3085 sub
2946 3030 3096 3100 cujus
3116 3032 3318 3084 serviat
3330 3034 3594 3098 potestate
3610 3044 3699 3084 re-

2101 3104 2274 3157 ctoris.
2310 3103 2456 3158 Unde
2479 3106 2529 3157 et
2550 3117 2652 3172 per
2677 3102 3028 3170 Evangelium
3052 3101 3250 3155 dicitur
3279 3119 3296 3154 :
3317 3103 3406 3156 Ea:
3431 3101 3699 3167 fructibus
3780 3124 3785 3128 ι

2101 3188 2283 3228 eorum
2309 3175 2622 3243 cognoscetis
2650 3187 2732 3227 eos
2766 3172 2978 3243 (Matth.
3009 3175 3148 3243 _vu).

2173 3247 2199 3276 ³
2223 3238 2424 3317 Magna
2452 3242 2680 3317 quastio
2708 3238 2849 3297 inter
2876 3241 3193 3317 theologos,
3224 3257 3293 3317 an
3329 3247 3399 3317 et
3418 3238 3699 3317 quomodo

2102 3310 2640 3386 Lucifer'appétierit
2665 3328 2790 3386 esse
2807 3322 2870 3369 ut
2907 3310 3093 3386 Deus,
3120 3319 3216 3368 aut
3238 3310 3568 3386 similis’esse
3600 3310 3697 3386 Al-

2104 3331 2319 3371 1.ucuer
2354 3332 2385 3371 a
2430 3331 2640 3386 penem
2665 3331 2783 3370 esse
2807 3331 2870 3369 ut
2909 3331 3087 3382 Deus,
3120 3331 3216 3368 aut
3238 3331 3429 3367 Slmuls
3454 3331 3568 3367 esse
3600 3331 3697 3366 A1—

2103 3385 2341 3463 rissimo:
2375 3331 2538 3441 ﬁnde
2573 3384 2794 3463 intelligi
2836 3383 3007 3463 possit
3036 3398 3161 3463 (pa
3196 3390 3252 3438 et
3293 3389 3495 3463 quanta
3518 3379 3700 3463 fuerit

2105 3455 2343 3537 Luciferi
2386 3450 2803 3537 et__sequaciur'n
2836 3450 2959 3526 'ejus
2996 3450 3285 3537 spirituum
3309 3450 3596 3537 superbia,
3628 3450 3701 3509 de

2105 3541 2211 3607 qua
2246 3524 2338 3607 hic
2367 3522 2580 3607 agitur:
2616 3527 2797 3597 Quam
2843 3522 3199 3607 quastionem
3212 3565 3237 3607 ,
3266 3522 3703 3607 ut‘subtiliorern

2105 3592 2161 3652 et
2186 3592 2743 3667 prolixioremiqu'am
2779 3592 2954 3667 nostri
2998 3592 3225 3667 instituti
3266 3594 3407 3649 ratio
3443 3592 3610 3667 ferat,
3635 3593 3701 3648 li-

2104 3663 2328 3738 bentius
2352 3663 2759 3738 prateriissem,
2784 3666 2892 3738 nisi
2917 3665 3035 3738 hac
3066 3674 3122 3722 et
3145 3665 3247 3721 alia
3272 3663 3524 3738 Auctoris
3552 3663 3702 3738 dicta

2105 3735 2427 3809 nonnullam
2452 3736 2572 3809 ejus
2603 3736 2679 3793 rei
2706 3736 3135 3809 explicationem
3167 3735 3525 3809 requirerent.
3556 3736 3704 3791 Sunt

2105 3816 2291 3863 autem
2320 3806 2426 3862 hac
2447 3806 2504 3863 in
2533 3822 2595 3862 re
2632 3816 2745 3864 tres
2775 3806 3059 3864 sententia
3086 3806 3431 3869 illustriores,
3460 3820 3704 3876 quarum

2105 3877 2242 3934 duas
2268 3877 2432 3934 refert
2462 3881 2531 3933 D.
2569 3878 2811 3935 Thomas
2849 3877 2932 3934 his
2976 3877 3152 3935 verbis
3194 3898 3206 3934 :
3238 3877 3469 3946 Angelus
3496 3876 3705 3946 absque

2105 3952 2254 4004 omni
2278 3950 2441 4005 dubio
2463 3952 2717 4020 peccavit,
2748 3949 3045 4020 appetendo
3071 3965 3180 4005 esse
3200 3952 3260 4003 ut
3282 3952 3439 4004 Deus.
3471 3947 3578 4004 Sed
3604 3947 3704 4004 hoc

2100 4026 2275 4090 potest
2304 4022 2543 4092 intelligi
2568 4022 2894 4092 dupliciter:
2918 4035 3024 4076 uno
3053 4021 3208 4076 modo
3227 4034 3329 4092 per
3349 4020 3705 4092 aquiparan-

2105 4086 2236 4164 tiam
2268 4086 2385 4158 (alii
2413 4086 2606 4149 dicunt
2627 4086 3179 4164 aqualitatem),_alio
3199 4086 3355 4144 modo
3376 4086 3700 4164 per—simili—

2106 4163 2366 4218 tudinem.
2397 4166 2469 4219 Et
2493 4165 2672 4232 primo
2693 4162 2917 4233 quidem
2940 4162 3096 4217 modo
3120 4178 3223 4217 non
3244 4163 3427 4233 potuit
3451 4165 3703 4233 appetere

2107 4248 2215 4288 esse
2236 4239 2306 4316 ut.
2326 4236 2463 4288 Deus
2476 4235 2649 4356 quia
2670 4231 2828 4288 scivit
2850 4234 3078 4315 hocesse
3107 4232 3431 4315 impossibile
3457 4231 3705 4314 naturali

2107 4309 2428 4356 coamtwne:
2452 4318 2507 4356 se
2573 4319 2629 4356 in
2656 4305 2750 4356 hoc
2785 4308 3016 4356 appetiit
3040 4318 3149 4356 esse
3181 4303 3377 4356 similis
3409 4306 3534 4356 Deo.
3564 4317 3703 4356 auia

2106 4306 2428 4371 cognitione;
2452 4303 2545 4358 sed
2573 4306 2629 4358 in
2656 4305 2750 4358 hoc
2785 4305 3016 4374 appetiit
3040 4318 3149 4374 esse
3181 4303 3377 4374 similis
3396 4306 3534 4374 Deo,
3551 4304 3703 4374 quia

2106 4375 2336 4442 appetiit
2356 4378 2419 4427 ut
2435 4376 2592 4443 ﬁnem
2611 4372 2871 4428 ultimum
2882 4373 3233 4429 beatitudinis
3257 4373 3318 4428 id
3335 4373 3411 4428 ad
3428 4372 3569 4443 quod
3593 4374 3696 4425 vir-

2108 4448 2220 4497 tute
2241 4459 2352 4497 sua
2374 4448 2589 4498 natura
2609 4449 2827 4514 poterat
2844 4447 3135 4515 pervenire,
3157 4448 3401 4499 avertens
3428 4458 3581 4498 suum
3608 4458 3702 4513 ap-

2099 4515 2331 4583 petitum
2358 4530 2393 4568 a
2432 4515 2762 4570 beatitudine
2790 4516 3227 4585 supernaturali,
3263 4530 3385 4585 qua
3412 4518 3489 4569 est
3515 4516 3703 4585 gratia

2105 4586 2238 4651 Dei;
2253 4585 2335 4639 vel
2353 4587 2403 4639 si
2425 4588 2653 4655 appetiit
2673 4587 2825 4640 illam
2843 4584 3251 4649 similitudinem
3273 4584 3373 4642 Dei
3392 4600 3510 4655 qua
3532 4584 3705 4638 datur

2105 4670 2174 4708 ea
2190 4658 2394 4724 gratia,
2411 4656 2579 4711 voluit
2597 4658 2733 4711 hanc
2748 4657 2940 4711 habere
2952 4672 3053 4727 per
3068 4658 3321 4712 virtutem
3334 4671 3447 4710 sua
3462 4658 3699 4718 natura,

2103 4741 2208 4781 non
2246 4732 2315 4781 ea
2358 4728 2540 4782 divino
2575 4729 2785 4782 auxilio
2820 4728 3108 4783 secundum
3148 4730 3247 4783 Dei
3277 4728 3698 4797 dispositionem.

391 4800 548 4869 num,
572 4769 676 4869 etc.
708 4786 846 4869 Cum
872 4788 1040 4859 igitur
1066 4769 1540 4869 eonstetrprimum
1563 4769 1847 4869 peccatum
1873 4797 1992 4850 Lu-
2020 4769 2071 4831 D
2107 4769 3705 4869 liacvuarb'avgf'l‘b‘o‘mavnbun'ihirobsclurawpa‘u‘lo_clarius

391 4856 567 4927 ciferi,
592 4865 648 4914 et
683 4856 919 4929 primum
947 4859 1202 4916 omnium
1232 4856 1581 4930 peccatorum
1607 4862 1775 4920 fuisse
1799 4880 1861 4920 su
1903 4882 1996 4922 er-

398 4927 576 4990 hiam,
608 4929 802 4985 merito
832 4931 925 4987 SS.
973 4933 1161 4987 Patres
1191 4934 1380 4990 (Grca.
1426 4934 1462 4989 ι.
1506 4949 1672 4990 xxxv
1711 4881 1903 4990 Merui).
1946 4954 1991 4990 c.

398 4927 576 5009 hiem,
608 4927 802 5009 merito
832 4931 925 4987 SS.
973 4927 1380 5009 Patre_s_(Greg.
1409 4934 1462 5009 Δι.
1487 4949 1672 5009 Δᾳωωιν
1711 4927 1925 5009 Μοταᾘ
1946 4954 1991 4992 c.

396 5002 486 5078 2?)
521 4998 839 5078 superbiam
872 5011 1071 5078 vocant
1097 5002 1291 5059 vitium
1318 4998 1673 5073 diabolicum,
1699 5007 1993 5065 evidentis-

392 5072 597 5149 simum
622 5072 839 5149 signum
871 5072 1229 5149 r_eproborum
1249 5116 1264 5142 ,
1295 5084 1350 5131 et
1374 5084 1563 5149 notam
1602 5078 1839 5135 civitatis
1876 5078 1994 5135 dia~

396 5136 530 5209 boli,
545 5138 635 5219 (ἐξιῇ
660 5136 864 5219 dicitur
878 5136 994 5219 Rea
1021 5158 1180 5219 super
1393 5148 1532 5219 ﬁlios
1554 5150 1837 5219 superbia,
1860 5150 1988 5206 Job.

392 5223 515 5265 xu.
536 5209 700 5282 ‘Binc
726 5211 1025 5282 Apostolus
1060 5209 1102 5266 Γ
1113 5213 1178 5267 ad
1204 5209 1447 5271 Timoth.
1481 5232 1555 5273 ιιι
1586 5209 1728 5274 νὲῑεη
1752 5209 1993 5276 ordinari

392 5279 738 5364 ueophgtum,
767 5279 843 5364 ne
856 5283 918 5336 in
937 5284 1257 5364 superbiam
1281 5287 1450 5364 elatus
1472 5290 1532 5341 in
1549 5289 1823 5364 judicium
1849 5293 1994 5346 inci-

395 5348 494 5403 dat
526 5349 761 5414 diaboli,
792 5350 847 5407 id
873 5348 1072 5417 est,in
1100 5355 1353 5412 eamdem
1388 5348 1748 5414 damnationis
1785 5368 1992 5417 sortem

394 5419 1026 5510 93953351990232?“
1065 5423 1345 5510 ίηξίηιιξωξ
1385 5428 1695 5510 Suebiam
1723 5444 1841 5510 esse
1881 5430 1993 5510 dia-

393 5488 505 5571 boli
536 5490 722 5571 vitiuﬁm
739 5488 936 5571 ;_sic1iti
965 5510 995 5550 e
1021 5497 1300 5553 contrario
1315 5488 1600 5571 humilitas
1629 5499 1845 5571 propria
1879 5501 1993 5558 vir-

395 5568 484 5651 ilis
502 5562 970 5651 jest‘Christi,_.et
1004 5581 1199 5651 eorum
1235 5567 1344 5651 qui_
1369 5568 1458 5651 ad“
1477 5562 1655 5651 ipsum
1697 5562 1984 5651 pertinent.

393 5631 656 5714 I‘Jndep.
692 5631 1023 5714 Augnstinus
1048 5631 1282 5714 [ψηχιῆ
1310 5637 1385 5714 de
1398 5631 1553 5714 ᾳνίς,
1586 5631 1717 5714 οβρῖ
1742 5648 1803 5698 13
1832 5641 1991 5700 docet

394 5700 548 5785 duas
565 5702 696 5785 istas
731 5700 973 5785 οῇἷιίῐεηεε
992 5748 1006 5772 ,
1036 5708 1237 5785 Christi
1265 5716 1322 5763 et
1352 5708 1590 5785 diaboli,
1622 5700 1729 5769 h‘oc
1754 5721 1839 5768 est
1852 5753 1879 5785 ,ί
1894 5730 1986 5771 so-

393 5778 647 5852 pietatem
667 5778 972 5852 iustorum,
998 5784 1052 5852 et
1078 5778 1711 5852 societatemimpiOrum
1732 5824 1748 5852 ,
1773 5792 1827 5840 et
1848 5784 1988 5842 duos

393 5843 633 5917 ipsarum
665 5843 862 5919 duces,
900 5847 1176 5906 Christum
1213 5856 1268 5905 et
1307 5843 1616 5924 diabolum,
1648 5843 1746 5911 his'
1766 5856 1983 5927 potissi-

2101 4867 2179 4923 sic
2223 4868 2477 4941 explicari
2506 4877 2754 4941 possunt.
2800 4867 3045 4940 Appetiit
3086 4867 3326 4941 angelus:
3351 4867 3544 4924 similis
3582 4880 3703 4922 esse

2104 4941 2220 5019 Deo
2257 4937 2312 4994 in
2340 4939 2446 5019 h_oc
2483 4937 2632 5019 quod
2665 4947 2750 4995 est
2785 4937 2981 5019 natura
3015 4955 3114 4996 sua
3149 4937 3269 4996 esse
3305 4937 3566 5019 beatum,
3596 4951 3698 5019 ac-

2097 5008 2452 5081 quiescendo_
2479 5008 2738 5066 nimirum
2795 5010 2853 5065 in
2903 5025 3017 5066 sua
3078 5019 3292 5081 natura
3351 5008 3699 5081 excellentia,

2097 5078 2380 5161 tamquam
2423 5079 2756 5161 ﬁne_ultimo
2778 5089 2852 5161 _et
2885 5081 3114 5161 propria
3142 5080 3425 5161 felicitate,
3454 5078 3702 5161 neglecta

2097 5159 2192 5207 aut
2229 5148 2369 5208 'non
2405 5150 2740 5223 considerata
2778 5148 3127 5223 beatitudine,
3154 5148 3551 5223 supernaturali
3572 5190 3587 5216 ,
3623 5148 3703 5223 _ad

2101 5236 2267 5293 quam
2299 5238 2394 5294 per
2420 5222 2519 5279 Dei
2548 5222 2775 5294 gu’atiam
2796 5221 3017 5294 tendere
3047 5220 3296 5294 debebat.
3325 5222 3522 5294 Statim
3549 5220 3703 5294 enim

2101 5289 2264 5365 {itque
2299 5289 2451 5350 Deus
2491 5289 2747 5365 omnium
2784 5292 3036 5350 conditor
3061 5292 3347 5350 calestem
3379 5293 3524 5365 hanc
3549 5289 3703 5365 nobi-

2102 5358 2470 5438 lissimamque
2514 5364 2831 5438 angelorum
2889 5373 3140 5421 naturam
3190 5372 3430 5438 crearat,
3479 5358 3703 5418 Lucifer

2101 5433 2555 5507 pulchritudinem
2573 5433 2983 5507 (nobilitatem,
3012 5442 3172 5507 atque
3198 5434 3457 5507 eximiam
3486 5440 3705 5507 natura

2097 5502 2213 5578 sua
2241 5502 2588 5578 dignitatem,
2616 5521 2723 5578 qua
2755 5502 3162 5578 cuncti's'reh'us
3189 5506 3386 5578 creatis
3419 5502 3703 5578 pracelle-

2097 5573 2210 5643 bat,
2240 5573 2525 5650 attendens
2547 5573 2602 5650 et
2630 5573 2919 5650 magniﬁce
2943 5576 3182 5650 intuens,
3201 5577 3279 5650 ita
3302 5573 3483 5632 efferri
3507 5574 3700 5647 capit,

2096 5648 2496 5729 tantaquehsui
2513 5647 2875 5729 admiratione
2898 5657 2950 5706 et
2988 5647 3245 5729 philautia
3268 5655 3460 5729 captus
3487 5653 3603 5717 est,
3637 5653 3700 5729 ut

2094 5731 2210 5790 nec,
2241 5713 2508 5790 cogitaret
2534 5718 2655 5776 hac
2695 5719 2839 5776 dona
2881 5734 2936 5775 se
2962 5713 3007 5774 a'
3022 5721 3141 5776 Deo
3176 5713 3474 5789 accepisse,
3499 5713 3603 5790 nec
3628 5713 3702 5772 ad

2096 5787 2422 5863 ulteriorem
2481 5795 3027 5863 consummatamque
3096 5806 3161 5846 ac
3224 5787 3701 5863 supernaturalem

2096 5855 2492 5918 beatitudinem
2518 5859 2806 5933 aspiraret,
2837 5855 2991 5934 quasi
3017 5876 3115 5919 sua
3142 5855 3311 5919 sorte'
3323 5866 3615 5917 contentus
3641 5863 3699 5913 et
