  <div class='ocr_page' id='page_1' title='image "/cluster/home/n/w/nwhite01/storage/ocr_20150623/49/hvd.32044096580709/222.png"; bbox 0 0 4012 6192; ppageno 0'>
   <div class='ocr_carea' id='block_1_1' title="bbox 363 293 3662 368">
    <p class='ocr_par' dir='ltr' id='par_1_1' title="bbox 363 293 3662 368">
     <span class='ocr_line' id='line_1_1' title="bbox 363 293 3662 368; baseline 0.006 -21"><span class='ocrx_word' id='word_1_1' title='bbox 363 293 463 348; x_wconf 65' lang='grc' dir='ltr'><strong>Ὠθ</strong></span> <span class='ocrx_word' id='word_1_2' title='bbox 919 293 1008 349; x_wconf 84' lang='lat' dir='ltr'><strong>DE</strong></span> <span class='ocrx_word' id='word_1_3' title='bbox 1045 293 1522 351; x_wconf 76' lang='lat' dir='ltr'><strong>C(ENOBIORUM</strong></span> <span class='ocrx_word' id='word_1_4' title='bbox 1559 295 1804 354; x_wconf 82' lang='lat' dir='ltr'><strong>INSTIT.</strong></span> <span class='ocrx_word' id='word_1_5' title='bbox 1843 295 1972 353; x_wconf 86' lang='lat' dir='ltr'><strong>LIB.</strong></span> <span class='ocrx_word' id='word_1_6' title='bbox 2014 298 2128 354; x_wconf 80' lang='lat' dir='ltr'><strong>XII.</strong></span> <span class='ocrx_word' id='word_1_7' title='bbox 2165 327 2240 342; x_wconf 90' lang='lat'><strong>--</strong></span> <span class='ocrx_word' id='word_1_8' title='bbox 2278 299 2366 354; x_wconf 87' lang='lat' dir='ltr'><strong>DE</strong></span> <span class='ocrx_word' id='word_1_9' title='bbox 2395 298 2667 357; x_wconf 29' lang='lat' dir='ltr'><strong>‘SPIRITU</strong></span> <span class='ocrx_word' id='word_1_10' title='bbox 2705 301 3084 360; x_wconf 67' lang='lat' dir='ltr'><strong>SUPEBBIE.</strong></span> <span class='ocrx_word' id='word_1_11' title='bbox 3558 313 3662 368; x_wconf 77' lang='grc'><strong>430</strong></span> 
     </span>
    </p>
   </div>
   <div class='ocr_carea' id='block_1_2' title="bbox 359 413 3662 503">
    <p class='ocr_par' dir='ltr' id='par_1_2' title="bbox 359 413 3662 503">
     <span class='ocr_line' id='line_1_2' title="bbox 359 413 3662 503; baseline 0.006 -32"><span class='ocrx_word' id='word_1_12' title='bbox 359 413 564 472; x_wconf 73' lang='lat' dir='ltr'><strong>arbitrii</strong></span> <span class='ocrx_word' id='word_1_13' title='bbox 594 413 851 473; x_wconf 81' lang='lat' dir='ltr'><strong>facultate</strong></span> <span class='ocrx_word' id='word_1_14' title='bbox 877 415 1136 486; x_wconf 77' lang='lat' dir='ltr'><strong>conlisus,</strong></span> <span class='ocrx_word' id='word_1_15' title='bbox 1160 431 1254 489; x_wconf 89' lang='lat' dir='ltr'><strong>per</strong></span> <span class='ocrx_word' id='word_1_16' title='bbox 1285 416 1436 474; x_wconf 81' lang='lat' dir='ltr'><strong>illam</strong></span> <span class='ocrx_word' id='word_1_17' title='bbox 1462 417 1690 477; x_wconf 79' lang='lat' dir='ltr'><strong>credens</strong></span> <span class='ocrx_word' id='word_1_18' title='bbox 1725 418 1952 477; x_wconf 84' lang='lat' dir='ltr'><strong>afﬂueu-</strong></span> <span class='ocrx_word' id='word_1_19' title='bbox 1979 425 2030 488; x_wconf 78' lang='grc' dir='ltr'>Α</span> <span class='ocrx_word' id='word_1_20' title='bbox 2060 423 2144 479; x_wconf 81' lang='lat' dir='ltr'><strong>dii</strong></span> <span class='ocrx_word' id='word_1_21' title='bbox 2177 423 2383 496; x_wconf 82' lang='lat' dir='ltr'><strong>(Genes.</strong></span> <span class='ocrx_word' id='word_1_22' title='bbox 2434 427 2556 494; x_wconf 84' lang='lat' dir='ltr'><strong>1n);</strong></span> <span class='ocrx_word' id='word_1_23' title='bbox 2604 431 2890 498; x_wconf 79' lang='lat' dir='ltr'><strong>propterea</strong></span> <span class='ocrx_word' id='word_1_24' title='bbox 2929 433 3067 485; x_wconf 88' lang='lat' dir='ltr'><strong>Deus</strong></span> <span class='ocrx_word' id='word_1_25' title='bbox 3113 429 3350 503; x_wconf 76' lang='lat' dir='ltr'><strong>destmet</strong></span> <span class='ocrx_word' id='word_1_26' title='bbox 3400 433 3560 489; x_wconf 87' lang='lat' dir='ltr'><strong>illum</strong></span> <span class='ocrx_word' id='word_1_27' title='bbox 3599 437 3662 494; x_wconf 81' lang='lat' dir='ltr'><strong>in</strong></span> 
     </span>
    </p>
   </div>
   <div class='ocr_carea' id='block_1_3' title="bbox 365 507 3662 592">
    <p class='ocr_par' dir='ltr' id='par_1_3' title="bbox 365 507 3662 592">
     <span class='ocr_line' id='line_1_3' title="bbox 365 507 3662 592; baseline 0.006 -27"><span class='ocrx_word' id='word_1_28' title='bbox 365 511 441 566; x_wconf 85' lang='lat' dir='ltr'><strong>ter</strong></span> <span class='ocrx_word' id='word_1_29' title='bbox 467 509 648 566; x_wconf 83' lang='lat' dir='ltr'><strong>omnia</strong></span> <span class='ocrx_word' id='word_1_30' title='bbox 674 507 891 567; x_wconf 82' lang='lat' dir='ltr'><strong>sibimet</strong></span> <span class='ocrx_word' id='word_1_31' title='bbox 909 509 1239 583; x_wconf 88' lang='lat' dir='ltr'><strong>suppeditari</strong></span> <span class='ocrx_word' id='word_1_32' title='bbox 1271 525 1396 584; x_wconf 64' lang='lat' dir='ltr'><strong>qum</strong></span> <span class='ocrx_word' id='word_1_33' title='bbox 1421 509 1494 568; x_wconf 89' lang='lat' dir='ltr'><strong>ad</strong></span> <span class='ocrx_word' id='word_1_34' title='bbox 1520 513 1950 570; x_wconf 88' lang='lat' dir='ltr'><strong>consummatio-</strong></span> <span class='ocrx_word' id='word_1_35' title='bbox 2068 521 2249 588; x_wconf 74' lang='lat' dir='ltr'><strong>ﬁnem,</strong></span> <span class='ocrx_word' id='word_1_36' title='bbox 2279 521 2462 576; x_wconf 76' lang='lat' dir='ltr'><strong>evellet</strong></span> <span class='ocrx_word' id='word_1_37' title='bbox 2487 535 2630 584; x_wconf 89' lang='lat' dir='ltr'><strong>eum,</strong></span> <span class='ocrx_word' id='word_1_38' title='bbox 2652 525 2704 575; x_wconf 90' lang='lat' dir='ltr'><strong>et</strong></span> <span class='ocrx_word' id='word_1_39' title='bbox 2721 523 3004 592; x_wconf 86' lang='lat' dir='ltr'><strong>emigrabit</strong></span> <span class='ocrx_word' id='word_1_40' title='bbox 3026 523 3092 578; x_wconf 86' lang='lat' dir='ltr'><strong>de</strong></span> <span class='ocrx_word' id='word_1_41' title='bbox 3117 525 3452 582; x_wconf 78' lang='lat' dir='ltr'><strong>tabernaculo</strong></span> <span class='ocrx_word' id='word_1_42' title='bbox 3471 543 3590 592; x_wconf 87' lang='lat' dir='ltr'><strong>suo,</strong></span> <span class='ocrx_word' id='word_1_43' title='bbox 3610 536 3662 586; x_wconf 89' lang='lat' dir='ltr'><strong>et</strong></span> 
     </span>
    </p>
   </div>
   <div class='ocr_carea' id='block_1_4' title="bbox 363 603 3662 695">
    <p class='ocr_par' dir='ltr' id='par_1_4' title="bbox 363 603 3662 695">
     <span class='ocr_line' id='line_1_4' title="bbox 363 603 3662 695; baseline 0.005 -33"><span class='ocrx_word' id='word_1_44' title='bbox 363 619 488 662; x_wconf 88' lang='lat' dir='ltr'><strong>nem</strong></span> <span class='ocrx_word' id='word_1_45' title='bbox 517 603 783 662; x_wconf 87' lang='lat' dir='ltr'><strong>virtutum</strong></span> <span class='ocrx_word' id='word_1_46' title='bbox 809 605 891 663; x_wconf 92' lang='lat' dir='ltr'><strong>vel</strong></span> <span class='ocrx_word' id='word_1_47' title='bbox 920 605 1316 678; x_wconf 80' lang='lat' dir='ltr'><strong>perennitatem</strong></span> <span class='ocrx_word' id='word_1_48' title='bbox 1339 620 1574 662; x_wconf 65' lang='lat' dir='ltr'><strong>summa:</strong></span> <span class='ocrx_word' id='word_1_49' title='bbox 1601 606 1952 664; x_wconf 81' lang='lat' dir='ltr'><strong>beatitudinis</strong></span> <span class='ocrx_word' id='word_1_50' title='bbox 2066 613 2303 668; x_wconf 84' lang='lat' dir='ltr'><strong>radicem</strong></span> <span class='ocrx_word' id='word_1_51' title='bbox 2330 613 2446 683; x_wconf 82' lang='lat' dir='ltr'><strong>ejus</strong></span> <span class='ocrx_word' id='word_1_52' title='bbox 2486 613 2555 669; x_wconf 83' lang='lat' dir='ltr'><strong>de</strong></span> <span class='ocrx_word' id='word_1_53' title='bbox 2585 618 2727 670; x_wconf 82' lang='lat' dir='ltr'><strong>terra</strong></span> <span class='ocrx_word' id='word_1_54' title='bbox 2755 616 3063 672; x_wconf 74' lang='lat' dir='ltr'><strong>viventium.</strong></span> <span class='ocrx_word' id='word_1_55' title='bbox 3102 619 3254 673; x_wconf 90' lang='lat' dir='ltr'><strong>Tunc</strong></span> <span class='ocrx_word' id='word_1_56' title='bbox 3296 618 3513 676; x_wconf 88' lang='lat' dir='ltr'><strong>ruinam</strong></span> <span class='ocrx_word' id='word_1_57' title='bbox 3543 623 3662 695; x_wconf 83' lang='lat' dir='ltr'><strong>ejus</strong></span> 
     </span>
    </p>
   </div>
   <div class='ocr_carea' id='block_1_5' title="bbox 365 695 3662 779">
    <p class='ocr_par' dir='ltr' id='par_1_5' title="bbox 365 695 3662 779">
     <span class='ocr_line' id='line_1_5' title="bbox 365 695 3662 779; baseline 0.005 -23"><span class='ocrx_word' id='word_1_58' title='bbox 365 700 708 772; x_wconf 79' lang='lat' dir='ltr'><strong>pertinerent.</strong></span> <span class='ocrx_word' id='word_1_59' title='bbox 733 701 871 757; x_wconf 64' lang='lat' dir='ltr'><strong>Haec</strong></span> <span class='ocrx_word' id='word_1_60' title='bbox 897 700 945 756; x_wconf 85' lang='lat' dir='ltr'><strong>ei</strong></span> <span class='ocrx_word' id='word_1_61' title='bbox 982 700 1094 756; x_wconf 90' lang='lat' dir='ltr'><strong>sola</strong></span> <span class='ocrx_word' id='word_1_62' title='bbox 1122 701 1384 773; x_wconf 81' lang='lat' dir='ltr'><strong>cogitatio</strong></span> <span class='ocrx_word' id='word_1_63' title='bbox 1422 695 1567 756; x_wconf 86' lang='lat' dir='ltr'><strong>facta</strong></span> <span class='ocrx_word' id='word_1_64' title='bbox 1603 699 1780 772; x_wconf 88' lang='lat' dir='ltr'><strong>prima</strong></span> <span class='ocrx_word' id='word_1_65' title='bbox 1807 701 1959 758; x_wconf 91' lang='lat' dir='ltr'><strong>ruina</strong></span> <span class='ocrx_word' id='word_1_66' title='bbox 2063 707 2301 762; x_wconf 64' lang='lat' dir='ltr'><strong>cadentes</strong></span> <span class='ocrx_word' id='word_1_67' title='bbox 2317 709 2464 778; x_wconf 87' lang='lat' dir='ltr'><strong>justi</strong></span> <span class='ocrx_word' id='word_1_68' title='bbox 2484 709 2764 778; x_wconf 78' lang='lat' dir='ltr'><strong>timebunt,</strong></span> <span class='ocrx_word' id='word_1_69' title='bbox 2803 712 2854 764; x_wconf 87' lang='lat' dir='ltr'><strong>et</strong></span> <span class='ocrx_word' id='word_1_70' title='bbox 2874 723 3033 779; x_wconf 80' lang='lat' dir='ltr'><strong>super</strong></span> <span class='ocrx_word' id='word_1_71' title='bbox 3055 726 3174 764; x_wconf 91' lang='lat' dir='ltr'><strong>eum</strong></span> <span class='ocrx_word' id='word_1_72' title='bbox 3195 711 3448 769; x_wconf 82' lang='lat' dir='ltr'><strong>ridebunt</strong></span> <span class='ocrx_word' id='word_1_73' title='bbox 3481 715 3662 772; x_wconf 84' lang='lat' dir='ltr'><strong>dicen-</strong></span> 
     </span>
    </p>
   </div>
   <div class='ocr_carea' id='block_1_6' title="bbox 357 790 3664 874">
    <p class='ocr_par' dir='ltr' id='par_1_6' title="bbox 357 790 3664 874">
     <span class='ocr_line' id='line_1_6' title="bbox 357 790 3664 874; baseline 0.005 -26"><span class='ocrx_word' id='word_1_74' title='bbox 357 801 462 849; x_wconf 85' lang='lat' dir='ltr'><strong>est.</strong></span> <span class='ocrx_word' id='word_1_75' title='bbox 511 791 600 848; x_wconf 91' lang='lat' dir='ltr'><strong>0b</strong></span> <span class='ocrx_word' id='word_1_76' title='bbox 640 807 808 864; x_wconf 89' lang='lat' dir='ltr'><strong>quam</strong></span> <span class='ocrx_word' id='word_1_77' title='bbox 835 791 1082 850; x_wconf 90' lang='lat' dir='ltr'><strong>desertus</strong></span> <span class='ocrx_word' id='word_1_78' title='bbox 1105 809 1138 849; x_wconf 87' lang='lat' dir='ltr'><strong>a</strong></span> <span class='ocrx_word' id='word_1_79' title='bbox 1163 795 1318 862; x_wconf 88' lang='lat' dir='ltr'><strong>Deo,</strong></span> <span class='ocrx_word' id='word_1_80' title='bbox 1347 806 1458 864; x_wconf 92' lang='lat' dir='ltr'><strong>quo</strong></span> <span class='ocrx_word' id='word_1_81' title='bbox 1500 805 1560 848; x_wconf 90' lang='lat' dir='ltr'><strong>se</strong></span> <span class='ocrx_word' id='word_1_82' title='bbox 1587 790 1818 848; x_wconf 82' lang='lat' dir='ltr'><strong>credidit</strong></span> <span class='ocrx_word' id='word_1_83' title='bbox 1846 806 1959 848; x_wconf 90' lang='lat' dir='ltr'><strong>non</strong></span> <span class='ocrx_word' id='word_1_84' title='bbox 2064 803 2140 855; x_wconf 85' lang='lat' dir='ltr'><strong>tes</strong></span> <span class='ocrx_word' id='word_1_85' title='bbox 2165 798 2340 872; x_wconf 91' lang='lat' dir='ltr'><strong>(quod</strong></span> <span class='ocrx_word' id='word_1_86' title='bbox 2364 799 2531 855; x_wconf 90' lang='lat' dir='ltr'><strong>etiam</strong></span> <span class='ocrx_word' id='word_1_87' title='bbox 2573 797 2643 855; x_wconf 86' lang='lat' dir='ltr'><strong>ad</strong></span> <span class='ocrx_word' id='word_1_88' title='bbox 2685 798 2787 856; x_wconf 90' lang='lat' dir='ltr'><strong>hos</strong></span> <span class='ocrx_word' id='word_1_89' title='bbox 2809 800 2900 872; x_wconf 89' lang='lat' dir='ltr'><strong>qui</strong></span> <span class='ocrx_word' id='word_1_90' title='bbox 2925 815 2985 857; x_wconf 91' lang='lat' dir='ltr'><strong>se</strong></span> <span class='ocrx_word' id='word_1_91' title='bbox 3007 801 3122 858; x_wconf 89' lang='lat' dir='ltr'><strong>sine</strong></span> <span class='ocrx_word' id='word_1_92' title='bbox 3145 804 3480 874; x_wconf 87' lang='lat' dir='ltr'><strong>protectione</strong></span> <span class='ocrx_word' id='word_1_93' title='bbox 3513 809 3664 864; x_wconf 88' lang='lat' dir='ltr'><strong>auxi-</strong></span> 
     </span>
    </p>
   </div>
   <div class='ocr_carea' id='block_1_7' title="bbox 361 883 3665 968">
    <p class='ocr_par' dir='ltr' id='par_1_7' title="bbox 361 883 3665 968">
     <span class='ocr_line' id='line_1_7' title="bbox 361 883 3665 968; baseline 0.005 -28"><span class='ocrx_word' id='word_1_94' title='bbox 361 898 542 960; x_wconf 88' lang='lat' dir='ltr'><strong>egere,</strong></span> <span class='ocrx_word' id='word_1_95' title='bbox 586 885 851 943; x_wconf 83' lang='lat' dir='ltr'><strong>instabilis</strong></span> <span class='ocrx_word' id='word_1_96' title='bbox 890 894 1110 959; x_wconf 87' lang='lat' dir='ltr'><strong>repente</strong></span> <span class='ocrx_word' id='word_1_97' title='bbox 1147 891 1203 942; x_wconf 91' lang='lat' dir='ltr'><strong>et</strong></span> <span class='ocrx_word' id='word_1_98' title='bbox 1228 883 1584 942; x_wconf 86' lang='lat' dir='ltr'><strong>nutabundus</strong></span> <span class='ocrx_word' id='word_1_99' title='bbox 1611 883 1873 954; x_wconf 79' lang='lat' dir='ltr'><strong>effectus,</strong></span> <span class='ocrx_word' id='word_1_100' title='bbox 1905 893 1959 942; x_wconf 85' lang='lat' dir='ltr'><strong>et</strong></span> <span class='ocrx_word' id='word_1_101' title='bbox 2065 891 2248 963; x_wconf 91' lang='lat' dir='ltr'><strong>lioque</strong></span> <span class='ocrx_word' id='word_1_102' title='bbox 2271 891 2364 947; x_wconf 91' lang='lat' dir='ltr'><strong>Dei</strong></span> <span class='ocrx_word' id='word_1_103' title='bbox 2386 907 2674 949; x_wconf 89' lang='lat' dir='ltr'><strong>summum</strong></span> <span class='ocrx_word' id='word_1_104' title='bbox 2696 891 2906 949; x_wconf 91' lang='lat' dir='ltr'><strong>bonum</strong></span> <span class='ocrx_word' id='word_1_105' title='bbox 2927 893 3185 965; x_wconf 83' lang='lat' dir='ltr'><strong>perlicere</strong></span> <span class='ocrx_word' id='word_1_106' title='bbox 3204 913 3364 968; x_wconf 88' lang='lat' dir='ltr'><strong>posse</strong></span> <span class='ocrx_word' id='word_1_107' title='bbox 3384 898 3665 958; x_wconf 84' lang='lat' dir='ltr'><strong>conﬁdunt</strong></span> 
     </span>
    </p>
   </div>
   <div class='ocr_carea' id='block_1_8' title="bbox 366 976 1956 1052">
    <p class='ocr_par' dir='ltr' id='par_1_8' title="bbox 366 976 1956 1052">
     <span class='ocr_line' id='line_1_8' title="bbox 366 976 1956 1052; baseline 0.002 -19"><span class='ocrx_word' id='word_1_108' title='bbox 366 976 748 1034; x_wconf 83' lang='lat' dir='ltr'><strong>inﬁrmitatem</strong></span> <span class='ocrx_word' id='word_1_109' title='bbox 780 979 1019 1051; x_wconf 66' lang='lat' dir='ltr'><strong>propria:</strong></span> <span class='ocrx_word' id='word_1_110' title='bbox 1040 987 1253 1038; x_wconf 65' lang='lat' dir='ltr'><strong>natura:</strong></span> <span class='ocrx_word' id='word_1_111' title='bbox 1277 979 1560 1052; x_wconf 86' lang='lat' dir='ltr'><strong>persensit,</strong></span> <span class='ocrx_word' id='word_1_112' title='bbox 1587 982 1611 1012; x_wconf 79' lang='grc'>³</span> <span class='ocrx_word' id='word_1_113' title='bbox 1641 987 1698 1036; x_wconf 88' lang='lat' dir='ltr'><strong>et</strong></span> <span class='ocrx_word' id='word_1_114' title='bbox 1725 978 1956 1036; x_wconf 88' lang='lat' dir='ltr'><strong>beatitu-</strong></span> 
     </span>
    </p>
   </div>
   <div class='ocr_carea' id='block_1_9' title="bbox 363 1065 1952 1146">
    <p class='ocr_par' dir='ltr' id='par_1_9' title="bbox 363 1065 1952 1146">
     <span class='ocr_line' id='line_1_9' title="bbox 363 1065 1952 1146; baseline 0 -17"><span class='ocrx_word' id='word_1_115' title='bbox 363 1070 666 1146; x_wconf 79' lang='lat' dir='ltr'><strong>dinem&#39;qna</strong></span> <span class='ocrx_word' id='word_1_116' title='bbox 680 1073 781 1129; x_wconf 91' lang='lat' dir='ltr'><strong>Dei</strong></span> <span class='ocrx_word' id='word_1_117' title='bbox 807 1067 1034 1132; x_wconf 87' lang='lat' dir='ltr'><strong>munere</strong></span> <span class='ocrx_word' id='word_1_118' title='bbox 1065 1073 1340 1131; x_wconf 83' lang='lat' dir='ltr'><strong>fruebatur</strong></span> <span class='ocrx_word' id='word_1_119' title='bbox 1354 1073 1556 1132; x_wconf 87' lang='lat' dir='ltr'><strong>amisit.</strong></span> <span class='ocrx_word' id='word_1_120' title='bbox 1576 1071 1660 1142; x_wconf 56' lang='lat' dir='ltr'><strong>Et:</strong></span> <span class='ocrx_word' id='word_1_121' title='bbox 1679 1073 1806 1146; x_wconf 89' lang='lat' dir='ltr'><strong>quia</strong></span> <span class='ocrx_word' id='word_1_122' title='bbox 1822 1065 1850 1105; x_wconf 69' lang='grc' dir='ltr'>δ</span> <span class='ocrx_word' id='word_1_123' title='bbox 1869 1071 1952 1130; x_wconf 91' lang='lat' dir='ltr'><strong>di-</strong></span> 
     </span>
    </p>
   </div>
   <div class='ocr_carea' id='block_1_10' title="bbox 371 1164 1952 1240">
    <p class='ocr_par' dir='ltr' id='par_1_10' title="bbox 371 1164 1952 1240">
     <span class='ocr_line' id='line_1_10' title="bbox 371 1164 1952 1240; baseline -0.001 -18"><span class='ocrx_word' id='word_1_124' title='bbox 371 1164 496 1222; x_wconf 89' lang='lat' dir='ltr'><strong>lexit</strong></span> <span class='ocrx_word' id='word_1_125' title='bbox 520 1169 684 1223; x_wconf 76' lang='lat' dir='ltr'><strong>verba</strong></span> <span class='ocrx_word' id='word_1_126' title='bbox 700 1169 1152 1240; x_wconf 72' lang='lat' dir='ltr'><strong>prtecipitationis</strong></span> <span class='ocrx_word' id='word_1_127' title='bbox 1169 1169 1332 1236; x_wconf 91' lang='lat' dir='ltr'><strong>(Psal.</strong></span> <span class='ocrx_word' id='word_1_128' title='bbox 1367 1167 1468 1238; x_wconf 74' lang='grc' dir='ltr'><strong>ιι),</strong></span> <span class='ocrx_word' id='word_1_129' title='bbox 1501 1165 1698 1240; x_wconf 87' lang='lat' dir='ltr'><strong>quibus</strong></span> <span class='ocrx_word' id='word_1_130' title='bbox 1723 1165 1952 1235; x_wconf 83' lang='lat' dir='ltr'><strong>dixerat,</strong></span> 
     </span>
    </p>
   </div>
   <div class='ocr_carea' id='block_1_11' title="bbox 365 1262 1952 1331">
    <p class='ocr_par' dir='ltr' id='par_1_11' title="bbox 365 1262 1952 1331">
     <span class='ocr_line' id='line_1_11' title="bbox 365 1262 1952 1331; baseline 0 -15"><span class='ocrx_word' id='word_1_131' title='bbox 365 1263 425 1316; x_wconf 87' lang='lat' dir='ltr'><strong>In</strong></span> <span class='ocrx_word' id='word_1_132' title='bbox 453 1262 639 1316; x_wconf 68' lang='lat' dir='ltr'><strong>caelum</strong></span> <span class='ocrx_word' id='word_1_133' title='bbox 671 1262 1010 1317; x_wconf 82' lang='lat' dir='ltr'><strong>conscendam</strong></span> <span class='ocrx_word' id='word_1_134' title='bbox 1043 1263 1227 1331; x_wconf 72' lang='lat' dir='ltr'><strong>(Isaia</strong></span> <span class='ocrx_word' id='word_1_135' title='bbox 1246 1263 1414 1331; x_wconf 83' lang='lat' dir='ltr'><strong>xw);</strong></span> <span class='ocrx_word' id='word_1_136' title='bbox 1446 1269 1502 1317; x_wconf 90' lang='lat' dir='ltr'><strong>et</strong></span> <span class='ocrx_word' id='word_1_137' title='bbox 1540 1263 1784 1331; x_wconf 88' lang='lat' dir='ltr'><strong>linguam</strong></span> <span class='ocrx_word' id='word_1_138' title='bbox 1810 1263 1952 1317; x_wconf 89' lang='lat' dir='ltr'><strong>dolo-</strong></span> 
     </span>
    </p>
   </div>
   <div class='ocr_carea' id='block_1_12' title="bbox 357 1353 1953 1427">
    <p class='ocr_par' dir='ltr' id='par_1_12' title="bbox 357 1353 1953 1427">
     <span class='ocr_line' id='line_1_12' title="bbox 357 1353 1953 1427; baseline 0.001 -17"><span class='ocrx_word' id='word_1_139' title='bbox 357 1370 475 1410; x_wconf 85' lang='lat' dir='ltr'><strong>sam</strong></span> <span class='ocrx_word' id='word_1_140' title='bbox 501 1355 607 1426; x_wconf 91' lang='lat' dir='ltr'><strong>(Ps.</strong></span> <span class='ocrx_word' id='word_1_141' title='bbox 625 1357 731 1424; x_wconf 77' lang='lat' dir='ltr'><strong>LI),</strong></span> <span class='ocrx_word' id='word_1_142' title='bbox 759 1369 864 1427; x_wconf 90' lang='lat' dir='ltr'><strong>qua</strong></span> <span class='ocrx_word' id='word_1_143' title='bbox 888 1353 970 1410; x_wconf 86' lang='lat' dir='ltr'><strong>vel</strong></span> <span class='ocrx_word' id='word_1_144' title='bbox 997 1353 1067 1412; x_wconf 89' lang='lat' dir='ltr'><strong>de</strong></span> <span class='ocrx_word' id='word_1_145' title='bbox 1091 1369 1149 1410; x_wconf 89' lang='lat' dir='ltr'><strong>se</strong></span> <span class='ocrx_word' id='word_1_146' title='bbox 1170 1353 1398 1422; x_wconf 83' lang='lat' dir='ltr'><strong>dixerat,</strong></span> <span class='ocrx_word' id='word_1_147' title='bbox 1423 1356 1530 1410; x_wconf 84' lang='lat' dir='ltr'><strong>Ero</strong></span> <span class='ocrx_word' id='word_1_148' title='bbox 1555 1356 1755 1410; x_wconf 86' lang='lat' dir='ltr'><strong>similis</strong></span> <span class='ocrx_word' id='word_1_149' title='bbox 1773 1355 1953 1411; x_wconf 85' lang='lat' dir='ltr'><strong>Altis-</strong></span> 
     </span>
    </p>
   </div>
   <div class='ocr_carea' id='block_1_13' title="bbox 353 1446 1954 1515">
    <p class='ocr_par' dir='ltr' id='par_1_13' title="bbox 353 1446 1954 1515">
     <span class='ocr_line' id='line_1_13' title="bbox 353 1446 1954 1515; baseline 0.001 -13"><span class='ocrx_word' id='word_1_150' title='bbox 353 1449 485 1502; x_wconf 84' lang='lat' dir='ltr'><strong>simo</strong></span> <span class='ocrx_word' id='word_1_151' title='bbox 506 1449 685 1512; x_wconf 72' lang='lat' dir='ltr'><strong>(Isaiae</strong></span> <span class='ocrx_word' id='word_1_152' title='bbox 709 1452 842 1514; x_wconf 76' lang='lat' dir='ltr'><strong>xw)</strong></span> <span class='ocrx_word' id='word_1_153' title='bbox 867 1487 882 1515; x_wconf 95' lang='lat'><strong>,</strong></span> <span class='ocrx_word' id='word_1_154' title='bbox 909 1447 990 1504; x_wconf 89' lang='lat' dir='ltr'><strong>vel</strong></span> <span class='ocrx_word' id='word_1_155' title='bbox 1020 1446 1088 1505; x_wconf 89' lang='lat' dir='ltr'><strong>de</strong></span> <span class='ocrx_word' id='word_1_156' title='bbox 1124 1447 1304 1505; x_wconf 83' lang='lat' dir='ltr'><strong>Adam</strong></span> <span class='ocrx_word' id='word_1_157' title='bbox 1340 1455 1394 1505; x_wconf 92' lang='lat' dir='ltr'><strong>et</strong></span> <span class='ocrx_word' id='word_1_158' title='bbox 1423 1449 1534 1504; x_wconf 87' lang='lat' dir='ltr'><strong>Eva</strong></span> <span class='ocrx_word' id='word_1_159' title='bbox 1573 1467 1586 1503; x_wconf 90' lang='lat'>:</span> <span class='ocrx_word' id='word_1_160' title='bbox 1615 1450 1796 1505; x_wconf 87' lang='lat' dir='ltr'><strong>Eritis</strong></span> <span class='ocrx_word' id='word_1_161' title='bbox 1813 1449 1954 1504; x_wconf 89' lang='lat' dir='ltr'><strong>sicut</strong></span> 
     </span>
    </p>
   </div>
   <div class='ocr_carea' id='block_1_14' title="bbox 2055 983 3664 1060">
    <p class='ocr_par' dir='ltr' id='par_1_14' title="bbox 2055 983 3664 1060">
     <span class='ocr_line' id='line_1_14' title="bbox 2055 983 3664 1060; baseline 0.007 -21"><span class='ocrx_word' id='word_1_162' title='bbox 2055 983 2357 1056; x_wconf 87' lang='lat' dir='ltr'><strong>justissime</strong></span> <span class='ocrx_word' id='word_1_163' title='bbox 2376 983 2655 1057; x_wconf 80' lang='lat' dir='ltr'><strong>dirigetur)</strong></span> <span class='ocrx_word' id='word_1_164' title='bbox 2686 1003 2700 1037; x_wconf 90' lang='lat'>:</span> <span class='ocrx_word' id='word_1_165' title='bbox 2727 988 2856 1041; x_wconf 86' lang='lat' dir='ltr'><strong>Ecce</strong></span> <span class='ocrx_word' id='word_1_166' title='bbox 2870 986 3022 1041; x_wconf 82' lang='lat' dir='ltr'><strong>homo</strong></span> <span class='ocrx_word' id='word_1_167' title='bbox 3037 991 3148 1056; x_wconf 73' lang='lat' dir='ltr'><strong>‘qui</strong></span> <span class='ocrx_word' id='word_1_168' title='bbox 3166 1005 3270 1045; x_wconf 89' lang='lat' dir='ltr'><strong>non</strong></span> <span class='ocrx_word' id='word_1_169' title='bbox 3289 995 3474 1060; x_wconf 79' lang='lat' dir='ltr'><strong>posuit</strong></span> <span class='ocrx_word' id='word_1_170' title='bbox 3498 997 3664 1050; x_wconf 85' lang='lat' dir='ltr'><strong>Deum</strong></span> 
     </span>
    </p>
   </div>
   <div class='ocr_carea' id='block_1_15' title="bbox 2058 1077 3662 1148">
    <p class='ocr_par' dir='ltr' id='par_1_15' title="bbox 2058 1077 3662 1148">
     <span class='ocr_line' id='line_1_15' title="bbox 2058 1077 3662 1148; baseline 0.007 -17"><span class='ocrx_word' id='word_1_171' title='bbox 2058 1077 2366 1146; x_wconf 83' lang='lat' dir='ltr'><strong>adjutorem</strong></span> <span class='ocrx_word' id='word_1_172' title='bbox 2385 1093 2557 1141; x_wconf 85' lang='lat' dir='ltr'><strong>suum,</strong></span> <span class='ocrx_word' id='word_1_173' title='bbox 2587 1078 2683 1132; x_wconf 90' lang='lat' dir='ltr'><strong>sed</strong></span> <span class='ocrx_word' id='word_1_174' title='bbox 2707 1081 2948 1148; x_wconf 73' lang='lat' dir='ltr'><strong>speravit</strong></span> <span class='ocrx_word' id='word_1_175' title='bbox 2974 1081 3034 1133; x_wconf 86' lang='lat' dir='ltr'><strong>in</strong></span> <span class='ocrx_word' id='word_1_176' title='bbox 3063 1083 3416 1138; x_wconf 83' lang='lat' dir='ltr'><strong>multitudine</strong></span> <span class='ocrx_word' id='word_1_177' title='bbox 3435 1086 3662 1142; x_wconf 80' lang='lat' dir='ltr'><strong>divitia-</strong></span> 
     </span>
    </p>
   </div>
   <div class='ocr_carea' id='block_1_16' title="bbox 2062 1171 3627 1245">
    <p class='ocr_par' dir='ltr' id='par_1_16' title="bbox 2062 1171 3627 1245">
     <span class='ocr_line' id='line_1_16' title="bbox 2062 1171 3627 1245; baseline 0.007 -22"><span class='ocrx_word' id='word_1_178' title='bbox 2062 1186 2183 1224; x_wconf 86' lang='lat' dir='ltr'><strong>rum</strong></span> <span class='ocrx_word' id='word_1_179' title='bbox 2209 1185 2456 1233; x_wconf 88' lang='lat' dir='ltr'><strong>suarum,</strong></span> <span class='ocrx_word' id='word_1_180' title='bbox 2483 1175 2533 1225; x_wconf 88' lang='lat' dir='ltr'><strong>et</strong></span> <span class='ocrx_word' id='word_1_181' title='bbox 2548 1171 2841 1240; x_wconf 72' lang='lat' dir='ltr'><strong>pi&#39;wvaluit</strong></span> <span class='ocrx_word' id='word_1_182' title='bbox 2865 1173 2922 1224; x_wconf 88' lang='lat' dir='ltr'><strong>in</strong></span> <span class='ocrx_word' id='word_1_183' title='bbox 2940 1174 3182 1226; x_wconf 76' lang='lat' dir='ltr'><strong>vanitate</strong></span> <span class='ocrx_word' id='word_1_184' title='bbox 3199 1189 3300 1228; x_wconf 86' lang='lat' dir='ltr'><strong>sua</strong></span> <span class='ocrx_word' id='word_1_185' title='bbox 3323 1177 3489 1240; x_wconf 87' lang='lat' dir='ltr'><strong>(Psal.</strong></span> <span class='ocrx_word' id='word_1_186' title='bbox 3519 1183 3627 1245; x_wconf 81' lang='lat' dir='ltr'><strong>LI).</strong></span> 
     </span>
    </p>
   </div>
   <div class='ocr_carea' id='block_1_17' title="bbox 2674 1263 3024 1321">
    <p class='ocr_par' dir='ltr' id='par_1_17' title="bbox 2674 1263 3024 1321">
     <span class='ocr_line' id='line_1_17' title="bbox 2674 1263 3024 1321; baseline 0 -1"><span class='ocrx_word' id='word_1_187' title='bbox 2674 1263 2924 1321; x_wconf 78' lang='lat' dir='ltr'><strong>CAPUT</strong></span> <span class='ocrx_word' id='word_1_188' title='bbox 2961 1265 3024 1320; x_wconf 90' lang='lat' dir='ltr'><strong>V.</strong></span> 
     </span>
    </p>
   </div>
   <div class='ocr_carea' id='block_1_18' title="bbox 2087 1357 3628 1433">
    <p class='ocr_par' dir='ltr' id='par_1_18' title="bbox 2087 1357 3628 1433">
     <span class='ocr_line' id='line_1_18' title="bbox 2087 1357 3628 1433; baseline 0.005 -22"><span class='ocrx_word' id='word_1_189' title='bbox 2087 1357 2238 1424; x_wconf 84' lang='lat' dir='ltr'><strong>Quod</strong></span> <span class='ocrx_word' id='word_1_190' title='bbox 2254 1358 2470 1425; x_wconf 85' lang='lat' dir='ltr'><strong>fomites</strong></span> <span class='ocrx_word' id='word_1_191' title='bbox 2490 1359 2744 1412; x_wconf 69' lang='lat' dir='ltr'><strong>uitiorum</strong></span> <span class='ocrx_word' id='word_1_192' title='bbox 2767 1359 3006 1413; x_wconf 86' lang='lat' dir='ltr'><strong>omnium</strong></span> <span class='ocrx_word' id='word_1_193' title='bbox 3027 1374 3052 1413; x_wconf 90' lang='lat' dir='ltr'><strong>e</strong></span> <span class='ocrx_word' id='word_1_194' title='bbox 3070 1361 3323 1430; x_wconf 79' lang='lat' dir='ltr'><strong>superbia</strong></span> <span class='ocrx_word' id='word_1_195' title='bbox 3339 1362 3628 1433; x_wconf 80' lang='lat' dir='ltr'><strong>pullulent.</strong></span> 
     </span>
    </p>
   </div>
   <div class='ocr_carea' id='block_1_19' title="bbox 2127 1451 3660 1530">
    <p class='ocr_par' dir='ltr' id='par_1_19' title="bbox 2127 1451 3660 1530">
     <span class='ocr_line' id='line_1_19' title="bbox 2127 1451 3660 1530; baseline 0.006 -25"><span class='ocrx_word' id='word_1_196' title='bbox 2127 1453 2152 1482; x_wconf 75' lang='grc' dir='ltr'><strong>ο</strong></span> <span class='ocrx_word' id='word_1_197' title='bbox 2176 1452 2308 1506; x_wconf 85' lang='lat' dir='ltr'><strong>Haec</strong></span> <span class='ocrx_word' id='word_1_198' title='bbox 2335 1458 2418 1506; x_wconf 91' lang='lat' dir='ltr'><strong>est</strong></span> <span class='ocrx_word' id='word_1_199' title='bbox 2439 1451 2642 1521; x_wconf 73' lang='lat' dir='ltr'><strong>prima:</strong></span> <span class='ocrx_word' id='word_1_200' title='bbox 2664 1452 2778 1518; x_wconf 83' lang='grc' dir='ltr'><strong>[ΑΙ.</strong></span> <span class='ocrx_word' id='word_1_201' title='bbox 2811 1451 3007 1523; x_wconf 87' lang='lat' dir='ltr'><strong>prima]</strong></span> <span class='ocrx_word' id='word_1_202' title='bbox 3035 1453 3210 1510; x_wconf 73' lang='lat' dir='ltr'><strong>ruina:</strong></span> <span class='ocrx_word' id='word_1_203' title='bbox 3241 1469 3401 1512; x_wconf 88' lang='lat' dir='ltr'><strong>causa</strong></span> <span class='ocrx_word' id='word_1_204' title='bbox 3427 1463 3482 1514; x_wconf 92' lang='lat' dir='ltr'><strong>et</strong></span> <span class='ocrx_word' id='word_1_205' title='bbox 3508 1456 3660 1530; x_wconf 90' lang='lat' dir='ltr'><strong>origo</strong></span> 
     </span>
    </p>
   </div>
   <div class='ocr_carea' id='block_1_20' title="bbox 1435 1600 2578 1657">
    <p class='ocr_par' dir='ltr' id='par_1_20' title="bbox 1435 1600 2578 1657">
     <span class='ocr_line' id='line_1_20' title="bbox 1435 1600 2578 1657; baseline 0.001 -2"><span class='ocrx_word' id='word_1_206' title='bbox 1435 1600 1701 1657; x_wconf 80' lang='lat' dir='ltr'><strong>ALARDI</strong></span> <span class='ocrx_word' id='word_1_207' title='bbox 1741 1601 1972 1657; x_wconf 75' lang='lat' dir='ltr'><strong>GALEI</strong></span> <span class='ocrx_word' id='word_1_208' title='bbox 2009 1600 2578 1657; x_wconf 79' lang='lat' dir='ltr'><strong>COMMENTARIUS.</strong></span> 
     </span>
    </p>
   </div>
   <div class='ocr_carea' id='block_1_21' title="bbox 361 1698 1959 1786">
    <p class='ocr_par' dir='ltr' id='par_1_21' title="bbox 361 1698 1959 1786">
     <span class='ocr_line' id='line_1_21' title="bbox 361 1698 1959 1786; baseline 0.001 -2"><span class='ocrx_word' id='word_1_209' title='bbox 361 1727 466 1784; x_wconf 86' lang='lat' dir='ltr'><strong>sibi</strong></span> <span class='ocrx_word' id='word_1_210' title='bbox 497 1727 798 1786; x_wconf 75' lang='lat' dir='ltr'><strong>sufﬁciens.</strong></span> <span class='ocrx_word' id='word_1_211' title='bbox 842 1729 1001 1786; x_wconf 86' lang='lat' dir='ltr'><strong>Hanc</strong></span> <span class='ocrx_word' id='word_1_212' title='bbox 1033 1727 1276 1786; x_wconf 86' lang='lat' dir='ltr'><strong>Cassiani</strong></span> <span class='ocrx_word' id='word_1_213' title='bbox 1321 1728 1490 1786; x_wconf 88' lang='lat' dir='ltr'><strong>fuisse</strong></span> <span class='ocrx_word' id='word_1_214' title='bbox 1529 1698 1858 1786; x_wconf 81' lang='lat' dir='ltr'><strong>sententiam</strong></span> <span class='ocrx_word' id='word_1_215' title='bbox 1894 1745 1959 1786; x_wconf 85' lang='lat' dir='ltr'><strong>ex</strong></span> 
     </span>
    </p>
   </div>
   <div class='ocr_carea' id='block_1_22' title="bbox 369 1799 1960 1874">
    <p class='ocr_par' dir='ltr' id='par_1_22' title="bbox 369 1799 1960 1874">
     <span class='ocr_line' id='line_1_22' title="bbox 369 1799 1960 1874; baseline 0.001 -19"><span class='ocrx_word' id='word_1_216' title='bbox 369 1799 504 1874; x_wconf 15' lang='lat' dir='ltr'><strong>ejus,</strong></span> <span class='ocrx_word' id='word_1_217' title='bbox 527 1799 706 1874; x_wconf 82' lang='lat' dir='ltr'><strong>verbis</strong></span> <span class='ocrx_word' id='word_1_218' title='bbox 724 1799 864 1874; x_wconf 83' lang='lat' dir='ltr'><strong>satis</strong></span> <span class='ocrx_word' id='word_1_219' title='bbox 900 1807 1084 1872; x_wconf 87' lang='lat' dir='ltr'><strong>aperte</strong></span> <span class='ocrx_word' id='word_1_220' title='bbox 1115 1799 1408 1874; x_wconf 84' lang='lat' dir='ltr'><strong>colligitur,</strong></span> <span class='ocrx_word' id='word_1_221' title='bbox 1437 1799 1572 1874; x_wconf 85' lang='lat' dir='ltr'><strong>dum</strong></span> <span class='ocrx_word' id='word_1_222' title='bbox 1600 1801 1677 1856; x_wconf 88' lang='lat' dir='ltr'><strong>ait</strong></span> <span class='ocrx_word' id='word_1_223' title='bbox 1716 1819 1728 1855; x_wconf 94' lang='lat'>:</span> <span class='ocrx_word' id='word_1_224' title='bbox 1769 1807 1874 1858; x_wconf 89' lang='lat' dir='ltr'><strong>Deo</strong></span> <span class='ocrx_word' id='word_1_225' title='bbox 1905 1816 1960 1857; x_wconf 91' lang='lat' dir='ltr'><strong>se</strong></span> 
     </span>
    </p>
   </div>
   <div class='ocr_carea' id='block_1_23' title="bbox 365 1871 892 1942">
    <p class='ocr_par' dir='ltr' id='par_1_23' title="bbox 365 1871 892 1942">
     <span class='ocr_line' id='line_1_23' title="bbox 365 1871 892 1942; baseline 0 -18"><span class='ocrx_word' id='word_1_226' title='bbox 365 1873 588 1926; x_wconf 83' lang='lat' dir='ltr'><strong>similem</strong></span> <span class='ocrx_word' id='word_1_227' title='bbox 599 1871 892 1942; x_wconf 68' lang='lat' dir='ltr'><strong>judicavit,</strong></span> 
     </span>
    </p>
   </div>
   <div class='ocr_carea' id='block_1_24' title="bbox 2068 1729 3663 1793">
    <p class='ocr_par' dir='ltr' id='par_1_24' title="bbox 2068 1729 3663 1793">
     <span class='ocr_line' id='line_1_24' title="bbox 2068 1729 3663 1793; baseline 0.004 -7"><span class='ocrx_word' id='word_1_228' title='bbox 2068 1745 2189 1786; x_wconf 91' lang='lat' dir='ltr'><strong>eam</strong></span> <span class='ocrx_word' id='word_1_229' title='bbox 2210 1744 2337 1785; x_wconf 91' lang='lat' dir='ltr'><strong>cum</strong></span> <span class='ocrx_word' id='word_1_230' title='bbox 2361 1729 2482 1785; x_wconf 89' lang='lat' dir='ltr'><strong>aliis</strong></span> <span class='ocrx_word' id='word_1_231' title='bbox 2509 1729 2816 1788; x_wconf 74' lang='lat' dir='ltr'><strong>conciliare.</strong></span> <span class='ocrx_word' id='word_1_232' title='bbox 2841 1734 2986 1789; x_wconf 82' lang='lat' dir='ltr'><strong>Nam</strong></span> <span class='ocrx_word' id='word_1_233' title='bbox 3007 1735 3064 1790; x_wconf 89' lang='lat' dir='ltr'><strong>S.</strong></span> <span class='ocrx_word' id='word_1_234' title='bbox 3095 1733 3338 1791; x_wconf 84' lang='lat' dir='ltr'><strong>Thomas</strong></span> <span class='ocrx_word' id='word_1_235' title='bbox 3357 1743 3414 1792; x_wconf 89' lang='lat' dir='ltr'><strong>et</strong></span> <span class='ocrx_word' id='word_1_236' title='bbox 3456 1735 3543 1791; x_wconf 84' lang='lat' dir='ltr'><strong>alii</strong></span> <span class='ocrx_word' id='word_1_237' title='bbox 3582 1735 3663 1793; x_wconf 82' lang='lat' dir='ltr'><strong>lo-</strong></span> 
     </span>
    </p>
   </div>
   <div class='ocr_carea' id='block_1_25' title="bbox 2068 1799 3668 1879">
    <p class='ocr_par' dir='ltr' id='par_1_25' title="bbox 2068 1799 3668 1879">
     <span class='ocr_line' id='line_1_25' title="bbox 2068 1799 3668 1879; baseline 0.004 -23"><span class='ocrx_word' id='word_1_238' title='bbox 2068 1807 2318 1872; x_wconf 89' lang='lat' dir='ltr'><strong>quuntur</strong></span> <span class='ocrx_word' id='word_1_239' title='bbox 2345 1800 2416 1879; x_wconf 84' lang='lat' dir='ltr'><strong>de</strong></span> <span class='ocrx_word' id='word_1_240' title='bbox 2453 1799 2852 1879; x_wconf 83' lang='lat' dir='ltr'><strong>initio_pec_cati</strong></span> <span class='ocrx_word' id='word_1_241' title='bbox 2877 1803 3165 1871; x_wconf 67' lang='lat' dir='ltr'><strong>daemonis,</strong></span> <span class='ocrx_word' id='word_1_242' title='bbox 3195 1804 3312 1879; x_wconf 69' lang='lat' dir='ltr'><strong>haec</strong></span> <span class='ocrx_word' id='word_1_243' title='bbox 3339 1813 3528 1879; x_wconf 90' lang='lat' dir='ltr'><strong>autem</strong></span> <span class='ocrx_word' id='word_1_244' title='bbox 3571 1823 3668 1879; x_wconf 85' lang='lat' dir='ltr'><strong>po-</strong></span> 
     </span>
    </p>
   </div>
   <div class='ocr_carea' id='block_1_26' title="bbox 921 1870 3665 1945">
    <p class='ocr_par' dir='ltr' id='par_1_26' title="bbox 921 1870 3665 1945">
     <span class='ocr_line' id='line_1_26' title="bbox 921 1870 3665 1945; baseline 0.004 -21"><span class='ocrx_word' id='word_1_245' title='bbox 921 1870 1103 1945; x_wconf 77' lang='lat' dir='ltr'><strong>utpote</strong></span> <span class='ocrx_word' id='word_1_246' title='bbox 1122 1873 1225 1945; x_wconf 78' lang='lat' dir='ltr'><strong>gui</strong></span> <span class='ocrx_word' id='word_1_247' title='bbox 1247 1870 1452 1945; x_wconf 64' lang='lat' dir='ltr'><strong>nullius</strong></span> <span class='ocrx_word' id='word_1_248' title='bbox 1473 1873 1760 1942; x_wconf 79' lang='lat' dir='ltr'><strong>indigeret,</strong></span> <span class='ocrx_word' id='word_1_249' title='bbox 1779 1887 1960 1942; x_wconf 87' lang='lat' dir='ltr'><strong>quem-</strong></span> <span class='ocrx_word' id='word_1_250' title='bbox 2065 1870 2570 1945; x_wconf 71' lang='lat' dir='ltr'><strong>Stremasententia</strong></span> <span class='ocrx_word' id='word_1_251' title='bbox 2599 1870 2670 1928; x_wconf 83' lang='lat' dir='ltr'><strong>de</strong></span> <span class='ocrx_word' id='word_1_252' title='bbox 2699 1873 2817 1945; x_wconf 82' lang='lat' dir='ltr'><strong>ejus</strong></span> <span class='ocrx_word' id='word_1_253' title='bbox 2839 1876 3334 1945; x_wconf 87' lang='lat' dir='ltr'><strong>consummatione.</strong></span> <span class='ocrx_word' id='word_1_254' title='bbox 3367 1870 3665 1935; x_wconf 77' lang='lat' dir='ltr'><strong>Possumus</strong></span> 
     </span>
    </p>
   </div>
   <div class='ocr_carea' id='block_1_27' title="bbox 363 1941 3661 2017">
    <p class='ocr_par' dir='ltr' id='par_1_27' title="bbox 363 1941 3661 2017">
     <span class='ocr_line' id='line_1_27' title="bbox 363 1941 3661 2017; baseline 0.003 -21"><span class='ocrx_word' id='word_1_255' title='bbox 363 1941 845 2017; x_wconf 81' lang='lat' dir='ltr'><strong>admodum__Deus,</strong></span> <span class='ocrx_word' id='word_1_256' title='bbox 877 1943 1034 2017; x_wconf 61' lang='lat' dir='ltr'><strong>liberi</strong></span> <span class='ocrx_word' id='word_1_257' title='bbox 1052 1943 1250 2017; x_wconf 79' lang='lat' dir='ltr'><strong>scilicet</strong></span> <span class='ocrx_word' id='word_1_258' title='bbox 1277 1944 1502 1998; x_wconf 85' lang='lat' dir='ltr'><strong>arbitrii</strong></span> <span class='ocrx_word' id='word_1_259' title='bbox 1511 1941 1964 2017; x_wconf 74' lang='lat' dir='ltr'><strong>facultateconﬁ-</strong></span> <span class='ocrx_word' id='word_1_260' title='bbox 1997 1946 2046 2008; x_wconf 90' lang='lat' dir='ltr'><strong>B</strong></span> <span class='ocrx_word' id='word_1_261' title='bbox 2075 1943 2224 2017; x_wconf 83' lang='lat' dir='ltr'><strong>enim</strong></span> <span class='ocrx_word' id='word_1_262' title='bbox 2274 1943 2329 1999; x_wconf 92' lang='lat' dir='ltr'><strong>in</strong></span> <span class='ocrx_word' id='word_1_263' title='bbox 2367 1950 2592 2013; x_wconf 87' lang='lat' dir='ltr'><strong>peccato</strong></span> <span class='ocrx_word' id='word_1_264' title='bbox 2637 1941 2876 2000; x_wconf 77' lang='lat' dir='ltr'><strong>Luciferi</strong></span> <span class='ocrx_word' id='word_1_265' title='bbox 2915 1953 3026 2001; x_wconf 87' lang='lat' dir='ltr'><strong>tres</strong></span> <span class='ocrx_word' id='word_1_266' title='bbox 3068 1954 3247 2017; x_wconf 89' lang='lat' dir='ltr'><strong>partes</strong></span> <span class='ocrx_word' id='word_1_267' title='bbox 3272 1947 3616 2005; x_wconf 88' lang='lat' dir='ltr'><strong>considerare</strong></span> <span class='ocrx_word' id='word_1_268' title='bbox 3645 1966 3661 2004; x_wconf 85' lang='lat'><strong>:</strong></span> 
     </span>
    </p>
   </div>
   <div class='ocr_carea' id='block_1_28' title="bbox 370 2013 1963 2084">
    <p class='ocr_par' dir='ltr' id='par_1_28' title="bbox 370 2013 1963 2084">
     <span class='ocr_line' id='line_1_28' title="bbox 370 2013 1963 2084; baseline -0.006 -8"><span class='ocrx_word' id='word_1_269' title='bbox 370 2027 476 2075; x_wconf 75' lang='lat' dir='ltr'><strong>sus,</strong></span> <span class='ocrx_word' id='word_1_270' title='bbox 511 2027 611 2084; x_wconf 80' lang='lat' dir='ltr'><strong>per</strong></span> <span class='ocrx_word' id='word_1_271' title='bbox 630 2014 784 2068; x_wconf 78' lang='lat' dir='ltr'><strong>illam</strong></span> <span class='ocrx_word' id='word_1_272' title='bbox 809 2013 1028 2068; x_wconf 78' lang='lat' dir='ltr'><strong>credens</strong></span> <span class='ocrx_word' id='word_1_273' title='bbox 1056 2013 1347 2084; x_wconf 69' lang='lat' dir='ltr'><strong>afﬂuenter</strong></span> <span class='ocrx_word' id='word_1_274' title='bbox 1373 2016 1553 2084; x_wconf 81' lang='lat' dir='ltr'><strong>omnia</strong></span> <span class='ocrx_word' id='word_1_275' title='bbox 1583 2015 1800 2069; x_wconf 80' lang='lat' dir='ltr'><strong>sibimet</strong></span> <span class='ocrx_word' id='word_1_276' title='bbox 1830 2030 1963 2084; x_wconf 50' lang='lat' dir='ltr'><strong>sup-5</strong></span> 
     </span>
    </p>
   </div>
   <div class='ocr_carea' id='block_1_29' title="bbox 371 2083 1965 2155">
    <p class='ocr_par' dir='ltr' id='par_1_29' title="bbox 371 2083 1965 2155">
     <span class='ocr_line' id='line_1_29' title="bbox 371 2083 1965 2155; baseline 0.001 -17"><span class='ocrx_word' id='word_1_277' title='bbox 371 2083 624 2153; x_wconf 85' lang='lat' dir='ltr'><strong>peditari,</strong></span> <span class='ocrx_word' id='word_1_278' title='bbox 650 2097 774 2154; x_wconf 75' lang='lat' dir='ltr'><strong>qua:</strong></span> <span class='ocrx_word' id='word_1_279' title='bbox 801 2091 984 2139; x_wconf 90' lang='lat' dir='ltr'><strong>tamen</strong></span> <span class='ocrx_word' id='word_1_280' title='bbox 1021 2083 1102 2138; x_wconf 91' lang='lat' dir='ltr'><strong>sic</strong></span> <span class='ocrx_word' id='word_1_281' title='bbox 1128 2083 1457 2155; x_wconf 10' lang='lat' dir='ltr'><strong>accipienda,</strong></span> <span class='ocrx_word' id='word_1_282' title='bbox 1478 2091 1633 2150; x_wconf 90' lang='lat' dir='ltr'><strong>sunt,</strong></span> <span class='ocrx_word' id='word_1_283' title='bbox 1669 2099 1782 2139; x_wconf 92' lang='lat' dir='ltr'><strong>non</strong></span> <span class='ocrx_word' id='word_1_284' title='bbox 1793 2083 1965 2155; x_wconf 76' lang='lat' dir='ltr'><strong>quasi</strong></span> 
     </span>
    </p>
   </div>
   <div class='ocr_carea' id='block_1_30' title="bbox 370 2153 1966 2226">
    <p class='ocr_par' dir='ltr' id='par_1_30' title="bbox 370 2153 1966 2226">
     <span class='ocr_line' id='line_1_30' title="bbox 370 2153 1966 2226; baseline 0.002 -19"><span class='ocrx_word' id='word_1_285' title='bbox 370 2169 553 2226; x_wconf 80' lang='lat' dir='ltr'><strong>revera</strong></span> <span class='ocrx_word' id='word_1_286' title='bbox 580 2162 636 2210; x_wconf 88' lang='lat' dir='ltr'><strong>et</strong></span> <span class='ocrx_word' id='word_1_287' title='bbox 668 2153 935 2226; x_wconf 76' lang='lat' dir='ltr'><strong>expresse</strong></span> <span class='ocrx_word' id='word_1_288' title='bbox 976 2153 1210 2226; x_wconf 82' lang='lat' dir='ltr'><strong>senserit</strong></span> <span class='ocrx_word' id='word_1_289' title='bbox 1247 2153 1311 2210; x_wconf 79' lang='lat' dir='ltr'><strong>ac</strong></span> <span class='ocrx_word' id='word_1_290' title='bbox 1344 2153 1604 2226; x_wconf 76' lang='lat' dir='ltr'><strong>iudicarit</strong></span> <span class='ocrx_word' id='word_1_291' title='bbox 1645 2153 1866 2210; x_wconf 82' lang='lat' dir='ltr'><strong>Lucifer</strong></span> <span class='ocrx_word' id='word_1_292' title='bbox 1906 2169 1966 2210; x_wconf 87' lang='lat' dir='ltr'><strong>se</strong></span> 
     </span>
    </p>
   </div>
   <div class='ocr_carea' id='block_1_31' title="bbox 369 2224 1964 2292">
    <p class='ocr_par' dir='ltr' id='par_1_31' title="bbox 369 2224 1964 2292">
     <span class='ocr_line' id='line_1_31' title="bbox 369 2224 1964 2292; baseline 0.001 -13"><span class='ocrx_word' id='word_1_293' title='bbox 369 2224 602 2280; x_wconf 88' lang='lat' dir='ltr'><strong>similem</strong></span> <span class='ocrx_word' id='word_1_294' title='bbox 645 2233 742 2280; x_wconf 90' lang='lat' dir='ltr'><strong>aut</strong></span> <span class='ocrx_word' id='word_1_295' title='bbox 753 2224 1030 2292; x_wconf 55' lang='lat' dir='ltr'><strong>aqualem</strong></span> <span class='ocrx_word' id='word_1_296' title='bbox 1074 2225 1194 2280; x_wconf 91' lang='lat' dir='ltr'><strong>Deo</strong></span> <span class='ocrx_word' id='word_1_297' title='bbox 1234 2224 1450 2290; x_wconf 84' lang='lat' dir='ltr'><strong>(tantus</strong></span> <span class='ocrx_word' id='word_1_298' title='bbox 1477 2225 1625 2280; x_wconf 89' lang='lat' dir='ltr'><strong>enim</strong></span> <span class='ocrx_word' id='word_1_299' title='bbox 1649 2240 1825 2292; x_wconf 89' lang='lat' dir='ltr'><strong>error,</strong></span> <span class='ocrx_word' id='word_1_300' title='bbox 1851 2233 1964 2280; x_wconf 86' lang='lat' dir='ltr'><strong>tam</strong></span> 
     </span>
    </p>
   </div>
   <div class='ocr_carea' id='block_1_32' title="bbox 369 2293 1964 2368">
    <p class='ocr_par' dir='ltr' id='par_1_32' title="bbox 369 2293 1964 2368">
     <span class='ocr_line' id='line_1_32' title="bbox 369 2293 1964 2368; baseline 0 -17"><span class='ocrx_word' id='word_1_301' title='bbox 369 2309 584 2368; x_wconf 81' lang='lat' dir='ltr'><strong>crassus</strong></span> <span class='ocrx_word' id='word_1_302' title='bbox 599 2311 660 2352; x_wconf 91' lang='lat' dir='ltr'><strong>ac</strong></span> <span class='ocrx_word' id='word_1_303' title='bbox 679 2293 1005 2368; x_wconf 82' lang='lat' dir='ltr'><strong>manifestus</strong></span> <span class='ocrx_word' id='word_1_304' title='bbox 1039 2293 1096 2368; x_wconf 81' lang='lat' dir='ltr'><strong>in</strong></span> <span class='ocrx_word' id='word_1_305' title='bbox 1122 2303 1361 2352; x_wconf 90' lang='lat' dir='ltr'><strong>mentem</strong></span> <span class='ocrx_word' id='word_1_306' title='bbox 1381 2295 1964 2368; x_wconf 75' lang='lat' dir='ltr'><strong>angelicamsapientia</strong></span> 
     </span>
    </p>
   </div>
   <div class='ocr_carea' id='block_1_33' title="bbox 370 2365 1963 2438">
    <p class='ocr_par' dir='ltr' id='par_1_33' title="bbox 370 2365 1963 2438">
     <span class='ocr_line' id='line_1_33' title="bbox 370 2365 1963 2438; baseline 0.001 -17"><span class='ocrx_word' id='word_1_307' title='bbox 370 2365 589 2438; x_wconf 14' lang='lat' dir='ltr'><strong>plenam,</strong></span> <span class='ocrx_word' id='word_1_308' title='bbox 612 2375 728 2422; x_wconf 90' lang='lat' dir='ltr'><strong>tam</strong></span> <span class='ocrx_word' id='word_1_309' title='bbox 764 2366 949 2438; x_wconf 86' lang='lat' dir='ltr'><strong>subito</strong></span> <span class='ocrx_word' id='word_1_310' title='bbox 972 2365 1168 2438; x_wconf 80' lang='lat' dir='ltr'><strong>cadere</strong></span> <span class='ocrx_word' id='word_1_311' title='bbox 1205 2381 1315 2423; x_wconf 92' lang='lat' dir='ltr'><strong>non</strong></span> <span class='ocrx_word' id='word_1_312' title='bbox 1343 2365 1567 2438; x_wconf 78' lang='lat' dir='ltr'><strong>potuit),</strong></span> <span class='ocrx_word' id='word_1_313' title='bbox 1603 2366 1698 2438; x_wconf 87' lang='lat' dir='ltr'><strong>sed</strong></span> <span class='ocrx_word' id='word_1_314' title='bbox 1720 2365 1862 2438; x_wconf 81' lang='lat' dir='ltr'><strong>quia</strong></span> <span class='ocrx_word' id='word_1_315' title='bbox 1892 2367 1963 2438; x_wconf 87' lang='lat' dir='ltr'><strong>ita</strong></span> 
     </span>
    </p>
   </div>
   <div class='ocr_carea' id='block_1_34' title="bbox 366 2435 1967 2510">
    <p class='ocr_par' dir='ltr' id='par_1_34' title="bbox 366 2435 1967 2510">
     <span class='ocr_line' id='line_1_34' title="bbox 366 2435 1967 2510; baseline 0 -17"><span class='ocrx_word' id='word_1_316' title='bbox 366 2435 426 2510; x_wconf 69' lang='lat' dir='ltr'><strong>se</strong></span> <span class='ocrx_word' id='word_1_317' title='bbox 452 2437 620 2510; x_wconf 79' lang='lat' dir='ltr'><strong>gessit</strong></span> <span class='ocrx_word' id='word_1_318' title='bbox 655 2438 714 2493; x_wconf 92' lang='lat' dir='ltr'><strong>in</strong></span> <span class='ocrx_word' id='word_1_319' title='bbox 756 2437 839 2510; x_wconf 90' lang='lat' dir='ltr'><strong>ui</strong></span> <span class='ocrx_word' id='word_1_320' title='bbox 885 2435 1246 2510; x_wconf 84' lang='lat' dir='ltr'><strong>admiratione</strong></span> <span class='ocrx_word' id='word_1_321' title='bbox 1264 2435 1357 2510; x_wconf 64' lang='lat' dir='ltr'><strong>_et&#39;</strong></span> <span class='ocrx_word' id='word_1_322' title='bbox 1379 2435 1837 2510; x_wconf 82' lang='lat' dir='ltr'><strong>contemplatione</strong></span> <span class='ocrx_word' id='word_1_323' title='bbox 1872 2437 1967 2494; x_wconf 90' lang='lat' dir='ltr'><strong>de-</strong></span> 
     </span>
    </p>
   </div>
   <div class='ocr_carea' id='block_1_35' title="bbox 368 2505 1964 2580">
    <p class='ocr_par' dir='ltr' id='par_1_35' title="bbox 368 2505 1964 2580">
     <span class='ocr_line' id='line_1_35' title="bbox 368 2505 1964 2580; baseline 0.001 -17"><span class='ocrx_word' id='word_1_324' title='bbox 368 2505 529 2580; x_wconf 73' lang='lat' dir='ltr'><strong>ﬁxus,</strong></span> <span class='ocrx_word' id='word_1_325' title='bbox 553 2517 612 2580; x_wconf 90' lang='lat' dir='ltr'><strong>et</strong></span> <span class='ocrx_word' id='word_1_326' title='bbox 637 2523 668 2564; x_wconf 89' lang='lat' dir='ltr'><strong>a</strong></span> <span class='ocrx_word' id='word_1_327' title='bbox 699 2507 798 2564; x_wconf 93' lang='lat' dir='ltr'><strong>Dei</strong></span> <span class='ocrx_word' id='word_1_328' title='bbox 813 2508 1206 2580; x_wconf 77' lang='lat' dir='ltr'><strong>recordatione</strong></span> <span class='ocrx_word' id='word_1_329' title='bbox 1228 2508 1555 2580; x_wconf 88' lang='lat' dir='ltr'><strong>abstractus,</strong></span> <span class='ocrx_word' id='word_1_330' title='bbox 1590 2505 1749 2580; x_wconf 86' lang='lat' dir='ltr'><strong>quasi</strong></span> <span class='ocrx_word' id='word_1_331' title='bbox 1778 2523 1964 2564; x_wconf 83' lang='lat' dir='ltr'><strong>revera</strong></span> 
     </span>
    </p>
   </div>
   <div class='ocr_carea' id='block_1_36' title="bbox 365 2578 1967 2662">
    <p class='ocr_par' dir='ltr' id='par_1_36' title="bbox 365 2578 1967 2662">
     <span class='ocr_line' id='line_1_36' title="bbox 365 2578 1967 2662; baseline -0.001 -26"><span class='ocrx_word' id='word_1_332' title='bbox 365 2579 442 2662; x_wconf 74' lang='lat' dir='ltr'><strong>ita</strong></span> <span class='ocrx_word' id='word_1_333' title='bbox 465 2579 696 2662; x_wconf 76' lang='lat' dir='ltr'><strong>sentiret</strong></span> <span class='ocrx_word' id='word_1_334' title='bbox 723 2594 787 2662; x_wconf 77' lang='lat' dir='ltr'><strong>ae</strong></span> <span class='ocrx_word' id='word_1_335' title='bbox 801 2578 1125 2662; x_wconf 34' lang='lat' dir='ltr'><strong>iudicaret}</strong></span> <span class='ocrx_word' id='word_1_336' title='bbox 1155 2587 1216 2634; x_wconf 92' lang='lat' dir='ltr'><strong>ut</strong></span> <span class='ocrx_word' id='word_1_337' title='bbox 1240 2579 1438 2662; x_wconf 75' lang='lat' dir='ltr'><strong>merito</strong></span> <span class='ocrx_word' id='word_1_338' title='bbox 1481 2579 1555 2634; x_wconf 91' lang='lat' dir='ltr'><strong>illi</strong></span> <span class='ocrx_word' id='word_1_339' title='bbox 1589 2578 1967 2662; x_wconf 42' lang='lat' dir='ltr'><strong>objieinposset</strong></span> 
     </span>
    </p>
   </div>
   <div class='ocr_carea' id='block_1_37' title="bbox 366 2649 1966 2723">
    <p class='ocr_par' dir='ltr' id='par_1_37' title="bbox 366 2649 1966 2723">
     <span class='ocr_line' id='line_1_37' title="bbox 366 2649 1966 2723; baseline 0 -19"><span class='ocrx_word' id='word_1_340' title='bbox 366 2649 499 2706; x_wconf 84' lang='lat' dir='ltr'><strong>illud</strong></span> <span class='ocrx_word' id='word_1_341' title='bbox 522 2649 774 2723; x_wconf 81' lang='lat' dir='ltr'><strong>Apostoli</strong></span> <span class='ocrx_word' id='word_1_342' title='bbox 805 2649 985 2723; x_wconf 80' lang='grc' dir='ltr'>Ξ</span> <span class='ocrx_word' id='word_1_343' title='bbox 1005 2649 1162 2723; x_wconf 76' lang='lat' dir='ltr'><strong>habes</strong></span> <span class='ocrx_word' id='word_1_344' title='bbox 1194 2651 1338 2720; x_wconf 85' lang='lat' dir='ltr'><strong>quod</strong></span> <span class='ocrx_word' id='word_1_345' title='bbox 1360 2666 1465 2705; x_wconf 85' lang='lat' dir='ltr'><strong>non</strong></span> <span class='ocrx_word' id='word_1_346' title='bbox 1488 2649 1742 2720; x_wconf 79' lang='lat' dir='ltr'><strong>accepisti</strong></span> <span class='ocrx_word' id='word_1_347' title='bbox 1747 2649 1852 2704; x_wconf 61' lang='grc' dir='ltr'><strong>7ίεὶ</strong></span> <span class='ocrx_word' id='word_1_348' title='bbox 1867 2665 1966 2723; x_wconf 46' lang='lat' dir='ltr'><strong>au:</strong></span> 
     </span>
    </p>
   </div>
   <div class='ocr_carea' id='block_1_38' title="bbox 366 2721 1966 2792">
    <p class='ocr_par' dir='ltr' id='par_1_38' title="bbox 366 2721 1966 2792">
     <span class='ocr_line' id='line_1_38' title="bbox 366 2721 1966 2792; baseline -0.001 -17"><span class='ocrx_word' id='word_1_349' title='bbox 366 2725 471 2776; x_wconf 86' lang='lat' dir='ltr'><strong>tem</strong></span> <span class='ocrx_word' id='word_1_350' title='bbox 519 2721 810 2792; x_wconf 61' lang='lat' dir='ltr'><strong>accepeﬁs,</strong></span> <span class='ocrx_word' id='word_1_351' title='bbox 853 2721 986 2790; x_wconf 85' lang='lat' dir='ltr'><strong>quid</strong></span> <span class='ocrx_word' id='word_1_352' title='bbox 1021 2721 1274 2792; x_wconf 71' lang='lat' dir='ltr'><strong>gloriaris</strong></span> <span class='ocrx_word' id='word_1_353' title='bbox 1328 2723 1489 2792; x_wconf 79' lang='lat' dir='ltr'><strong>thsi</strong></span> <span class='ocrx_word' id='word_1_354' title='bbox 1536 2737 1648 2792; x_wconf 73' lang='lat' dir='ltr'><strong>non</strong></span> <span class='ocrx_word' id='word_1_355' title='bbox 1703 2722 1966 2790; x_wconf 80' lang='lat' dir='ltr'><strong>acceperis</strong></span> 
     </span>
    </p>
   </div>
   <div class='ocr_carea' id='block_1_39' title="bbox 368 2787 1967 2863">
    <p class='ocr_par' dir='ltr' id='par_1_39' title="bbox 368 2787 1967 2863">
     <span class='ocr_line' id='line_1_39' title="bbox 368 2787 1967 2863; baseline -0.003 -15"><span class='ocrx_word' id='word_1_356' title='bbox 368 2792 414 2860; x_wconf 84' lang='grc' dir='ltr'><strong>(Ι</strong></span> <span class='ocrx_word' id='word_1_357' title='bbox 438 2793 558 2848; x_wconf 85' lang='lat' dir='ltr'><strong>Cor.</strong></span> <span class='ocrx_word' id='word_1_358' title='bbox 587 2787 703 2857; x_wconf 64' lang='lat' dir='ltr'><strong>iv&#39;)?</strong></span> <span class='ocrx_word' id='word_1_359' title='bbox 721 2787 1182 2863; x_wconf 48' lang='lat' dir='ltr'><strong>Hinc—Ezechielis</strong></span> <span class='ocrx_word' id='word_1_360' title='bbox 1211 2787 1356 2851; x_wconf 75' lang='lat' dir='ltr'><strong>xxii</strong></span> <span class='ocrx_word' id='word_1_361' title='bbox 1367 2807 1496 2863; x_wconf 80' lang='lat' dir='ltr'><strong>cap.</strong></span> <span class='ocrx_word' id='word_1_362' title='bbox 1519 2791 1716 2863; x_wconf 81' lang='lat' dir='ltr'><strong>dicitur</strong></span> <span class='ocrx_word' id='word_1_363' title='bbox 1743 2808 1758 2845; x_wconf 90' lang='lat'>:</span> <span class='ocrx_word' id='word_1_364' title='bbox 1779 2787 1967 2863; x_wconf 70' lang='lat' dir='ltr'><strong>Eleva-</strong></span> 
     </span>
    </p>
   </div>
   <div class='ocr_carea' id='block_1_40' title="bbox 367 2861 1968 2934">
    <p class='ocr_par' dir='ltr' id='par_1_40' title="bbox 367 2861 1968 2934">
     <span class='ocr_line' id='line_1_40' title="bbox 367 2861 1968 2934; baseline -0.001 -16"><span class='ocrx_word' id='word_1_365' title='bbox 367 2867 482 2918; x_wconf 91' lang='lat' dir='ltr'><strong>tum</strong></span> <span class='ocrx_word' id='word_1_366' title='bbox 502 2867 581 2934; x_wconf 89' lang='lat' dir='ltr'><strong>est</strong></span> <span class='ocrx_word' id='word_1_367' title='bbox 602 2879 693 2934; x_wconf 87' lang='lat' dir='ltr'><strong>cor</strong></span> <span class='ocrx_word' id='word_1_368' title='bbox 719 2868 878 2934; x_wconf 81' lang='lat' dir='ltr'><strong>tuum</strong></span> <span class='ocrx_word' id='word_1_369' title='bbox 897 2865 953 2916; x_wconf 85' lang='lat' dir='ltr'><strong>in</strong></span> <span class='ocrx_word' id='word_1_370' title='bbox 972 2861 1154 2934; x_wconf 79' lang='lat' dir='ltr'><strong>decore</strong></span> <span class='ocrx_word' id='word_1_371' title='bbox 1175 2867 1293 2930; x_wconf 90' lang='lat' dir='ltr'><strong>tuo;</strong></span> <span class='ocrx_word' id='word_1_372' title='bbox 1325 2861 1418 2919; x_wconf 87' lang='lat' dir='ltr'><strong>ubi</strong></span> <span class='ocrx_word' id='word_1_373' title='bbox 1443 2861 1776 2934; x_wconf 79' lang='lat' dir='ltr'><strong>signiﬁcatur</strong></span> <span class='ocrx_word' id='word_1_374' title='bbox 1801 2861 1968 2934; x_wconf 86' lang='lat' dir='ltr'><strong>decor</strong></span> 
     </span>
    </p>
   </div>
   <div class='ocr_carea' id='block_1_41' title="bbox 366 2931 1964 3006">
    <p class='ocr_par' dir='ltr' id='par_1_41' title="bbox 366 2931 1964 3006">
     <span class='ocr_line' id='line_1_41' title="bbox 366 2931 1964 3006; baseline -0.001 -16"><span class='ocrx_word' id='word_1_375' title='bbox 366 2948 535 3006; x_wconf 90' lang='lat' dir='ltr'><strong>quem</strong></span> <span class='ocrx_word' id='word_1_376' title='bbox 575 2933 810 3006; x_wconf 81' lang='lat' dir='ltr'><strong>habebat</strong></span> <span class='ocrx_word' id='word_1_377' title='bbox 861 2931 1103 3006; x_wconf 75' lang='lat' dir='ltr'><strong>Lucifer,</strong></span> <span class='ocrx_word' id='word_1_378' title='bbox 1151 2949 1264 3006; x_wconf 81' lang='lat' dir='ltr'><strong>nou</strong></span> <span class='ocrx_word' id='word_1_379' title='bbox 1291 2949 1453 3006; x_wconf 86' lang='lat' dir='ltr'><strong>quem</strong></span> <span class='ocrx_word' id='word_1_380' title='bbox 1495 2931 1808 3006; x_wconf 66' lang='lat' dir='ltr'><strong>appetebat.</strong></span> <span class='ocrx_word' id='word_1_381' title='bbox 1851 2933 1964 2988; x_wconf 72' lang='lat' dir='ltr'><strong>Ca:-</strong></span> 
     </span>
    </p>
   </div>
   <div class='ocr_carea' id='block_1_42' title="bbox 363 3002 1964 3077">
    <p class='ocr_par' dir='ltr' id='par_1_42' title="bbox 363 3002 1964 3077">
     <span class='ocr_line' id='line_1_42' title="bbox 363 3002 1964 3077; baseline -0.001 -17"><span class='ocrx_word' id='word_1_382' title='bbox 363 3002 550 3077; x_wconf 69' lang='lat' dir='ltr'><strong>temm</strong></span> <span class='ocrx_word' id='word_1_383' title='bbox 587 3003 787 3077; x_wconf 76' lang='lat' dir='ltr'><strong>sliquid</strong></span> <span class='ocrx_word' id='word_1_384' title='bbox 815 3003 1050 3077; x_wconf 77' lang='lat' dir='ltr'><strong>amplius</strong></span> <span class='ocrx_word' id='word_1_385' title='bbox 1095 3015 1152 3077; x_wconf 71' lang='lat' dir='ltr'><strong>et</strong></span> <span class='ocrx_word' id='word_1_386' title='bbox 1178 3002 1337 3077; x_wconf 77' lang='lat' dir='ltr'><strong>altius</strong></span> <span class='ocrx_word' id='word_1_387' title='bbox 1359 3002 1674 3077; x_wconf 78' lang='lat' dir='ltr'><strong>_signitieare</strong></span> <span class='ocrx_word' id='word_1_388' title='bbox 1710 3002 1964 3077; x_wconf 76' lang='lat' dir='ltr'><strong>videntur</strong></span> 
     </span>
    </p>
   </div>
   <div class='ocr_carea' id='block_1_43' title="bbox 364 3072 1960 3146">
    <p class='ocr_par' dir='ltr' id='par_1_43' title="bbox 364 3072 1960 3146">
     <span class='ocr_line' id='line_1_43' title="bbox 364 3072 1960 3146; baseline -0.002 -16"><span class='ocrx_word' id='word_1_389' title='bbox 364 3075 476 3130; x_wconf 91' lang='lat' dir='ltr'><strong>alia</strong></span> <span class='ocrx_word' id='word_1_390' title='bbox 506 3072 941 3146; x_wconf 61' lang='lat' dir='ltr'><strong>verba&#39;ejusdem</strong></span> <span class='ocrx_word' id='word_1_391' title='bbox 973 3072 1207 3133; x_wconf 88' lang='lat' dir='ltr'><strong>Luciferi</strong></span> <span class='ocrx_word' id='word_1_392' title='bbox 1235 3074 1382 3144; x_wconf 90' lang='lat' dir='ltr'><strong>apud</strong></span> <span class='ocrx_word' id='word_1_393' title='bbox 1403 3072 1594 3130; x_wconf 72' lang='lat' dir='ltr'><strong>Isaiam</strong></span> <span class='ocrx_word' id='word_1_394' title='bbox 1613 3074 1790 3146; x_wconf 83' lang='lat' dir='ltr'><strong>capite</strong></span> <span class='ocrx_word' id='word_1_395' title='bbox 1813 3087 1922 3146; x_wconf 72' lang='lat' dir='ltr'><strong>xxv</strong></span> <span class='ocrx_word' id='word_1_396' title='bbox 1947 3091 1960 3127; x_wconf 92' lang='lat'><strong>:</strong></span> 
     </span>
    </p>
   </div>
   <div class='ocr_carea' id='block_1_44' title="bbox 363 3144 1965 3218">
    <p class='ocr_par' dir='ltr' id='par_1_44' title="bbox 363 3144 1965 3218">
     <span class='ocr_line' id='line_1_44' title="bbox 363 3144 1965 3218; baseline -0.001 -18"><span class='ocrx_word' id='word_1_397' title='bbox 363 3147 432 3200; x_wconf 87' lang='lat' dir='ltr'><strong>In</strong></span> <span class='ocrx_word' id='word_1_398' title='bbox 453 3147 641 3199; x_wconf 59' lang='lat' dir='ltr'><strong>caelum</strong></span> <span class='ocrx_word' id='word_1_399' title='bbox 659 3144 1009 3218; x_wconf 65' lang='lat' dir='ltr'><strong>conscende</strong></span> <span class='ocrx_word' id='word_1_400' title='bbox 1017 3163 1033 3210; x_wconf 88' lang='lat'><strong>;</strong></span> <span class='ocrx_word' id='word_1_401' title='bbox 1048 3160 1211 3218; x_wconf 81' lang='lat' dir='ltr'><strong>super</strong></span> <span class='ocrx_word' id='word_1_402' title='bbox 1224 3150 1376 3198; x_wconf 86' lang='lat' dir='ltr'><strong>astra</strong></span> <span class='ocrx_word' id='word_1_403' title='bbox 1394 3148 1490 3218; x_wconf 85' lang='lat' dir='ltr'><strong>Dei</strong></span> <span class='ocrx_word' id='word_1_404' title='bbox 1503 3145 1751 3198; x_wconf 66' lang='lat' dir='ltr'><strong>exaltabo</strong></span> <span class='ocrx_word' id='word_1_405' title='bbox 1772 3144 1965 3198; x_wconf 87' lang='lat' dir='ltr'><strong>solium</strong></span> 
     </span>
    </p>
   </div>
   <div class='ocr_carea' id='block_1_45' title="bbox 371 3214 1968 3286">
    <p class='ocr_par' dir='ltr' id='par_1_45' title="bbox 371 3214 1968 3286">
     <span class='ocr_line' id='line_1_45' title="bbox 371 3214 1968 3286; baseline 0 -18"><span class='ocrx_word' id='word_1_406' title='bbox 371 3229 573 3286; x_wconf 82' lang='lat' dir='ltr'><strong>meum,</strong></span> <span class='ocrx_word' id='word_1_407' title='bbox 593 3222 699 3286; x_wconf 85' lang='lat' dir='ltr'><strong>etc.</strong></span> <span class='ocrx_word' id='word_1_408' title='bbox 722 3214 971 3286; x_wconf 89' lang='lat' dir='ltr'><strong>Secunda</strong></span> <span class='ocrx_word' id='word_1_409' title='bbox 996 3214 1164 3286; x_wconf 72' lang='lat' dir='ltr'><strong>igitur</strong></span> <span class='ocrx_word' id='word_1_410' title='bbox 1197 3214 1459 3286; x_wconf 82' lang='lat' dir='ltr'><strong>sententia</strong></span> <span class='ocrx_word' id='word_1_411' title='bbox 1485 3222 1590 3281; x_wconf 88' lang='lat' dir='ltr'><strong>est,</strong></span> <span class='ocrx_word' id='word_1_412' title='bbox 1619 3227 1786 3283; x_wconf 87' lang='lat' dir='ltr'><strong>quam</strong></span> <span class='ocrx_word' id='word_1_413' title='bbox 1812 3227 1968 3286; x_wconf 81' lang='lat' dir='ltr'><strong>supe-</strong></span> 
     </span>
    </p>
   </div>
   <div class='ocr_carea' id='block_1_46' title="bbox 370 3283 1968 3364">
    <p class='ocr_par' dir='ltr' id='par_1_46' title="bbox 370 3283 1968 3364">
     <span class='ocr_line' id='line_1_46' title="bbox 370 3283 1968 3364; baseline -0.001 -24"><span class='ocrx_word' id='word_1_414' title='bbox 370 3283 490 3364; x_wconf 68' lang='lat' dir='ltr'><strong>rius</strong></span> <span class='ocrx_word' id='word_1_415' title='bbox 519 3283 693 3356; x_wconf 89' lang='lat' dir='ltr'><strong>tetigit</strong></span> <span class='ocrx_word' id='word_1_416' title='bbox 712 3283 1071 3364; x_wconf 72' lang='lat' dir='ltr'><strong>D._&#39;_l‘homas,</strong></span> <span class='ocrx_word' id='word_1_417' title='bbox 1099 3285 1350 3364; x_wconf 80' lang='lat' dir='ltr'><strong>angelum</strong></span> <span class='ocrx_word' id='word_1_418' title='bbox 1376 3284 1781 3364; x_wconf 78' lang='lat' dir='ltr'><strong>illu_m,_n_empe</strong></span> <span class='ocrx_word' id='word_1_419' title='bbox 1812 3283 1968 3339; x_wconf 82' lang='lat' dir='ltr'><strong>Luci-</strong></span> 
     </span>
    </p>
   </div>
   <div class='ocr_carea' id='block_1_47' title="bbox 365 3351 1970 3481">
    <p class='ocr_par' dir='ltr' id='par_1_47' title="bbox 365 3351 1970 3481">
     <span class='ocr_line' id='line_1_47' title="bbox 365 3351 1970 3481; baseline 0 -71"><span class='ocrx_word' id='word_1_420' title='bbox 365 3351 553 3412; x_wconf 85' lang='lat' dir='ltr'><strong>ferum</strong></span> <span class='ocrx_word' id='word_1_421' title='bbox 572 3393 589 3419; x_wconf 89' lang='lat'><strong>,</strong></span> <span class='ocrx_word' id='word_1_422' title='bbox 620 3351 912 3481; x_wconf 60' lang='lat' dir='ltr'><strong>appetiisse</strong></span> <span class='ocrx_word' id='word_1_423' title='bbox 937 3371 1003 3437; x_wconf 79' lang='lat' dir='ltr'><strong>ae</strong></span> <span class='ocrx_word' id='word_1_424' title='bbox 1029 3351 1437 3439; x_wconf 68' lang='lat' dir='ltr'><strong>praesumpsisse</strong></span> <span class='ocrx_word' id='word_1_425' title='bbox 1464 3351 1850 3436; x_wconf 79' lang='lat' dir='ltr'><strong>beatitudinem</strong></span> <span class='ocrx_word' id='word_1_426' title='bbox 1873 3369 1970 3410; x_wconf 90' lang='lat' dir='ltr'><strong>su-</strong></span> 
     </span>
     <span class='ocr_line' id='line_1_48' title="bbox 365 3425 1970 3481; baseline -0.001 0"><span class='ocrx_word' id='word_1_427' title='bbox 365 3435 666 3481; x_wconf 84' lang='lat' dir='ltr'><strong>nernamra</strong></span> <span class='ocrx_word' id='word_1_428' title='bbox 687 3441 776 3481; x_wconf 89' lang='lat' dir='ltr'><strong>em</strong></span> <span class='ocrx_word' id='word_1_429' title='bbox 803 3441 900 3481; x_wconf 90' lang='lat' dir='ltr'><strong>seu</strong></span> <span class='ocrx_word' id='word_1_430' title='bbox 938 3441 1208 3481; x_wconf 73' lang='lat' dir='ltr'><strong>vnsuonem</strong></span> <span class='ocrx_word' id='word_1_431' title='bbox 1248 3429 1349 3481; x_wconf 75' lang='lat' dir='ltr'><strong>De:</strong></span> <span class='ocrx_word' id='word_1_432' title='bbox 1385 3425 1688 3481; x_wconf 82' lang='lat' dir='ltr'><strong>beatiﬁcam</strong></span> <span class='ocrx_word' id='word_1_433' title='bbox 1715 3425 1847 3481; x_wconf 79' lang='lat' dir='ltr'><strong>solis</strong></span> <span class='ocrx_word' id='word_1_434' title='bbox 1876 3439 1970 3480; x_wconf 83' lang='lat' dir='ltr'><strong>na-</strong></span> 
     </span>
    </p>
   </div>
   <div class='ocr_carea' id='block_1_48' title="bbox 365 3425 1973 3498">
    <p class='ocr_par' dir='ltr' id='par_1_48' title="bbox 365 3425 1973 3498">
     <span class='ocr_line' id='line_1_49' title="bbox 365 3425 1973 3498; baseline -0.001 -17"><span class='ocrx_word' id='word_1_435' title='bbox 365 3425 776 3498; x_wconf 78' lang='lat' dir='ltr'><strong>pernaturalem</strong></span> <span class='ocrx_word' id='word_1_436' title='bbox 803 3441 900 3483; x_wconf 90' lang='lat' dir='ltr'><strong>seu</strong></span> <span class='ocrx_word' id='word_1_437' title='bbox 938 3425 1208 3484; x_wconf 81' lang='lat' dir='ltr'><strong>visionem</strong></span> <span class='ocrx_word' id='word_1_438' title='bbox 1248 3425 1349 3482; x_wconf 84' lang='lat' dir='ltr'><strong>Dei</strong></span> <span class='ocrx_word' id='word_1_439' title='bbox 1385 3425 1688 3482; x_wconf 82' lang='lat' dir='ltr'><strong>beatiﬁcam</strong></span> <span class='ocrx_word' id='word_1_440' title='bbox 1715 3425 1847 3498; x_wconf 88' lang='lat' dir='ltr'><strong>solis</strong></span> <span class='ocrx_word' id='word_1_441' title='bbox 1876 3439 1973 3480; x_wconf 78' lang='lat' dir='ltr'><strong>na-</strong></span> 
     </span>
    </p>
   </div>
   <div class='ocr_carea' id='block_1_49' title="bbox 365 3495 1972 3580">
    <p class='ocr_par' dir='ltr' id='par_1_49' title="bbox 365 3495 1972 3580">
     <span class='ocr_line' id='line_1_50' title="bbox 365 3495 1972 3580; baseline 0 -28"><span class='ocrx_word' id='word_1_442' title='bbox 365 3495 510 3580; x_wconf 65' lang='lat' dir='ltr'><strong>tura:</strong></span> <span class='ocrx_word' id='word_1_443' title='bbox 536 3496 762 3580; x_wconf 71' lang='lat' dir='ltr'><strong>viribus,</strong></span> <span class='ocrx_word' id='word_1_444' title='bbox 792 3513 906 3580; x_wconf 72' lang='lat' dir='ltr'><strong>seu</strong></span> <span class='ocrx_word' id='word_1_445' title='bbox 918 3513 1021 3580; x_wconf 84' lang='lat' dir='ltr'><strong>per</strong></span> <span class='ocrx_word' id='word_1_446' title='bbox 1045 3500 1302 3580; x_wconf 70' lang='lat' dir='ltr'><strong>virtutem</strong></span> <span class='ocrx_word' id='word_1_447' title='bbox 1328 3505 1536 3580; x_wconf 67' lang='lat' dir='ltr'><strong>neturaa</strong></span> <span class='ocrx_word' id='word_1_448' title='bbox 1563 3510 1696 3580; x_wconf 62' lang='lat' dir='ltr'><strong>suae.</strong></span> <span class='ocrx_word' id='word_1_449' title='bbox 1743 3498 1806 3580; x_wconf 84' lang='lat' dir='ltr'><strong>I_n</strong></span> <span class='ocrx_word' id='word_1_450' title='bbox 1832 3495 1972 3580; x_wconf 67' lang='lat' dir='ltr'><strong>hapc</strong></span> 
     </span>
    </p>
   </div>
   <div class='ocr_carea' id='block_1_50' title="bbox 365 3567 1970 3640">
    <p class='ocr_par' dir='ltr' id='par_1_50' title="bbox 365 3567 1970 3640">
     <span class='ocr_line' id='line_1_51' title="bbox 365 3567 1970 3640; baseline -0.001 -17"><span class='ocrx_word' id='word_1_451' title='bbox 365 3567 689 3640; x_wconf 84' lang='lat' dir='ltr'><strong>sententiam</strong></span> <span class='ocrx_word' id='word_1_452' title='bbox 730 3567 940 3626; x_wconf 81' lang='lat' dir='ltr'><strong>inﬂecti</strong></span> <span class='ocrx_word' id='word_1_453' title='bbox 975 3579 1196 3640; x_wconf 89' lang='lat' dir='ltr'><strong>possent</strong></span> <span class='ocrx_word' id='word_1_454' title='bbox 1240 3569 1327 3625; x_wconf 90' lang='lat' dir='ltr'><strong>illa</strong></span> <span class='ocrx_word' id='word_1_455' title='bbox 1358 3569 1608 3624; x_wconf 80' lang='lat' dir='ltr'><strong>Auctoris</strong></span> <span class='ocrx_word' id='word_1_456' title='bbox 1659 3567 1848 3635; x_wconf 89' lang='lat' dir='ltr'><strong>verba,</strong></span> <span class='ocrx_word' id='word_1_457' title='bbox 1879 3571 1970 3624; x_wconf 89' lang='lat' dir='ltr'><strong>Li-</strong></span> 
     </span>
    </p>
   </div>
   <div class='ocr_carea' id='block_1_51' title="bbox 371 3638 1968 3712">
    <p class='ocr_par' dir='ltr' id='par_1_51' title="bbox 371 3638 1968 3712">
     <span class='ocr_line' id='line_1_52' title="bbox 371 3638 1968 3712; baseline 0 -18"><span class='ocrx_word' id='word_1_458' title='bbox 371 3638 571 3712; x_wconf 79' lang='lat' dir='ltr'><strong>bertati</strong></span> <span class='ocrx_word' id='word_1_459' title='bbox 606 3640 808 3695; x_wconf 80' lang='lat' dir='ltr'><strong>scilicet</strong></span> <span class='ocrx_word' id='word_1_460' title='bbox 840 3638 1063 3696; x_wconf 81' lang='lat' dir='ltr'><strong>arbitrii</strong></span> <span class='ocrx_word' id='word_1_461' title='bbox 1093 3642 1355 3712; x_wconf 87' lang='lat' dir='ltr'><strong>facultate</strong></span> <span class='ocrx_word' id='word_1_462' title='bbox 1393 3645 1646 3710; x_wconf 74' lang='lat' dir='ltr'><strong>conﬁsus,</strong></span> <span class='ocrx_word' id='word_1_463' title='bbox 1688 3655 1788 3710; x_wconf 83' lang='lat' dir='ltr'><strong>per</strong></span> <span class='ocrx_word' id='word_1_464' title='bbox 1812 3641 1968 3712; x_wconf 81' lang='lat' dir='ltr'><strong>illam</strong></span> 
     </span>
    </p>
   </div>
   <div class='ocr_carea' id='block_1_52' title="bbox 371 3711 1968 3783">
    <p class='ocr_par' dir='ltr' id='par_1_52' title="bbox 371 3711 1968 3783">
     <span class='ocr_line' id='line_1_53' title="bbox 371 3711 1968 3783; baseline 0 -19"><span class='ocrx_word' id='word_1_465' title='bbox 371 3711 584 3767; x_wconf 83' lang='lat' dir='ltr'><strong>credens</strong></span> <span class='ocrx_word' id='word_1_466' title='bbox 606 3712 898 3781; x_wconf 72' lang='lat' dir='ltr'><strong>affluenter</strong></span> <span class='ocrx_word' id='word_1_467' title='bbox 921 3711 1103 3768; x_wconf 87' lang='lat' dir='ltr'><strong>omnia</strong></span> <span class='ocrx_word' id='word_1_468' title='bbox 1125 3715 1334 3769; x_wconf 71' lang='lat' dir='ltr'><strong>sibimet</strong></span> <span class='ocrx_word' id='word_1_469' title='bbox 1358 3711 1714 3783; x_wconf 64' lang='lat' dir='ltr'><strong>suppeditari,</strong></span> <span class='ocrx_word' id='word_1_470' title='bbox 1743 3725 1862 3780; x_wconf 73' lang='lat' dir='ltr'><strong>qua</strong></span> <span class='ocrx_word' id='word_1_471' title='bbox 1891 3711 1968 3764; x_wconf 89' lang='lat' dir='ltr'><strong>ad</strong></span> 
     </span>
    </p>
   </div>
   <div class='ocr_carea' id='block_1_53' title="bbox 371 3783 1968 3851">
    <p class='ocr_par' dir='ltr' id='par_1_53' title="bbox 371 3783 1968 3851">
     <span class='ocr_line' id='line_1_54' title="bbox 371 3783 1968 3851; baseline -0.001 -15"><span class='ocrx_word' id='word_1_472' title='bbox 371 3784 866 3837; x_wconf 81' lang='lat' dir='ltr'><strong>consummationem</strong></span> <span class='ocrx_word' id='word_1_473' title='bbox 908 3785 1172 3838; x_wconf 70' lang='lat' dir='ltr'><strong>uirtutum</strong></span> <span class='ocrx_word' id='word_1_474' title='bbox 1203 3783 1285 3837; x_wconf 67' lang='lat' dir='ltr'><strong>uel</strong></span> <span class='ocrx_word' id='word_1_475' title='bbox 1323 3785 1710 3851; x_wconf 83' lang='lat' dir='ltr'><strong>perennitatem</strong></span> <span class='ocrx_word' id='word_1_476' title='bbox 1745 3796 1968 3851; x_wconf 66' lang='lat' dir='ltr'><strong>summa:</strong></span> 
     </span>
    </p>
   </div>
   <div class='ocr_carea' id='block_1_54' title="bbox 375 3849 1966 3923">
    <p class='ocr_par' dir='ltr' id='par_1_54' title="bbox 375 3849 1966 3923">
     <span class='ocr_line' id='line_1_55' title="bbox 375 3849 1966 3923; baseline -0.002 -16"><span class='ocrx_word' id='word_1_477' title='bbox 375 3852 716 3908; x_wconf 83' lang='lat' dir='ltr'><strong>beatitudinis</strong></span> <span class='ocrx_word' id='word_1_478' title='bbox 769 3855 1123 3923; x_wconf 78' lang='lat' dir='ltr'><strong>pertinerent.</strong></span> <span class='ocrx_word' id='word_1_479' title='bbox 1175 3849 1384 3923; x_wconf 72' lang='lat' dir='ltr'><strong>verum</strong></span> <span class='ocrx_word' id='word_1_480' title='bbox 1410 3867 1496 3923; x_wconf 83' lang='lat' dir='ltr'><strong>_e_x</strong></span> <span class='ocrx_word' id='word_1_481' title='bbox 1537 3849 1764 3923; x_wconf 75' lang='lat' dir='ltr'><strong>adverso</strong></span> <span class='ocrx_word' id='word_1_482' title='bbox 1787 3850 1966 3923; x_wconf 85' lang='lat' dir='ltr'><strong>__objici</strong></span> 
     </span>
    </p>
   </div>
   <div class='ocr_carea' id='block_1_55' title="bbox 374 3917 1971 3996">
    <p class='ocr_par' dir='ltr' id='par_1_55' title="bbox 374 3917 1971 3996">
     <span class='ocr_line' id='line_1_56' title="bbox 374 3917 1971 3996; baseline -0.004 -17"><span class='ocrx_word' id='word_1_483' title='bbox 374 3931 578 3993; x_wconf 79' lang='lat' dir='ltr'><strong>posset,</strong></span> <span class='ocrx_word' id='word_1_484' title='bbox 610 3929 668 3977; x_wconf 85' lang='lat'><strong>1°</strong></span> <span class='ocrx_word' id='word_1_485' title='bbox 696 3917 850 3992; x_wconf 73' lang='lat' dir='ltr'><strong>quod</strong></span> <span class='ocrx_word' id='word_1_486' title='bbox 878 3921 966 3996; x_wconf 75' lang='lat' dir='ltr'><strong>vix</strong></span> <span class='ocrx_word' id='word_1_487' title='bbox 989 3930 1089 3975; x_wconf 89' lang='lat' dir='ltr'><strong>aut</strong></span> <span class='ocrx_word' id='word_1_488' title='bbox 1111 3935 1182 3974; x_wconf 86' lang='lat' dir='ltr'><strong>ne</strong></span> <span class='ocrx_word' id='word_1_489' title='bbox 1203 3921 1291 3974; x_wconf 85' lang='lat' dir='ltr'><strong>vix</strong></span> <span class='ocrx_word' id='word_1_490' title='bbox 1329 3917 1557 3996; x_wconf 77' lang='lat' dir='ltr'><strong>quidem</strong></span> <span class='ocrx_word' id='word_1_491' title='bbox 1601 3917 1852 3996; x_wconf 75' lang='lat' dir='ltr'><strong>credibile</strong></span> <span class='ocrx_word' id='word_1_492' title='bbox 1873 3917 1971 3974; x_wconf 55' lang='lat' dir='ltr'><strong>&#39;sit</strong></span> 
     </span>
    </p>
   </div>
   <div class='ocr_carea' id='block_1_56' title="bbox 374 3985 1976 4058">
    <p class='ocr_par' dir='ltr' id='par_1_56' title="bbox 374 3985 1976 4058">
     <span class='ocr_line' id='line_1_57' title="bbox 374 3985 1976 4058; baseline -0.004 -12"><span class='ocrx_word' id='word_1_493' title='bbox 374 3985 588 4048; x_wconf 72' lang='lat' dir='ltr'><strong>tantum</strong></span> <span class='ocrx_word' id='word_1_494' title='bbox 616 3985 865 4047; x_wconf 81' lang='lat' dir='ltr'><strong>errorem</strong></span> <span class='ocrx_word' id='word_1_495' title='bbox 905 3989 964 4058; x_wconf 84' lang='lat' dir='ltr'><strong>in</strong></span> <span class='ocrx_word' id='word_1_496' title='bbox 991 3996 1235 4058; x_wconf 81' lang='lat' dir='ltr'><strong>mentem</strong></span> <span class='ocrx_word' id='word_1_497' title='bbox 1274 3985 1571 4056; x_wconf 85' lang='lat' dir='ltr'><strong>angelicam</strong></span> <span class='ocrx_word' id='word_1_498' title='bbox 1601 3985 1832 4058; x_wconf 76' lang='lat' dir='ltr'><strong>irrepere</strong></span> <span class='ocrx_word' id='word_1_499' title='bbox 1875 4003 1976 4058; x_wconf 91' lang='lat' dir='ltr'><strong>po-</strong></span> 
     </span>
    </p>
   </div>
   <div class='ocr_carea' id='block_1_57' title="bbox 373 4054 1977 4130">
    <p class='ocr_par' dir='ltr' id='par_1_57' title="bbox 373 4054 1977 4130">
     <span class='ocr_line' id='line_1_58' title="bbox 373 4054 1977 4130; baseline -0.004 -11"><span class='ocrx_word' id='word_1_500' title='bbox 373 4064 566 4128; x_wconf 87' lang='lat' dir='ltr'><strong>tuisse,</strong></span> <span class='ocrx_word' id='word_1_501' title='bbox 594 4069 670 4130; x_wconf 84' lang='lat' dir='ltr'><strong>ut</strong></span> <span class='ocrx_word' id='word_1_502' title='bbox 704 4066 923 4130; x_wconf 82' lang='lat' dir='ltr'><strong>putaret</strong></span> <span class='ocrx_word' id='word_1_503' title='bbox 954 4056 1345 4113; x_wconf 89' lang='lat' dir='ltr'><strong>beatitudinem</strong></span> <span class='ocrx_word' id='word_1_504' title='bbox 1355 4054 1834 4130; x_wconf 48' lang='lat' dir='ltr'><strong>‘supernaturalem</strong></span> <span class='ocrx_word' id='word_1_505' title='bbox 1871 4054 1977 4112; x_wconf 80' lang='lat' dir='ltr'><strong>na-</strong></span> 
     </span>
    </p>
   </div>
   <div class='ocr_carea' id='block_1_58' title="bbox 377 4124 1975 4200">
    <p class='ocr_par' dir='ltr' id='par_1_58' title="bbox 377 4124 1975 4200">
     <span class='ocr_line' id='line_1_59' title="bbox 377 4124 1975 4200; baseline -0.002 -15"><span class='ocrx_word' id='word_1_506' title='bbox 377 4124 760 4200; x_wconf 12' lang='lat' dir='ltr'><strong>tumiviribus</strong></span> <span class='ocrx_word' id='word_1_507' title='bbox 795 4127 1224 4200; x_wconf 82' lang='lat' dir='ltr'><strong>quibuscumque</strong></span> <span class='ocrx_word' id='word_1_508' title='bbox 1251 4140 1410 4199; x_wconf 86' lang='lat' dir='ltr'><strong>posse</strong></span> <span class='ocrx_word' id='word_1_509' title='bbox 1441 4124 1690 4200; x_wconf 72' lang='lat' dir='ltr'><strong>acquiri,</strong></span> <span class='ocrx_word' id='word_1_510' title='bbox 1721 4140 1850 4200; x_wconf 85' lang='lat' dir='ltr'><strong>cum</strong></span> <span class='ocrx_word' id='word_1_511' title='bbox 1877 4142 1975 4182; x_wconf 88' lang='lat' dir='ltr'><strong>na-</strong></span> 
     </span>
    </p>
   </div>
   <div class='ocr_carea' id='block_1_59' title="bbox 383 4195 1978 4270">
    <p class='ocr_par' dir='ltr' id='par_1_59' title="bbox 383 4195 1978 4270">
     <span class='ocr_line' id='line_1_60' title="bbox 383 4195 1978 4270; baseline -0.001 -14"><span class='ocrx_word' id='word_1_512' title='bbox 383 4199 584 4258; x_wconf 86' lang='lat' dir='ltr'><strong>turalia</strong></span> <span class='ocrx_word' id='word_1_513' title='bbox 612 4206 668 4256; x_wconf 91' lang='lat' dir='ltr'><strong>et</strong></span> <span class='ocrx_word' id='word_1_514' title='bbox 711 4195 1154 4270; x_wconf 66' lang='lat' dir='ltr'><strong>supernaturalizi</strong></span> <span class='ocrx_word' id='word_1_515' title='bbox 1175 4195 1289 4254; x_wconf 81' lang='lat' dir='ltr'><strong>toto</strong></span> <span class='ocrx_word' id='word_1_516' title='bbox 1314 4211 1511 4270; x_wconf 79' lang='lat' dir='ltr'><strong>genere</strong></span> <span class='ocrx_word' id='word_1_517' title='bbox 1534 4195 1773 4270; x_wconf 81' lang='lat' dir='ltr'><strong>distent,</strong></span> <span class='ocrx_word' id='word_1_518' title='bbox 1805 4197 1978 4270; x_wconf 85' lang='lat' dir='ltr'><strong>immo</strong></span> 
     </span>
    </p>
   </div>
   <div class='ocr_carea' id='block_1_60' title="bbox 380 4267 1980 4342">
    <p class='ocr_par' dir='ltr' id='par_1_60' title="bbox 380 4267 1980 4342">
     <span class='ocr_line' id='line_1_61' title="bbox 380 4267 1980 4342; baseline -0.001 -16"><span class='ocrx_word' id='word_1_519' title='bbox 380 4270 600 4328; x_wconf 88' lang='lat' dir='ltr'><strong>videtur</strong></span> <span class='ocrx_word' id='word_1_520' title='bbox 626 4267 904 4342; x_wconf 82' lang='lat' dir='ltr'><strong>implicare</strong></span> <span class='ocrx_word' id='word_1_521' title='bbox 927 4267 1428 4342; x_wconf 76' lang='lat' dir='ltr'><strong>contradictionem.</strong></span> <span class='ocrx_word' id='word_1_522' title='bbox 1458 4269 1596 4324; x_wconf 83' lang='lat' dir='ltr'><strong>Nam</strong></span> <span class='ocrx_word' id='word_1_523' title='bbox 1624 4268 1670 4323; x_wconf 91' lang='lat' dir='ltr'><strong>si</strong></span> <span class='ocrx_word' id='word_1_524' title='bbox 1699 4267 1980 4342; x_wconf 81' lang='lat' dir='ltr'><strong>beatitudo</strong></span> 
     </span>
    </p>
   </div>
   <div class='ocr_carea' id='block_1_61' title="bbox 373 4339 1978 4415">
    <p class='ocr_par' dir='ltr' id='par_1_61' title="bbox 373 4339 1978 4415">
     <span class='ocr_line' id='line_1_62' title="bbox 373 4339 1978 4415; baseline -0.002 -15"><span class='ocrx_word' id='word_1_525' title='bbox 373 4339 815 4415; x_wconf 64' lang='lat' dir='ltr'><strong>supernatur&#39;alis</strong></span> <span class='ocrx_word' id='word_1_526' title='bbox 841 4348 944 4405; x_wconf 81' lang='lat' dir='ltr'><strong>est,</strong></span> <span class='ocrx_word' id='word_1_527' title='bbox 972 4339 1158 4415; x_wconf 74' lang='lat' dir='ltr'><strong>idest,</strong></span> <span class='ocrx_word' id='word_1_528' title='bbox 1188 4355 1351 4412; x_wconf 88' lang='lat' dir='ltr'><strong>supra</strong></span> <span class='ocrx_word' id='word_1_529' title='bbox 1375 4348 1668 4415; x_wconf 66' lang='lat' dir='ltr'><strong>pataram,</strong></span> <span class='ocrx_word' id='word_1_530' title='bbox 1697 4339 1978 4412; x_wconf 89' lang='lat' dir='ltr'><strong>quomodo</strong></span> 
     </span>
    </p>
   </div>
   <div class='ocr_carea' id='block_1_62' title="bbox 378 4409 1981 4484">
    <p class='ocr_par' dir='ltr' id='par_1_62' title="bbox 378 4409 1981 4484">
     <span class='ocr_line' id='line_1_63' title="bbox 378 4409 1981 4484; baseline -0.001 -16"><span class='ocrx_word' id='word_1_531' title='bbox 378 4409 615 4470; x_wconf 78' lang='lat' dir='ltr'><strong>naturali</strong></span> <span class='ocrx_word' id='word_1_532' title='bbox 659 4412 862 4484; x_wconf 89' lang='lat' dir='ltr'><strong>virtute</strong></span> <span class='ocrx_word' id='word_1_533' title='bbox 889 4410 1204 4484; x_wconf 78' lang='lat' dir='ltr'><strong>acquiratur</strong></span> <span class='ocrx_word' id='word_1_534' title='bbox 1221 4409 1536 4484; x_wconf 25' lang='grc' dir='ltr'><strong>ηειμριιοὰ⁸</strong></span> <span class='ocrx_word' id='word_1_535' title='bbox 1564 4409 1700 4466; x_wconf 87' lang='lat' dir='ltr'><strong>satis</strong></span> <span class='ocrx_word' id='word_1_536' title='bbox 1712 4409 1981 4484; x_wconf 62' lang='lat' dir='ltr'><strong>&#39;compcr-</strong></span> 
     </span>
    </p>
   </div>
   <div class='ocr_carea' id='block_1_63' title="bbox 379 4480 1978 4541">
    <p class='ocr_par' dir='ltr' id='par_1_63' title="bbox 379 4480 1978 4541">
     <span class='ocr_line' id='line_1_64' title="bbox 379 4480 1978 4541; baseline -0.001 -1"><span class='ocrx_word' id='word_1_537' title='bbox 379 4491 500 4541; x_wconf 90' lang='lat' dir='ltr'><strong>tum</strong></span> <span class='ocrx_word' id='word_1_538' title='bbox 539 4491 624 4541; x_wconf 90' lang='lat' dir='ltr'><strong>est</strong></span> <span class='ocrx_word' id='word_1_539' title='bbox 674 4480 997 4540; x_wconf 81' lang='lat' dir='ltr'><strong>rationalem</strong></span> <span class='ocrx_word' id='word_1_540' title='bbox 1054 4483 1166 4540; x_wconf 83' lang='lat' dir='ltr'><strong>sive</strong></span> <span class='ocrx_word' id='word_1_541' title='bbox 1216 4480 1631 4538; x_wconf 86' lang='lat' dir='ltr'><strong>intellectualem</strong></span> <span class='ocrx_word' id='word_1_542' title='bbox 1671 4480 1978 4538; x_wconf 76' lang='lat' dir='ltr'><strong>creaturam</strong></span> 
     </span>
    </p>
   </div>
   <div class='ocr_carea' id='block_1_64' title="bbox 381 4551 1980 4630">
    <p class='ocr_par' dir='ltr' id='par_1_64' title="bbox 381 4551 1980 4630">
     <span class='ocr_line' id='line_1_65' title="bbox 381 4551 1980 4630; baseline 0 -20"><span class='ocrx_word' id='word_1_543' title='bbox 381 4554 554 4630; x_wconf 77' lang='lat' dir='ltr'><strong>magis</strong></span> <span class='ocrx_word' id='word_1_544' title='bbox 579 4553 689 4630; x_wconf 75' lang='lat' dir='ltr'><strong>sibi</strong></span> <span class='ocrx_word' id='word_1_545' title='bbox 724 4553 1051 4630; x_wconf 83' lang='lat' dir='ltr'><strong>applaudere</strong></span> <span class='ocrx_word' id='word_1_546' title='bbox 1093 4561 1150 4630; x_wconf 85' lang='lat' dir='ltr'><strong>e_t</strong></span> <span class='ocrx_word' id='word_1_547' title='bbox 1187 4553 1489 4630; x_wconf 86' lang='lat' dir='ltr'><strong>abblandiri</strong></span> <span class='ocrx_word' id='word_1_548' title='bbox 1518 4551 1592 4630; x_wconf 90' lang='lat' dir='ltr'><strong>de_</strong></span> <span class='ocrx_word' id='word_1_549' title='bbox 1621 4553 1980 4630; x_wconf 65' lang='lat' dir='ltr'><strong>praesentibus</strong></span> 
     </span>
    </p>
   </div>
   <div class='ocr_carea' id='block_1_65' title="bbox 386 4621 1978 4698">
    <p class='ocr_par' dir='ltr' id='par_1_65' title="bbox 386 4621 1978 4698">
     <span class='ocr_line' id='line_1_66' title="bbox 386 4621 1978 4698; baseline -0.001 -18"><span class='ocrx_word' id='word_1_550' title='bbox 386 4634 441 4682; x_wconf 90' lang='lat' dir='ltr'><strong>et</strong></span> <span class='ocrx_word' id='word_1_551' title='bbox 473 4621 777 4698; x_wconf 61' lang='lat' dir='ltr'><strong>&#39;acquisitis&#39;</strong></span> <span class='ocrx_word' id='word_1_552' title='bbox 795 4621 960 4698; x_wconf 80' lang='lat' dir='ltr'><strong>quam</strong></span> <span class='ocrx_word' id='word_1_553' title='bbox 985 4622 1309 4698; x_wconf 26' lang='lat' dir='ltr'><strong>Ade_futuris</strong></span> <span class='ocrx_word' id='word_1_554' title='bbox 1341 4631 1398 4678; x_wconf 88' lang='lat' dir='ltr'><strong>et</strong></span> <span class='ocrx_word' id='word_1_555' title='bbox 1437 4621 1780 4698; x_wconf 64' lang='lat' dir='ltr'><strong>aequirendis</strong></span> <span class='ocrx_word' id='word_1_556' title='bbox 1803 4641 1817 4678; x_wconf 90' lang='lat'><strong>:</strong></span> <span class='ocrx_word' id='word_1_557' title='bbox 1849 4640 1978 4698; x_wconf 85' lang='lat' dir='ltr'><strong>nam</strong></span> 
     </span>
    </p>
   </div>
   <div class='ocr_carea' id='block_1_66' title="bbox 1999 3322 2046 3384">
    <p class='ocr_par' dir='ltr' id='par_1_66' title="bbox 1999 3322 2046 3384">
     <span class='ocr_line' id='line_1_67' title="bbox 1999 3322 2046 3384; baseline 0 0"><span class='ocrx_word' id='word_1_558' title='bbox 1999 3322 2046 3384; x_wconf 89' lang='lat' dir='ltr'>C</span> 
     </span>
    </p>
   </div>
   <div class='ocr_carea' id='block_1_67' title="bbox 2071 2013 3665 2095">
    <p class='ocr_par' dir='ltr' id='par_1_67' title="bbox 2071 2013 3665 2095">
     <span class='ocr_line' id='line_1_68' title="bbox 2071 2013 3665 2095; baseline 0.003 -26"><span class='ocrx_word' id='word_1_559' title='bbox 2071 2013 2316 2095; x_wconf 75' lang='lat' dir='ltr'><strong>initium,</strong></span> <span class='ocrx_word' id='word_1_560' title='bbox 2351 2027 2706 2095; x_wconf 73' lang='lat' dir='ltr'><strong>progressum</strong></span> <span class='ocrx_word' id='word_1_561' title='bbox 2749 2022 2823 2095; x_wconf 83' lang='lat' dir='ltr'><strong>et_</strong></span> <span class='ocrx_word' id='word_1_562' title='bbox 2851 2013 3399 2095; x_wconf 75' lang='lat' dir='ltr'><strong>consummationem.</strong></span> <span class='ocrx_word' id='word_1_563' title='bbox 3445 2018 3665 2095; x_wconf 83' lang='lat' dir='ltr'><strong>Initium</strong></span> 
     </span>
    </p>
   </div>
   <div class='ocr_carea' id='block_1_68' title="bbox 2071 2085 3667 2159">
    <p class='ocr_par' dir='ltr' id='par_1_68' title="bbox 2071 2085 3667 2159">
     <span class='ocr_line' id='line_1_69' title="bbox 2071 2085 3667 2159; baseline 0.003 -19"><span class='ocrx_word' id='word_1_564' title='bbox 2071 2099 2188 2140; x_wconf 89' lang='lat' dir='ltr'><strong>non</strong></span> <span class='ocrx_word' id='word_1_565' title='bbox 2213 2085 2392 2157; x_wconf 89' lang='lat' dir='ltr'><strong>potuit</strong></span> <span class='ocrx_word' id='word_1_566' title='bbox 2416 2085 2534 2140; x_wconf 85' lang='lat' dir='ltr'><strong>esse</strong></span> <span class='ocrx_word' id='word_1_567' title='bbox 2558 2085 2662 2159; x_wconf 76' lang='lat' dir='ltr'><strong>illa</strong></span> <span class='ocrx_word' id='word_1_568' title='bbox 2692 2085 3047 2159; x_wconf 51' lang='lat' dir='ltr'><strong>intolerabilis</strong></span> <span class='ocrx_word' id='word_1_569' title='bbox 3075 2085 3330 2159; x_wconf 85' lang='lat' dir='ltr'><strong>superbia</strong></span> <span class='ocrx_word' id='word_1_570' title='bbox 3360 2103 3466 2159; x_wconf 88' lang='lat' dir='ltr'><strong>qua</strong></span> <span class='ocrx_word' id='word_1_571' title='bbox 3493 2089 3667 2146; x_wconf 88' lang='lat' dir='ltr'><strong>voluit</strong></span> 
     </span>
    </p>
   </div>
   <div class='ocr_carea' id='block_1_69' title="bbox 2072 2154 3667 2229">
    <p class='ocr_par' dir='ltr' id='par_1_69' title="bbox 2072 2154 3667 2229">
     <span class='ocr_line' id='line_1_70' title="bbox 2072 2154 3667 2229; baseline 0.003 -18"><span class='ocrx_word' id='word_1_572' title='bbox 2072 2169 2194 2211; x_wconf 85' lang='lat' dir='ltr'><strong>esse</strong></span> <span class='ocrx_word' id='word_1_573' title='bbox 2218 2154 2356 2229; x_wconf 65' lang='lat' dir='ltr'><strong>&#39;Deo</strong></span> <span class='ocrx_word' id='word_1_574' title='bbox 2397 2154 2652 2229; x_wconf 76' lang='lat' dir='ltr'><strong>aequalis;</strong></span> <span class='ocrx_word' id='word_1_575' title='bbox 2682 2155 2776 2212; x_wconf 90' lang='lat' dir='ltr'><strong>sed</strong></span> <span class='ocrx_word' id='word_1_576' title='bbox 2816 2154 2922 2229; x_wconf 78' lang='lat' dir='ltr'><strong>fuit</strong></span> <span class='ocrx_word' id='word_1_577' title='bbox 2950 2154 3344 2229; x_wconf 75' lang='lat' dir='ltr'><strong>complacentia</strong></span> <span class='ocrx_word' id='word_1_578' title='bbox 3374 2154 3430 2214; x_wconf 64' lang='lat' dir='ltr'><strong>Et</strong></span> <span class='ocrx_word' id='word_1_579' title='bbox 3462 2159 3667 2215; x_wconf 89' lang='lat' dir='ltr'><strong>inordi-</strong></span> 
     </span>
    </p>
   </div>
   <div class='ocr_carea' id='block_1_70' title="bbox 2071 2224 3665 2298">
    <p class='ocr_par' dir='ltr' id='par_1_70' title="bbox 2071 2224 3665 2298">
     <span class='ocr_line' id='line_1_71' title="bbox 2071 2224 3665 2298; baseline 0.004 -18"><span class='ocrx_word' id='word_1_580' title='bbox 2071 2234 2200 2282; x_wconf 92' lang='lat' dir='ltr'><strong>nata</strong></span> <span class='ocrx_word' id='word_1_581' title='bbox 2246 2224 2532 2298; x_wconf 68' lang='lat' dir='ltr'><strong>delectatio</strong></span> <span class='ocrx_word' id='word_1_582' title='bbox 2571 2224 2624 2280; x_wconf 92' lang='lat' dir='ltr'><strong>in</strong></span> <span class='ocrx_word' id='word_1_583' title='bbox 2649 2225 2862 2298; x_wconf 89' lang='lat' dir='ltr'><strong>propria</strong></span> <span class='ocrx_word' id='word_1_584' title='bbox 2908 2224 3258 2294; x_wconf 72' lang='lat' dir='ltr'><strong>excellentia,</strong></span> <span class='ocrx_word' id='word_1_585' title='bbox 3302 2236 3358 2284; x_wconf 89' lang='lat' dir='ltr'><strong>et</strong></span> <span class='ocrx_word' id='word_1_586' title='bbox 3391 2229 3605 2286; x_wconf 88' lang='lat' dir='ltr'><strong>aversio</strong></span> <span class='ocrx_word' id='word_1_587' title='bbox 3631 2245 3665 2286; x_wconf 86' lang='lat' dir='ltr'><strong>a</strong></span> 
     </span>
    </p>
   </div>
   <div class='ocr_carea' id='block_1_71' title="bbox 2071 2296 3667 2369">
    <p class='ocr_par' dir='ltr' id='par_1_71' title="bbox 2071 2296 3667 2369">
     <span class='ocr_line' id='line_1_72' title="bbox 2071 2296 3667 2369; baseline 0.003 -17"><span class='ocrx_word' id='word_1_588' title='bbox 2071 2299 2214 2364; x_wconf 91' lang='lat' dir='ltr'><strong>Deo,</strong></span> <span class='ocrx_word' id='word_1_589' title='bbox 2237 2305 2421 2352; x_wconf 89' lang='lat' dir='ltr'><strong>tamen</strong></span> <span class='ocrx_word' id='word_1_590' title='bbox 2445 2296 2560 2353; x_wconf 89' lang='lat' dir='ltr'><strong>sine</strong></span> <span class='ocrx_word' id='word_1_591' title='bbox 2575 2296 2899 2369; x_wconf 83' lang='lat' dir='ltr'><strong>contemptu</strong></span> <span class='ocrx_word' id='word_1_592' title='bbox 2923 2307 2978 2354; x_wconf 92' lang='lat' dir='ltr'><strong>et</strong></span> <span class='ocrx_word' id='word_1_593' title='bbox 3001 2299 3130 2356; x_wconf 90' lang='lat' dir='ltr'><strong>odio</strong></span> <span class='ocrx_word' id='word_1_594' title='bbox 3158 2299 3277 2369; x_wconf 81' lang='lat' dir='ltr'><strong>Dei.</strong></span> <span class='ocrx_word' id='word_1_595' title='bbox 3309 2299 3520 2356; x_wconf 85' lang='lat' dir='ltr'><strong>Deinde</strong></span> <span class='ocrx_word' id='word_1_596' title='bbox 3537 2315 3667 2357; x_wconf 90' lang='lat' dir='ltr'><strong>vero</strong></span> 
     </span>
    </p>
   </div>
   <div class='ocr_carea' id='block_1_72' title="bbox 2069 2362 3670 2440">
    <p class='ocr_par' dir='ltr' id='par_1_72' title="bbox 2069 2362 3670 2440">
     <span class='ocr_line' id='line_1_73' title="bbox 2069 2362 3670 2440; baseline 0.002 -16"><span class='ocrx_word' id='word_1_597' title='bbox 2069 2362 2522 2440; x_wconf 30' lang='lat' dir='ltr'><strong>progressusmest</strong></span> <span class='ocrx_word' id='word_1_598' title='bbox 2553 2375 2614 2423; x_wconf 91' lang='lat' dir='ltr'><strong>ut</strong></span> <span class='ocrx_word' id='word_1_599' title='bbox 2651 2362 2988 2440; x_wconf 77' lang='lat' dir='ltr'><strong>existimaret</strong></span> <span class='ocrx_word' id='word_1_600' title='bbox 3025 2385 3084 2425; x_wconf 92' lang='lat' dir='ltr'><strong>se</strong></span> <span class='ocrx_word' id='word_1_601' title='bbox 3133 2362 3240 2426; x_wconf 89' lang='lat' dir='ltr'><strong>sibi</strong></span> <span class='ocrx_word' id='word_1_602' title='bbox 3281 2369 3526 2427; x_wconf 84' lang='lat' dir='ltr'><strong>sufﬁcere</strong></span> <span class='ocrx_word' id='word_1_603' title='bbox 3544 2412 3560 2440; x_wconf 93' lang='lat'><strong>,</strong></span> <span class='ocrx_word' id='word_1_604' title='bbox 3613 2379 3670 2427; x_wconf 92' lang='lat' dir='ltr'><strong>et</strong></span> 
     </span>
    </p>
   </div>
   <div class='ocr_carea' id='block_1_73' title="bbox 2070 2437 3670 2513">
    <p class='ocr_par' dir='ltr' id='par_1_73' title="bbox 2070 2437 3670 2513">
     <span class='ocr_line' id='line_1_74' title="bbox 2070 2437 3670 2513; baseline 0.003 -19"><span class='ocrx_word' id='word_1_605' title='bbox 2070 2437 2252 2495; x_wconf 80' lang='lat' dir='ltr'><strong>divino</strong></span> <span class='ocrx_word' id='word_1_606' title='bbox 2274 2438 2478 2494; x_wconf 89' lang='lat' dir='ltr'><strong>auxilio</strong></span> <span class='ocrx_word' id='word_1_607' title='bbox 2506 2453 2620 2494; x_wconf 90' lang='lat' dir='ltr'><strong>non</strong></span> <span class='ocrx_word' id='word_1_608' title='bbox 2645 2437 2929 2513; x_wconf 26' lang='lat' dir='ltr'><strong>indigere:</strong></span> <span class='ocrx_word' id='word_1_609' title='bbox 2947 2445 3030 2513; x_wconf 82' lang='lat' dir='ltr'><strong>Ac</strong></span> <span class='ocrx_word' id='word_1_610' title='bbox 3057 2441 3276 2513; x_wconf 82' lang='lat' dir='ltr'><strong>tandem</strong></span> <span class='ocrx_word' id='word_1_611' title='bbox 3313 2457 3378 2498; x_wconf 90' lang='lat' dir='ltr'><strong>eo</strong></span> <span class='ocrx_word' id='word_1_612' title='bbox 3418 2437 3670 2513; x_wconf 73' lang='lat' dir='ltr'><strong>pervenit</strong></span> 
     </span>
    </p>
   </div>
   <div class='ocr_carea' id='block_1_74' title="bbox 2071 2508 3670 2582">
    <p class='ocr_par' dir='ltr' id='par_1_74' title="bbox 2071 2508 3670 2582">
     <span class='ocr_line' id='line_1_75' title="bbox 2071 2508 3670 2582; baseline 0.002 -17"><span class='ocrx_word' id='word_1_613' title='bbox 2071 2517 2135 2566; x_wconf 91' lang='lat' dir='ltr'><strong>ut</strong></span> <span class='ocrx_word' id='word_1_614' title='bbox 2161 2517 2377 2580; x_wconf 87' lang='lat' dir='ltr'><strong>putaret</strong></span> <span class='ocrx_word' id='word_1_615' title='bbox 2404 2524 2462 2564; x_wconf 89' lang='lat' dir='ltr'><strong>se</strong></span> <span class='ocrx_word' id='word_1_616' title='bbox 2490 2523 2600 2564; x_wconf 89' lang='lat' dir='ltr'><strong>non</strong></span> <span class='ocrx_word' id='word_1_617' title='bbox 2629 2508 2823 2564; x_wconf 74' lang='lat' dir='ltr'><strong>debeie</strong></span> <span class='ocrx_word' id='word_1_618' title='bbox 2863 2509 3022 2566; x_wconf 87' lang='lat' dir='ltr'><strong>alicui</strong></span> <span class='ocrx_word' id='word_1_619' title='bbox 3047 2511 3307 2582; x_wconf 84' lang='lat' dir='ltr'><strong>subesse;</strong></span> <span class='ocrx_word' id='word_1_620' title='bbox 3335 2519 3394 2582; x_wconf 87' lang='lat' dir='ltr'><strong>et</strong></span> <span class='ocrx_word' id='word_1_621' title='bbox 3418 2508 3670 2582; x_wconf 42' lang='lat' dir='ltr'><strong>“denique</strong></span> 
     </span>
    </p>
   </div>
   <div class='ocr_carea' id='block_1_75' title="bbox 2071 2580 3668 2652">
    <p class='ocr_par' dir='ltr' id='par_1_75' title="bbox 2071 2580 3668 2652">
     <span class='ocr_line' id='line_1_76' title="bbox 2071 2580 3668 2652; baseline 0.003 -18"><span class='ocrx_word' id='word_1_622' title='bbox 2071 2587 2135 2652; x_wconf 86' lang='lat' dir='ltr'><strong>ut</strong></span> <span class='ocrx_word' id='word_1_623' title='bbox 2150 2587 2221 2652; x_wconf 87' lang='lat' dir='ltr'><strong>_et</strong></span> <span class='ocrx_word' id='word_1_624' title='bbox 2251 2583 2431 2652; x_wconf 79' lang='lat' dir='ltr'><strong>Deum</strong></span> <span class='ocrx_word' id='word_1_625' title='bbox 2454 2587 2864 2652; x_wconf 70' lang='lat' dir='ltr'><strong>contemneret,</strong></span> <span class='ocrx_word' id='word_1_626' title='bbox 2911 2588 2966 2652; x_wconf 90' lang='lat' dir='ltr'><strong>e_t</strong></span> <span class='ocrx_word' id='word_1_627' title='bbox 2989 2580 3148 2652; x_wconf 88' lang='lat' dir='ltr'><strong>vellet</strong></span> <span class='ocrx_word' id='word_1_628' title='bbox 3177 2582 3288 2652; x_wconf 90' lang='lat' dir='ltr'><strong>ipse</strong></span> <span class='ocrx_word' id='word_1_629' title='bbox 3314 2581 3386 2636; x_wconf 90' lang='lat' dir='ltr'><strong>ab</strong></span> <span class='ocrx_word' id='word_1_630' title='bbox 3413 2580 3668 2639; x_wconf 80' lang='lat' dir='ltr'><strong>omnibus</strong></span> 
     </span>
    </p>
   </div>
   <div class='ocr_carea' id='block_1_76' title="bbox 2075 2648 3667 2707">
    <p class='ocr_par' dir='ltr' id='par_1_76' title="bbox 2075 2648 3667 2707">
     <span class='ocr_line' id='line_1_77' title="bbox 2075 2648 3667 2707; baseline 0.002 -3"><span class='ocrx_word' id='word_1_631' title='bbox 2075 2648 2266 2704; x_wconf 90' lang='lat' dir='ltr'><strong>haberi</strong></span> <span class='ocrx_word' id='word_1_632' title='bbox 2303 2657 2359 2704; x_wconf 88' lang='lat' dir='ltr'><strong>et</strong></span> <span class='ocrx_word' id='word_1_633' title='bbox 2383 2648 2489 2704; x_wconf 91' lang='lat' dir='ltr'><strong>coli</strong></span> <span class='ocrx_word' id='word_1_634' title='bbox 2518 2655 2581 2703; x_wconf 91' lang='lat' dir='ltr'><strong>ut</strong></span> <span class='ocrx_word' id='word_1_635' title='bbox 2607 2651 2754 2705; x_wconf 89' lang='lat' dir='ltr'><strong>Deus</strong></span> <span class='ocrx_word' id='word_1_636' title='bbox 2789 2669 2802 2704; x_wconf 89' lang='lat'><strong>:</strong></span> <span class='ocrx_word' id='word_1_637' title='bbox 2835 2657 2893 2704; x_wconf 89' lang='lat' dir='ltr'><strong>et</strong></span> <span class='ocrx_word' id='word_1_638' title='bbox 2923 2649 2990 2705; x_wconf 90' lang='lat' dir='ltr'><strong>de</strong></span> <span class='ocrx_word' id='word_1_639' title='bbox 3027 2649 3131 2706; x_wconf 89' lang='lat' dir='ltr'><strong>hac</strong></span> <span class='ocrx_word' id='word_1_640' title='bbox 3167 2648 3407 2706; x_wconf 70' lang='lat' dir='ltr'><strong>extrema</strong></span> <span class='ocrx_word' id='word_1_641' title='bbox 3435 2659 3492 2707; x_wconf 88' lang='lat' dir='ltr'><strong>et</strong></span> <span class='ocrx_word' id='word_1_642' title='bbox 3537 2667 3667 2707; x_wconf 90' lang='lat' dir='ltr'><strong>con—</strong></span> 
     </span>
    </p>
   </div>
   <div class='ocr_carea' id='block_1_77' title="bbox 2074 2717 3671 2791">
    <p class='ocr_par' dir='ltr' id='par_1_77' title="bbox 2074 2717 3671 2791">
     <span class='ocr_line' id='line_1_78' title="bbox 2074 2717 3671 2791; baseline 0.001 -17"><span class='ocrx_word' id='word_1_643' title='bbox 2074 2727 2352 2791; x_wconf 78' lang='lat' dir='ltr'><strong>summata</strong></span> <span class='ocrx_word' id='word_1_644' title='bbox 2381 2717 2630 2790; x_wconf 88' lang='lat' dir='ltr'><strong>superbia</strong></span> <span class='ocrx_word' id='word_1_645' title='bbox 2667 2718 2906 2791; x_wconf 87' lang='lat' dir='ltr'><strong>loquitur</strong></span> <span class='ocrx_word' id='word_1_646' title='bbox 2939 2729 3215 2791; x_wconf 89' lang='lat' dir='ltr'><strong>postrema</strong></span> <span class='ocrx_word' id='word_1_647' title='bbox 3240 2720 3536 2791; x_wconf 78' lang='lat' dir='ltr'><strong>sententia.</strong></span> <span class='ocrx_word' id='word_1_648' title='bbox 3561 2723 3671 2791; x_wconf 77' lang='lat' dir='ltr'><strong>Ex-</strong></span> 
     </span>
    </p>
   </div>
   <div class='ocr_carea' id='block_1_78' title="bbox 2117 2789 3665 2861">
    <p class='ocr_par' dir='ltr' id='par_1_78' title="bbox 2117 2789 3665 2861">
     <span class='ocr_line' id='line_1_79' title="bbox 2117 2789 3665 2861; baseline 0.001 -18"><span class='ocrx_word' id='word_1_649' title='bbox 2117 2789 2247 2861; x_wconf 86' lang='lat' dir='ltr'><strong>licat</strong></span> <span class='ocrx_word' id='word_1_650' title='bbox 2272 2789 2422 2846; x_wconf 86' lang='lat' dir='ltr'><strong>hunc</strong></span> <span class='ocrx_word' id='word_1_651' title='bbox 2447 2789 2796 2861; x_wconf 81' lang='lat' dir='ltr'><strong>progressum</strong></span> <span class='ocrx_word' id='word_1_652' title='bbox 2829 2792 2901 2861; x_wconf 82' lang='lat' dir='ltr'><strong>D.</strong></span> <span class='ocrx_word' id='word_1_653' title='bbox 2923 2789 3270 2861; x_wconf 70' lang='lat' dir='ltr'><strong>Augustinus</strong></span> <span class='ocrx_word' id='word_1_654' title='bbox 3292 2803 3401 2847; x_wconf 75' lang='lat' dir='ltr'><strong>XIV</strong></span> <span class='ocrx_word' id='word_1_655' title='bbox 3421 2789 3490 2846; x_wconf 92' lang='lat' dir='ltr'><strong>de</strong></span> <span class='ocrx_word' id='word_1_656' title='bbox 3509 2790 3665 2846; x_wconf 89' lang='lat' dir='ltr'><strong>Civit.</strong></span> 
     </span>
    </p>
   </div>
   <div class='ocr_carea' id='block_1_79' title="bbox 2163 2859 3672 2932">
    <p class='ocr_par' dir='ltr' id='par_1_79' title="bbox 2163 2859 3672 2932">
     <span class='ocr_line' id='line_1_80' title="bbox 2163 2859 3672 2932; baseline 0.002 -18"><span class='ocrx_word' id='word_1_657' title='bbox 2163 2859 2199 2927; x_wconf 94' lang='lat' dir='ltr'><strong>i,</strong></span> <span class='ocrx_word' id='word_1_658' title='bbox 2225 2861 2398 2932; x_wconf 87' lang='lat' dir='ltr'><strong>capite</strong></span> <span class='ocrx_word' id='word_1_659' title='bbox 2430 2859 2647 2932; x_wconf 83' lang='lat' dir='ltr'><strong>ultimo,</strong></span> <span class='ocrx_word' id='word_1_660' title='bbox 2676 2860 2766 2932; x_wconf 79' lang='lat' dir='ltr'><strong>ubi</strong></span> <span class='ocrx_word' id='word_1_661' title='bbox 2811 2859 2972 2918; x_wconf 90' lang='lat' dir='ltr'><strong>docet</strong></span> <span class='ocrx_word' id='word_1_662' title='bbox 2995 2859 3244 2916; x_wconf 80' lang='lat' dir='ltr'><strong>amorem</strong></span> <span class='ocrx_word' id='word_1_663' title='bbox 3264 2861 3352 2932; x_wconf 86' lang='lat' dir='ltr'><strong>sui</strong></span> <span class='ocrx_word' id='word_1_664' title='bbox 3387 2875 3560 2932; x_wconf 84' lang='lat' dir='ltr'><strong>usque</strong></span> <span class='ocrx_word' id='word_1_665' title='bbox 3601 2861 3672 2918; x_wconf 91' lang='lat' dir='ltr'><strong>ad</strong></span> 
     </span>
    </p>
   </div>
   <div class='ocr_carea' id='block_1_80' title="bbox 2073 2929 3668 3003">
    <p class='ocr_par' dir='ltr' id='par_1_80' title="bbox 2073 2929 3668 3003">
     <span class='ocr_line' id='line_1_81' title="bbox 2073 2929 3668 3003; baseline 0.001 -16"><span class='ocrx_word' id='word_1_666' title='bbox 2073 2929 2451 3003; x_wconf 83' lang='lat' dir='ltr'><strong>contemptum</strong></span> <span class='ocrx_word' id='word_1_667' title='bbox 2490 2930 2592 2987; x_wconf 90' lang='lat' dir='ltr'><strong>Dei</strong></span> <span class='ocrx_word' id='word_1_668' title='bbox 2620 2929 2918 3003; x_wconf 68' lang='lat' dir='ltr'><strong>aedificasse</strong></span> <span class='ocrx_word' id='word_1_669' title='bbox 2945 2931 3215 3003; x_wconf 85' lang='lat' dir='ltr'><strong>civitatem</strong></span> <span class='ocrx_word' id='word_1_670' title='bbox 3243 2929 3488 2999; x_wconf 53' lang='lat' dir='ltr'><strong>diaboli,‘</strong></span> <span class='ocrx_word' id='word_1_671' title='bbox 3509 2931 3668 3003; x_wconf 90' lang='lat' dir='ltr'><strong>sicuti</strong></span> 
     </span>
    </p>
   </div>
   <div class='ocr_carea' id='block_1_81' title="bbox 2068 3001 3668 3075">
    <p class='ocr_par' dir='ltr' id='par_1_81' title="bbox 2068 3001 3668 3075">
     <span class='ocr_line' id='line_1_82' title="bbox 2068 3001 3668 3075; baseline 0 -17"><span class='ocrx_word' id='word_1_672' title='bbox 2068 3016 2100 3058; x_wconf 92' lang='lat' dir='ltr'><strong>e</strong></span> <span class='ocrx_word' id='word_1_673' title='bbox 2136 3001 2841 3075; x_wconf 13' lang='lat' dir='ltr'><strong>eontrarioeamorem‘DAei</strong></span> <span class='ocrx_word' id='word_1_674' title='bbox 2869 3017 3043 3075; x_wconf 91' lang='lat' dir='ltr'><strong>usque</strong></span> <span class='ocrx_word' id='word_1_675' title='bbox 3080 3001 3152 3059; x_wconf 90' lang='lat' dir='ltr'><strong>ad</strong></span> <span class='ocrx_word' id='word_1_676' title='bbox 3177 3010 3552 3074; x_wconf 90' lang='lat' dir='ltr'><strong>contemptum</strong></span> <span class='ocrx_word' id='word_1_677' title='bbox 3582 3002 3668 3059; x_wconf 84' lang='lat' dir='ltr'><strong>sui</strong></span> 
     </span>
    </p>
   </div>
   <div class='ocr_carea' id='block_1_82' title="bbox 2067 3071 2818 3130">
    <p class='ocr_par' dir='ltr' id='par_1_82' title="bbox 2067 3071 2818 3130">
     <span class='ocr_line' id='line_1_83' title="bbox 2067 3071 2818 3130; baseline -0.004 0"><span class='ocrx_word' id='word_1_678' title='bbox 2067 3071 2364 3130; x_wconf 68' lang='lat' dir='ltr'><strong>aediﬁcasse</strong></span> <span class='ocrx_word' id='word_1_679' title='bbox 2388 3071 2659 3128; x_wconf 87' lang='lat' dir='ltr'><strong>civitatem</strong></span> <span class='ocrx_word' id='word_1_680' title='bbox 2699 3071 2818 3128; x_wconf 91' lang='lat' dir='ltr'><strong>Dei.</strong></span> 
     </span>
    </p>
   </div>
   <div class='ocr_carea' id='block_1_83' title="bbox 2143 3142 3678 3210">
    <p class='ocr_par' dir='ltr' id='par_1_83' title="bbox 2143 3142 3678 3210">
     <span class='ocr_line' id='line_1_84' title="bbox 2143 3142 3678 3210; baseline 0.001 -12"><span class='ocrx_word' id='word_1_681' title='bbox 2143 3146 2168 3174; x_wconf 81' lang='grc'><strong><em>³</em></strong></span> <span class='ocrx_word' id='word_1_682' title='bbox 2188 3142 2584 3200; x_wconf 88' lang='lat' dir='ltr'><strong>Beatitudinem</strong></span> <span class='ocrx_word' id='word_1_683' title='bbox 2609 3142 2728 3210; x_wconf 72' lang='lat' dir='ltr'><strong>vite,</strong></span> <span class='ocrx_word' id='word_1_684' title='bbox 2753 3159 2867 3199; x_wconf 90' lang='lat' dir='ltr'><strong>non</strong></span> <span class='ocrx_word' id='word_1_685' title='bbox 2893 3142 3102 3210; x_wconf 61' lang='lat' dir='ltr'><strong>patriae,</strong></span> <span class='ocrx_word' id='word_1_686' title='bbox 3125 3151 3186 3200; x_wconf 89' lang='lat' dir='ltr'><strong>ut</strong></span> <span class='ocrx_word' id='word_1_687' title='bbox 3212 3151 3360 3200; x_wconf 89' lang='lat' dir='ltr'><strong>recte</strong></span> <span class='ocrx_word' id='word_1_688' title='bbox 3389 3143 3678 3201; x_wconf 82' lang='lat' dir='ltr'><strong>annotavit</strong></span> 
     </span>
    </p>
   </div>
   <div class='ocr_carea' id='block_1_84' title="bbox 2075 3159 3672 3284">
    <p class='ocr_par' dir='ltr' id='par_1_84' title="bbox 2075 3159 3672 3284">
     <span class='ocr_line' id='line_1_85' title="bbox 2143 3159 3672 3210; baseline 0.001 -12"><span class='ocrx_word' id='word_1_689' title='bbox 2143 3159 2168 3174; x_wconf 85' lang='lat'><strong>-</strong></span> <span class='ocrx_word' id='word_1_690' title='bbox 2188 3159 2584 3200; x_wconf 74' lang='lat' dir='ltr'><strong>beatitudinem</strong></span> <span class='ocrx_word' id='word_1_691' title='bbox 2609 3159 2728 3210; x_wconf 78' lang='lat' dir='ltr'><strong>me,</strong></span> <span class='ocrx_word' id='word_1_692' title='bbox 2753 3159 2867 3199; x_wconf 90' lang='lat' dir='ltr'><strong>non</strong></span> <span class='ocrx_word' id='word_1_693' title='bbox 2963 3159 3102 3210; x_wconf 68' lang='lat' dir='ltr'><strong>trite,</strong></span> <span class='ocrx_word' id='word_1_694' title='bbox 3125 3159 3186 3200; x_wconf 83' lang='lat' dir='ltr'><strong>ut</strong></span> <span class='ocrx_word' id='word_1_695' title='bbox 3212 3159 3360 3200; x_wconf 84' lang='lat' dir='ltr'><strong>recte</strong></span> <span class='ocrx_word' id='word_1_696' title='bbox 3389 3159 3672 3201; x_wconf 71' lang='lat' dir='ltr'><strong>annoravrt</strong></span> 
     </span>
     <span class='ocr_line' id='line_1_86' title="bbox 2075 3159 3672 3284; baseline 0.002 -16"><span class='ocrx_word' id='word_1_697' title='bbox 2075 3212 2377 3284; x_wconf 85' lang='lat' dir='ltr'><strong>Ciaconius.</strong></span> <span class='ocrx_word' id='word_1_698' title='bbox 2405 3215 2502 3284; x_wconf 81' lang='lat' dir='ltr'><strong>Est</strong></span> <span class='ocrx_word' id='word_1_699' title='bbox 2519 3212 2665 3284; x_wconf 90' lang='lat' dir='ltr'><strong>enim</strong></span> <span class='ocrx_word' id='word_1_700' title='bbox 2685 3159 2962 3270; x_wconf 60' lang='lat' dir='ltr'><strong>beamus:</strong></span> <span class='ocrx_word' id='word_1_701' title='bbox 2991 3215 3112 3278; x_wconf 72' lang='lat' dir='ltr'><strong>vim,</strong></span> <span class='ocrx_word' id='word_1_702' title='bbox 3143 3229 3265 3284; x_wconf 68' lang='lat' dir='ltr'><strong>qum</strong></span> <span class='ocrx_word' id='word_1_703' title='bbox 3289 3216 3348 3271; x_wconf 92' lang='lat' dir='ltr'><strong>in</strong></span> <span class='ocrx_word' id='word_1_704' title='bbox 3379 3215 3672 3272; x_wconf 90' lang='lat' dir='ltr'><strong>virtutibus</strong></span> 
     </span>
    </p>
   </div>
   <div class='ocr_carea' id='block_1_85' title="bbox 2081 3283 3672 3356">
    <p class='ocr_par' dir='ltr' id='par_1_85' title="bbox 2081 3283 3672 3356">
     <span class='ocr_line' id='line_1_87' title="bbox 2081 3283 3672 3356; baseline 0.001 -17"><span class='ocrx_word' id='word_1_705' title='bbox 2081 3289 2139 3339; x_wconf 88' lang='lat' dir='ltr'><strong>et</strong></span> <span class='ocrx_word' id='word_1_706' title='bbox 2179 3283 2370 3356; x_wconf 65' lang='lat' dir='ltr'><strong>gratiae</strong></span> <span class='ocrx_word' id='word_1_707' title='bbox 2424 3283 2586 3356; x_wconf 86' lang='lat' dir='ltr'><strong>donis</strong></span> <span class='ocrx_word' id='word_1_708' title='bbox 2614 3283 2898 3356; x_wconf 70' lang='lat' dir='ltr'><strong>consistit,</strong></span> <span class='ocrx_word' id='word_1_709' title='bbox 2943 3291 3110 3356; x_wconf 80' lang='lat' dir='ltr'><strong>quam</strong></span> <span class='ocrx_word' id='word_1_710' title='bbox 3145 3283 3456 3356; x_wconf 76' lang='lat' dir='ltr'><strong>habuerunt</strong></span> <span class='ocrx_word' id='word_1_711' title='bbox 3497 3285 3672 3356; x_wconf 91' lang='lat' dir='ltr'><strong>angeli</strong></span> 
     </span>
    </p>
   </div>
   <div class='ocr_carea' id='block_1_86' title="bbox 2081 3353 3668 3420">
    <p class='ocr_par' dir='ltr' id='par_1_86' title="bbox 2081 3353 3668 3420">
     <span class='ocr_line' id='line_1_88' title="bbox 2081 3353 3668 3420; baseline 0.002 -11"><span class='ocrx_word' id='word_1_712' title='bbox 2081 3353 2276 3410; x_wconf 78' lang='lat' dir='ltr'><strong>omnes</strong></span> <span class='ocrx_word' id='word_1_713' title='bbox 2297 3353 2350 3408; x_wconf 90' lang='lat' dir='ltr'><strong>in</strong></span> <span class='ocrx_word' id='word_1_714' title='bbox 2374 3354 2460 3410; x_wconf 90' lang='lat' dir='ltr'><strong>sui</strong></span> <span class='ocrx_word' id='word_1_715' title='bbox 2491 3353 2803 3410; x_wconf 90' lang='lat' dir='ltr'><strong>conditione</strong></span> <span class='ocrx_word' id='word_1_716' title='bbox 2821 3374 2838 3420; x_wconf 86' lang='lat'><strong>;</strong></span> <span class='ocrx_word' id='word_1_717' title='bbox 2857 3353 3158 3410; x_wconf 79' lang='lat' dir='ltr'><strong>secundum</strong></span> <span class='ocrx_word' id='word_1_718' title='bbox 3176 3355 3306 3410; x_wconf 92' lang='lat' dir='ltr'><strong>illud</strong></span> <span class='ocrx_word' id='word_1_719' title='bbox 3335 3356 3490 3412; x_wconf 67' lang='lat' dir='ltr'><strong>Isaia:</strong></span> <span class='ocrx_word' id='word_1_720' title='bbox 3514 3353 3628 3413; x_wconf 77' lang='lat' dir='ltr'><strong>xiv</strong></span> <span class='ocrx_word' id='word_1_721' title='bbox 3655 3376 3668 3412; x_wconf 91' lang='lat'>:</span> 
     </span>
    </p>
   </div>
   <div class='ocr_carea' id='block_1_87' title="bbox 2081 3425 3672 3498">
    <p class='ocr_par' dir='ltr' id='par_1_87' title="bbox 2081 3425 3672 3498">
     <span class='ocr_line' id='line_1_89' title="bbox 2081 3425 3672 3498; baseline 0.003 -19"><span class='ocrx_word' id='word_1_722' title='bbox 2081 3425 2348 3498; x_wconf 76' lang='lat' dir='ltr'><strong>Quemon</strong></span> <span class='ocrx_word' id='word_1_723' title='bbox 2361 3425 2604 3498; x_wconf 80' lang='lat' dir='ltr'><strong>cecidisti</strong></span> <span class='ocrx_word' id='word_1_724' title='bbox 2617 3425 2683 3498; x_wconf 86' lang='lat' dir='ltr'><strong>de</strong></span> <span class='ocrx_word' id='word_1_725' title='bbox 2691 3425 2835 3498; x_wconf 75' lang='lat' dir='ltr'><strong>eazlo,</strong></span> <span class='ocrx_word' id='word_1_726' title='bbox 2847 3428 3082 3498; x_wconf 72' lang='lat' dir='ltr'><strong>Lucifer,</strong></span> <span class='ocrx_word' id='word_1_727' title='bbox 3095 3429 3193 3498; x_wconf 84' lang='lat' dir='ltr'><strong>qui</strong></span> <span class='ocrx_word' id='word_1_728' title='bbox 3202 3443 3360 3482; x_wconf 88' lang='lat' dir='ltr'><strong>mane</strong></span> <span class='ocrx_word' id='word_1_729' title='bbox 3370 3428 3672 3498; x_wconf 67' lang='lat' dir='ltr'><strong>oriebaris?</strong></span> 
     </span>
    </p>
   </div>
   <div class='ocr_carea' id='block_1_88' title="bbox 2081 3495 3671 3578">
    <p class='ocr_par' dir='ltr' id='par_1_88' title="bbox 2081 3495 3671 3578">
     <span class='ocr_line' id='line_1_90' title="bbox 2081 3495 3671 3578; baseline 0.001 -26"><span class='ocrx_word' id='word_1_730' title='bbox 2081 3495 2177 3578; x_wconf 73' lang='lat' dir='ltr'><strong>ubi</strong></span> <span class='ocrx_word' id='word_1_731' title='bbox 2203 3495 2336 3578; x_wconf 74' lang='lat' dir='ltr'><strong>illud</strong></span> <span class='ocrx_word' id='word_1_732' title='bbox 2363 3496 2807 3578; x_wconf 45' lang='lat' dir='ltr'><strong>mane‘signiiicat</strong></span> <span class='ocrx_word' id='word_1_733' title='bbox 2835 3495 3332 3578; x_wconf 55' lang='lat' dir='ltr'><strong>fulgorem&#39;gratiaa,</strong></span> <span class='ocrx_word' id='word_1_734' title='bbox 3365 3497 3671 3578; x_wconf 15' lang='lat' dir='ltr'><strong>cuiisu_cce-</strong></span> 
     </span>
    </p>
   </div>
   <div class='ocr_carea' id='block_1_89' title="bbox 2077 3566 3669 3640">
    <p class='ocr_par' dir='ltr' id='par_1_89' title="bbox 2077 3566 3669 3640">
     <span class='ocr_line' id='line_1_91' title="bbox 2077 3566 3669 3640; baseline 0.002 -18"><span class='ocrx_word' id='word_1_735' title='bbox 2077 3566 2161 3640; x_wconf 80' lang='lat' dir='ltr'><strong>dit</strong></span> <span class='ocrx_word' id='word_1_736' title='bbox 2192 3566 2467 3640; x_wconf 89' lang='lat' dir='ltr'><strong>perfectus</strong></span> <span class='ocrx_word' id='word_1_737' title='bbox 2505 3566 2620 3624; x_wconf 77' lang='lat' dir='ltr'><strong>dies</strong></span> <span class='ocrx_word' id='word_1_738' title='bbox 2645 3567 2864 3640; x_wconf 60' lang='lat' dir='ltr'><strong>gloriae,</strong></span> <span class='ocrx_word' id='word_1_739' title='bbox 2895 3566 2972 3623; x_wconf 85' lang='lat' dir='ltr'><strong>ait</strong></span> <span class='ocrx_word' id='word_1_740' title='bbox 3011 3569 3068 3625; x_wconf 93' lang='lat' dir='ltr'><strong>S.</strong></span> <span class='ocrx_word' id='word_1_741' title='bbox 3107 3566 3363 3626; x_wconf 85' lang='lat' dir='ltr'><strong>Thomas.</strong></span> <span class='ocrx_word' id='word_1_742' title='bbox 3412 3571 3484 3626; x_wconf 86' lang='lat' dir='ltr'><strong>Et</strong></span> <span class='ocrx_word' id='word_1_743' title='bbox 3531 3571 3669 3625; x_wconf 81' lang='lat' dir='ltr'><strong>Eze-</strong></span> 
     </span>
    </p>
   </div>
   <div class='ocr_carea' id='block_1_90' title="bbox 2074 3637 3670 3706">
    <p class='ocr_par' dir='ltr' id='par_1_90' title="bbox 2074 3637 3670 3706">
     <span class='ocr_line' id='line_1_92' title="bbox 2074 3637 3670 3706; baseline 0 -12"><span class='ocrx_word' id='word_1_744' title='bbox 2074 3637 2212 3694; x_wconf 84' lang='lat' dir='ltr'><strong>chiel</strong></span> <span class='ocrx_word' id='word_1_745' title='bbox 2230 3653 2438 3695; x_wconf 82' lang='lat' dir='ltr'><strong>xxvm</strong></span> <span class='ocrx_word' id='word_1_746' title='bbox 2462 3657 2476 3695; x_wconf 90' lang='lat'><strong>:</strong></span> <span class='ocrx_word' id='word_1_747' title='bbox 2498 3637 2770 3706; x_wconf 75' lang='lat' dir='ltr'><strong>Perfectus</strong></span> <span class='ocrx_word' id='word_1_748' title='bbox 2796 3641 2962 3706; x_wconf 88' lang='lat' dir='ltr'><strong>fuisti</strong></span> <span class='ocrx_word' id='word_1_749' title='bbox 2977 3657 3010 3694; x_wconf 92' lang='lat' dir='ltr'><strong>a</strong></span> <span class='ocrx_word' id='word_1_750' title='bbox 3034 3639 3222 3696; x_wconf 86' lang='lat' dir='ltr'><strong>diebus</strong></span> <span class='ocrx_word' id='word_1_751' title='bbox 3240 3643 3524 3695; x_wconf 81' lang='lat' dir='ltr'><strong>creationis</strong></span> <span class='ocrx_word' id='word_1_752' title='bbox 3542 3645 3670 3702; x_wconf 74' lang='lat' dir='ltr'><strong>tute,</strong></span> 
     </span>
    </p>
   </div>
   <div class='ocr_carea' id='block_1_91' title="bbox 2115 3709 3674 3780">
    <p class='ocr_par' dir='ltr' id='par_1_91' title="bbox 2115 3709 3674 3780">
     <span class='ocr_line' id='line_1_93' title="bbox 2115 3709 3674 3780; baseline 0 -17"><span class='ocrx_word' id='word_1_753' title='bbox 2115 3710 2265 3766; x_wconf 89' lang='lat' dir='ltr'><strong>lenus</strong></span> <span class='ocrx_word' id='word_1_754' title='bbox 2294 3712 2563 3780; x_wconf 83' lang='lat' dir='ltr'><strong>sapientia</strong></span> <span class='ocrx_word' id='word_1_755' title='bbox 2578 3751 2596 3773; x_wconf 87' lang='lat'><strong>,</strong></span> <span class='ocrx_word' id='word_1_756' title='bbox 2628 3714 2679 3764; x_wconf 92' lang='lat' dir='ltr'><strong>et</strong></span> <span class='ocrx_word' id='word_1_757' title='bbox 2709 3711 2974 3780; x_wconf 83' lang='lat' dir='ltr'><strong>perfectus</strong></span> <span class='ocrx_word' id='word_1_758' title='bbox 3006 3711 3207 3780; x_wconf 83' lang='lat' dir='ltr'><strong>decore.</strong></span> <span class='ocrx_word' id='word_1_759' title='bbox 3245 3710 3326 3765; x_wconf 83' lang='lat' dir='ltr'><strong>Ab</strong></span> <span class='ocrx_word' id='word_1_760' title='bbox 3361 3709 3465 3766; x_wconf 89' lang='lat' dir='ltr'><strong>hac</strong></span> <span class='ocrx_word' id='word_1_761' title='bbox 3491 3717 3674 3780; x_wconf 84' lang='lat' dir='ltr'><strong>autem</strong></span> 
     </span>
    </p>
   </div>
   <div class='ocr_carea' id='block_1_92' title="bbox 2069 3725 3670 3851">
    <p class='ocr_par' dir='ltr' id='par_1_92' title="bbox 2069 3725 3670 3851">
     <span class='ocr_line' id='line_1_94' title="bbox 2069 3725 3670 3835; baseline -0.002 -69"><span class='ocrx_word' id='word_1_762' title='bbox 2069 3725 2265 3835; x_wconf 46' lang='lat' dir='ltr'><strong>minus</strong></span> <span class='ocrx_word' id='word_1_763' title='bbox 2294 3725 2563 3780; x_wconf 76' lang='lat' dir='ltr'><strong>sapmma</strong></span> <span class='ocrx_word' id='word_1_764' title='bbox 2578 3751 2596 3773; x_wconf 88' lang='lat'><strong>,</strong></span> <span class='ocrx_word' id='word_1_765' title='bbox 2628 3725 2679 3764; x_wconf 82' lang='lat' dir='ltr'><strong>et</strong></span> <span class='ocrx_word' id='word_1_766' title='bbox 2709 3725 2974 3779; x_wconf 71' lang='lat' dir='ltr'><strong>perfectus</strong></span> <span class='ocrx_word' id='word_1_767' title='bbox 3006 3725 3207 3764; x_wconf 79' lang='lat' dir='ltr'><strong>decore.</strong></span> <span class='ocrx_word' id='word_1_768' title='bbox 3245 3725 3326 3765; x_wconf 66' lang='lat' dir='ltr'><strong>an</strong></span> <span class='ocrx_word' id='word_1_769' title='bbox 3363 3725 3465 3766; x_wconf 90' lang='lat' dir='ltr'><strong>nac</strong></span> <span class='ocrx_word' id='word_1_770' title='bbox 3491 3725 3670 3764; x_wconf 87' lang='lat' dir='ltr'><strong>autem</strong></span> 
     </span>
     <span class='ocr_line' id='line_1_95' title="bbox 2177 3777 3670 3851; baseline -0.001 -16"><span class='ocrx_word' id='word_1_771' title='bbox 2177 3779 2410 3837; x_wconf 90' lang='lat' dir='ltr'><strong>titudine</strong></span> <span class='ocrx_word' id='word_1_772' title='bbox 2444 3780 2568 3851; x_wconf 66' lang='lat' dir='ltr'><strong>vim,</strong></span> <span class='ocrx_word' id='word_1_773' title='bbox 2585 3779 2771 3851; x_wconf 86' lang='lat' dir='ltr'><strong>angeli</strong></span> <span class='ocrx_word' id='word_1_774' title='bbox 2810 3780 2935 3851; x_wconf 83' lang='lat' dir='ltr'><strong>boni</strong></span> <span class='ocrx_word' id='word_1_775' title='bbox 2975 3782 3092 3834; x_wconf 91' lang='lat' dir='ltr'><strong>Deo</strong></span> <span class='ocrx_word' id='word_1_776' title='bbox 3115 3777 3459 3851; x_wconf 63' lang='lat' dir='ltr'><strong>adhaerentes</strong></span> <span class='ocrx_word' id='word_1_777' title='bbox 3481 3777 3554 3851; x_wconf 87' lang='lat' dir='ltr'><strong>ad_</strong></span> <span class='ocrx_word' id='word_1_778' title='bbox 3576 3793 3670 3851; x_wconf 46' lang='lat' dir='ltr'><strong>su:</strong></span> 
     </span>
    </p>
   </div>
   <div class='ocr_carea' id='block_1_93' title="bbox 2071 3845 3676 3920">
    <p class='ocr_par' dir='ltr' id='par_1_93' title="bbox 2071 3845 3676 3920">
     <span class='ocr_line' id='line_1_96' title="bbox 2071 3845 3676 3920; baseline -0.003 -14"><span class='ocrx_word' id='word_1_779' title='bbox 2071 3865 2297 3920; x_wconf 83' lang='lat' dir='ltr'><strong>pernam</strong></span> <span class='ocrx_word' id='word_1_780' title='bbox 2334 3845 2724 3920; x_wconf 77' lang='lat' dir='ltr'><strong>beatitudinem</strong></span> <span class='ocrx_word' id='word_1_781' title='bbox 2746 3849 2960 3920; x_wconf 67' lang='lat' dir='ltr'><strong>patria,</strong></span> <span class='ocrx_word' id='word_1_782' title='bbox 2979 3865 3102 3920; x_wconf 72' lang='lat' dir='ltr'><strong>quae</strong></span> <span class='ocrx_word' id='word_1_783' title='bbox 3121 3849 3177 3903; x_wconf 94' lang='lat' dir='ltr'><strong>in</strong></span> <span class='ocrx_word' id='word_1_784' title='bbox 3206 3845 3676 3920; x_wconf 86' lang='lat' dir='ltr'><strong>adeptioneultimi</strong></span> 
     </span>
    </p>
   </div>
   <div class='ocr_carea' id='block_1_94' title="bbox 2080 3916 3677 3987">
    <p class='ocr_par' dir='ltr' id='par_1_94' title="bbox 2080 3916 3677 3987">
     <span class='ocr_line' id='line_1_97' title="bbox 2080 3916 3677 3987; baseline -0.001 -14"><span class='ocrx_word' id='word_1_785' title='bbox 2080 3916 2204 3974; x_wconf 77' lang='lat' dir='ltr'><strong>ﬁnis</strong></span> <span class='ocrx_word' id='word_1_786' title='bbox 2251 3921 2531 3987; x_wconf 86' lang='lat' dir='ltr'><strong>consistit,</strong></span> <span class='ocrx_word' id='word_1_787' title='bbox 2585 3916 2809 3975; x_wconf 73' lang='lat' dir='ltr'><strong>feliciter</strong></span> <span class='ocrx_word' id='word_1_788' title='bbox 2863 3916 3228 3983; x_wconf 77' lang='lat' dir='ltr'><strong>transierunt;</strong></span> <span class='ocrx_word' id='word_1_789' title='bbox 3278 3916 3409 3972; x_wconf 83' lang='lat' dir='ltr'><strong>mali</strong></span> <span class='ocrx_word' id='word_1_790' title='bbox 3456 3930 3585 3972; x_wconf 88' lang='lat' dir='ltr'><strong>vero</strong></span> <span class='ocrx_word' id='word_1_791' title='bbox 3622 3923 3677 3972; x_wconf 90' lang='lat' dir='ltr'><strong>et</strong></span> 
     </span>
    </p>
   </div>
   <div class='ocr_carea' id='block_1_95' title="bbox 2081 3988 3246 4060">
    <p class='ocr_par' dir='ltr' id='par_1_95' title="bbox 2081 3988 3246 4060">
     <span class='ocr_line' id='line_1_98' title="bbox 2081 3988 3246 4060; baseline 0.001 -19"><span class='ocrx_word' id='word_1_792' title='bbox 2081 3990 2296 4060; x_wconf 83' lang='lat' dir='ltr'><strong>superbi</strong></span> <span class='ocrx_word' id='word_1_793' title='bbox 2320 3991 2542 4060; x_wconf 86' lang='lat' dir='ltr'><strong>spiritus</strong></span> <span class='ocrx_word' id='word_1_794' title='bbox 2567 3989 2650 4060; x_wconf 88' lang='lat' dir='ltr'><strong>ab</strong></span> <span class='ocrx_word' id='word_1_795' title='bbox 2663 3998 2889 4060; x_wconf 88' lang='lat' dir='ltr'><strong>utraque</strong></span> <span class='ocrx_word' id='word_1_796' title='bbox 2913 3988 3246 4060; x_wconf 84' lang='lat' dir='ltr'><strong>exciderunt.</strong></span> 
     </span>
    </p>
   </div>
   <div class='ocr_carea' id='block_1_96' title="bbox 2211 4054 3677 4127">
    <p class='ocr_par' dir='ltr' id='par_1_96' title="bbox 2211 4054 3677 4127">
     <span class='ocr_line' id='line_1_99' title="bbox 2211 4054 3677 4127; baseline -0.004 -13"><span class='ocrx_word' id='word_1_797' title='bbox 2211 4054 2451 4125; x_wconf 77' lang='lat' dir='ltr'><strong>Adaptat</strong></span> <span class='ocrx_word' id='word_1_798' title='bbox 2476 4059 2694 4114; x_wconf 88' lang='lat' dir='ltr'><strong>diabolo</strong></span> <span class='ocrx_word' id='word_1_799' title='bbox 2724 4054 2890 4112; x_wconf 74' lang='lat' dir='ltr'><strong>verba</strong></span> <span class='ocrx_word' id='word_1_800' title='bbox 2931 4058 3238 4113; x_wconf 65' lang='lat' dir='ltr'><strong>Psalmislaa</strong></span> <span class='ocrx_word' id='word_1_801' title='bbox 3264 4054 3404 4127; x_wconf 79' lang='lat' dir='ltr'><strong>psal.</strong></span> <span class='ocrx_word' id='word_1_802' title='bbox 3440 4069 3523 4120; x_wconf 81' lang='lat' dir='ltr'><strong>LI,</strong></span> <span class='ocrx_word' id='word_1_803' title='bbox 3553 4069 3677 4127; x_wconf 70' lang='lat' dir='ltr'><strong>quae</strong></span> 
     </span>
    </p>
   </div>
   <div class='ocr_carea' id='block_1_97' title="bbox 2083 4125 3680 4198">
    <p class='ocr_par' dir='ltr' id='par_1_97' title="bbox 2083 4125 3680 4198">
     <span class='ocr_line' id='line_1_100' title="bbox 2083 4125 3680 4198; baseline -0.001 -15"><span class='ocrx_word' id='word_1_804' title='bbox 2083 4135 2270 4198; x_wconf 83' lang='lat' dir='ltr'><strong>tamen</strong></span> <span class='ocrx_word' id='word_1_805' title='bbox 2315 4127 2524 4198; x_wconf 83' lang='lat' dir='ltr'><strong>homini</strong></span> <span class='ocrx_word' id='word_1_806' title='bbox 2558 4141 2796 4198; x_wconf 88' lang='lat' dir='ltr'><strong>nequam</strong></span> <span class='ocrx_word' id='word_1_807' title='bbox 2826 4129 3044 4198; x_wconf 76' lang='lat' dir='ltr'><strong>prpprie</strong></span> <span class='ocrx_word' id='word_1_808' title='bbox 3083 4125 3433 4182; x_wconf 87' lang='lat' dir='ltr'><strong>conveniunt.</strong></span> <span class='ocrx_word' id='word_1_809' title='bbox 3466 4127 3537 4198; x_wconf 74' lang='lat' dir='ltr'><strong>Et</strong></span> <span class='ocrx_word' id='word_1_810' title='bbox 3563 4125 3680 4198; x_wconf 70' lang='lat' dir='ltr'><strong>Qui-</strong></span> 
     </span>
    </p>
   </div>
   <div class='ocr_carea' id='block_1_98' title="bbox 2084 4195 3675 4268">
    <p class='ocr_par' dir='ltr' id='par_1_98' title="bbox 2084 4195 3675 4268">
     <span class='ocr_line' id='line_1_101' title="bbox 2084 4195 3675 4268; baseline 0.001 -15"><span class='ocrx_word' id='word_1_811' title='bbox 2084 4197 2213 4254; x_wconf 88' lang='lat' dir='ltr'><strong>dem</strong></span> <span class='ocrx_word' id='word_1_812' title='bbox 2249 4196 2385 4268; x_wconf 79' lang='lat' dir='ltr'><strong>satis</strong></span> <span class='ocrx_word' id='word_1_813' title='bbox 2402 4204 2537 4268; x_wconf 87' lang='lat' dir='ltr'><strong>apte</strong></span> <span class='ocrx_word' id='word_1_814' title='bbox 2586 4195 2745 4268; x_wconf 41' lang='lat' dir='ltr'><strong>vo’cat</strong></span> <span class='ocrx_word' id='word_1_815' title='bbox 2781 4195 2943 4268; x_wconf 68' lang='lat' dir='ltr'><strong>verba</strong></span> <span class='ocrx_word' id='word_1_816' title='bbox 2976 4198 3450 4268; x_wconf 69' lang='lat' dir='ltr'><strong>pracipitatioms,</strong></span> <span class='ocrx_word' id='word_1_817' title='bbox 3477 4195 3534 4253; x_wconf 88' lang='lat' dir='ltr'><strong>id</strong></span> <span class='ocrx_word' id='word_1_818' title='bbox 3561 4195 3675 4266; x_wconf 81' lang='lat' dir='ltr'><strong>est,</strong></span> 
     </span>
    </p>
   </div>
   <div class='ocr_carea' id='block_1_99' title="bbox 2083 4265 3674 4341">
    <p class='ocr_par' dir='ltr' id='par_1_99' title="bbox 2083 4265 3674 4341">
     <span class='ocr_line' id='line_1_102' title="bbox 2083 4265 3674 4341; baseline 0.001 -17"><span class='ocrx_word' id='word_1_819' title='bbox 2083 4265 2469 4341; x_wconf 75' lang='lat' dir='ltr'><strong>demersionis,</strong></span> <span class='ocrx_word' id='word_1_820' title='bbox 2500 4281 2597 4341; x_wconf 82' lang='lat' dir='ltr'><strong>seu</strong></span> <span class='ocrx_word' id='word_1_821' title='bbox 2637 4265 3027 4341; x_wconf 73' lang='lat' dir='ltr'><strong>submersionis</strong></span> <span class='ocrx_word' id='word_1_822' title='bbox 3052 4265 3161 4338; x_wconf 71' lang='lat' dir='ltr'><strong>(ui</strong></span> <span class='ocrx_word' id='word_1_823' title='bbox 3191 4266 3353 4324; x_wconf 86' lang='lat' dir='ltr'><strong>habet</strong></span> <span class='ocrx_word' id='word_1_824' title='bbox 3378 4270 3449 4324; x_wconf 93' lang='lat' dir='ltr'><strong>D.</strong></span> <span class='ocrx_word' id='word_1_825' title='bbox 3482 4265 3674 4341; x_wconf 58' lang='lat' dir='ltr'><strong>Augué</strong></span> 
     </span>
    </p>
   </div>
   <div class='ocr_carea' id='block_1_100' title="bbox 2084 4336 3674 4408">
    <p class='ocr_par' dir='ltr' id='par_1_100' title="bbox 2084 4336 3674 4408">
     <span class='ocr_line' id='line_1_103' title="bbox 2084 4336 3674 4408; baseline 0 -12"><span class='ocrx_word' id='word_1_826' title='bbox 2084 4339 2312 4405; x_wconf 89' lang='lat' dir='ltr'><strong>stinus),</strong></span> <span class='ocrx_word' id='word_1_827' title='bbox 2359 4337 2448 4395; x_wconf 90' lang='lat' dir='ltr'><strong>illa</strong></span> <span class='ocrx_word' id='word_1_828' title='bbox 2473 4337 2637 4395; x_wconf 88' lang='lat' dir='ltr'><strong>verba</strong></span> <span class='ocrx_word' id='word_1_829' title='bbox 2680 4336 2915 4394; x_wconf 88' lang='lat' dir='ltr'><strong>Luciferi</strong></span> <span class='ocrx_word' id='word_1_830' title='bbox 2953 4357 2966 4394; x_wconf 90' lang='lat'><strong>:</strong></span> <span class='ocrx_word' id='word_1_831' title='bbox 2997 4336 3069 4396; x_wconf 83' lang='lat' dir='ltr'><strong>In</strong></span> <span class='ocrx_word' id='word_1_832' title='bbox 3091 4341 3277 4396; x_wconf 74' lang='lat' dir='ltr'><strong>calum</strong></span> <span class='ocrx_word' id='word_1_833' title='bbox 3299 4336 3640 4396; x_wconf 64' lang='lat' dir='ltr'><strong>conscendam</strong></span> <span class='ocrx_word' id='word_1_834' title='bbox 3659 4383 3674 4408; x_wconf 93' lang='lat'><strong>,</strong></span> 
     </span>
    </p>
   </div>
   <div class='ocr_carea' id='block_1_101' title="bbox 2085 4409 3675 4483">
    <p class='ocr_par' dir='ltr' id='par_1_101' title="bbox 2085 4409 3675 4483">
     <span class='ocr_line' id='line_1_104' title="bbox 2085 4409 3675 4483; baseline 0.001 -17"><span class='ocrx_word' id='word_1_835' title='bbox 2085 4410 2212 4483; x_wconf 87' lang='lat' dir='ltr'><strong>quia</strong></span> <span class='ocrx_word' id='word_1_836' title='bbox 2245 4425 2340 4483; x_wconf 84' lang='lat' dir='ltr'><strong>per</strong></span> <span class='ocrx_word' id='word_1_837' title='bbox 2365 4409 2763 4483; x_wconf 76' lang='lat' dir='ltr'><strong>illadiabolus,</strong></span> <span class='ocrx_word' id='word_1_838' title='bbox 2787 4409 2896 4483; x_wconf 81' lang='lat' dir='ltr'><strong>qui</strong></span> <span class='ocrx_word' id='word_1_839' title='bbox 2917 4410 3018 4467; x_wconf 88' lang='lat' dir='ltr'><strong>sibi</strong></span> <span class='ocrx_word' id='word_1_840' title='bbox 3051 4410 3337 4468; x_wconf 89' lang='lat' dir='ltr'><strong>videbatur</strong></span> <span class='ocrx_word' id='word_1_841' title='bbox 3365 4411 3420 4468; x_wconf 92' lang='lat' dir='ltr'><strong>in</strong></span> <span class='ocrx_word' id='word_1_842' title='bbox 3448 4410 3675 4483; x_wconf 70' lang='lat' dir='ltr'><strong>coelum,</strong></span> 
     </span>
    </p>
   </div>
   <div class='ocr_carea' id='block_1_102' title="bbox 2082 4481 3676 4550">
    <p class='ocr_par' dir='ltr' id='par_1_102' title="bbox 2082 4481 3676 4550">
     <span class='ocr_line' id='line_1_105' title="bbox 2082 4481 3676 4550; baseline 0.001 -13"><span class='ocrx_word' id='word_1_843' title='bbox 2082 4481 2136 4538; x_wconf 81' lang='lat' dir='ltr'><strong>id</strong></span> <span class='ocrx_word' id='word_1_844' title='bbox 2165 4481 2269 4550; x_wconf 81' lang='lat' dir='ltr'><strong>est,</strong></span> <span class='ocrx_word' id='word_1_845' title='bbox 2297 4481 2355 4538; x_wconf 94' lang='lat' dir='ltr'><strong>in</strong></span> <span class='ocrx_word' id='word_1_846' title='bbox 2392 4482 2590 4539; x_wconf 90' lang='lat' dir='ltr'><strong>solium</strong></span> <span class='ocrx_word' id='word_1_847' title='bbox 2634 4481 2930 4540; x_wconf 80' lang='lat' dir='ltr'><strong>divinitatis</strong></span> <span class='ocrx_word' id='word_1_848' title='bbox 2955 4497 3298 4550; x_wconf 88' lang='lat' dir='ltr'><strong>ascensurus,</strong></span> <span class='ocrx_word' id='word_1_849' title='bbox 3325 4497 3356 4538; x_wconf 92' lang='lat' dir='ltr'><strong>e</strong></span> <span class='ocrx_word' id='word_1_850' title='bbox 3398 4481 3676 4540; x_wconf 89' lang='lat' dir='ltr'><strong>contrario</strong></span> 
     </span>
    </p>
   </div>
   <div class='ocr_carea' id='block_1_103' title="bbox 2083 4551 3672 4635">
    <p class='ocr_par' dir='ltr' id='par_1_103' title="bbox 2083 4551 3672 4635">
     <span class='ocr_line' id='line_1_106' title="bbox 2083 4551 3672 4635; baseline -0.001 -27"><span class='ocrx_word' id='word_1_851' title='bbox 2083 4555 2137 4635; x_wconf 82' lang='lat' dir='ltr'><strong>in</strong></span> <span class='ocrx_word' id='word_1_852' title='bbox 2165 4551 2500 4625; x_wconf 83' lang='lat' dir='ltr'><strong>profundum</strong></span> <span class='ocrx_word' id='word_1_853' title='bbox 2519 4551 3140 4635; x_wconf 61' lang='lat' dir='ltr'><strong>inferniprgecipitatus,</strong></span> <span class='ocrx_word' id='word_1_854' title='bbox 3163 4554 3541 4635; x_wconf 57' lang='lat' dir='ltr'><strong>“demersus</strong></span> <span class='ocrx_word' id='word_1_855' title='bbox 3552 4559 3637 4608; x_wconf 90' lang='lat' dir='ltr'><strong>est</strong></span> <span class='ocrx_word' id='word_1_856' title='bbox 3658 4569 3672 4605; x_wconf 89' lang='lat'><strong>:</strong></span> 
     </span>
    </p>
   </div>
   <div class='ocr_carea' id='block_1_104' title="bbox 2084 4623 3678 4697">
    <p class='ocr_par' dir='ltr' id='par_1_104' title="bbox 2084 4623 3678 4697">
     <span class='ocr_line' id='line_1_107' title="bbox 2084 4623 3678 4697; baseline -0.004 -18"><span class='ocrx_word' id='word_1_857' title='bbox 2084 4623 2320 4697; x_wconf 77' lang='lat' dir='ltr'><strong>linguam</strong></span> <span class='ocrx_word' id='word_1_858' title='bbox 2349 4639 2476 4682; x_wconf 88' lang='lat' dir='ltr'><strong>vero</strong></span> <span class='ocrx_word' id='word_1_859' title='bbox 2499 4623 2869 4697; x_wconf 46' lang='lat' dir='ltr'><strong>dolosam—alia</strong></span> <span class='ocrx_word' id='word_1_860' title='bbox 2885 4623 3126 4697; x_wconf 84' lang='lat' dir='ltr'><strong>ejusdem</strong></span> <span class='ocrx_word' id='word_1_861' title='bbox 3147 4624 3339 4678; x_wconf 87' lang='lat' dir='ltr'><strong>verba:</strong></span> <span class='ocrx_word' id='word_1_862' title='bbox 3363 4623 3566 4697; x_wconf 81' lang='lat' dir='ltr'><strong>Similis</strong></span> <span class='ocrx_word' id='word_1_863' title='bbox 3589 4636 3678 4697; x_wconf 78' lang='lat' dir='ltr'><strong>ero</strong></span> 
     </span>
    </p>
   </div>
   <div class='ocr_carea' id='block_1_105' title="bbox 382 4687 3680 4768">
    <p class='ocr_par' dir='ltr' id='par_1_105' title="bbox 382 4687 3680 4768">
     <span class='ocr_line' id='line_1_108' title="bbox 382 4687 3680 4768; baseline -0.004 -14"><span class='ocrx_word' id='word_1_864' title='bbox 382 4687 733 4768; x_wconf 51' lang='lat' dir='ltr'><strong>praei-Itium</strong></span> <span class='ocrx_word' id='word_1_865' title='bbox 757 4687 841 4768; x_wconf 66' lang='lat' dir='ltr'><strong>est</strong></span> <span class='ocrx_word' id='word_1_866' title='bbox 853 4694 1058 4768; x_wconf 75' lang='lat' dir='ltr'><strong>fruitie,</strong></span> <span class='ocrx_word' id='word_1_867' title='bbox 1075 4692 1382 4768; x_wconf 78' lang='lat' dir='ltr'><strong>futurorum</strong></span> <span class='ocrx_word' id='word_1_868' title='bbox 1400 4687 1719 4768; x_wconf 73' lang='lat' dir='ltr'><strong>sollieitudo.</strong></span> <span class='ocrx_word' id='word_1_869' title='bbox 1746 4694 1976 4768; x_wconf 82' lang='lat' dir='ltr'><strong>Proinde</strong></span> <span class='ocrx_word' id='word_1_870' title='bbox 2007 4698 2058 4761; x_wconf 91' lang='lat' dir='ltr'><strong>D</strong></span> <span class='ocrx_word' id='word_1_871' title='bbox 2086 4687 2396 4768; x_wconf 60' lang='lat' dir='ltr'><strong>Aliissimo-</strong></span> <span class='ocrx_word' id='word_1_872' title='bbox 2409 4696 2629 4768; x_wconf 82' lang='lat' dir='ltr'><strong>Quibus</strong></span> <span class='ocrx_word' id='word_1_873' title='bbox 2657 4695 2791 4750; x_wconf 89' lang='lat' dir='ltr'><strong>alios</strong></span> <span class='ocrx_word' id='word_1_874' title='bbox 2821 4687 3043 4764; x_wconf 77' lang='lat' dir='ltr'><strong>spii-itus</strong></span> <span class='ocrx_word' id='word_1_875' title='bbox 3079 4707 3212 4768; x_wconf 72' lang='lat' dir='ltr'><strong>vana</strong></span> <span class='ocrx_word' id='word_1_876' title='bbox 3237 4687 3680 4768; x_wconf 43' lang='lat' dir='ltr'><strong>speet&#39;osten&#39;taf</strong></span> 
     </span>
    </p>
   </div>
   <div class='ocr_carea' id='block_1_106' title="bbox 382 4762 1974 4838">
    <p class='ocr_par' dir='ltr' id='par_1_106' title="bbox 382 4762 1974 4838">
     <span class='ocr_line' id='line_1_109' title="bbox 382 4762 1974 4838; baseline -0.001 -14"><span class='ocrx_word' id='word_1_877' title='bbox 382 4762 719 4838; x_wconf 77' lang='lat' dir='ltr'><strong>probabilius</strong></span> <span class='ocrx_word' id='word_1_878' title='bbox 736 4765 961 4838; x_wconf 68' lang='lat' dir='ltr'><strong>videtur</strong></span> <span class='ocrx_word' id='word_1_879' title='bbox 996 4764 1306 4838; x_wconf 81' lang='lat' dir='ltr'><strong>Luciferum</strong></span> <span class='ocrx_word' id='word_1_880' title='bbox 1329 4763 1482 4838; x_wconf 80' lang='lat' dir='ltr'><strong>prius</strong></span> <span class='ocrx_word' id='word_1_881' title='bbox 1507 4762 1574 4818; x_wconf 90' lang='lat' dir='ltr'><strong>de</strong></span> <span class='ocrx_word' id='word_1_882' title='bbox 1586 4763 1845 4838; x_wconf 57' lang='lat' dir='ltr'><strong>praesenti</strong></span> <span class='ocrx_word' id='word_1_883' title='bbox 1872 4779 1974 4838; x_wconf 81' lang='lat' dir='ltr'><strong>suo</strong></span> 
     </span>
    </p>
   </div>
   <div class='ocr_carea' id='block_1_107' title="bbox 382 4832 1976 4909">
    <p class='ocr_par' dir='ltr' id='par_1_107' title="bbox 382 4832 1976 4909">
     <span class='ocr_line' id='line_1_110' title="bbox 382 4832 1976 4909; baseline -0.003 -15"><span class='ocrx_word' id='word_1_884' title='bbox 382 4832 532 4894; x_wconf 74' lang='lat' dir='ltr'><strong>statu</strong></span> <span class='ocrx_word' id='word_1_885' title='bbox 572 4835 896 4909; x_wconf 75' lang='lat' dir='ltr'><strong>superbiisse</strong></span> <span class='ocrx_word' id='word_1_886' title='bbox 943 4851 1108 4909; x_wconf 80' lang='lat' dir='ltr'><strong>quam</strong></span> <span class='ocrx_word' id='word_1_887' title='bbox 1144 4834 1216 4909; x_wconf 81' lang='lat' dir='ltr'><strong>de</strong></span> <span class='ocrx_word' id='word_1_888' title='bbox 1251 4832 1434 4909; x_wconf 70' lang='lat' dir='ltr'><strong>futura</strong></span> <span class='ocrx_word' id='word_1_889' title='bbox 1458 4832 1976 4909; x_wconf 60' lang='lat' dir='ltr'><strong>beaiitudinecogi-</strong></span> 
     </span>
    </p>
   </div>
   <div class='ocr_carea' id='block_1_108' title="bbox 383 4902 1970 4977">
    <p class='ocr_par' dir='ltr' id='par_1_108' title="bbox 383 4902 1970 4977">
     <span class='ocr_line' id='line_1_111' title="bbox 383 4902 1970 4977; baseline -0.002 -14"><span class='ocrx_word' id='word_1_890' title='bbox 383 4915 552 4966; x_wconf 85' lang='lat' dir='ltr'><strong>tasse.</strong></span> <span class='ocrx_word' id='word_1_891' title='bbox 595 4902 658 4964; x_wconf 66' lang='lat'><strong>3‘</strong></span> <span class='ocrx_word' id='word_1_892' title='bbox 680 4902 976 4964; x_wconf 72' lang='lat' dir='ltr'><strong>Videretur</strong></span> <span class='ocrx_word' id='word_1_893' title='bbox 991 4907 1108 4963; x_wconf 69' lang='lat' dir='ltr'><strong>haec</strong></span> <span class='ocrx_word' id='word_1_894' title='bbox 1130 4906 1313 4977; x_wconf 90' lang='lat' dir='ltr'><strong>opinio</strong></span> <span class='ocrx_word' id='word_1_895' title='bbox 1337 4903 1517 4977; x_wconf 88' lang='lat' dir='ltr'><strong>favere</strong></span> <span class='ocrx_word' id='word_1_896' title='bbox 1547 4902 1970 4977; x_wconf 50' lang='lat' dir='ltr'><strong>Pelagianism},</strong></span> 
     </span>
    </p>
   </div>
   <div class='ocr_carea' id='block_1_109' title="bbox 375 4973 1978 5052">
    <p class='ocr_par' dir='ltr' id='par_1_109' title="bbox 375 4973 1978 5052">
     <span class='ocr_line' id='line_1_112' title="bbox 375 4973 1978 5052; baseline -0.005 -17"><span class='ocrx_word' id='word_1_897' title='bbox 375 4988 442 5036; x_wconf 90' lang='lat' dir='ltr'><strong>ut</strong></span> <span class='ocrx_word' id='word_1_898' title='bbox 469 4977 862 5052; x_wconf 64' lang='lat' dir='ltr'><strong>hujueerroris</strong></span> <span class='ocrx_word' id='word_1_899' title='bbox 888 4993 1000 5052; x_wconf 86' lang='lat' dir='ltr'><strong>non</strong></span> <span class='ocrx_word' id='word_1_900' title='bbox 1031 4973 1310 5052; x_wconf 79' lang='lat' dir='ltr'><strong>Pelagius,</strong></span> <span class='ocrx_word' id='word_1_901' title='bbox 1355 4973 1452 5052; x_wconf 88' lang='lat' dir='ltr'><strong>sed</strong></span> <span class='ocrx_word' id='word_1_902' title='bbox 1483 4973 1710 5052; x_wconf 76' lang='lat' dir='ltr'><strong>primus</strong></span> <span class='ocrx_word' id='word_1_903' title='bbox 1759 4975 1978 5052; x_wconf 76' lang='lat' dir='ltr'><strong>angelus</strong></span> 
     </span>
    </p>
   </div>
   <div class='ocr_carea' id='block_1_110' title="bbox 372 5044 1980 5120">
    <p class='ocr_par' dir='ltr' id='par_1_110' title="bbox 372 5044 1980 5120">
     <span class='ocr_line' id='line_1_113' title="bbox 372 5044 1980 5120; baseline -0.004 -13"><span class='ocrx_word' id='word_1_904' title='bbox 372 5044 574 5107; x_wconf 70' lang='lat' dir='ltr'><strong>auctor</strong></span> <span class='ocrx_word' id='word_1_905' title='bbox 601 5049 871 5106; x_wconf 89' lang='lat' dir='ltr'><strong>diceretur</strong></span> <span class='ocrx_word' id='word_1_906' title='bbox 897 5049 993 5120; x_wconf 91' lang='lat' dir='ltr'><strong>qui</strong></span> <span class='ocrx_word' id='word_1_907' title='bbox 1019 5044 1247 5120; x_wconf 74' lang='lat' dir='ltr'><strong>gratiam</strong></span> <span class='ocrx_word' id='word_1_908' title='bbox 1276 5054 1330 5103; x_wconf 89' lang='lat' dir='ltr'><strong>et</strong></span> <span class='ocrx_word' id='word_1_909' title='bbox 1346 5045 1590 5120; x_wconf 71' lang='lat' dir='ltr'><strong>gloriam</strong></span> <span class='ocrx_word' id='word_1_910' title='bbox 1611 5044 1980 5102; x_wconf 64' lang='lat' dir='ltr'><strong>naturm&#39;viri-</strong></span> 
     </span>
    </p>
   </div>
   <div class='ocr_carea' id='block_1_111' title="bbox 373 5117 1980 5196">
    <p class='ocr_par' dir='ltr' id='par_1_111' title="bbox 373 5117 1980 5196">
     <span class='ocr_line' id='line_1_114' title="bbox 373 5117 1980 5196; baseline -0.004 -18"><span class='ocrx_word' id='word_1_911' title='bbox 373 5121 481 5196; x_wconf 80' lang='lat' dir='ltr'><strong>bus</strong></span> <span class='ocrx_word' id='word_1_912' title='bbox 526 5120 820 5177; x_wconf 87' lang='lat' dir='ltr'><strong>ascriberet</strong></span> <span class='ocrx_word' id='word_1_913' title='bbox 876 5117 1098 5196; x_wconf 51' lang='lat' dir='ltr'><strong>{quod</strong></span> <span class='ocrx_word' id='word_1_914' title='bbox 1114 5126 1298 5174; x_wconf 91' lang='lat' dir='ltr'><strong>tamen</strong></span> <span class='ocrx_word' id='word_1_915' title='bbox 1336 5117 1660 5196; x_wconf 85' lang='lat' dir='ltr'><strong>SS_._Patres_</strong></span> <span class='ocrx_word' id='word_1_916' title='bbox 1677 5129 1980 5196; x_wconf 89' lang='lat' dir='ltr'><strong>numquam</strong></span> 
     </span>
    </p>
   </div>
   <div class='ocr_carea' id='block_1_112' title="bbox 373 5187 1980 5266">
    <p class='ocr_par' dir='ltr' id='par_1_112' title="bbox 373 5187 1980 5266">
     <span class='ocr_line' id='line_1_115' title="bbox 373 5187 1980 5266; baseline -0.006 -17"><span class='ocrx_word' id='word_1_917' title='bbox 373 5192 719 5266; x_wconf 73' lang='lat' dir='ltr'><strong>objecerunt,</strong></span> <span class='ocrx_word' id='word_1_918' title='bbox 745 5205 810 5266; x_wconf 81' lang='lat' dir='ltr'><strong>ac</strong></span> <span class='ocrx_word' id='word_1_919' title='bbox 833 5205 901 5246; x_wconf 93' lang='lat' dir='ltr'><strong>ne</strong></span> <span class='ocrx_word' id='word_1_920' title='bbox 935 5187 1302 5266; x_wconf 72' lang='lat' dir='ltr'><strong>meminerunt</strong></span> <span class='ocrx_word' id='word_1_921' title='bbox 1327 5187 1546 5258; x_wconf 89' lang='lat' dir='ltr'><strong>quidem</strong></span> <span class='ocrx_word' id='word_1_922' title='bbox 1565 5206 1601 5266; x_wconf 46' lang='grc' dir='ltr'>ἱ</span> <span class='ocrx_word' id='word_1_923' title='bbox 1613 5192 1669 5240; x_wconf 89' lang='lat' dir='ltr'><strong>et</strong></span> <span class='ocrx_word' id='word_1_924' title='bbox 1702 5187 1888 5266; x_wconf 76' lang='lat' dir='ltr'><strong>uescio</strong></span> <span class='ocrx_word' id='word_1_925' title='bbox 1908 5200 1980 5266; x_wconf 76' lang='lat' dir='ltr'><strong>an</strong></span> 
     </span>
    </p>
   </div>
   <div class='ocr_carea' id='block_1_113' title="bbox 377 5255 1980 5336">
    <p class='ocr_par' dir='ltr' id='par_1_113' title="bbox 377 5255 1980 5336">
     <span class='ocr_line' id='line_1_116' title="bbox 377 5255 1980 5336; baseline -0.006 -16"><span class='ocrx_word' id='word_1_926' title='bbox 377 5255 658 5336; x_wconf 70' lang='lat' dir='ltr'><strong>Pelagiani</strong></span> <span class='ocrx_word' id='word_1_927' title='bbox 703 5255 857 5336; x_wconf 88' lang='lat' dir='ltr'><strong>ips_i,_</strong></span> <span class='ocrx_word' id='word_1_928' title='bbox 895 5269 992 5336; x_wconf 81' lang='lat' dir='ltr'><strong>aut</strong></span> <span class='ocrx_word' id='word_1_929' title='bbox 1043 5273 1238 5336; x_wconf 79' lang='lat' dir='ltr'><strong>eorum</strong></span> <span class='ocrx_word' id='word_1_930' title='bbox 1279 5255 1980 5336; x_wconf 76' lang='lat' dir='ltr'><strong>fautores__Semipeiagiani</strong></span> 
     </span>
    </p>
   </div>
   <div class='ocr_carea' id='block_1_114' title="bbox 381 5327 1977 5411">
    <p class='ocr_par' dir='ltr' id='par_1_114' title="bbox 381 5327 1977 5411">
     <span class='ocr_line' id='line_1_117' title="bbox 381 5327 1977 5411; baseline -0.005 -21"><span class='ocrx_word' id='word_1_931' title='bbox 381 5334 490 5411; x_wconf 91' lang='lat' dir='ltr'><strong>(_de</strong></span> <span class='ocrx_word' id='word_1_932' title='bbox 513 5327 739 5411; x_wconf 44' lang='lat' dir='ltr'><strong>Tquibus&#39;</strong></span> <span class='ocrx_word' id='word_1_933' title='bbox 772 5331 998 5411; x_wconf 79' lang='lat' dir='ltr'><strong>inferius</strong></span> <span class='ocrx_word' id='word_1_934' title='bbox 1031 5330 1303 5411; x_wconf 75' lang='lat' dir='ltr'><strong>agendum</strong></span> <span class='ocrx_word' id='word_1_935' title='bbox 1345 5330 1478 5402; x_wconf 90' lang='lat' dir='ltr'><strong>erit)</strong></span> <span class='ocrx_word' id='word_1_936' title='bbox 1519 5328 1574 5386; x_wconf 88' lang='lat' dir='ltr'><strong>id</strong></span> <span class='ocrx_word' id='word_1_937' title='bbox 1613 5327 1977 5411; x_wconf 46' lang='lat' dir='ltr'><strong>admisissem:</strong></span> 
     </span>
    </p>
   </div>
   <div class='ocr_carea' id='block_1_115' title="bbox 379 5401 1977 5472">
    <p class='ocr_par' dir='ltr' id='par_1_115' title="bbox 379 5401 1977 5472">
     <span class='ocr_line' id='line_1_118' title="bbox 379 5401 1977 5472; baseline -0.005 -10"><span class='ocrx_word' id='word_1_938' title='bbox 379 5401 572 5462; x_wconf 75' lang='lat' dir='ltr'><strong>Tertia</strong></span> <span class='ocrx_word' id='word_1_939' title='bbox 595 5404 867 5460; x_wconf 85' lang='lat' dir='ltr'><strong>sententia</strong></span> <span class='ocrx_word' id='word_1_940' title='bbox 907 5411 1012 5471; x_wconf 89' lang='lat' dir='ltr'><strong>est,</strong></span> <span class='ocrx_word' id='word_1_941' title='bbox 1033 5401 1341 5460; x_wconf 75' lang='lat' dir='ltr'><strong>diemonem</strong></span> <span class='ocrx_word' id='word_1_942' title='bbox 1377 5401 1500 5458; x_wconf 88' lang='lat' dir='ltr'><strong>vere</strong></span> <span class='ocrx_word' id='word_1_943' title='bbox 1527 5401 1850 5472; x_wconf 84' lang='lat' dir='ltr'><strong>appetivisse</strong></span> <span class='ocrx_word' id='word_1_944' title='bbox 1883 5401 1977 5455; x_wconf 90' lang='lat' dir='ltr'><strong>Dei</strong></span> 
     </span>
    </p>
   </div>
   <div class='ocr_carea' id='block_1_116' title="bbox 381 5470 1976 5548">
    <p class='ocr_par' dir='ltr' id='par_1_116' title="bbox 381 5470 1976 5548">
     <span class='ocr_line' id='line_1_119' title="bbox 381 5470 1976 5548; baseline -0.004 -16"><span class='ocrx_word' id='word_1_945' title='bbox 381 5476 748 5548; x_wconf 63' lang='lat' dir='ltr'><strong>equalitatem</strong></span> <span class='ocrx_word' id='word_1_946' title='bbox 766 5515 782 5540; x_wconf 91' lang='lat'><strong>,</strong></span> <span class='ocrx_word' id='word_1_947' title='bbox 810 5489 906 5530; x_wconf 90' lang='lat' dir='ltr'><strong>seu</strong></span> <span class='ocrx_word' id='word_1_948' title='bbox 935 5470 1201 5548; x_wconf 58' lang='lat' dir='ltr'><strong>aequalem</strong></span> <span class='ocrx_word' id='word_1_949' title='bbox 1235 5472 1507 5548; x_wconf 84' lang='lat' dir='ltr'><strong>dignitatis</strong></span> <span class='ocrx_word' id='word_1_950' title='bbox 1528 5470 1778 5548; x_wconf 72' lang='lat' dir='ltr'><strong>gradum,</strong></span> <span class='ocrx_word' id='word_1_951' title='bbox 1775 5479 1854 5548; x_wconf 90' lang='lat' dir='ltr'><strong>_et</strong></span> <span class='ocrx_word' id='word_1_952' title='bbox 1879 5486 1976 5548; x_wconf 80' lang='lat' dir='ltr'><strong>pa-</strong></span> 
     </span>
    </p>
   </div>
   <div class='ocr_carea' id='block_1_117' title="bbox 382 5541 1972 5616">
    <p class='ocr_par' dir='ltr' id='par_1_117' title="bbox 382 5541 1972 5616">
     <span class='ocr_line' id='line_1_120' title="bbox 382 5541 1972 5616; baseline -0.003 -14"><span class='ocrx_word' id='word_1_953' title='bbox 382 5541 500 5602; x_wconf 80' lang='lat' dir='ltr'><strong>rem</strong></span> <span class='ocrx_word' id='word_1_954' title='bbox 531 5547 746 5604; x_wconf 90' lang='lat' dir='ltr'><strong>cultum</strong></span> <span class='ocrx_word' id='word_1_955' title='bbox 771 5553 826 5602; x_wconf 87' lang='lat' dir='ltr'><strong>et</strong></span> <span class='ocrx_word' id='word_1_956' title='bbox 844 5541 1227 5616; x_wconf 78' lang='lat' dir='ltr'><strong>auctoritatem</strong></span> <span class='ocrx_word' id='word_1_957' title='bbox 1255 5563 1268 5598; x_wconf 91' lang='lat'><strong>:</strong></span> <span class='ocrx_word' id='word_1_958' title='bbox 1294 5541 1742 5616; x_wconf 74' lang='lat' dir='ltr'><strong>quandoquidem</strong></span> <span class='ocrx_word' id='word_1_959' title='bbox 1775 5541 1972 5598; x_wconf 85' lang='lat' dir='ltr'><strong>Ezech.</strong></span> 
     </span>
    </p>
   </div>
   <div class='ocr_carea' id='block_1_118' title="bbox 371 5613 1978 5684">
    <p class='ocr_par' dir='ltr' id='par_1_118' title="bbox 371 5613 1978 5684">
     <span class='ocr_line' id='line_1_121' title="bbox 371 5613 1978 5684; baseline -0.004 -10"><span class='ocrx_word' id='word_1_960' title='bbox 371 5631 591 5674; x_wconf 65' lang='lat' dir='ltr'><strong>xxvm</strong></span> <span class='ocrx_word' id='word_1_961' title='bbox 611 5617 679 5674; x_wconf 86' lang='lat' dir='ltr'><strong>de</strong></span> <span class='ocrx_word' id='word_1_962' title='bbox 699 5613 949 5673; x_wconf 86' lang='lat' dir='ltr'><strong>Lucifero</strong></span> <span class='ocrx_word' id='word_1_963' title='bbox 969 5616 1204 5683; x_wconf 88' lang='lat' dir='ltr'><strong>dicatur,</strong></span> <span class='ocrx_word' id='word_1_964' title='bbox 1231 5613 1452 5680; x_wconf 65' lang='lat' dir='ltr'><strong>mu,</strong></span> <span class='ocrx_word' id='word_1_965' title='bbox 1474 5613 1613 5671; x_wconf 76' lang='lat' dir='ltr'><strong>Deus</strong></span> <span class='ocrx_word' id='word_1_966' title='bbox 1636 5631 1732 5684; x_wconf 89' lang='lat' dir='ltr'><strong>ego</strong></span> <span class='ocrx_word' id='word_1_967' title='bbox 1748 5629 1896 5680; x_wconf 88' lang='lat' dir='ltr'><strong>sum;</strong></span> <span class='ocrx_word' id='word_1_968' title='bbox 1921 5621 1978 5669; x_wconf 93' lang='lat' dir='ltr'><strong>et</strong></span> 
     </span>
    </p>
   </div>
   <div class='ocr_carea' id='block_1_119' title="bbox 378 5686 1975 5747">
    <p class='ocr_par' dir='ltr' id='par_1_119' title="bbox 378 5686 1975 5747">
     <span class='ocr_line' id='line_1_122' title="bbox 378 5686 1975 5747; baseline -0.003 -3"><span class='ocrx_word' id='word_1_969' title='bbox 378 5689 624 5747; x_wconf 58' lang='lat' dir='ltr'><strong>Matthxi</strong></span> <span class='ocrx_word' id='word_1_970' title='bbox 649 5704 716 5745; x_wconf 80' lang='grc' dir='ltr'><strong>ιν</strong></span> <span class='ocrx_word' id='word_1_971' title='bbox 743 5686 970 5746; x_wconf 86' lang='lat' dir='ltr'><strong>voluerit</strong></span> <span class='ocrx_word' id='word_1_972' title='bbox 999 5689 1224 5744; x_wconf 88' lang='lat' dir='ltr'><strong>Satanas</strong></span> <span class='ocrx_word' id='word_1_973' title='bbox 1246 5687 1458 5743; x_wconf 89' lang='lat' dir='ltr'><strong>adorari</strong></span> <span class='ocrx_word' id='word_1_974' title='bbox 1488 5695 1552 5744; x_wconf 93' lang='lat' dir='ltr'><strong>ut</strong></span> <span class='ocrx_word' id='word_1_975' title='bbox 1579 5689 1762 5742; x_wconf 86' lang='lat' dir='ltr'><strong>Deus:</strong></span> <span class='ocrx_word' id='word_1_976' title='bbox 1795 5687 1858 5742; x_wconf 90' lang='lat' dir='ltr'><strong>Si</strong></span> <span class='ocrx_word' id='word_1_977' title='bbox 1882 5699 1975 5740; x_wconf 88' lang='lat' dir='ltr'><strong>ca-</strong></span> 
     </span>
    </p>
   </div>
   <div class='ocr_carea' id='block_1_120' title="bbox 378 5755 1976 5827">
    <p class='ocr_par' dir='ltr' id='par_1_120' title="bbox 378 5755 1976 5827">
     <span class='ocr_line' id='line_1_123' title="bbox 378 5755 1976 5827; baseline -0.004 -11"><span class='ocrx_word' id='word_1_978' title='bbox 378 5761 511 5816; x_wconf 82' lang='lat' dir='ltr'><strong>dens</strong></span> <span class='ocrx_word' id='word_1_979' title='bbox 542 5761 853 5816; x_wconf 79' lang='lat' dir='ltr'><strong>adoraueris</strong></span> <span class='ocrx_word' id='word_1_980' title='bbox 888 5775 988 5814; x_wconf 87' lang='lat' dir='ltr'><strong>me.</strong></span> <span class='ocrx_word' id='word_1_981' title='bbox 1021 5763 1095 5815; x_wconf 76' lang='lat' dir='ltr'><strong>At</strong></span> <span class='ocrx_word' id='word_1_982' title='bbox 1115 5757 1235 5815; x_wconf 64' lang='lat' dir='ltr'><strong>huic</strong></span> <span class='ocrx_word' id='word_1_983' title='bbox 1265 5757 1529 5814; x_wconf 87' lang='lat' dir='ltr'><strong>sententia</strong></span> <span class='ocrx_word' id='word_1_984' title='bbox 1561 5773 1674 5813; x_wconf 93' lang='lat' dir='ltr'><strong>non</strong></span> <span class='ocrx_word' id='word_1_985' title='bbox 1711 5755 1976 5827; x_wconf 90' lang='lat' dir='ltr'><strong>probatur</strong></span> 
     </span>
    </p>
   </div>
   <div class='ocr_carea' id='block_1_121' title="bbox 379 5829 1975 5902">
    <p class='ocr_par' dir='ltr' id='par_1_121' title="bbox 379 5829 1975 5902">
     <span class='ocr_line' id='line_1_124' title="bbox 379 5829 1975 5902; baseline -0.002 -16"><span class='ocrx_word' id='word_1_986' title='bbox 379 5831 440 5886; x_wconf 89' lang='lat' dir='ltr'><strong>S.</strong></span> <span class='ocrx_word' id='word_1_987' title='bbox 471 5830 726 5899; x_wconf 63' lang='lat' dir='ltr'><strong>Thoma,</strong></span> <span class='ocrx_word' id='word_1_988' title='bbox 755 5839 820 5888; x_wconf 92' lang='lat' dir='ltr'><strong>ut</strong></span> <span class='ocrx_word' id='word_1_989' title='bbox 851 5829 1096 5902; x_wconf 89' lang='lat' dir='ltr'><strong>superius</strong></span> <span class='ocrx_word' id='word_1_990' title='bbox 1120 5830 1294 5885; x_wconf 89' lang='lat' dir='ltr'><strong>visum</strong></span> <span class='ocrx_word' id='word_1_991' title='bbox 1320 5837 1432 5898; x_wconf 90' lang='lat' dir='ltr'><strong>est;</strong></span> <span class='ocrx_word' id='word_1_992' title='bbox 1462 5843 1650 5886; x_wconf 90' lang='lat' dir='ltr'><strong>verum</strong></span> <span class='ocrx_word' id='word_1_993' title='bbox 1689 5840 1975 5899; x_wconf 88' lang='lat' dir='ltr'><strong>possumus</strong></span> 
     </span>
    </p>
   </div>
   <div class='ocr_carea' id='block_1_122' title="bbox 2083 4754 3680 4836">
    <p class='ocr_par' dir='ltr' id='par_1_122' title="bbox 2083 4754 3680 4836">
     <span class='ocr_line' id='line_1_125' title="bbox 2083 4754 3680 4836; baseline -0.006 -14"><span class='ocrx_word' id='word_1_994' title='bbox 2083 4765 2233 4822; x_wconf 90' lang='lat' dir='ltr'><strong>tione</strong></span> <span class='ocrx_word' id='word_1_995' title='bbox 2260 4754 2494 4830; x_wconf 68' lang='lat' dir='ltr'><strong>delusit,</strong></span> <span class='ocrx_word' id='word_1_996' title='bbox 2533 4772 2585 4819; x_wconf 92' lang='lat' dir='ltr'><strong>et</strong></span> <span class='ocrx_word' id='word_1_997' title='bbox 2615 4763 2671 4818; x_wconf 91' lang='lat' dir='ltr'><strong>in</strong></span> <span class='ocrx_word' id='word_1_998' title='bbox 2695 4754 3209 4836; x_wconf 37' lang='lat' dir='ltr'><strong>suamieententiam</strong></span> <span class='ocrx_word' id='word_1_999' title='bbox 3246 4754 3464 4836; x_wconf 73' lang='lat' dir='ltr'><strong>pellexit</strong></span> <span class='ocrx_word' id='word_1_1000' title='bbox 3494 4754 3680 4836; x_wconf 69' lang='lat' dir='ltr'><strong>:_sicu_t</strong></span> 
     </span>
    </p>
   </div>
   <div class='ocr_carea' id='block_1_123' title="bbox 2084 4824 3679 4908">
    <p class='ocr_par' dir='ltr' id='par_1_123' title="bbox 2084 4824 3679 4908">
     <span class='ocr_line' id='line_1_126' title="bbox 2084 4824 3679 4908; baseline -0.006 -17"><span class='ocrx_word' id='word_1_1001' title='bbox 2084 4843 2141 4891; x_wconf 89' lang='lat' dir='ltr'><strong>et</strong></span> <span class='ocrx_word' id='word_1_1002' title='bbox 2168 4837 2376 4908; x_wconf 83' lang='lat' dir='ltr'><strong>primos</strong></span> <span class='ocrx_word' id='word_1_1003' title='bbox 2414 4824 2672 4908; x_wconf 81' lang='lat' dir='ltr'><strong>parentes</strong></span> <span class='ocrx_word' id='word_1_1004' title='bbox 2717 4829 2981 4908; x_wconf 69' lang='lat' dir='ltr'><strong>eimilibns</strong></span> <span class='ocrx_word' id='word_1_1005' title='bbox 3015 4826 3213 4908; x_wconf 75' lang='lat' dir='ltr'><strong>itidem</strong></span> <span class='ocrx_word' id='word_1_1006' title='bbox 3248 4824 3464 4908; x_wconf 74' lang='lat' dir='ltr'><strong>verbis,</strong></span> <span class='ocrx_word' id='word_1_1007' title='bbox 3495 4827 3679 4908; x_wconf 72' lang='lat' dir='ltr'><strong>_Er_itis</strong></span> 
     </span>
    </p>
   </div>
   <div class='ocr_carea' id='block_1_124' title="bbox 2083 4897 3676 4959">
    <p class='ocr_par' dir='ltr' id='par_1_124' title="bbox 2083 4897 3676 4959">
     <span class='ocr_line' id='line_1_127' title="bbox 2083 4897 3676 4959; baseline -0.003 0"><span class='ocrx_word' id='word_1_1008' title='bbox 2083 4897 2221 4959; x_wconf 75' lang='lat' dir='ltr'><strong>sicut</strong></span> <span class='ocrx_word' id='word_1_1009' title='bbox 2256 4905 2358 4958; x_wconf 84' lang='lat' dir='ltr'><strong>dii.</strong></span> <span class='ocrx_word' id='word_1_1010' title='bbox 2403 4897 2676 4957; x_wconf 87' lang='lat' dir='ltr'><strong>Caeterum</strong></span> <span class='ocrx_word' id='word_1_1011' title='bbox 2716 4900 2862 4955; x_wconf 89' lang='lat' dir='ltr'><strong>illius</strong></span> <span class='ocrx_word' id='word_1_1012' title='bbox 2891 4897 3140 4953; x_wconf 87' lang='lat' dir='ltr'><strong>versiculi</strong></span> <span class='ocrx_word' id='word_1_1013' title='bbox 3183 4897 3330 4953; x_wconf 89' lang='lat' dir='ltr'><strong>varia</strong></span> <span class='ocrx_word' id='word_1_1014' title='bbox 3369 4905 3452 4954; x_wconf 86' lang='lat' dir='ltr'><strong>est</strong></span> <span class='ocrx_word' id='word_1_1015' title='bbox 3493 4897 3676 4955; x_wconf 87' lang='lat' dir='ltr'><strong>lectio.</strong></span> 
     </span>
    </p>
   </div>
   <div class='ocr_carea' id='block_1_125' title="bbox 2085 4969 3675 5038">
    <p class='ocr_par' dir='ltr' id='par_1_125' title="bbox 2085 4969 3675 5038">
     <span class='ocr_line' id='line_1_128' title="bbox 2085 4969 3675 5038; baseline -0.002 -9"><span class='ocrx_word' id='word_1_1016' title='bbox 2085 4977 2227 5029; x_wconf 83' lang='lat' dir='ltr'><strong>Nam</strong></span> <span class='ocrx_word' id='word_1_1017' title='bbox 2252 4971 2372 5028; x_wconf 90' lang='lat' dir='ltr'><strong>aliis</strong></span> <span class='ocrx_word' id='word_1_1018' title='bbox 2397 4979 2480 5026; x_wconf 88' lang='lat' dir='ltr'><strong>est</strong></span> <span class='ocrx_word' id='word_1_1019' title='bbox 2497 4969 2856 5036; x_wconf 89' lang='lat' dir='ltr'><strong>accusativus,</strong></span> <span class='ocrx_word' id='word_1_1020' title='bbox 2884 4971 3154 5038; x_wconf 87' lang='lat' dir='ltr'><strong>Linguam</strong></span> <span class='ocrx_word' id='word_1_1021' title='bbox 3181 4969 3438 5038; x_wconf 86' lang='lat' dir='ltr'><strong>dolosam,</strong></span> <span class='ocrx_word' id='word_1_1022' title='bbox 3471 4978 3532 5026; x_wconf 94' lang='lat' dir='ltr'><strong>ut</strong></span> <span class='ocrx_word' id='word_1_1023' title='bbox 3558 4969 3675 5033; x_wconf 88' lang='lat' dir='ltr'><strong>hic;</strong></span> 
     </span>
    </p>
   </div>
   <div class='ocr_carea' id='block_1_126' title="bbox 2087 5040 3677 5110">
    <p class='ocr_par' dir='ltr' id='par_1_126' title="bbox 2087 5040 3677 5110">
     <span class='ocr_line' id='line_1_129' title="bbox 2087 5040 3677 5110; baseline 0 -12"><span class='ocrx_word' id='word_1_1024' title='bbox 2087 5042 2204 5098; x_wconf 89' lang='lat' dir='ltr'><strong>aliis</strong></span> <span class='ocrx_word' id='word_1_1025' title='bbox 2246 5040 2523 5097; x_wconf 86' lang='lat' dir='ltr'><strong>vocativus</strong></span> <span class='ocrx_word' id='word_1_1026' title='bbox 2550 5058 2562 5095; x_wconf 92' lang='lat'>:</span> <span class='ocrx_word' id='word_1_1027' title='bbox 2591 5055 2622 5096; x_wconf 88' lang='grc' dir='ltr'><em>ο</em></span> <span class='ocrx_word' id='word_1_1028' title='bbox 2655 5041 2839 5110; x_wconf 89' lang='lat' dir='ltr'><strong>lingua</strong></span> <span class='ocrx_word' id='word_1_1029' title='bbox 2864 5041 3078 5108; x_wconf 87' lang='lat' dir='ltr'><strong>dolosa;</strong></span> <span class='ocrx_word' id='word_1_1030' title='bbox 3107 5040 3225 5097; x_wconf 89' lang='lat' dir='ltr'><strong>aliis</strong></span> <span class='ocrx_word' id='word_1_1031' title='bbox 3247 5041 3538 5110; x_wconf 85' lang='lat' dir='ltr'><strong>ablativus,</strong></span> <span class='ocrx_word' id='word_1_1032' title='bbox 3575 5041 3677 5098; x_wconf 86' lang='lat' dir='ltr'><strong>lin-</strong></span> 
     </span>
    </p>
   </div>
   <div class='ocr_carea' id='block_1_127' title="bbox 2086 5109 3542 5184">
    <p class='ocr_par' dir='ltr' id='par_1_127' title="bbox 2086 5109 3542 5184">
     <span class='ocr_line' id='line_1_130' title="bbox 2086 5109 3542 5184; baseline -0.001 -16"><span class='ocrx_word' id='word_1_1033' title='bbox 2086 5129 2196 5183; x_wconf 89' lang='lat' dir='ltr'><strong>gua</strong></span> <span class='ocrx_word' id='word_1_1034' title='bbox 2221 5112 2426 5174; x_wconf 86' lang='lat' dir='ltr'><strong>dolosa,</strong></span> <span class='ocrx_word' id='word_1_1035' title='bbox 2454 5111 2509 5167; x_wconf 91' lang='lat' dir='ltr'><strong>id</strong></span> <span class='ocrx_word' id='word_1_1036' title='bbox 2537 5119 2641 5179; x_wconf 86' lang='lat' dir='ltr'><strong>est,</strong></span> <span class='ocrx_word' id='word_1_1037' title='bbox 2665 5109 2761 5184; x_wconf 85' lang='lat' dir='ltr'><strong>per</strong></span> <span class='ocrx_word' id='word_1_1038' title='bbox 2785 5111 3044 5184; x_wconf 60' lang='lat' dir='ltr'><strong>linguam,</strong></span> <span class='ocrx_word' id='word_1_1039' title='bbox 3085 5111 3220 5184; x_wconf 76' lang='lat' dir='ltr'><strong>Vide</strong></span> <span class='ocrx_word' id='word_1_1040' title='bbox 3243 5109 3542 5184; x_wconf 86' lang='lat' dir='ltr'><strong>Genebrar.</strong></span> 
     </span>
    </p>
   </div>
   <div class='ocr_carea' id='block_1_128' title="bbox 2158 5182 3680 5264">
    <p class='ocr_par' dir='ltr' id='par_1_128' title="bbox 2158 5182 3680 5264">
     <span class='ocr_line' id='line_1_131' title="bbox 2158 5182 3680 5264; baseline 0.001 -24"><span class='ocrx_word' id='word_1_1041' title='bbox 2158 5186 2183 5216; x_wconf 70' lang='grc' dir='ltr'><strong>ο</strong></span> <span class='ocrx_word' id='word_1_1042' title='bbox 2207 5184 2360 5264; x_wconf 62' lang='lat' dir='ltr'><strong>Haec,</strong></span> <span class='ocrx_word' id='word_1_1043' title='bbox 2398 5182 2992 5264; x_wconf 31' lang='lat' dir='ltr'><strong>nempesuperbiahut</strong></span> <span class='ocrx_word' id='word_1_1044' title='bbox 3035 5182 3198 5264; x_wconf 81' lang='lat' dir='ltr'><strong>habet</strong></span> <span class='ocrx_word' id='word_1_1045' title='bbox 3235 5183 3562 5264; x_wconf 79' lang='lat' dir='ltr'><strong>Dionysius;</strong></span> <span class='ocrx_word' id='word_1_1046' title='bbox 3597 5184 3680 5264; x_wconf 81' lang='lat' dir='ltr'><strong>vel</strong></span> 
     </span>
    </p>
   </div>
   <div class='ocr_carea' id='block_1_129' title="bbox 2089 5252 3674 5327">
    <p class='ocr_par' dir='ltr' id='par_1_129' title="bbox 2089 5252 3674 5327">
     <span class='ocr_line' id='line_1_132' title="bbox 2089 5252 3674 5327; baseline 0.001 -17"><span class='ocrx_word' id='word_1_1047' title='bbox 2089 5255 2335 5327; x_wconf 89' lang='lat' dir='ltr'><strong>propius,</strong></span> <span class='ocrx_word' id='word_1_1048' title='bbox 2365 5261 2427 5310; x_wconf 92' lang='lat' dir='ltr'><strong>ut</strong></span> <span class='ocrx_word' id='word_1_1049' title='bbox 2475 5252 2615 5327; x_wconf 87' lang='lat' dir='ltr'><strong>mihi</strong></span> <span class='ocrx_word' id='word_1_1050' title='bbox 2641 5252 3011 5327; x_wconf 80' lang='lat' dir='ltr'><strong>videtur,illa_</strong></span> <span class='ocrx_word' id='word_1_1051' title='bbox 3033 5255 3308 5327; x_wconf 86' lang='lat' dir='ltr'><strong>cogitatio,</strong></span> <span class='ocrx_word' id='word_1_1052' title='bbox 3345 5252 3442 5327; x_wconf 79' lang='lat' dir='ltr'><strong>seu</strong></span> <span class='ocrx_word' id='word_1_1053' title='bbox 3490 5252 3674 5327; x_wconf 82' lang='lat' dir='ltr'><strong>consi-</strong></span> 
     </span>
    </p>
   </div>
   <div class='ocr_carea' id='block_1_130' title="bbox 2087 5323 3675 5398">
    <p class='ocr_par' dir='ltr' id='par_1_130' title="bbox 2087 5323 3675 5398">
     <span class='ocr_line' id='line_1_133' title="bbox 2087 5323 3675 5398; baseline 0 -15"><span class='ocrx_word' id='word_1_1054' title='bbox 2087 5323 2295 5383; x_wconf 83' lang='lat' dir='ltr'><strong>deratio</strong></span> <span class='ocrx_word' id='word_1_1055' title='bbox 2316 5323 2562 5398; x_wconf 60' lang='lat' dir='ltr'><strong>propriae</strong></span> <span class='ocrx_word' id='word_1_1056' title='bbox 2593 5323 2948 5391; x_wconf 60' lang='lat' dir='ltr'><strong>excellentiae,</strong></span> <span class='ocrx_word' id='word_1_1057' title='bbox 2980 5324 3048 5382; x_wconf 94' lang='lat' dir='ltr'><strong>de</strong></span> <span class='ocrx_word' id='word_1_1058' title='bbox 3083 5323 3191 5396; x_wconf 58' lang='lat' dir='ltr'><strong>q&#39;ua</strong></span> <span class='ocrx_word' id='word_1_1059' title='bbox 3217 5326 3467 5398; x_wconf 88' lang='lat' dir='ltr'><strong>superius</strong></span> <span class='ocrx_word' id='word_1_1060' title='bbox 3500 5326 3675 5384; x_wconf 87' lang='lat' dir='ltr'><strong>dixit:</strong></span> 
     </span>
    </p>
   </div>
   <div class='ocr_carea' id='block_1_131' title="bbox 2087 5397 3679 5469">
    <p class='ocr_par' dir='ltr' id='par_1_131' title="bbox 2087 5397 3679 5469">
     <span class='ocr_line' id='line_1_134' title="bbox 2087 5397 3679 5469; baseline -0.001 -15"><span class='ocrx_word' id='word_1_1061' title='bbox 2087 5398 2198 5454; x_wconf 76' lang='lat' dir='ltr'><strong>haec</strong></span> <span class='ocrx_word' id='word_1_1062' title='bbox 2217 5400 2268 5454; x_wconf 88' lang='lat' dir='ltr'><strong>ei</strong></span> <span class='ocrx_word' id='word_1_1063' title='bbox 2289 5397 2403 5454; x_wconf 87' lang='lat' dir='ltr'><strong>sola</strong></span> <span class='ocrx_word' id='word_1_1064' title='bbox 2419 5397 2666 5469; x_wconf 84' lang='lat' dir='ltr'><strong>cogitatio</strong></span> <span class='ocrx_word' id='word_1_1065' title='bbox 2690 5398 3028 5469; x_wconf 88' lang='lat' dir='ltr'><strong>facta</strong></span> <span class='ocrx_word' id='word_1_1066' title='bbox 3054 5399 3249 5468; x_wconf 87' lang='lat' dir='ltr'><strong>ruina;</strong></span> <span class='ocrx_word' id='word_1_1067' title='bbox 3272 5397 3398 5469; x_wconf 82' lang='lat' dir='ltr'><strong>quia</strong></span> <span class='ocrx_word' id='word_1_1068' title='bbox 3417 5397 3679 5469; x_wconf 87' lang='lat' dir='ltr'><strong>nimirum</strong></span> 
     </span>
    </p>
   </div>
   <div class='ocr_carea' id='block_1_132' title="bbox 2087 5467 3676 5540">
    <p class='ocr_par' dir='ltr' id='par_1_132' title="bbox 2087 5467 3676 5540">
     <span class='ocr_line' id='line_1_135' title="bbox 2087 5467 3676 5540; baseline -0.001 -15"><span class='ocrx_word' id='word_1_1069' title='bbox 2087 5485 2154 5525; x_wconf 87' lang='lat' dir='ltr'><strong>ex</strong></span> <span class='ocrx_word' id='word_1_1070' title='bbox 2181 5469 2269 5525; x_wconf 89' lang='lat' dir='ltr'><strong>illa</strong></span> <span class='ocrx_word' id='word_1_1071' title='bbox 2313 5467 2639 5540; x_wconf 87' lang='lat' dir='ltr'><strong>cogitatione</strong></span> <span class='ocrx_word' id='word_1_1072' title='bbox 2663 5482 2759 5524; x_wconf 88' lang='lat' dir='ltr'><strong>seu</strong></span> <span class='ocrx_word' id='word_1_1073' title='bbox 2787 5467 3364 5540; x_wconf 33' lang='lat' dir='ltr'><strong>consideratioue’sure</strong></span> <span class='ocrx_word' id='word_1_1074' title='bbox 3409 5467 3676 5540; x_wconf 79' lang='lat' dir='ltr'><strong>excellen-</strong></span> 
     </span>
    </p>
   </div>
   <div class='ocr_carea' id='block_1_133' title="bbox 2087 5537 3676 5611">
    <p class='ocr_par' dir='ltr' id='par_1_133' title="bbox 2087 5537 3676 5611">
     <span class='ocr_line' id='line_1_136' title="bbox 2087 5537 3676 5611; baseline -0.001 -15"><span class='ocrx_word' id='word_1_1075' title='bbox 2087 5541 2180 5597; x_wconf 80' lang='lat' dir='ltr'><strong>tiae</strong></span> <span class='ocrx_word' id='word_1_1076' title='bbox 2205 5537 2497 5596; x_wconf 80' lang='lat' dir='ltr'><strong>consecuta</strong></span> <span class='ocrx_word' id='word_1_1077' title='bbox 2541 5546 2627 5596; x_wconf 90' lang='lat' dir='ltr'><strong>est</strong></span> <span class='ocrx_word' id='word_1_1078' title='bbox 2671 5538 3100 5611; x_wconf 71' lang='lat' dir='ltr'><strong>superbia,_quze</strong></span> <span class='ocrx_word' id='word_1_1079' title='bbox 3137 5537 3446 5611; x_wconf 77' lang='lat' dir='ltr'><strong>fuitprima</strong></span> <span class='ocrx_word' id='word_1_1080' title='bbox 3485 5538 3676 5604; x_wconf 90' lang='lat' dir='ltr'><strong>ruina,</strong></span> 
     </span>
    </p>
   </div>
   <div class='ocr_carea' id='block_1_134' title="bbox 2086 5607 3677 5685">
    <p class='ocr_par' dir='ltr' id='par_1_134' title="bbox 2086 5607 3677 5685">
     <span class='ocr_line' id='line_1_137' title="bbox 2086 5607 3677 5685; baseline -0.002 -18"><span class='ocrx_word' id='word_1_1081' title='bbox 2086 5627 2182 5668; x_wconf 89' lang='lat' dir='ltr'><strong>seu</strong></span> <span class='ocrx_word' id='word_1_1082' title='bbox 2214 5607 2766 5685; x_wconf 77' lang='lat' dir='ltr'><strong>primumpeccatum</strong></span> <span class='ocrx_word' id='word_1_1083' title='bbox 2807 5607 3083 5685; x_wconf 75' lang='lat' dir='ltr'><strong>Luciferi,</strong></span> <span class='ocrx_word' id='word_1_1084' title='bbox 3130 5607 3464 5685; x_wconf 86' lang='lat' dir='ltr'><strong>ut__dictum_</strong></span> <span class='ocrx_word' id='word_1_1085' title='bbox 3489 5616 3599 5676; x_wconf 90' lang='lat' dir='ltr'><strong>est,</strong></span> <span class='ocrx_word' id='word_1_1086' title='bbox 3643 5622 3677 5685; x_wconf 62' lang='grc' dir='ltr'><strong>ιε</strong></span> 
     </span>
    </p>
   </div>
   <div class='ocr_carea' id='block_1_135' title="bbox 2086 5677 3675 5754">
    <p class='ocr_par' dir='ltr' id='par_1_135' title="bbox 2086 5677 3675 5754">
     <span class='ocr_line' id='line_1_138' title="bbox 2086 5677 3675 5754; baseline -0.008 -15"><span class='ocrx_word' id='word_1_1087' title='bbox 2086 5697 2195 5754; x_wconf 92' lang='lat' dir='ltr'><strong>quo</strong></span> <span class='ocrx_word' id='word_1_1088' title='bbox 2216 5677 2409 5754; x_wconf 78' lang='lat' dir='ltr'><strong>eadem</strong></span> <span class='ocrx_word' id='word_1_1089' title='bbox 2437 5677 2630 5739; x_wconf 77' lang='lat' dir='ltr'><strong>deinde</strong></span> <span class='ocrx_word' id='word_1_1090' title='bbox 2655 5681 2901 5754; x_wconf 85' lang='lat' dir='ltr'><strong>manavit</strong></span> <span class='ocrx_word' id='word_1_1091' title='bbox 2925 5689 3045 5738; x_wconf 89' lang='lat' dir='ltr'><strong>tum</strong></span> <span class='ocrx_word' id='word_1_1092' title='bbox 3069 5677 3124 5754; x_wconf 84' lang='lat' dir='ltr'><strong>in</strong></span> <span class='ocrx_word' id='word_1_1093' title='bbox 3153 5679 3290 5754; x_wconf 81' lang='lat' dir='ltr'><strong>alios</strong></span> <span class='ocrx_word' id='word_1_1094' title='bbox 3310 5677 3558 5754; x_wconf 78' lang='lat' dir='ltr'><strong>angelos,</strong></span> <span class='ocrx_word' id='word_1_1095' title='bbox 3584 5677 3675 5754; x_wconf 75' lang='lat' dir='ltr'><strong>qui</strong></span> 
     </span>
    </p>
   </div>
   <div class='ocr_carea' id='block_1_136' title="bbox 2085 5741 3674 5824">
    <p class='ocr_par' dir='ltr' id='par_1_136' title="bbox 2085 5741 3674 5824">
     <span class='ocr_line' id='line_1_139' title="bbox 2085 5741 3674 5824; baseline -0.012 -14"><span class='ocrx_word' id='word_1_1096' title='bbox 2085 5741 2182 5824; x_wconf 73' lang='lat' dir='ltr'><strong>per</strong></span> <span class='ocrx_word' id='word_1_1097' title='bbox 2231 5753 2448 5824; x_wconf 81' lang='lat' dir='ltr'><strong>tertiam</strong></span> <span class='ocrx_word' id='word_1_1098' title='bbox 2485 5759 2694 5824; x_wconf 86' lang='lat' dir='ltr'><strong>partem</strong></span> <span class='ocrx_word' id='word_1_1099' title='bbox 2733 5753 3011 5824; x_wconf 87' lang='lat' dir='ltr'><strong>stellarum</strong></span> <span class='ocrx_word' id='word_1_1100' title='bbox 3053 5741 3413 5824; x_wconf 65' lang='lat' dir='ltr'><strong>designantuf</strong></span> 
     </span>
    </p>
   </div>
   <div class='ocr_carea' id='block_1_137' title="bbox 2085 5814 3684 5896">
    <p class='ocr_par' dir='ltr' id='par_1_137' title="bbox 2085 5814 3684 5896">
     <span class='ocr_line' id='line_1_140' title="bbox 2085 5814 3684 5896; baseline -0.013 -15"><span class='ocrx_word' id='word_1_1101' title='bbox 2085 5814 2204 5891; x_wconf 72' lang='lat' dir='ltr'><strong>in,</strong></span> <span class='ocrx_word' id='word_1_1102' title='bbox 2227 5839 2393 5896; x_wconf 86' lang='lat' dir='ltr'><strong>quam</strong></span> <span class='ocrx_word' id='word_1_1103' title='bbox 2417 5814 2580 5881; x_wconf 73' lang='lat' dir='ltr'><strong>draco</strong></span> <span class='ocrx_word' id='word_1_1104' title='bbox 2603 5824 2690 5880; x_wconf 87' lang='lat' dir='ltr'><strong>ille</strong></span> <span class='ocrx_word' id='word_1_1105' title='bbox 2715 5823 2872 5880; x_wconf 83' lang='lat' dir='ltr'><strong>rufus</strong></span> <span class='ocrx_word' id='word_1_1106' title='bbox 2897 5837 2994 5877; x_wconf 88' lang='lat' dir='ltr'><strong>sua</strong></span> <span class='ocrx_word' id='word_1_1107' title='bbox 3021 5814 3198 5872; x_wconf 73' lang='lat' dir='ltr'><strong>cauda</strong></span> <span class='ocrx_word' id='word_1_1108' title='bbox 3224 5825 3408 5869; x_wconf 87' lang='lat' dir='ltr'><strong>secum</strong></span> <span class='ocrx_word' id='word_1_1109' title='bbox 3434 5814 3599 5864; x_wconf 77' lang='lat' dir='ltr'><strong>traxit</strong></span> <span class='ocrx_word' id='word_1_1110' title='bbox 3625 5814 3684 5861; x_wconf 85' lang='lat' dir='ltr'><strong>in</strong></span> 
     </span>
    </p>
   </div>
  </div>
