4012 6192
372 322 470 380 431

371 564 403 605 a
434 564 495 606 se
524 548 789 622 dejectus,
819 547 876 603 in
920 542 1318 617 protoplastum
1358 553 1606 611 serpens,
1629 534 1975 592 inﬁrmitates

371 651 619 708 omnium
670 647 928 705 vitiorum
958 654 1014 702 et
1049 641 1308 700 materias
1335 638 1662 715 germinavit
1714 656 1727 692 :
1784 631 1813 669 δ
1840 636 1974 694 dum

374 753 518 811 enim
573 751 800 825 gloriam
828 748 1045 806 deitatis
1089 744 1293 802 arbitrii
1329 743 1577 800 libertate
1624 748 1680 797 et
1712 738 1971 796 industria

371 872 468 913 sua
503 854 738 912 credidit
767 869 825 910 se
854 868 1013 925 posse
1040 851 1382 924 conquirere,
1413 849 1578 905 etiam
1610 847 1760 904 illam
1789 843 1974 919 perdi-

368 958 469 1030 dit,
505 973 673 1033 quam
702 956 931 1029 adeptus
961 954 1138 1013 fuerat
1165 953 1336 1027 gratia
1358 950 1685 1012 Conditoris.

1708 307 1989 365 JOANNIS
2024 306 2328 364 CASSIANI

371 446 678 519 principalis
708 443 903 502 morbi.
928 447 953 477 ⁸
982 441 1090 513 Qui
1123 442 1347 497 rurSum
1372 451 1469 511 per
1494 433 1648 491 illum
1671 433 1761 507 qui
1790 432 1967 491 fuerat
1995 438 2049 501 Α

3574 310 3683 365 432

2081 527 2230 596 Quod
2265 528 2528 596 superbiae
2554 528 2747 581 vitium
2773 529 2847 583 sit
2868 528 2925 580 in
2948 525 3135 581 ordine
3162 524 3554 581 colluctationis
3584 543 3686 583 ex-

2098 610 2123 629 ,
2162 612 2169 625 .
2223 602 2470 665 tremum,
2506 602 2737 667 tempore
2763 602 2943 652 tamen
2970 601 3023 652 et
3042 597 3250 665 origine
3268 597 3532 665 primum.

2151 692 2337 763 Itaque
2377 690 2638 762 exemplis
2662 706 2727 747 ac
2765 689 3090 747 testimoniis
3117 688 3531 761 Scripturarum
3560 707 3688 748 ma-

2080 778 2427 837 nifestissime
2480 777 2888 849 comprobatur,
2935 776 3205 850 superbiat
3247 776 3429 835 labem
3471 791 3497 823 ο
3550 794 3684 837 cum

2082 867 2351 942 posterior
2400 867 2474 924 sit
2518 866 2577 923 in
2605 865 2793 924 ordine
2817 865 3169 922 conﬂictuum
3186 907 3203 935 ,
3242 866 3454 940 origine
3493 874 3682 925 tamen

2082 956 2411 1013 anteriorem
2442 969 2574 1019 esse,
2616 953 2969 1026 omniumque
2996 961 3348 1026 peccatorum
3393 963 3450 1011 et
3495 956 3683 1012 crimi-
3742 972 3751 975 ‘

2082 1061 2220 1104 num
2268 1059 2386 1102 esse
2429 1043 2779 1118 principium;
2807 1031 2969 1114 {nec
3008 1043 3154 1100 sicut
3184 1051 3385 1111 caetera
3426 1043 3557 1101 vitia
3584 1060 3684 1102 so-

1464 1236 1723 1291 ALARDI
1761 1235 1986 1290 GAZIEI
2022 1232 2582 1288 COMMENTARIUS.

369 1393 726 1466 barathrum;
736 1399 860 1466 tum
880 1390 933 1446 in
958 1387 1382 1466 protoplastum,
1408 1385 1463 1442 id
1477 1393 1583 1466 est,
1601 1386 1846 1466 primum
1869 1383 1968 1466 ho-

368 1465 577 1520 minem
618 1464 686 1519 de
713 1462 847 1517 limo
881 1456 1040 1536 terra;
1080 1456 1419 1536 formatum;
1455 1456 1616 1536 cujus
1646 1456 1967 1536 etiamupri-

368 1551 525 1591 mum
579 1540 862 1604 peccatum
926 1530 1090 1604 fuisse
1136 1524 1453 1604 super-lnam
1499 1524 1740 1604 declarat
1790 1524 1968 1580 divina

366 1596 814 1677 Scriptu'ra,‘qua3
836 1600 1144 1677 Ecclesiast.
1174 1596 1219 1677 ις
1243 1608 1299 1677 et
1317 1597 1590 1677 Tobiae_1_v
1614 1596 1829 1677 initium
1851 1610 1969 1677 om-

366 1676 453 1747 nis
486 1666 687 1747 peccati
704 1666 783 1747 fet
830 1669 1147 1747 perditionis
1189 1668 1317 1724 facit
1347 1666 1680 1747 superbiam.
1712 1666 1971 1747 Quamvis

368 1736 517 1829 enin}
545 1736 846 1829 b‘aac‘loca"
859 1741 1047 1823 referri
1075 1748 1301 1822 possent
1340 1736 1728 1829 ad'peccatum
1755 1736 1931 1829 angeli
1948 1776 1965 1805 ,
1995 1768 2042 1829 Β

366 1816 513 1889 quod
541 1812 915 1889 absol_u_te__fuit
945 1808 1197 1889 omnium
1222 1808 1482 1889 primum,
1507 1816 1571 1889 ut
1599 1808 1808 1889 dictum
1831 1815 1917 1862 est
1949 1827 1961 1862 :

368 1878 553 1943 famen
580 1884 891 1941 credibilius
927 1891 1009 1939 est
1045 1878 1481 1937 Ecclesiasticum
1511 1886 1566 1935 et
1603 1878 1836 1935 Tobiam
1877 1894 1971 1935 re-

365 1959 602 2030 spexisse
632 1956 703 2030 ad
736 1955 1288 2030 primum_peccatum
1326 1949 1628 2030 primorum
1655 1956 1966 2030 pareptum,

314 2024 319 2029 ’
366 2020 515 2092 αὐοᾷ
553 2020 753 2082 notius'
767 2033 885 2080 erat
906 2020 1068 2092 vulgo
1114 2036 1280 2092 quam
1324 2020 1609 2090 peccatum
1649 2020 1967 2090 angelorum

405 2038 515 2084 uad
553 2038 742 2082 notius
767 2038 885 2080 erat
906 2038 995 2078 vui
1034 2038 1068 2077 ο
1114 2038 1280 2092 quam
1324 2038 1607 2090 peccatum
1649 2038 1965 2090 angelorum

366 2044 649 2167 gBellarm.
678 2097 769 2172 lib.
798 2109 877 2172 ru
897 2038 1428 2172 dejnfsszgratiw,
1456 2106 1573 2172 cap.
1596 2097 1627 2146 4
1647 2110 1662 2159 ;
1684 2092 1740 2172 S_.
1782 2092 1965 2172 Thom.

369 2160 482 2235 i-2,
514 2184 568 2235 q.
600 2170 725 2235 163,
746 2180 798 2218 a.
824 2170 845 2218 1
876 2168 926 2218 et
962 2166 1038 2230 2).
1071 2160 1324 2235 Declarat
1352 2160 1457 2216 hoc
1481 2161 1662 2235 ipsum
1689 2161 1972 2235 elegantis-

368 2230 729 2293 simis-verbis
771 2241 825 2289 et
875 2230 1160 2303 sententiis
1213 2232 1286 2286 D.
1321 2230 1587 2303 August.__
1612 2232 1704 2286 lib.
1753 2230 1858 2286 xiv
1899 2231 1969 2287 de

367 2306 529 2363 Civit.
562 2304 662 2361 Dei
693 2319 813 2375 cap.
856 2309 919 2358 13
949 2302 1093 2359 hunc
1123 2302 1180 2356 in
1212 2299 1446 2357 moduni
1463 2301 1710 2375 scribens
1746 2320 1759 2356 :
1794 2306 1855 2357 In
1878 2319 1967 2375 oc-

370 2379 513 2433 culto
532 2381 709 2431 autem
733 2373 867 2429 mali
890 2389 999 2429 esse
1026 2378 1326 2443 coeperunt,
1357 2377 1420 2426 ut
1448 2374 1505 2426 in
1528 2377 1771 2442 apertam
1798 2373 1970 2427 inobe-

367 2449 627 2503 dientiam
647 2446 971 2500 laberentur.
992 2446 1109 2501 Non
1131 2445 1271 2498 enim
1299 2444 1375 2497 ad
1406 2443 1606 2497 malum
1633 2458 1762 2513 opus
1774 2459 1968 2514 perve-

369 2521 598 2581 niretur,
623 2518 732 2571 nisi
757 2517 1110 2586 praecessisset
1136 2515 1281 2567 mala
1308 2515 1574 2569 voluntas.
1618 2516 1782 2586 Porro
1810 2515 1968 2568 mala:

368 2591 661 2667 voluntatis
686 2585 902 2667 initium
921 2585 1260 2667 quodpotuit
1283 2600 1410 2667 esse,
1429 2586 1542 2667 nisi
1556 2585 1845 2667 superbia?
1863 2587 1970 2667 ini-

299 2711 326 2722 ,
370 2662 507 2714 tium
531 2662 673 2715 enim
700 2660 871 2713 omnis
892 2657 1097 2726 peccati
1124 2656 1373 2726 superbia
1392 2659 1504 2710 est:
1531 2655 1669 2725 quid
1688 2659 1765 2710 est
1790 2661 1969 2710 autem

368 2731 644 2802 superbia,
668 2731 777 2785 nisi
791 2743 1056 2802 perversa:
1077 2727 1411 2782 celsitudinis
1429 2743 1462 2802 ᾳ

366 2798 594 2857 είίθηὶηι
619 2798 875 2856 celsitudo
902 2803 982 2854 est
1008 2798 1213 2853 deserto
1237 2813 1314 2860 eo,
1354 2799 1443 2851 cui
1467 2798 1620 2851 debet
1645 2800 1857 2851 animus
1883 2799 1970 2850 in-

370 2873 587 2933 lusi-ere,
617 2872 912 2940 principio,
958 2870 1066 2923 sibi
1103 2867 1487 2940 quodammodo
1530 2868 1651 2933 ﬁeri
1676 2872 1834 2940 atque
1861 2882 1969 2940 esse

445 2937 713 3010 incipium.
738 2937 847 2994 Hoc
873 2942 937 3010 fit
957 2954 1074 2993 cum
1096 2940 1208 2992 sibi
1234 2939 1399 3010 nimis
1422 2937 1617 3010 placet,
1641 2952 1758 2989 cum
1776 2938 1848 3010 ab
1875 2939 1966 2991 illo

520 3007 855 3064 immutabili
877 3009 1075 3076 deﬁcit,
1105 3007 1249 3075 quod
1271 3009 1324 3059 ei
1342 3007 1514 3074 magis
1522 3007 1733 3075 placere
1760 3007 1965 3075 debuit,

367 3096 531 3150 quam
552 3082 668 3148 ipse
702 3080 828 3150 sibi.
869 3079 1199 3150 Spontaneus
1225 3081 1303 3131 est
1342 3082 1520 3150 autem
1553 3078 1656 3150 iste
1681 3076 1917 3150 defectus
1948 3097 1966 3131 :

365 3148 620 3220 quoniam
647 3151 700 3204 si
721 3148 1062 3220 voluntas‘in
1089 3162 1267 3201 amore
1293 3148 1589 3220 superioris
1616 3149 1967 3220 immutabilis

370 3217 509 3283 boni,
544 3235 579 3274 a
626 3235 727 3289 quo
754 3217 1134 3272 illustrabatur
1176 3222 1239 3271 ut
1259 3218 1481 3280 videret,
1508 3222 1559 3289 et
1586 3219 1967 3274 accendebatur

364 3296 427 3347 ut
455 3295 685 3359 amaret,
712 3290 924 3345 stabilis
939 3292 1298 3358 permaneret;
1324 3304 1431 3343 non
1458 3288 1583 3344 inde
1610 3289 1683 3343 ad
1710 3290 1815 3344 sibi
1837 3291 1965 3360 pla-

366 3363 589 3419 cendum
618 3364 961 3423 averteretur,
995 3364 1045 3415 et
1072 3375 1139 3413 ex
1178 3360 1271 3414 hoc
1302 3360 1670 3415 tenebresceret
1707 3364 1758 3415 et
1794 3363 1963 3431 frige-

365 3438 548 3496 sceret,
574 3437 634 3488 ut
661 3432 743 3487 vel
776 3432 876 3485 illa
925 3446 1106 3485 verum
1136 3430 1366 3488 crederet
1408 3431 1615 3485 dixisse
1647 3430 1959 3501 serpentem,

365 3503 449 3559 vel
482 3503 576 3557 ille
602 3505 702 3557 Dei
734 3502 990 3555 mandato
1016 3503 1206 3555 umoris
1241 3506 1577 3570 praeponeret
1607 3502 1962 3569 voluntatem;

360 3577 687 3644 putaretque
708 3587 763 3627 se
784 3572 1066 3626 venialiter
1094 3576 1537 3644 transgressorem
1564 3586 1673 3644 esse
1690 3576 1962 3642 prcecepti,

366 3642 418 3700 si
441 3646 565 3699 vita:
586 3659 695 3697 suae
739 3644 937 3697 sociam
963 3657 1066 3695 non
1097 3642 1353 3696 desereret
1402 3642 1565 3696 etiam
1614 3643 1675 3695 in
1722 3645 1966 3700 societate

357 3716 585 3786 peccati.
608 3717 725 3772 Non
751 3713 1118 3786 enim_malum
1139 3727 1276 3786 opus
1297 3714 1506 3779 factum
1531 3716 1628 3775 est,
1655 3712 1721 3786 id,
1738 3717 1845 3786 est,
1864 3715 1963 3768 illa

363 3783 734 3855 transgressio,
763 3788 825 3838 ut
848 3784 958 3838 cibo
978 3783 1252 3854 prohibito
1280 3787 1631 3846 vescerentur,
1664 3784 1773 3837 nisi
1790 3784 1859 3837 ab
1885 3789 1961 3840 eis

362 3860 461 3927 qui
501 3858 637 3911 mali
652 3857 773 3926 jam
799 3859 951 3909 erant
995 3871 1009 3910 :
1053 3870 1223 3927 neque
1263 3855 1405 3909 enim
1441 3857 1592 3927 ﬁeret
1619 3855 1714 3909 ille
1748 3855 1962 3921 fructus

360 3924 559 3991 malus,
586 3924 698 3983 nisi
721 3928 790 3981 ab
812 3927 999 3981 arbore
1023 3925 1189 3980 mala.
1224 3927 1306 3981 Ita
1337 3924 1699 3996 Augustinus.
1723 3928 1960 3996 Consen-

361 3997 508 4055 tiunt
540 4006 596 4054 et
631 3997 719 4054 alii
748 3999 957 4053 Patres.
989 3998 1048 4053 S.
1082 3998 1319 4067 Prosper
1357 3993 1457 4051 lib:
1487 4010 1539 4067 It
1577 3993 1661 4067 de,
1680 3995 1804 4051 Vita
1823 4013 1959 4054 eon-

359 4069 679 4141 templativa
706 4085 823 4141 cap.
858 4074 962 4141 19A:
992 4072 1062 4141 Et
1087 4066 1483 4141 mihiquidem,
1516 4066 1711 4136 inquit,
1749 4068 1961 4125 videtur

360 4086 679 4211 mantva
858 4086 923 4124 19
949 4086 962 4122 ε
992 4086 1063 4153 LI.
1087 4086 1225 4121 πηηῑ
1516 4086 1711 4151 ιιιςιιοιῐ,
1749 4086 1959 4125 videtur

529 4157 632 4197 non
666 4141 875 4196 ederent
915 4139 981 4194 de
1021 4140 1163 4208 ligno
1195 4140 1499 4209 prohibito,
1544 4154 1653 4192 nisi
1680 4142 1959 4211 campis-

358 4215 500 4277 sent;
533 4227 627 4265 nec
667 4212 1046 4280 concupissent,
1075 4211 1186 4264 nisi
1208 4211 1431 4275 tentati;
1467 4224 1561 4264 nec
1600 4212 1952 4279 tentarentur,

360 4283 471 4337 nisi
510 4281 734 4347 deserti;
762 4296 856 4335 nec
898 4281 1261 4336 desererentur
1287 4296 1323 4335 a
1347 4283 1479 4343 Deo,
1526 4281 1640 4335 nisi
1662 4282 1775 4352 ipsi
1797 4284 1953 4351 prius

361 4352 662 4406 desererent
686 4354 882 4417 Deum;
902 4366 993 4406 nec
1023 4352 1315 4406 desererent
1346 4355 1542 4413 Deum,
1582 4353 1692 4407 nisi
1711 4354 1959 4421 superbi-

361 4425 500 4483 rent,
535 4428 587 4476 et
622 4420 1030 4491 similitudinem
1056 4422 1156 4476 Dei
1190 4422 1574 4476 miserabiliter
1607 4424 1953 4491 oppetissent.

1540 2728 1701 2781 etitus
1712 2730 1740 2780 ?
1758 2728 1973 2781 Perver-

2074 1398 2229 1456 _mum
2263 1381 2391 1439 inde
2418 1381 2605 1438 omnia
2632 1381 2759 1438 vitia
2787 1380 3103 1454 pullulasse,
3128 1387 3181 1437 et
3208 1381 3266 1437 in
3292 1389 3474 1439 totum
3506 1398 3683 1456 genus

2075 1454 2381 1525 humanum
2414 1468 2782 1525 permanasse.

2146 1518 2173 1557 ¹³
2218 1518 2461 1580 Tametsi
2486 1532 2703 1580 constat
2745 1533 2865 1580 tum
2893 1537 2959 1578 ex
2989 1522 3288 1593 Scriptura,
3319 1531 3443 1580 tum
3475 1539 3541 1580 ex
3575 1527 3676 1583 SS.

2076 1596 2301 1651 Patrum
2358 1593 2605 1651 doctrina
2651 1594 2889 1665 primum
2933 1592 3135 1650 Adam’i
3185 1602 3469 1665 peccatum
3507 1594 3687 1654 fuisse

2064 1665 2420 1739 superbiam,
2465 1674 2526 1720 ut
2561 1663 2695 1739 jam_
2726 1663 2937 1739 dictum
2971 1672 3061 1720 est
3069 1683 3101 1739 3_
3122 1663 3306 1720 tamen
3333 1679 3448 1720 non
3508 1682 3685 1739 usque

2076 1734 2212 1807 adeo
2242 1734 2643 1807 promptum—ac
2669 1735 2826 1807 facile
2852 1743 2937 1790 est
2963 1734 3229 1807 explicare
3253 1750 3378 1807 quae
3403 1744 3455 1792 et
3495 1734 3676 1807 qualis

2074 1805 2348 1878 fueritilla
2372 1805 2644 1878 superbia,
2680 1806 2817 1878 etin
2844 1820 2954 1876 quo
2983 1805 3182 1878 posita.
3209 1805 3676 1878 Cassianusidem

2075 1877 2144 1934 de
2193 1875 2410 1932 Adamo
2442 1874 2512 1933 ac
2548 1875 2617 1932 de
2652 1874 2908 1933 Lucifero
2942 1874 3172 1931 sensisse
3205 1875 3435 1944 videtur,
3463 1877 3676 1935 scilicet

2076 1946 2356 2020 Adamum
2383 1948 2675 2020 appetiisse
2699 1963 2763 2004 ac
2787 1946 3216 2020 praesumpsisse
3230 1946 3459 2018 gloriam
3477 1947 3673 2020 _deita-

2076 1962 2356 2004 Adamum
2383 1962 2675 2020 appetnsse
2699 1963 2763 2004 ac
2787 1962 3091 2072 praesumps
3101 1962 3207 2002 isse
3230 1962 3459 2018 gloriam
3506 1962 3673 2005 uerta-

2076 2019 2169 2087 tis,
2197 2018 2304 2074 hoc
2328 2026 2412 2074 est
2428 2058 2444 2086 ,
2471 2018 2704 2091 gloriam
2730 2026 2949 2091 aeterna;
2976 2017 3027 2073 fe
3048 2016 3277 2091 icitatis;
3304 2033 3410 2089 qua
3437 2016 3678 2091 efﬁcere

2074 2059 2169 2145 ἰίἶί
2197 2059 3033 2156 ἰίἶνιῖέιὶἐέἶῖἓεῒῶεἶιίηῗίεὶιι
3073 2059 3277 2159 ᾴιὶἓιὶῗσί

2077 2158 2364 2216 litudinem
2384 2158 2623 2215 arbritrii
2649 2159 2896 2215 libertate
2917 2166 2973 2214 et
3000 2158 3289 2225 industria,
3330 2159 3437 2215 hoc
3461 2168 3565 2228 est,
3588 2176 3681 2217 so-

2076 2229 2146 2286 lis
2185 2239 2397 2303 naturae
2429 2230 2643 2303 viribus;
2680 2230 2954 2303 obtinere.
3006 2230 3075 2283 Et
3112 2244 3240 2285 sane
3270 2229 3679 2303 Adamumgper

2075 2301 2387 2383 superbiam
2415 2301 2734 2383 expetivisse
2762 2300 3116 2383 excellentem
3147 2300 3445 2383 quamdam
3471 2300 3682 2383 1)ςὶήεὶ-

2075 2370 2465 2442 militudinem,
2485 2370 2779 2442 perspicue
2825 2370 3124 2427 declaravit
3150 2370 3317 2438 Deus,
3347 2386 3475 2426 cum
3504 2371 3575 2427 de
3601 2388 3675 2429 ee

2075 2441 2213 2497 dixit
2256 2461 2268 2495 :
2303 2445 2432 2497 Ecce
2464 2441 2645 2498 Adam
2686 2444 2845 2508 quasi
2881 2457 3022 2497 unus
3048 2457 3117 2497 ea:
3150 2443 3297 2496 nobis
3333 2443 3515 2508 factus
3551 2449 3678 2508 est,

2075 2461 2213 2497 αΙΧΙῐ
2256 2461 2268 2495 ε
2303 2461 2432 2497 δεῦε
2464 2461 2645 2498 Adam
2881 2461 3022 2497 unus
3048 2461 3117 2497 ϐω
3150 2461 3297 2496 τιοοιε
3333 2461 3515 2508 [assus
3551 2461 3671 2508 ess,

2075 2514 2251 2593 sciens
2264 2513 2485 2593 bonum,
2514 2517 2564 2567 et
2857 2510 3002 2569 haud
3041 2511 3207 2593 dubie
3226 2512 3408 2593 ipsum
3430 2526 3671 2584 arguens

2075 2583 2331 2654 expetitae
2356 2582 2424 2639 ab
2452 2598 2541 2654 eo,
2566 2581 2944 2654 affectatieque
2980 2581 3331 2654 excellentia.
3358 2581 3677 2654 Hanc'vero

2074 2651 2314 2710 divinam
2364 2653 2740 2709 excellentiam
2784 2651 3303 2711 et'similitudinem
3347 2653 3417 2709 ab
3451 2651 3677 2711 Adamn

2075 2723 2391 2780 affectatam
2421 2723 2577 2781 divus
2597 2724 2839 2780 Thomas
2859 2723 3071 2780 duabus
3110 2722 3165 2780 in
3193 2724 3360 2779 rebus
3385 2724 3676 2782 constituit

2079 2796 2208 2867 (2-2,
2236 2813 2288 2864 q.
2314 2800 2436 2867 nos,
2460 2812 2515 2849 a.
2543 2800 2618 2863 2).
2641 2794 2835 2867 primo
2861 2809 2925 2850 ac
2945 2794 3214 2867 praecipue
3239 2794 3541 2867 inscientia
3568 2795 3677 2867 bo:-

2075 2863 2129 2920 ni
2171 2873 2226 2921 et
2244 2863 2400 2921 ’mali.
2440 2864 2694 2922 Secundo
2720 2874 2775 2922 et
2814 2863 3158 2930 secundario,
3197 2865 3254 2920 in
3292 2863 3572 2934 facultate,
3604 2864 3675 2923 li-'

2078 2937 2283 3009 bertate
2309 2950 2372 2991 ac
2410 2944 2674 3009 potestate
2699 2934 3428 3009 operandi.-Primush01no,
3461 2937 3677 3009 inquit,

2071 3008 2308 3076 peccavit
2344 3008 2723 3078 principaliter
2740 3008 3052 3078 appetendo
3092 3008 3508 3064 similitudinem
3538 3008 3675 3073 Dei,

2074 3081 2337 3147 quantum
2368 3077 2444 3132 ad
2482 3080 2760 3133 scientiam
2788 3077 2911 3134 boni
2937 3083 2987 3133 et
3027 3079 3195 3140 mali,
3227 3080 3367 3134 sicut
3389 3094 3603 3148 serpens
3626 3083 3683 3133 ei

3278 2104 3369 2144 am
3398 2089 3495 2144 Dei
3519 2090 3681 2146 simi-

2000 3133 2045 3194 C
2074 3133 2353 3233 suggessit,
2382 3154 2445 3204 ut
2465 3150 2669 3233 scilicet
2666 3164 2792 3273 (per
2818 3133 3070 3205 virtutem
3089 3133 3329 3233 promite
3353 3133 3563 3205 elatura:
3582 3133 3678 3204 de-

2072 3223 2384 3273 termtnaret
2425 3221 2528 3273 sibi
2568 3236 2663 3273 aut
2739 3225 2870 3273 esset
2900 3222 3089 3273 bonum
3118 3225 3169 3273 et
3203 3221 3338 3273 quid
3374 3221 3574 3273 malum
3601 3221 3678 3273 ad

2072 3221 2396 3292 terminaret
2425 3221 2532 3274 sibi
2568 3221 2703 3289 quid
2739 3225 2870 3275 esset
2900 3222 3089 3276 bonum
3118 3225 3169 3276 et
3203 3221 3338 3290 quid
3374 3221 3574 3275 malum
3601 3221 3680 3276 ad

2069 3290 2331 3363 agendum
2349 3290 2396 3353 ,“
2423 3292 2506 3346 vel
2558 3293 2729 3363 etiam,
2776 3307 2877 3361 per
2936 3294 3169 3363 seipsum
3230 3297 3679 3361 pracognosceret

2070 3361 2205 3431 quid
2231 3363 2339 3416 sibi
2360 3363 2482 3416 boni
2503 3362 2586 3416 vel
2620 3362 2756 3416 mali
2793 3367 2926 3418 esset
2952 3361 3225 3430 futurum.
3260 3366 3331 3418 Et
3355 3363 3678 3418 secundario

2069 3435 2303 3501 peccavit
2320 3433 2617 3502 appetendo
2637 3433 3049 3489 similitudinem
3068 3436 3183 3496 Dei,
3201 3438 3457 3503 quantum
3466 3434 3544 3487 ad
3547 3449 3677 3501 pro-

2065 3504 2251 3571 priam
2267 3507 2582 3572 potestatem
2600 3504 2865 3573 operandi
2883 3523 2899 3558 :
2924 3510 2986 3560 ut
3001 3507 3202 3561 scilicet
3217 3506 3413 3559 virtute
3428 3505 3673 3573 proprii:

2071 3576 2284 3645 tiaturce
2323 3578 2631 3645 operaretur
2673 3575 2746 3629 ad
2797 3576 3182 3631 beatitudinem
3231 3573 3672 3645 consequendam.

2071 3642 2331 3717 Ejusdem
2349 3642 2651 3717 '_doctrinai
2696 3653 2932 3701 assertor
2960 3648 3031 3701 D.
3071 3642 3428 3717 Augustinus
3471 3643 3571 3717 lib.
3622 3659 3676 3701 ιι

2072 3715 2223 3783 (Cap.
2270 3719 2324 3781 5)
2353 3712 2421 3769 de
2458 3714 2654 3771 Genesi
2697 3723 2886 3771 contra
2932 3712 3268 3773 Manicbaios
3303 3716 3373 3770 ita
3409 3715 3601 3770 scribit
3653 3733 3673 3768 :

2076 3785 2331 3841 Videmus
2343 3825 2367 3859 .
2403 3784 2579 3859 inquit
2595 3827 2627 3859 .
2648 3801 2746 3856 per
2772 3787 3077 3857 superbiam
3102 3791 3373 3859 peccatum
3400 3800 3671 3859 essem-

2065 3871 2303 3912 suasum.
2331 3856 2423 3911 Ad
2439 3858 2534 3912 hoc
2546 3858 2686 3912 enim
2707 3858 2868 3920 valet,
2891 3859 3036 3928 quod
3049 3856 3249 3914 dictum
3269 3861 3364 3919 est,
3383 3856 3553 3913 Eritis
3565 3857 3677 3911 sie-

2067 3931 2130 3982 ut
2167 3929 2270 3983 dii.
2301 3928 2442 3996 Quid
2477 3929 2564 3983 hic
2585 3929 2929 3999 intelligitur,
2958 3931 3068 3984 nisi
3100 3944 3421 4000 persuasum
3444 3941 3574 3986 esse.
3600 3932 3673 3983 ut

2066 4000 2165 4053 sub
2204 4002 2308 4054 Deo
2330 4014 2440 4054 esse
2463 4000 2681 4063 nollent,
2718 4000 2811 4056 sed
2836 4001 2897 4054 in
2925 4015 3026 4054 sua
3046 4004 3309 4070 potestate
3332 4004 3425 4071 pot
3438 4000 3679 4071 iussine

2066 4073 2322 4137 Domino;
2340 4074 2402 4126 ut
2429 4072 2591 4140 legem
2613 4071 2726 4140 ejus
2748 4086 2853 4126 non
2872 4069 3229 4135 observarent,
3251 4069 3409 4141 quasi
3432 4069 3675 4124 inviden-

2066 4144 2142 4196 tes
2168 4142 2289 4204 sibi,
2309 4158 2375 4196 ne
2391 4156 2443 4196 se
2457 4143 2568 4211 ipsi
2583 4146 2841 4209 regerent,
2860 4158 2965 4196 non
2983 4141 3286 4211 indigentes
3313 4143 3464 4197 illius
3504 4142 3678 4195 inter-

2063 4212 2364 4283 uolumine,
2379 4212 2473 4266 sed
2485 4216 2687 4283 utentes
2711 4214 2937 4283 propria
2948 4213 3313 4283 providentia,
3330 4213 3488 4282 quasi
3502 4211 3624 4265 ocul
3629 4213 3677 4265 is

2063 4283 2265 4354 suisad
2288 4282 2919 4351 dignoscendumbonum
2942 4287 2992 4339 et
3016 4283 3402 4354 malum,un
3422 4283 3515 4337 ille
3532 4296 3668 4354 pro-

2064 4352 2334 4407 hibuisset.
2370 4355 2478 4408 Hoc
2507 4357 2585 4408 est
2611 4368 2757 4423 ergo,
2777 4354 2918 4423 quod
2936 4369 3249 4423 persuasum
3270 4352 3372 4417 est,
3409 4358 3471 4408 ut
3511 4352 3670 4408 sitam

2056 4426 2371 4495 potestatem
2398 4425 2563 4495 nimis
2590 4429 2857 4488 amarent,
2896 4432 3001 4480 etc.
3036 4427 3107 4480 Et
3142 4433 3302 4481 tract.
3333 4430 3366 4479 4
3402 4424 3458 4479 in
3485 4423 3666 4495 Epist.

360 4489 995 4585 §=_.E‘3'8‘3{"i‘33_'19;3§
1030 4493 1193 4585 £9113-
1219 4494 1326 4585 ἕο)
1368 4492 1437 4548 de
1456 4489 1858 4585 ιξηὲθὶιξὲίέίθυέ
1884 4502 1955 4585 ,ξε
1982 4522 2032 4585 D
2056 4489 2288 4585 “aenis
2308 4509 2348 4585 ἐκ
2379 4494 2700 4585 Wfﬁn“?
2725 4496 2905 4579 Αάαῐη
2927 4497 2988 4550 in
3008 4498 3267 4585 Ραῖιξίὲίξο
3284 4489 3672 4585 Ροὲίίξιδ,²⁵⁷“α’·

360 4562 550 4620 Gratia
580 4580 592 4616 :
617 4563 757 4648 Quia
776 4563 989 4649 primus
1017 4562 1604 4649 AhomO’inosuperbia‘m‘
1622 4566 1700 4621 est
1717 4563 1953 4649 diaboli-
1982 4562 2031 4585 ν
2063 4568 2270 4635 ceptum
2300 4566 2415 4648 Dei,
2447 4569 2501 4649 et
2526 4562 2696 4649 erézrit
2724 4568 2991 4649 cervicem,
3008 4562 3272 4649 velutiin
3283 4562 3548 4649 potestate
3559 4580 3661 4620 sua

359 4649 421 4689 ea
440 4635 787 4705 persuasione
799 4633 1053 4703 dejectus,
1068 4633 1307 4705 perdidit
1328 4634 1706 4705 humilitatem.
1729 4634 1792 4705 S.
1817 4634 1953 4691 Gre-

362 4703 553 4777 gorius
579 4705 672 4762 lib.
709 4721 769 4762 tv
790 4706 940 4776 (Cap.
973 4710 1028 4771 9)
1059 4704 1350 4761 Moralium
1377 4722 1392 4759 :
1444 4708 1612 4777 Duas,
1644 4703 1852 4777 inquit,
1877 4706 1951 4760 ad

357 4776 769 4849 intelligendum
787 4793 842 4834 se
870 4781 1144 4833 creaturas
1161 4777 1377 4844 fecerat,
1395 4776 1692 4849 angelicam
1706 4776 1950 4849 videlicet

357 4853 409 4903 et
427 4847 719 4905 humanam
743 4868 758 4903 :
778 4854 1063 4919 utramque
1088 4863 1209 4903 vero
1237 4849 1487 4919 superbia
1508 4847 1757 4916 perculit,
1788 4852 1949 4918 atque

358 4919 430 4972 ab
456 4924 605 4989 statu
630 4923 891 4988 ingenitae
920 4921 1265 4976 rectitudinis
1294 4921 1483 4989 fregit.

428 4991 455 5021 ³
486 4988 612 5116 Qui,
637 4989 841 5044 scilicet
870 4989 1099 5046 morbus
1114 4989 1403 5060 superbiae,
1434 5005 1531 5061 per
1549 4988 1725 5060 illum,
1749 5004 1948 5115 nempe

428 5059 493 5115 tci
519 5074 805 5116 erum.seu
827 5059 1066 5116 primum
1078 5059 1334 5116 angelum
1346 5059 1416 5116 ob
1432 5061 1741 5116 superbiam
1758 5076 1886 5116 θυοδ
1910 5077 1944 5116 o

357 5059 699 5131 Luciferum,
711 5074 805 5115 seu
827 5059 1066 5131 primum
1078 5059 1334 5131 angelum
1346 5059 1416 5116 ob
1432 5059 1741 5129 superbiam
1758 5076 1788 5118 e
1799 5059 1944 5118 cmlo

356 5129 658 5212 dejectum,_
677 5129 900 5212 rursum
925 5145 996 5212 ac
1019 5129 1224 5212 deinde
1248 5130 1305 5185 in
1330 5132 1751 5212 promplastum,
1776 5132 1831 5189 id
1852 5141 1945 5212 est

394 5199 602 5272 rimum
645 5200 926 5272 hominem
966 5199 1242 5272 Adamum
1275 5199 1524 5272 serpens,
1547 5201 1604 5272 id
1641 5207 1725 5257 est
1750 5217 1809 5258 se
1834 5201 1940 5258 dif-

383 5269 629 5352 undeps,
658 5279 761 5352 etc.
825 5270 1128 5352 Dionysius
1178 5269 1525 5352 sententiam,
1547 5271 1784 5352 invertit,
1806 5272 1939 5352 dum

351 5340 431 5415 sic
458 5339 637 5396 reddit
666 5357 681 5394 :
711 5344 840 5409 Qum
863 5339 1089 5415 (scilicet
1121 5342 1402 5415 superbia)
1426 5357 1526 5412 per
1549 5344 1939 5412 protoplastum

340 5414 507 5471 .tllum
522 5428 754 5484 serpens,
780 5415 879 5484 qui
892 5414 959 5468 ab
984 5429 1045 5468 ea
1073 5415 1304 5485 dejectus
1330 5417 1424 5485 est.
1446 5419 1575 5485 etc.,
1606 5422 1803 5485 praeter
1829 5417 1940 5469 Au-

348 5485 520 5557 ctoris
542 5481 868 5557 mantem’et
901 5481 1150 5557 omnium
1175 5483 1565 5557 exemplarium
1601 5481 1788 5557 ﬁdem.
1819 5487 1937 5557 vo-

348 5554 450 5612 luit
475 5556 623 5629 enim
656 5560 869 5629 Auctor
917 5555 1245 5629 signiﬁcare,
1268 5553 1606 5629 Luciferum,
1640 5553 1709 5629 de
1738 5570 1850 5629 quo
1877 5555 1934 5613 in

346 5626 672 5711 pmcedenti
696 5623 1039 5711 cap._eger_at,
1063 5623 1551 5711 morbo‘suporbize
1572 5623 1933 5711 primo—fuisse

346 5696 668 5771 superatum
709 5696 777 5755 et'
806 5696 1109 5771 deiectum;
1136 5714 1201 5755 ac
1240 5696 1433 5771 deinde
1478 5696 1589 5771 per‘
1616 5697 1824 5771 ipsum,
1878 5698 1933 5756 id

345 5768 450 5853 est,
471 5769 615 5827 illius
642 5786 807 5853 opera
832 5768 1199 5853 etipstiuctu,
1228 5768 1505 5853 adamum
1534 5768 1932 5853 protoplastum

343 5841 543 5901 eodem
579 5840 799 5914 morbo,
828 5841 1037 5900 scilicet
1082 5840 1377 5915 superbire,
1412 5840 1711 5913 corruisse;
1743 5855 1806 5898 ac
1834 5840 1927 5898 de-

2058 4650 2167 4691 esse
2191 4637 2424 4706 cupiens,
2451 4640 2503 4691 et
2532 4638 2713 4692 nolens
2741 4637 2905 4693 subdi
2934 4639 3194 4707 potestati
3230 4639 3342 4692 Dei.

2129 4716 2149 4742 ε
2176 4707 2254 4762 lta
2289 4714 2344 4762 et
2378 4707 2630 4778 superius
2664 4708 2813 4778 (Cap.
2849 4710 2898 4774 ι)
2938 4707 3119 4764 dixit:
3161 4710 3266 4777 Qui
3296 4709 3511 4763 morbus
3541 4709 3669 4765 licet

2055 4778 2278 4833 ultimus
2300 4780 2374 4833 sit
2391 4779 2450 4832 in
2472 4781 2715 4846 conflictu
2732 4781 3005 4847 vitiorum,
3024 4784 3187 4850 atque
3214 4781 3271 4833 in
3289 4779 3477 4834 ordine
3492 4795 3670 4850 pona-

2056 4854 2148 4920 tur
2159 4852 2454 4920 rextremus,
2478 4852 2683 4918 origine
2694 4853 2869 4905 tamen
2882 4854 2932 4905 et
2943 4855 3173 4920 tempore
3186 4851 3398 4920 primus
3423 4855 3523 4915 est,
3546 4862 3659 4907 etc.

2054 4919 2168 4991 Ubj
2198 4919 2350 4991 plura
2374 4926 2629 4991 annotata
2650 4935 2716 4976 ex
2744 4922 2815 4991 D.
2845 4919 3114 4991 Prospero
3140 4919 3202 4991 et
3219 4919 3454 4976 Isidoro.

2125 4978 2152 5021 ἀ
2184 4978 2409 5060 Repetit
2437 4990 2585 5062 quod
2619 4990 2869 5062 superius
2895 4978 3045 5062 (Cap.
3072 4990 3249 5057 3)aliis
3268 4991 3448 5048 verbis
3470 4989 3611 5047 dixit
3630 5032 3647 5059 ,

2055 5077 2204 5117 omne
2220 5064 2413 5116 vitium
2427 5064 2540 5117 suis
2563 5076 2670 5117 esse
2691 5064 2929 5117 terminis
2952 5066 3272 5125 contentum,
3286 5066 3337 5117 et
3351 5078 3517 5117 unam
3534 5064 3652 5117 vir-

2053 5137 2219 5187 tutem
2233 5133 2340 5187 sibi
2359 5134 2685 5187 contrariam
2703 5135 3070 5202 exstinguere:
3094 5134 3397 5204 superbiam
3412 5149 3652 5204 verogom-

2050 5219 2142 5259 nes
2163 5204 2386 5275 virtutes
2418 5219 2766 5275 corrumpere.
2810 5204 2927 5273 Qua
2956 5218 3085 5259 vero
3124 5202 3337 5260 ratione
3364 5202 3648 5275 superbia,

2050 5288 2180 5330 cum
2219 5273 2290 5330 sit
2315 5273 2545 5345 speciale
2596 5281 2906 5345 peccatum,
2953 5289 3148 5331 omnes
3189 5283 3375 5345 tamen
3413 5273 3651 5345 virtutes

2048 5343 2398 5415 corrumpere
2432 5343 2663 5411 dicatur,
2684 5344 2918 5416 explicat
2941 5348 3014 5401 D.
3035 5345 3281 5402 Thomas
3310 5343 3399 5399 his
3422 5344 3605 5416 verbis
3635 5366 3648 5398 :

2046 5414 2320 5471 Peccatum
2342 5416 2561 5486 aliquod
2574 5414 3101 5487 potest—corrumpere
3130 5419 3382 5472 virtutem
3403 5414 3653 5485 duplici-

2046 5491 2146 5549 ter,
2161 5500 2265 5541 uno
2280 5487 2433 5550 modo
2444 5503 2545 5558 per
2558 5487 2817 5542 directam
2830 5491 3259 5543 contrarietatem
3273 5487 3348 5542 ad
3359 5488 3617 5542 virtutem
3639 5506 3656 5542 :

2043 5558 2210 5614 ethoc
2233 5558 2387 5630 modo
2414 5559 2663 5629 superbia
2691 5574 2794 5613 non
2820 5561 3111 5630 corrumpit
3145 5558 3441 5630 quamlibet
3466 5561 3656 5614 virtu-

2043 5633 2165 5692 tem,
2190 5629 2287 5684 sed
2308 5630 2479 5683 solum
2504 5630 2881 5691 humilitatem,
2903 5634 3040 5685 sicut
3063 5630 3337 5700 quodlibet
3353 5629 3515 5686 aliud
3532 5645 3659 5701 spec

2041 5702 2173 5757 ciale
2186 5705 2460 5771 peccatum
2479 5703 2764 5770 corrumpit
2783 5701 3074 5770 quamdam
3094 5701 3649 5772 smcialemvirtutem

2040 5773 2150 5827 sibi
2171 5773 2466 5843 oppositam
2502 5773 2828 5827 contrarium
2856 5772 3079 5842 agendo.
3109 5772 3237 5828 Alio
3265 5771 3423 5826 modo
3450 5787 3649 5843 pecca-

2039 5846 2152 5900 tum
2166 5843 2384 5914 aliquod
2410 5844 2700 5913 corrumpit
2723 5845 2973 5900 virtutem
2996 5843 3404 5913 abutendojpsa
3422 5846 3630 5899 virtute
