  <div class='ocr_page' id='page_1' title='image "/cluster/home/n/w/nwhite01/storage/ocr_20150623/49/hvd.32044096580709/224.png"; bbox 0 0 4012 6192; ppageno 0'>
   <div class='ocr_carea' id='block_1_1' title="bbox 351 228 3661 294">
    <p class='ocr_par' dir='ltr' id='par_1_1' title="bbox 351 228 3661 294">
     <span class='ocr_line' id='line_1_1' title="bbox 351 228 3661 294; baseline 0.004 -16"><span class='ocrx_word' id='word_1_1' title='bbox 351 232 456 287; x_wconf 65' lang='grc'><strong>433</strong></span> <span class='ocrx_word' id='word_1_2' title='bbox 532 232 555 265; x_wconf 69' lang='grc'><strong>»⁷</strong></span> <span class='ocrx_word' id='word_1_3' title='bbox 716 236 721 239; x_wconf 67' lang='grc'><strong>“</strong></span> <span class='ocrx_word' id='word_1_4' title='bbox 919 229 1012 284; x_wconf 80' lang='lat' dir='ltr'><strong>DE</strong></span> <span class='ocrx_word' id='word_1_5' title='bbox 1048 228 1524 286; x_wconf 76' lang='lat' dir='ltr'><strong>C(ENOBIORUM</strong></span> <span class='ocrx_word' id='word_1_6' title='bbox 1560 229 1810 286; x_wconf 78' lang='lat' dir='ltr'><strong>INSTIT&#39;.</strong></span> <span class='ocrx_word' id='word_1_7' title='bbox 1850 229 1977 285; x_wconf 86' lang='lat' dir='ltr'><strong>LIB.</strong></span> <span class='ocrx_word' id='word_1_8' title='bbox 2020 231 2131 286; x_wconf 74' lang='lat' dir='ltr'><strong>XII.</strong></span> <span class='ocrx_word' id='word_1_9' title='bbox 2168 258 2243 270; x_wconf 94' lang='lat'><strong>—</strong></span> <span class='ocrx_word' id='word_1_10' title='bbox 2279 230 2367 285; x_wconf 86' lang='lat' dir='ltr'><strong>DE</strong></span> <span class='ocrx_word' id='word_1_11' title='bbox 2403 229 2671 286; x_wconf 79' lang='lat' dir='ltr'><strong>SPIRITU</strong></span> <span class='ocrx_word' id='word_1_12' title='bbox 2712 231 3092 288; x_wconf 77' lang='lat' dir='ltr'><strong>SUPERBLE.</strong></span> <span class='ocrx_word' id='word_1_13' title='bbox 3557 237 3661 294; x_wconf 58' lang='grc'><strong>434</strong></span> 
     </span>
    </p>
   </div>
   <div class='ocr_carea' id='block_1_2' title="bbox 349 350 3657 424">
    <p class='ocr_par' dir='ltr' id='par_1_2' title="bbox 349 350 3657 424">
     <span class='ocr_line' id='line_1_2' title="bbox 349 350 3657 424; baseline 0.002 -17"><span class='ocrx_word' id='word_1_14' title='bbox 349 350 642 409; x_wconf 89' lang='lat' dir='ltr'><strong>lummodo</strong></span> <span class='ocrx_word' id='word_1_15' title='bbox 668 350 1005 408; x_wconf 81' lang='lat' dir='ltr'><strong>contrariam</strong></span> <span class='ocrx_word' id='word_1_16' title='bbox 1023 352 1126 409; x_wconf 89' lang='lat' dir='ltr'><strong>sibi</strong></span> <span class='ocrx_word' id='word_1_17' title='bbox 1143 353 1419 420; x_wconf 87' lang='lat' dir='ltr'><strong>virtutem,</strong></span> <span class='ocrx_word' id='word_1_18' title='bbox 1449 352 1506 411; x_wconf 87' lang='lat' dir='ltr'><strong>id</strong></span> <span class='ocrx_word' id='word_1_19' title='bbox 1533 361 1636 422; x_wconf 85' lang='lat' dir='ltr'><strong>est,</strong></span> <span class='ocrx_word' id='word_1_20' title='bbox 1661 352 1941 411; x_wconf 88' lang='lat' dir='ltr'><strong>humilita-</strong></span> <span class='ocrx_word' id='word_1_21' title='bbox 1971 357 2024 419; x_wconf 77' lang='grc' dir='ltr'>Α</span> <span class='ocrx_word' id='word_1_22' title='bbox 2054 352 2229 409; x_wconf 90' lang='lat' dir='ltr'><strong>telum</strong></span> <span class='ocrx_word' id='word_1_23' title='bbox 2271 351 2444 423; x_wconf 81' lang='lat' dir='ltr'><strong>possit</strong></span> <span class='ocrx_word' id='word_1_24' title='bbox 2481 353 2817 411; x_wconf 88' lang='lat' dir='ltr'><strong>insauciatus</strong></span> <span class='ocrx_word' id='word_1_25' title='bbox 2860 354 3110 424; x_wconf 83' lang='lat' dir='ltr'><strong>evadere,</strong></span> <span class='ocrx_word' id='word_1_26' title='bbox 3151 355 3337 414; x_wconf 88' lang='lat' dir='ltr'><strong>dicens</strong></span> <span class='ocrx_word' id='word_1_27' title='bbox 3381 374 3397 411; x_wconf 91' lang='lat'><strong>:</strong></span> <span class='ocrx_word' id='word_1_28' title='bbox 3427 361 3544 417; x_wconf 86' lang='lat' dir='ltr'><strong>Non</strong></span> <span class='ocrx_word' id='word_1_29' title='bbox 3568 376 3657 415; x_wconf 77' lang='lat' dir='ltr'><strong>ve-</strong></span> 
     </span>
    </p>
   </div>
   <div class='ocr_carea' id='block_1_3' title="bbox 350 446 3660 525">
    <p class='ocr_par' dir='ltr' id='par_1_3' title="bbox 350 446 3660 525">
     <span class='ocr_line' id='line_1_3' title="bbox 350 446 3660 525; baseline 0.002 -22"><span class='ocrx_word' id='word_1_30' title='bbox 350 455 465 503; x_wconf 92' lang='lat' dir='ltr'><strong>tem</strong></span> <span class='ocrx_word' id='word_1_31' title='bbox 500 454 715 504; x_wconf 85' lang='lat' dir='ltr'><strong>tantum</strong></span> <span class='ocrx_word' id='word_1_32' title='bbox 760 446 1137 519; x_wconf 77' lang='lat' dir='ltr'><strong>exstinguere;</strong></span> <span class='ocrx_word' id='word_1_33' title='bbox 1178 462 1369 525; x_wconf 83' lang='lat' dir='ltr'><strong>verum</strong></span> <span class='ocrx_word' id='word_1_34' title='bbox 1402 447 1569 505; x_wconf 88' lang='lat' dir='ltr'><strong>etiam</strong></span> <span class='ocrx_word' id='word_1_35' title='bbox 1620 456 1945 505; x_wconf 89' lang='lat' dir='ltr'><strong>cunctarum</strong></span> <span class='ocrx_word' id='word_1_36' title='bbox 2053 450 2173 502; x_wconf 88' lang='lat' dir='ltr'><strong>niat</strong></span> <span class='ocrx_word' id='word_1_37' title='bbox 2192 448 2331 503; x_wconf 83' lang='lat' dir='ltr'><strong>mihi</strong></span> <span class='ocrx_word' id='word_1_38' title='bbox 2350 463 2446 518; x_wconf 86' lang='lat' dir='ltr'><strong>pes</strong></span> <span class='ocrx_word' id='word_1_39' title='bbox 2480 449 2742 519; x_wconf 75' lang='lat' dir='ltr'><strong>superbia:</strong></span> <span class='ocrx_word' id='word_1_40' title='bbox 2766 452 2788 518; x_wconf 93' lang='lat'><strong>(</strong></span> <span class='ocrx_word' id='word_1_41' title='bbox 2807 452 3425 523; x_wconf 80' lang='lat' dir='ltr'><strong>Psal.xxxv):pavens</strong></span> <span class='ocrx_word' id='word_1_42' title='bbox 3449 467 3516 508; x_wconf 91' lang='lat' dir='ltr'><strong>ac</strong></span> <span class='ocrx_word' id='word_1_43' title='bbox 3536 468 3660 510; x_wconf 87' lang='lat' dir='ltr'><strong>me-</strong></span> 
     </span>
    </p>
   </div>
   <div class='ocr_carea' id='block_1_4' title="bbox 346 540 3654 617">
    <p class='ocr_par' dir='ltr' id='par_1_4' title="bbox 346 540 3654 617">
     <span class='ocr_line' id='line_1_4' title="bbox 346 540 3654 617; baseline 0.001 -20"><span class='ocrx_word' id='word_1_44' title='bbox 346 540 516 597; x_wconf 87' lang='lat' dir='ltr'><strong>simul</strong></span> <span class='ocrx_word' id='word_1_45' title='bbox 542 540 1005 613; x_wconf 82' lang='lat' dir='ltr'><strong>interemptricem</strong></span> <span class='ocrx_word' id='word_1_46' title='bbox 1031 540 1464 599; x_wconf 86' lang='lat' dir='ltr'><strong>essevirtutum:</strong></span> <span class='ocrx_word' id='word_1_47' title='bbox 1506 556 1610 598; x_wconf 89' lang='lat' dir='ltr'><strong>nec</strong></span> <span class='ocrx_word' id='word_1_48' title='bbox 1643 541 1948 600; x_wconf 88' lang='lat' dir='ltr'><strong>mediocres</strong></span> <span class='ocrx_word' id='word_1_49' title='bbox 2056 546 2220 596; x_wconf 82' lang='lat' dir='ltr'><strong>tuens</strong></span> <span class='ocrx_word' id='word_1_50' title='bbox 2255 556 2328 597; x_wconf 92' lang='lat' dir='ltr'><strong>ne</strong></span> <span class='ocrx_word' id='word_1_51' title='bbox 2357 542 2417 598; x_wconf 92' lang='lat' dir='ltr'><strong>in</strong></span> <span class='ocrx_word' id='word_1_52' title='bbox 2445 541 2581 598; x_wconf 87' lang='lat' dir='ltr'><strong>illud</strong></span> <span class='ocrx_word' id='word_1_53' title='bbox 2608 542 2808 600; x_wconf 86' lang='lat' dir='ltr'><strong>incidat</strong></span> <span class='ocrx_word' id='word_1_54' title='bbox 2839 543 2987 615; x_wconf 88' lang='lat' dir='ltr'><strong>quod</strong></span> <span class='ocrx_word' id='word_1_55' title='bbox 3017 543 3217 601; x_wconf 87' lang='lat' dir='ltr'><strong>dicitur</strong></span> <span class='ocrx_word' id='word_1_56' title='bbox 3247 544 3317 601; x_wconf 89' lang='lat' dir='ltr'><strong>de</strong></span> <span class='ocrx_word' id='word_1_57' title='bbox 3361 544 3654 617; x_wconf 79' lang='lat' dir='ltr'><strong>superbis:</strong></span> 
     </span>
    </p>
   </div>
   <div class='ocr_carea' id='block_1_5' title="bbox 346 632 3655 706">
    <p class='ocr_par' dir='ltr' id='par_1_5' title="bbox 346 632 3655 706">
     <span class='ocr_line' id='line_1_5' title="bbox 346 632 3655 706; baseline 0.002 -19"><span class='ocrx_word' id='word_1_58' title='bbox 346 638 569 688; x_wconf 81' lang='lat' dir='ltr'><strong>tantum</strong></span> <span class='ocrx_word' id='word_1_59' title='bbox 597 636 917 705; x_wconf 81' lang='lat' dir='ltr'><strong>parvosque</strong></span> <span class='ocrx_word' id='word_1_60' title='bbox 934 640 1165 703; x_wconf 84' lang='lat' dir='ltr'><strong>tentare,</strong></span> <span class='ocrx_word' id='word_1_61' title='bbox 1194 632 1290 691; x_wconf 88' lang='lat' dir='ltr'><strong>sed</strong></span> <span class='ocrx_word' id='word_1_62' title='bbox 1313 633 1558 690; x_wconf 82' lang='lat' dir='ltr'><strong>maxime</strong></span> <span class='ocrx_word' id='word_1_63' title='bbox 1585 635 1646 690; x_wconf 88' lang='lat' dir='ltr'><strong>in</strong></span> <span class='ocrx_word' id='word_1_64' title='bbox 1669 633 1944 691; x_wconf 81' lang='lat' dir='ltr'><strong>tortitudi-</strong></span> <span class='ocrx_word' id='word_1_65' title='bbox 2055 635 2196 687; x_wconf 88' lang='lat' dir='ltr'><strong>Deus</strong></span> <span class='ocrx_word' id='word_1_66' title='bbox 2214 634 2458 703; x_wconf 73' lang='lat' dir='ltr'><strong>superbis</strong></span> <span class='ocrx_word' id='word_1_67' title='bbox 2481 635 2801 690; x_wconf 70' lang='lat' dir='ltr'><strong>adversatur</strong></span> <span class='ocrx_word' id='word_1_68' title='bbox 2824 636 3022 706; x_wconf 88' lang='lat' dir='ltr'><strong>(Iacob.</strong></span> <span class='ocrx_word' id='word_1_69' title='bbox 3038 636 3145 704; x_wconf 83' lang='lat' dir='ltr'><strong>Iv);</strong></span> <span class='ocrx_word' id='word_1_70' title='bbox 3168 644 3225 692; x_wconf 91' lang='lat' dir='ltr'><strong>et</strong></span> <span class='ocrx_word' id='word_1_71' title='bbox 3251 636 3451 692; x_wconf 85' lang='lat' dir='ltr'><strong>iterum</strong></span> <span class='ocrx_word' id='word_1_72' title='bbox 3471 655 3486 693; x_wconf 92' lang='lat'><strong>:</strong></span> <span class='ocrx_word' id='word_1_73' title='bbox 3506 639 3531 670; x_wconf 77' lang='grc' dir='ltr'><strong><em>ο</em></strong></span> <span class='ocrx_word' id='word_1_74' title='bbox 3558 639 3655 693; x_wconf 84' lang='lat' dir='ltr'><strong>Im-</strong></span> 
     </span>
    </p>
   </div>
   <div class='ocr_carea' id='block_1_6' title="bbox 343 724 3653 800">
    <p class='ocr_par' dir='ltr' id='par_1_6' title="bbox 343 724 3653 800">
     <span class='ocr_line' id='line_1_6' title="bbox 343 724 3653 800; baseline 0.002 -19"><span class='ocrx_word' id='word_1_75' title='bbox 343 724 433 781; x_wconf 89' lang='lat' dir='ltr'><strong>nis</strong></span> <span class='ocrx_word' id='word_1_76' title='bbox 486 725 729 782; x_wconf 83' lang='lat' dir='ltr'><strong>culmine</strong></span> <span class='ocrx_word' id='word_1_77' title='bbox 766 725 1149 783; x_wconf 81' lang='lat' dir='ltr'><strong>consistentes.</strong></span> <span class='ocrx_word' id='word_1_78' title='bbox 1194 729 1277 783; x_wconf 89' lang='lat' dir='ltr'><strong>Ita</strong></span> <span class='ocrx_word' id='word_1_79' title='bbox 1314 726 1465 782; x_wconf 88' lang='lat' dir='ltr'><strong>enim</strong></span> <span class='ocrx_word' id='word_1_80' title='bbox 1503 725 1572 783; x_wconf 88' lang='lat' dir='ltr'><strong>de</strong></span> <span class='ocrx_word' id='word_1_81' title='bbox 1601 726 1707 784; x_wconf 89' lang='lat' dir='ltr'><strong>hoc</strong></span> <span class='ocrx_word' id='word_1_82' title='bbox 1749 727 1942 799; x_wconf 86' lang='lat' dir='ltr'><strong>spiritu</strong></span> <span class='ocrx_word' id='word_1_83' title='bbox 2050 727 2287 782; x_wconf 85' lang='lat' dir='ltr'><strong>mundus</strong></span> <span class='ocrx_word' id='word_1_84' title='bbox 2312 732 2390 783; x_wconf 88' lang='lat' dir='ltr'><strong>est</strong></span> <span class='ocrx_word' id='word_1_85' title='bbox 2428 729 2577 799; x_wconf 87' lang='lat' dir='ltr'><strong>apud</strong></span> <span class='ocrx_word' id='word_1_86' title='bbox 2608 733 2779 785; x_wconf 89' lang='lat' dir='ltr'><strong>Deum</strong></span> <span class='ocrx_word' id='word_1_87' title='bbox 2806 733 2981 785; x_wconf 86' lang='lat' dir='ltr'><strong>omnis</strong></span> <span class='ocrx_word' id='word_1_88' title='bbox 3008 733 3106 800; x_wconf 90' lang='lat' dir='ltr'><strong>qui</strong></span> <span class='ocrx_word' id='word_1_89' title='bbox 3133 732 3345 787; x_wconf 70' lang='lat' dir='ltr'><strong>emaltat</strong></span> <span class='ocrx_word' id='word_1_90' title='bbox 3370 746 3458 787; x_wconf 90' lang='lat' dir='ltr'><strong>cor</strong></span> <span class='ocrx_word' id='word_1_91' title='bbox 3497 746 3653 787; x_wconf 86' lang='lat' dir='ltr'><strong>suum</strong></span> 
     </span>
    </p>
   </div>
   <div class='ocr_carea' id='block_1_7' title="bbox 346 804 2758 890">
    <p class='ocr_par' dir='ltr' id='par_1_7' title="bbox 346 804 2758 890">
     <span class='ocr_line' id='line_1_7' title="bbox 346 804 2758 890; baseline 0.001 -15"><span class='ocrx_word' id='word_1_92' title='bbox 346 818 623 890; x_wconf 80' lang='lat' dir='ltr'><strong>propheta</strong></span> <span class='ocrx_word' id='word_1_93' title='bbox 663 826 1064 875; x_wconf 83' lang='lat' dir='ltr'><strong>commemorat</strong></span> <span class='ocrx_word' id='word_1_94' title='bbox 1089 836 1104 873; x_wconf 93' lang='lat'><strong>:</strong></span> <span class='ocrx_word' id='word_1_95' title='bbox 1128 828 1154 855; x_wconf 75' lang='grc' dir='ltr'><strong>ι</strong></span> <span class='ocrx_word' id='word_1_96' title='bbox 1176 822 1323 876; x_wconf 68' lang='lat' dir='ltr'><strong>Esca</strong></span> <span class='ocrx_word' id='word_1_97' title='bbox 1350 804 1473 889; x_wconf 79' lang='lat' dir='ltr'><strong>ejus</strong></span> <span class='ocrx_word' id='word_1_98' title='bbox 1491 822 1665 876; x_wconf 76' lang='lat' dir='ltr'><strong>electa:</strong></span> <span class='ocrx_word' id='word_1_99' title='bbox 1710 820 1920 889; x_wconf 88' lang='lat' dir='ltr'><strong>(Habac</strong></span> <span class='ocrx_word' id='word_1_100' title='bbox 2056 820 2240 887; x_wconf 80' lang='lat' dir='ltr'><strong>(Prov.</strong></span> <span class='ocrx_word' id='word_1_101' title='bbox 2272 835 2402 890; x_wconf 78' lang='lat' dir='ltr'><strong>XVI,</strong></span> <span class='ocrx_word' id='word_1_102' title='bbox 2427 837 2526 877; x_wconf 90' lang='lat' dir='ltr'><strong>sec.</strong></span> <span class='ocrx_word' id='word_1_103' title='bbox 2553 823 2758 887; x_wconf 83' lang='lat' dir='ltr'><strong>LXX).</strong></span> 
     </span>
    </p>
   </div>
   <div class='ocr_carea' id='block_1_8' title="bbox 346 911 3059 985">
    <p class='ocr_par' dir='ltr' id='par_1_8' title="bbox 346 911 3059 985">
     <span class='ocr_line' id='line_1_8' title="bbox 346 911 3059 985; baseline 0.003 -19"><span class='ocrx_word' id='word_1_104' title='bbox 346 925 370 967; x_wconf 80' lang='grc' dir='ltr'><strong>ι</strong></span> <span class='ocrx_word' id='word_1_105' title='bbox 384 912 426 982; x_wconf 93' lang='grc'><strong>).</strong></span> <span class='ocrx_word' id='word_1_106' title='bbox 456 911 699 984; x_wconf 86' lang='lat' dir='ltr'><strong>Ideoque</strong></span> <span class='ocrx_word' id='word_1_107' title='bbox 717 911 908 969; x_wconf 88' lang='lat' dir='ltr'><strong>beatus</strong></span> <span class='ocrx_word' id='word_1_108' title='bbox 935 911 1119 969; x_wconf 83' lang='lat' dir='ltr'><strong>David</strong></span> <span class='ocrx_word' id='word_1_109' title='bbox 1144 912 1273 969; x_wconf 90' lang='lat' dir='ltr'><strong>licet</strong></span> <span class='ocrx_word' id='word_1_110' title='bbox 1293 920 1442 969; x_wconf 87' lang='lat' dir='ltr'><strong>tanta</strong></span> <span class='ocrx_word' id='word_1_111' title='bbox 1460 912 1941 985; x_wconf 84' lang='lat' dir='ltr'><strong>circumspectione</strong></span> <span class='ocrx_word' id='word_1_112' title='bbox 2644 926 2885 982; x_wconf 78' lang='lat' dir='ltr'><strong>CAPUT</strong></span> <span class='ocrx_word' id='word_1_113' title='bbox 2930 928 3059 984; x_wconf 80' lang='lat' dir='ltr'><strong>vn.</strong></span> 
     </span>
    </p>
   </div>
   <div class='ocr_carea' id='block_1_9' title="bbox 345 994 1936 1096">
    <p class='ocr_par' dir='ltr' id='par_1_9' title="bbox 345 994 1936 1077">
     <span class='ocr_line' id='line_1_9' title="bbox 345 994 1936 1077; baseline 0.001 -18"><span class='ocrx_word' id='word_1_114' title='bbox 345 1002 533 1060; x_wconf 87' lang='lat' dir='ltr'><strong>cordis</strong></span> <span class='ocrx_word' id='word_1_115' title='bbox 572 1004 657 1060; x_wconf 88' lang='lat' dir='ltr'><strong>sui</strong></span> <span class='ocrx_word' id='word_1_116' title='bbox 701 1003 999 1061; x_wconf 80' lang='lat' dir='ltr'><strong>custodiret</strong></span> <span class='ocrx_word' id='word_1_117' title='bbox 1036 994 1268 1070; x_wconf 83' lang='lat' dir='ltr'><strong>arcana,</strong></span> <span class='ocrx_word' id='word_1_118' title='bbox 1297 1013 1361 1062; x_wconf 93' lang='lat' dir='ltr'><strong>ut</strong></span> <span class='ocrx_word' id='word_1_119' title='bbox 1383 1004 1454 1062; x_wconf 90' lang='lat' dir='ltr'><strong>ad</strong></span> <span class='ocrx_word' id='word_1_120' title='bbox 1488 1020 1617 1062; x_wconf 89' lang='lat' dir='ltr'><strong>eum</strong></span> <span class='ocrx_word' id='word_1_121' title='bbox 1656 1021 1819 1077; x_wconf 89' lang='lat' dir='ltr'><strong>quem</strong></span> <span class='ocrx_word' id='word_1_122' title='bbox 1859 1019 1936 1061; x_wconf 89' lang='lat' dir='ltr'><strong>se-</strong></span> 
     </span>
    </p>
   </div>
   <div class='ocr_carea' id='block_1_10' title="bbox 2046 994 3652 1096">
    <p class='ocr_par' dir='ltr' id='par_1_10' title="bbox 2052 1019 3652 1096">
     <span class='ocr_line' id='line_1_10' title="bbox 2052 1019 3652 1096; baseline 0.005 -22"><span class='ocrx_word' id='word_1_123' title='bbox 2052 1019 2207 1087; x_wconf 83' lang='lat' dir='ltr'><strong>Quod</strong></span> <span class='ocrx_word' id='word_1_124' title='bbox 2253 1024 2466 1096; x_wconf 81' lang='lat' dir='ltr'><strong>tantum</strong></span> <span class='ocrx_word' id='word_1_125' title='bbox 2516 1023 2593 1075; x_wconf 96' lang='lat' dir='ltr'><strong>sit</strong></span> <span class='ocrx_word' id='word_1_126' title='bbox 2631 1024 2839 1096; x_wconf 83' lang='lat' dir='ltr'><strong>malum</strong></span> <span class='ocrx_word' id='word_1_127' title='bbox 2879 1025 3165 1096; x_wconf 63' lang='lat' dir='ltr'><strong>superbia,</strong></span> <span class='ocrx_word' id='word_1_128' title='bbox 3186 1029 3247 1079; x_wconf 89' lang='lat' dir='ltr'><strong>ut</strong></span> <span class='ocrx_word' id='word_1_129' title='bbox 3275 1027 3452 1096; x_wconf 88' lang='lat' dir='ltr'><strong>ipsum</strong></span> <span class='ocrx_word' id='word_1_130' title='bbox 3486 1028 3652 1084; x_wconf 84' lang='lat' dir='ltr'><strong>Deum</strong></span> 
     </span>
    </p>
   </div>
   <div class='ocr_carea' id='block_1_11' title="bbox 351 1098 1940 1180">
    <p class='ocr_par' dir='ltr' id='par_1_11' title="bbox 351 1098 1940 1180">
     <span class='ocr_line' id='line_1_11' title="bbox 351 1098 1940 1180; baseline 0.001 -27"><span class='ocrx_word' id='word_1_131' title='bbox 351 1104 503 1153; x_wconf 89' lang='lat' dir='ltr'><strong>creta</strong></span> <span class='ocrx_word' id='word_1_132' title='bbox 531 1098 881 1155; x_wconf 61' lang='lat' dir='ltr'><strong>conscientia</strong></span> <span class='ocrx_word' id='word_1_133' title='bbox 914 1113 1032 1156; x_wconf 60' lang='lat' dir='ltr'><strong>suae</strong></span> <span class='ocrx_word' id='word_1_134' title='bbox 1058 1114 1171 1163; x_wconf 86' lang='lat' dir='ltr'><strong>non</strong></span> <span class='ocrx_word' id='word_1_135' title='bbox 1207 1099 1477 1167; x_wconf 83' lang='lat' dir='ltr'><strong>latebant,</strong></span> <span class='ocrx_word' id='word_1_136' title='bbox 1508 1098 1771 1180; x_wconf 67' lang='lat' dir='ltr'><strong>audenter</strong></span> <span class='ocrx_word' id='word_1_137' title='bbox 1815 1114 1940 1170; x_wconf 81' lang='lat' dir='ltr'><strong>pro-</strong></span> 
     </span>
    </p>
   </div>
   <div class='ocr_carea' id='block_1_12' title="bbox 346 1183 1940 1256">
    <p class='ocr_par' dir='ltr' id='par_1_12' title="bbox 346 1183 1940 1256">
     <span class='ocr_line' id='line_1_12' title="bbox 346 1183 1940 1256; baseline 0 -9"><span class='ocrx_word' id='word_1_138' title='bbox 346 1191 615 1248; x_wconf 86' lang='lat' dir='ltr'><strong>clamaret</strong></span> <span class='ocrx_word' id='word_1_139' title='bbox 645 1206 659 1241; x_wconf 88' lang='lat'><strong>:</strong></span> <span class='ocrx_word' id='word_1_140' title='bbox 684 1183 712 1223; x_wconf 70' lang='grc' dir='ltr'>δ</span> <span class='ocrx_word' id='word_1_141' title='bbox 735 1195 975 1255; x_wconf 89' lang='lat' dir='ltr'><strong>Domine,</strong></span> <span class='ocrx_word' id='word_1_142' title='bbox 997 1208 1101 1247; x_wconf 81' lang='lat' dir='ltr'><strong>non</strong></span> <span class='ocrx_word' id='word_1_143' title='bbox 1127 1196 1204 1247; x_wconf 87' lang='lat' dir='ltr'><strong>est</strong></span> <span class='ocrx_word' id='word_1_144' title='bbox 1221 1193 1521 1247; x_wconf 67' lang='lat' dir='ltr'><strong>exaltatum</strong></span> <span class='ocrx_word' id='word_1_145' title='bbox 1535 1207 1622 1247; x_wconf 84' lang='lat' dir='ltr'><strong>cor</strong></span> <span class='ocrx_word' id='word_1_146' title='bbox 1643 1208 1838 1256; x_wconf 85' lang='lat' dir='ltr'><strong>meum,</strong></span> <span class='ocrx_word' id='word_1_147' title='bbox 1852 1207 1940 1246; x_wconf 82' lang='lat' dir='ltr'><strong>ne-</strong></span> 
     </span>
    </p>
   </div>
   <div class='ocr_carea' id='block_1_13' title="bbox 345 1285 1936 1355">
    <p class='ocr_par' dir='ltr' id='par_1_13' title="bbox 345 1285 1936 1355">
     <span class='ocr_line' id='line_1_13' title="bbox 345 1285 1936 1355; baseline 0 -17"><span class='ocrx_word' id='word_1_148' title='bbox 345 1299 455 1353; x_wconf 86' lang='lat' dir='ltr'><strong>que</strong></span> <span class='ocrx_word' id='word_1_149' title='bbox 477 1285 610 1340; x_wconf 84' lang='lat' dir='ltr'><strong>elati</strong></span> <span class='ocrx_word' id='word_1_150' title='bbox 629 1289 756 1339; x_wconf 82' lang='lat' dir='ltr'><strong>sunt</strong></span> <span class='ocrx_word' id='word_1_151' title='bbox 781 1287 921 1339; x_wconf 84' lang='lat' dir='ltr'><strong>oculi</strong></span> <span class='ocrx_word' id='word_1_152' title='bbox 950 1286 1073 1348; x_wconf 86' lang='lat' dir='ltr'><strong>mei,</strong></span> <span class='ocrx_word' id='word_1_153' title='bbox 1111 1301 1278 1355; x_wconf 87' lang='lat' dir='ltr'><strong>neque</strong></span> <span class='ocrx_word' id='word_1_154' title='bbox 1305 1286 1587 1340; x_wconf 74' lang='lat' dir='ltr'><strong>ambulavi</strong></span> <span class='ocrx_word' id='word_1_155' title='bbox 1611 1288 1667 1339; x_wconf 87' lang='lat' dir='ltr'><strong>in</strong></span> <span class='ocrx_word' id='word_1_156' title='bbox 1690 1287 1903 1353; x_wconf 80' lang='lat' dir='ltr'><strong>magnis</strong></span> <span class='ocrx_word' id='word_1_157' title='bbox 1920 1325 1936 1351; x_wconf 92' lang='lat'><strong>,</strong></span> 
     </span>
    </p>
   </div>
   <div class='ocr_carea' id='block_1_14' title="bbox 342 1378 1937 1447">
    <p class='ocr_par' dir='ltr' id='par_1_14' title="bbox 342 1378 1937 1447">
     <span class='ocr_line' id='line_1_14' title="bbox 342 1378 1937 1447; baseline 0.001 -17"><span class='ocrx_word' id='word_1_158' title='bbox 342 1392 517 1446; x_wconf 87' lang='lat' dir='ltr'><strong>neque</strong></span> <span class='ocrx_word' id='word_1_159' title='bbox 538 1380 596 1431; x_wconf 88' lang='lat' dir='ltr'><strong>in</strong></span> <span class='ocrx_word' id='word_1_160' title='bbox 617 1378 955 1432; x_wconf 73' lang='lat' dir='ltr'><strong>mirabilibus</strong></span> <span class='ocrx_word' id='word_1_161' title='bbox 980 1393 1146 1447; x_wconf 82' lang='lat' dir='ltr'><strong>super</strong></span> <span class='ocrx_word' id='word_1_162' title='bbox 1166 1395 1279 1441; x_wconf 85' lang='lat' dir='ltr'><strong>me,</strong></span> <span class='ocrx_word' id='word_1_163' title='bbox 1309 1381 1421 1434; x_wconf 89' lang='lat' dir='ltr'><strong>nisi</strong></span> <span class='ocrx_word' id='word_1_164' title='bbox 1439 1379 1715 1433; x_wconf 74' lang='lat' dir='ltr'><strong>humiliter</strong></span> <span class='ocrx_word' id='word_1_165' title='bbox 1746 1380 1937 1432; x_wconf 87' lang='lat' dir='ltr'><strong>sentie-</strong></span> 
     </span>
    </p>
   </div>
   <div class='ocr_carea' id='block_1_15' title="bbox 346 1460 1937 1542">
    <p class='ocr_par' dir='ltr' id='par_1_15' title="bbox 346 1460 1937 1542">
     <span class='ocr_line' id='line_1_15' title="bbox 346 1460 1937 1542; baseline 0.001 -18"><span class='ocrx_word' id='word_1_166' title='bbox 346 1470 470 1525; x_wconf 85' lang='lat' dir='ltr'><strong>bam</strong></span> <span class='ocrx_word' id='word_1_167' title='bbox 497 1460 661 1536; x_wconf 57' lang='lat' dir='ltr'><strong>(PsalQ</strong></span> <span class='ocrx_word' id='word_1_168' title='bbox 691 1471 898 1542; x_wconf 81' lang='lat' dir='ltr'><strong>cxxx);</strong></span> <span class='ocrx_word' id='word_1_169' title='bbox 936 1478 993 1527; x_wconf 89' lang='lat' dir='ltr'><strong>et</strong></span> <span class='ocrx_word' id='word_1_170' title='bbox 1024 1471 1223 1527; x_wconf 89' lang='lat' dir='ltr'><strong>iterum</strong></span> <span class='ocrx_word' id='word_1_171' title='bbox 1254 1491 1267 1527; x_wconf 92' lang='lat'><strong>:</strong></span> <span class='ocrx_word' id='word_1_172' title='bbox 1302 1474 1421 1529; x_wconf 84' lang='lat' dir='ltr'><strong>Non</strong></span> <span class='ocrx_word' id='word_1_173' title='bbox 1449 1473 1718 1527; x_wconf 75' lang='lat' dir='ltr'><strong>habitabit</strong></span> <span class='ocrx_word' id='word_1_174' title='bbox 1739 1473 1797 1526; x_wconf 87' lang='lat' dir='ltr'><strong>in</strong></span> <span class='ocrx_word' id='word_1_175' title='bbox 1824 1486 1937 1526; x_wconf 84' lang='lat' dir='ltr'><strong>me-</strong></span> 
     </span>
    </p>
   </div>
   <div class='ocr_carea' id='block_1_16' title="bbox 349 1563 1937 1637">
    <p class='ocr_par' dir='ltr' id='par_1_16' title="bbox 349 1563 1937 1637">
     <span class='ocr_line' id='line_1_16' title="bbox 349 1563 1937 1637; baseline 0.001 -19"><span class='ocrx_word' id='word_1_176' title='bbox 349 1563 439 1619; x_wconf 88' lang='lat' dir='ltr'><strong>dio</strong></span> <span class='ocrx_word' id='word_1_177' title='bbox 468 1563 655 1618; x_wconf 89' lang='lat' dir='ltr'><strong>domus</strong></span> <span class='ocrx_word' id='word_1_178' title='bbox 696 1580 824 1619; x_wconf 78' lang='lat' dir='ltr'><strong>mea:</strong></span> <span class='ocrx_word' id='word_1_179' title='bbox 866 1566 1074 1632; x_wconf 84' lang='lat' dir='ltr'><strong>faciens</strong></span> <span class='ocrx_word' id='word_1_180' title='bbox 1107 1566 1418 1635; x_wconf 82' lang='lat' dir='ltr'><strong>superbiam</strong></span> <span class='ocrx_word' id='word_1_181' title='bbox 1441 1565 1612 1637; x_wconf 88' lang='lat' dir='ltr'><strong>(Psal.</strong></span> <span class='ocrx_word' id='word_1_182' title='bbox 1643 1565 1728 1637; x_wconf 92' lang='lat' dir='ltr'><strong>c);</strong></span> <span class='ocrx_word' id='word_1_183' title='bbox 1759 1564 1937 1621; x_wconf 86' lang='lat' dir='ltr'><strong>sciens</strong></span> 
     </span>
    </p>
   </div>
   <div class='ocr_carea' id='block_1_17' title="bbox 358 1656 1937 1730">
    <p class='ocr_par' dir='ltr' id='par_1_17' title="bbox 358 1656 1937 1730">
     <span class='ocr_line' id='line_1_17' title="bbox 358 1656 1937 1730; baseline -0.001 -17"><span class='ocrx_word' id='word_1_184' title='bbox 358 1665 542 1714; x_wconf 90' lang='lat' dir='ltr'><strong>tamen</strong></span> <span class='ocrx_word' id='word_1_185' title='bbox 572 1672 740 1729; x_wconf 88' lang='lat' dir='ltr'><strong>quam</strong></span> <span class='ocrx_word' id='word_1_186' title='bbox 766 1656 1004 1715; x_wconf 81' lang='lat' dir='ltr'><strong>difﬁcilis</strong></span> <span class='ocrx_word' id='word_1_187' title='bbox 1027 1659 1099 1714; x_wconf 88' lang='lat' dir='ltr'><strong>sit</strong></span> <span class='ocrx_word' id='word_1_188' title='bbox 1140 1658 1307 1715; x_wconf 91' lang='lat' dir='ltr'><strong>etiam</strong></span> <span class='ocrx_word' id='word_1_189' title='bbox 1345 1656 1600 1730; x_wconf 82' lang='lat' dir='ltr'><strong>perfectis</strong></span> <span class='ocrx_word' id='word_1_190' title='bbox 1632 1657 1732 1713; x_wconf 90' lang='lat' dir='ltr'><strong>ista</strong></span> <span class='ocrx_word' id='word_1_191' title='bbox 1758 1664 1937 1713; x_wconf 90' lang='lat' dir='ltr'><strong>custo-</strong></span> 
     </span>
    </p>
   </div>
   <div class='ocr_carea' id='block_1_18' title="bbox 348 1748 1937 1823">
    <p class='ocr_par' dir='ltr' id='par_1_18' title="bbox 348 1748 1937 1823">
     <span class='ocr_line' id='line_1_18' title="bbox 348 1748 1937 1823; baseline -0.003 -16"><span class='ocrx_word' id='word_1_192' title='bbox 348 1749 459 1819; x_wconf 91' lang='lat' dir='ltr'><strong>dia,</strong></span> <span class='ocrx_word' id='word_1_193' title='bbox 498 1763 619 1807; x_wconf 91' lang='lat' dir='ltr'><strong>non</strong></span> <span class='ocrx_word' id='word_1_194' title='bbox 645 1749 714 1806; x_wconf 90' lang='lat' dir='ltr'><strong>de</strong></span> <span class='ocrx_word' id='word_1_195' title='bbox 748 1765 845 1807; x_wconf 88' lang='lat' dir='ltr'><strong>sua</strong></span> <span class='ocrx_word' id='word_1_196' title='bbox 894 1759 1109 1807; x_wconf 88' lang='lat' dir='ltr'><strong>tantum</strong></span> <span class='ocrx_word' id='word_1_197' title='bbox 1160 1750 1448 1823; x_wconf 66' lang='lat' dir='ltr'><strong>praesumit</strong></span> <span class='ocrx_word' id='word_1_198' title='bbox 1491 1748 1759 1807; x_wconf 86' lang='lat' dir='ltr'><strong>industria</strong></span> <span class='ocrx_word' id='word_1_199' title='bbox 1778 1790 1793 1817; x_wconf 83' lang='lat'><strong>,</strong></span> <span class='ocrx_word' id='word_1_200' title='bbox 1840 1748 1937 1804; x_wconf 88' lang='lat' dir='ltr'><strong>sed</strong></span> 
     </span>
    </p>
   </div>
   <div class='ocr_carea' id='block_1_19' title="bbox 342 1841 1939 1917">
    <p class='ocr_par' dir='ltr' id='par_1_19' title="bbox 342 1841 1939 1917">
     <span class='ocr_line' id='line_1_19' title="bbox 342 1841 1939 1917; baseline -0.001 -18"><span class='ocrx_word' id='word_1_201' title='bbox 342 1858 506 1901; x_wconf 84' lang='lat' dir='ltr'><strong>orans</strong></span> <span class='ocrx_word' id='word_1_202' title='bbox 554 1844 781 1901; x_wconf 90' lang='lat' dir='ltr'><strong>Domini</strong></span> <span class='ocrx_word' id='word_1_203' title='bbox 824 1843 1085 1916; x_wconf 87' lang='lat' dir='ltr'><strong>implorat</strong></span> <span class='ocrx_word' id='word_1_204' title='bbox 1109 1844 1489 1917; x_wconf 56' lang='lat' dir='ltr'><strong>auxilium,jut</strong></span> <span class='ocrx_word' id='word_1_205' title='bbox 1531 1842 1696 1914; x_wconf 89' lang='lat' dir='ltr'><strong>hujus</strong></span> <span class='ocrx_word' id='word_1_206' title='bbox 1721 1841 1939 1898; x_wconf 87' lang='lat' dir='ltr'><strong>inimici</strong></span> 
     </span>
    </p>
   </div>
   <div class='ocr_carea' id='block_1_20' title="bbox 2374 1092 3327 1151">
    <p class='ocr_par' dir='ltr' id='par_1_20' title="bbox 2374 1092 3327 1151">
     <span class='ocr_line' id='line_1_20' title="bbox 2374 1092 3327 1151; baseline 0.007 -7"><span class='ocrx_word' id='word_1_207' title='bbox 2374 1092 2750 1146; x_wconf 77' lang='lat' dir='ltr'><strong>adversarium</strong></span> <span class='ocrx_word' id='word_1_208' title='bbox 2800 1092 2994 1148; x_wconf 77' lang='lat' dir='ltr'><strong>habere</strong></span> <span class='ocrx_word' id='word_1_209' title='bbox 3040 1092 3327 1151; x_wconf 72' lang='lat' dir='ltr'><strong>mereatur.</strong></span> 
     </span>
    </p>
   </div>
   <div class='ocr_carea' id='block_1_21' title="bbox 2120 1193 3647 1270">
    <p class='ocr_par' dir='ltr' id='par_1_21' title="bbox 2120 1193 3647 1270">
     <span class='ocr_line' id='line_1_21' title="bbox 2120 1193 3647 1270; baseline 0.005 -23"><span class='ocrx_word' id='word_1_210' title='bbox 2120 1193 2405 1261; x_wconf 88' lang='lat' dir='ltr'><strong>Quantum</strong></span> <span class='ocrx_word' id='word_1_211' title='bbox 2422 1199 2513 1248; x_wconf 87' lang='lat' dir='ltr'><strong>est</strong></span> <span class='ocrx_word' id='word_1_212' title='bbox 2538 1193 2748 1248; x_wconf 89' lang='lat' dir='ltr'><strong>malum</strong></span> <span class='ocrx_word' id='word_1_213' title='bbox 2785 1193 3057 1264; x_wconf 69' lang='lat' dir='ltr'><strong>superbia:</strong></span> <span class='ocrx_word' id='word_1_214' title='bbox 3076 1235 3091 1262; x_wconf 86' lang='lat'><strong>,</strong></span> <span class='ocrx_word' id='word_1_215' title='bbox 3118 1204 3181 1251; x_wconf 91' lang='lat' dir='ltr'><strong>ut</strong></span> <span class='ocrx_word' id='word_1_216' title='bbox 3216 1213 3333 1253; x_wconf 90' lang='lat' dir='ltr'><strong>non</strong></span> <span class='ocrx_word' id='word_1_217' title='bbox 3356 1199 3612 1270; x_wconf 83' lang='lat' dir='ltr'><strong>angelum</strong></span> <span class='ocrx_word' id='word_1_218' title='bbox 3632 1240 3647 1266; x_wconf 90' lang='lat'><strong>,</strong></span> 
     </span>
    </p>
   </div>
   <div class='ocr_carea' id='block_1_22' title="bbox 2044 1273 3651 1359">
    <p class='ocr_par' dir='ltr' id='par_1_22' title="bbox 2044 1273 3651 1359">
     <span class='ocr_line' id='line_1_22' title="bbox 2044 1273 3651 1359; baseline 0.004 -19"><span class='ocrx_word' id='word_1_219' title='bbox 2044 1300 2156 1340; x_wconf 89' lang='lat' dir='ltr'><strong>non</strong></span> <span class='ocrx_word' id='word_1_220' title='bbox 2173 1285 2309 1341; x_wconf 87' lang='lat' dir='ltr'><strong>alias</strong></span> <span class='ocrx_word' id='word_1_221' title='bbox 2336 1282 2562 1340; x_wconf 85' lang='lat' dir='ltr'><strong>virtutes</strong></span> <span class='ocrx_word' id='word_1_222' title='bbox 2588 1284 2696 1340; x_wconf 89' lang='lat' dir='ltr'><strong>sibi</strong></span> <span class='ocrx_word' id='word_1_223' title='bbox 2722 1285 3047 1353; x_wconf 86' lang='lat' dir='ltr'><strong>contrarias,</strong></span> <span class='ocrx_word' id='word_1_224' title='bbox 3075 1285 3171 1342; x_wconf 90' lang='lat' dir='ltr'><strong>sed</strong></span> <span class='ocrx_word' id='word_1_225' title='bbox 3196 1286 3378 1359; x_wconf 89' lang='lat' dir='ltr'><strong>ipsum</strong></span> <span class='ocrx_word' id='word_1_226' title='bbox 3403 1278 3432 1320; x_wconf 76' lang='grc' dir='ltr'>ά</span> <span class='ocrx_word' id='word_1_227' title='bbox 3470 1273 3651 1347; x_wconf 86' lang='lat' dir='ltr'><strong>Deum</strong></span> 
     </span>
    </p>
   </div>
   <div class='ocr_carea' id='block_1_23' title="bbox 2046 1359 3648 1453">
    <p class='ocr_par' dir='ltr' id='par_1_23' title="bbox 2046 1359 3648 1453">
     <span class='ocr_line' id='line_1_23' title="bbox 2046 1359 3648 1453; baseline 0.003 -19"><span class='ocrx_word' id='word_1_228' title='bbox 2046 1376 2422 1434; x_wconf 84' lang='lat' dir='ltr'><strong>adversarium</strong></span> <span class='ocrx_word' id='word_1_229' title='bbox 2456 1376 2660 1434; x_wconf 89' lang='lat' dir='ltr'><strong>habere</strong></span> <span class='ocrx_word' id='word_1_230' title='bbox 2687 1386 2965 1435; x_wconf 86' lang='lat' dir='ltr'><strong>mereatur</strong></span> <span class='ocrx_word' id='word_1_231' title='bbox 2982 1383 3008 1435; x_wconf 73' lang='grc' dir='ltr'>Ρ</span> <span class='ocrx_word' id='word_1_232' title='bbox 3038 1380 3353 1435; x_wconf 83' lang='lat' dir='ltr'><strong>Notandum</strong></span> <span class='ocrx_word' id='word_1_233' title='bbox 3376 1359 3648 1453; x_wconf 79' lang='lat' dir='ltr'><strong>siquidem</strong></span> 
     </span>
    </p>
   </div>
   <div class='ocr_carea' id='block_1_24' title="bbox 2045 1470 3647 1547">
    <p class='ocr_par' dir='ltr' id='par_1_24' title="bbox 2045 1470 3647 1547">
     <span class='ocr_line' id='line_1_24' title="bbox 2045 1470 3647 1547; baseline 0.004 -20"><span class='ocrx_word' id='word_1_234' title='bbox 2045 1478 2128 1527; x_wconf 89' lang='lat' dir='ltr'><strong>est</strong></span> <span class='ocrx_word' id='word_1_235' title='bbox 2169 1471 2317 1543; x_wconf 91' lang='lat' dir='ltr'><strong>quod</strong></span> <span class='ocrx_word' id='word_1_236' title='bbox 2365 1486 2716 1544; x_wconf 87' lang='lat' dir='ltr'><strong>nequaquam</strong></span> <span class='ocrx_word' id='word_1_237' title='bbox 2744 1470 2944 1528; x_wconf 78' lang='lat' dir='ltr'><strong>dixerit</strong></span> <span class='ocrx_word' id='word_1_238' title='bbox 2969 1487 3134 1544; x_wconf 83' lang='lat' dir='ltr'><strong>super</strong></span> <span class='ocrx_word' id='word_1_239' title='bbox 3166 1472 3261 1542; x_wconf 14' lang='lat' dir='ltr'><strong>(his</strong></span> <span class='ocrx_word' id='word_1_240' title='bbox 3306 1474 3398 1547; x_wconf 92' lang='lat' dir='ltr'><strong>qui</strong></span> <span class='ocrx_word' id='word_1_241' title='bbox 3434 1476 3647 1533; x_wconf 61' lang='lat' dir='ltr'><strong>caeteris</strong></span> 
     </span>
    </p>
   </div>
   <div class='ocr_carea' id='block_1_25' title="bbox 2043 1564 3645 1637">
    <p class='ocr_par' dir='ltr' id='par_1_25' title="bbox 2043 1564 3645 1637">
     <span class='ocr_line' id='line_1_25' title="bbox 2043 1564 3645 1637; baseline 0.004 -17"><span class='ocrx_word' id='word_1_242' title='bbox 2043 1573 2176 1620; x_wconf 90' lang='lat' dir='ltr'><strong>sunt</strong></span> <span class='ocrx_word' id='word_1_243' title='bbox 2199 1564 2342 1620; x_wconf 90' lang='lat' dir='ltr'><strong>vitiis</strong></span> <span class='ocrx_word' id='word_1_244' title='bbox 2368 1564 2596 1621; x_wconf 86' lang='lat' dir='ltr'><strong>involuti</strong></span> <span class='ocrx_word' id='word_1_245' title='bbox 2618 1564 2766 1637; x_wconf 90' lang='lat' dir='ltr'><strong>quod</strong></span> <span class='ocrx_word' id='word_1_246' title='bbox 2789 1564 3026 1622; x_wconf 89' lang='lat' dir='ltr'><strong>habeant</strong></span> <span class='ocrx_word' id='word_1_247' title='bbox 3049 1566 3152 1622; x_wconf 91' lang='lat' dir='ltr'><strong>sibi</strong></span> <span class='ocrx_word' id='word_1_248' title='bbox 3176 1569 3355 1624; x_wconf 90' lang='lat' dir='ltr'><strong>Deum</strong></span> <span class='ocrx_word' id='word_1_249' title='bbox 3385 1569 3645 1626; x_wconf 89' lang='lat' dir='ltr'><strong>resisten-</strong></span> 
     </span>
    </p>
   </div>
   <div class='ocr_carea' id='block_1_26' title="bbox 2044 1656 3643 1731">
    <p class='ocr_par' dir='ltr' id='par_1_26' title="bbox 2044 1656 3643 1731">
     <span class='ocr_line' id='line_1_26' title="bbox 2044 1656 3643 1731; baseline 0.006 -20"><span class='ocrx_word' id='word_1_250' title='bbox 2044 1664 2179 1725; x_wconf 89' lang='lat' dir='ltr'><strong>tem,</strong></span> <span class='ocrx_word' id='word_1_251' title='bbox 2212 1656 2267 1712; x_wconf 88' lang='lat' dir='ltr'><strong>id</strong></span> <span class='ocrx_word' id='word_1_252' title='bbox 2291 1666 2396 1720; x_wconf 83' lang='lat' dir='ltr'><strong>est,</strong></span> <span class='ocrx_word' id='word_1_253' title='bbox 2440 1660 2589 1714; x_wconf 89' lang='lat' dir='ltr'><strong>Deus</strong></span> <span class='ocrx_word' id='word_1_254' title='bbox 2608 1659 2986 1731; x_wconf 86' lang='lat' dir='ltr'><strong>gastrimargis</strong></span> <span class='ocrx_word' id='word_1_255' title='bbox 3004 1701 3020 1729; x_wconf 96' lang='lat'><strong>,</strong></span> <span class='ocrx_word' id='word_1_256' title='bbox 3059 1658 3395 1730; x_wconf 81' lang='lat' dir='ltr'><strong>fornicariis,</strong></span> <span class='ocrx_word' id='word_1_257' title='bbox 3424 1663 3643 1720; x_wconf 87' lang='lat' dir='ltr'><strong>iracun-</strong></span> 
     </span>
    </p>
   </div>
   <div class='ocr_carea' id='block_1_27' title="bbox 2002 1738 3646 1828">
    <p class='ocr_par' dir='ltr' id='par_1_27' title="bbox 2002 1738 3646 1828">
     <span class='ocr_line' id='line_1_27' title="bbox 2002 1738 3646 1828; baseline 0.005 -22"><span class='ocrx_word' id='word_1_258' title='bbox 2002 1738 2011 1745; x_wconf 63' lang='grc'>’</span> <span class='ocrx_word' id='word_1_259' title='bbox 2044 1749 2149 1817; x_wconf 89' lang='lat' dir='ltr'><strong>dis,</strong></span> <span class='ocrx_word' id='word_1_260' title='bbox 2176 1764 2273 1806; x_wconf 86' lang='lat' dir='ltr'><strong>seu</strong></span> <span class='ocrx_word' id='word_1_261' title='bbox 2312 1748 2634 1823; x_wconf 81' lang='lat' dir='ltr'><strong>philargyris</strong></span> <span class='ocrx_word' id='word_1_262' title='bbox 2681 1750 3041 1821; x_wconf 85' lang='lat' dir='ltr'><strong>adversatur;</strong></span> <span class='ocrx_word' id='word_1_263' title='bbox 3081 1753 3178 1810; x_wconf 88' lang='lat' dir='ltr'><strong>sed</strong></span> <span class='ocrx_word' id='word_1_264' title='bbox 3216 1755 3352 1811; x_wconf 89' lang='lat' dir='ltr'><strong>solis</strong></span> <span class='ocrx_word' id='word_1_265' title='bbox 3395 1758 3646 1828; x_wconf 83' lang='lat' dir='ltr'><strong>superbis</strong></span> 
     </span>
    </p>
   </div>
   <div class='ocr_carea' id='block_1_28' title="bbox 2045 1841 3647 1921">
    <p class='ocr_par' dir='ltr' id='par_1_28' title="bbox 2045 1841 3647 1921">
     <span class='ocr_line' id='line_1_28' title="bbox 2045 1841 3647 1921; baseline 0.006 -25"><span class='ocrx_word' id='word_1_266' title='bbox 2045 1842 2247 1910; x_wconf 89' lang='lat' dir='ltr'><strong>(Iacob.</strong></span> <span class='ocrx_word' id='word_1_267' title='bbox 2282 1842 2395 1913; x_wconf 88' lang='lat' dir='ltr'><strong>Iv).</strong></span> <span class='ocrx_word' id='word_1_268' title='bbox 2427 1841 2526 1898; x_wconf 87' lang='lat' dir='ltr'><strong>Illa</strong></span> <span class='ocrx_word' id='word_1_269' title='bbox 2565 1857 2805 1914; x_wconf 88' lang='lat' dir='ltr'><strong>namque</strong></span> <span class='ocrx_word' id='word_1_270' title='bbox 2828 1843 2955 1900; x_wconf 88' lang='lat' dir='ltr'><strong>vitia</strong></span> <span class='ocrx_word' id='word_1_271' title='bbox 2984 1845 3067 1900; x_wconf 89' lang='lat' dir='ltr'><strong>vel</strong></span> <span class='ocrx_word' id='word_1_272' title='bbox 3096 1845 3154 1901; x_wconf 91' lang='lat' dir='ltr'><strong>in</strong></span> <span class='ocrx_word' id='word_1_273' title='bbox 3198 1861 3647 1921; x_wconf 67' lang='lat' dir='ltr'><strong>unumquemque</strong></span> 
     </span>
    </p>
   </div>
   <div class='ocr_carea' id='block_1_29' title="bbox 1433 1964 2546 2023">
    <p class='ocr_par' dir='ltr' id='par_1_29' title="bbox 1433 1964 2546 2023">
     <span class='ocr_line' id='line_1_29' title="bbox 1433 1964 2546 2023; baseline -0.003 0"><span class='ocrx_word' id='word_1_274' title='bbox 1433 1968 1686 2023; x_wconf 83' lang='lat' dir='ltr'><strong>ALARDI</strong></span> <span class='ocrx_word' id='word_1_275' title='bbox 1723 1966 1951 2022; x_wconf 72' lang='grc' dir='ltr'><strong>(ΞΑΖᾸΞΙ</strong></span> <span class='ocrx_word' id='word_1_276' title='bbox 1988 1964 2546 2022; x_wconf 83' lang='lat' dir='ltr'><strong>COMMENTARIUS.</strong></span> 
     </span>
    </p>
   </div>
   <div class='ocr_carea' id='block_1_30' title="bbox 344 2078 3641 2165">
    <p class='ocr_par' dir='ltr' id='par_1_30' title="bbox 344 2078 3641 2165">
     <span class='ocr_line' id='line_1_30' title="bbox 344 2078 3641 2165; baseline 0.002 -26"><span class='ocrx_word' id='word_1_277' title='bbox 344 2088 398 2165; x_wconf 76' lang='lat' dir='ltr'><strong>et</strong></span> <span class='ocrx_word' id='word_1_278' title='bbox 413 2087 488 2139; x_wconf 89' lang='lat' dir='ltr'><strong>sic</strong></span> <span class='ocrx_word' id='word_1_279' title='bbox 509 2078 765 2165; x_wconf 70' lang='lat' dir='ltr'><strong>superbia</strong></span> <span class='ocrx_word' id='word_1_280' title='bbox 785 2083 1081 2165; x_wconf 68' lang='lat' dir='ltr'><strong>corrumpit</strong></span> <span class='ocrx_word' id='word_1_281' title='bbox 1093 2084 1387 2165; x_wconf 69' lang='lat' dir='ltr'><strong>quamlibet</strong></span> <span class='ocrx_word' id='word_1_282' title='bbox 1399 2085 1683 2165; x_wconf 62' lang='lat' dir='ltr'><strong>rirtutem,</strong></span> <span class='ocrx_word' id='word_1_283' title='bbox 1698 2085 1755 2137; x_wconf 86' lang='lat' dir='ltr'><strong>in</strong></span> <span class='ocrx_word' id='word_1_284' title='bbox 1773 2099 1938 2152; x_wconf 86' lang='lat' dir='ltr'><strong>quan-</strong></span> <span class='ocrx_word' id='word_1_285' title='bbox 1967 2087 2014 2149; x_wconf 87' lang='grc' dir='ltr'><strong>Β</strong></span> <span class='ocrx_word' id='word_1_286' title='bbox 2042 2080 2294 2152; x_wconf 86' lang='lat' dir='ltr'><strong>denique,</strong></span> <span class='ocrx_word' id='word_1_287' title='bbox 2320 2080 2574 2165; x_wconf 79' lang='lat' dir='ltr'><strong>superbia</strong></span> <span class='ocrx_word' id='word_1_288' title='bbox 2611 2096 2878 2165; x_wconf 48' lang='lat' dir='ltr'><strong>‘operum,</strong></span> <span class='ocrx_word' id='word_1_289' title='bbox 2923 2082 3049 2155; x_wconf 86' lang='lat' dir='ltr'><strong>quia</strong></span> <span class='ocrx_word' id='word_1_290' title='bbox 3082 2082 3243 2165; x_wconf 85' lang='lat' dir='ltr'><strong>aliqui</strong></span> <span class='ocrx_word' id='word_1_291' title='bbox 3268 2083 3429 2165; x_wconf 84' lang='lat' dir='ltr'><strong>etiam</strong></span> <span class='ocrx_word' id='word_1_292' title='bbox 3464 2087 3641 2158; x_wconf 87' lang='lat' dir='ltr'><strong>reipsa</strong></span> 
     </span>
    </p>
   </div>
   <div class='ocr_carea' id='block_1_31' title="bbox 344 2155 1939 2280">
    <p class='ocr_par' dir='ltr' id='par_1_31' title="bbox 344 2155 1939 2280">
     <span class='ocr_line' id='line_1_31' title="bbox 344 2155 1939 2280; baseline -0.001 -71"><span class='ocrx_word' id='word_1_293' title='bbox 344 2155 683 2280; x_wconf 39' lang='lat' dir='ltr'><strong>minuset</strong></span> <span class='ocrx_word' id='word_1_294' title='bbox 707 2170 775 2208; x_wconf 75' lang='lat' dir='ltr'><strong>eae</strong></span> <span class='ocrx_word' id='word_1_295' title='bbox 788 2156 918 2237; x_wconf 79' lang='lat' dir='ltr'><strong>ipsis</strong></span> <span class='ocrx_word' id='word_1_296' title='bbox 933 2155 1411 2237; x_wconf 72' lang='lat' dir='ltr'><strong>uirtutibussumit</strong></span> <span class='ocrx_word' id='word_1_297' title='bbox 1430 2157 1749 2208; x_wconf 82' lang='lat' dir='ltr'><strong>occasionem</strong></span> <span class='ocrx_word' id='word_1_298' title='bbox 1762 2168 1939 2235; x_wconf 82' lang='lat' dir='ltr'><strong>super-</strong></span> 
     </span>
     <span class='ocr_line' id='line_1_32' title="bbox 506 2224 1938 2280; baseline 0 -2"><span class='ocrx_word' id='word_1_299' title='bbox 506 2242 525 2278; x_wconf 76' lang='lat'><strong>:</strong></span> <span class='ocrx_word' id='word_1_300' title='bbox 543 2244 558 2280; x_wconf 90' lang='lat'><strong>:</strong></span> <span class='ocrx_word' id='word_1_301' title='bbox 586 2229 725 2280; x_wconf 76' lang='lat' dir='ltr'><strong>sicut</strong></span> <span class='ocrx_word' id='word_1_302' title='bbox 740 2229 793 2279; x_wconf 90' lang='lat' dir='ltr'><strong>et</strong></span> <span class='ocrx_word' id='word_1_303' title='bbox 817 2225 1141 2280; x_wconf 72' lang='lat' dir='ltr'><strong>quibuslibet</strong></span> <span class='ocrx_word' id='word_1_304' title='bbox 1158 2226 1283 2279; x_wconf 80' lang='lat' dir='ltr'><strong>alus</strong></span> <span class='ocrx_word' id='word_1_305' title='bbox 1301 2226 1454 2278; x_wconf 85' lang='lat' dir='ltr'><strong>rebus</strong></span> <span class='ocrx_word' id='word_1_306' title='bbox 1480 2224 1555 2278; x_wconf 88' lang='lat' dir='ltr'><strong>ad</strong></span> <span class='ocrx_word' id='word_1_307' title='bbox 1572 2224 1938 2278; x_wconf 64' lang='lat' dir='ltr'><strong>excellentiam</strong></span> 
     </span>
    </p>
   </div>
   <div class='ocr_carea' id='block_1_32' title="bbox 506 2224 1938 2293">
    <p class='ocr_par' dir='ltr' id='par_1_32' title="bbox 506 2224 1938 2293">
     <span class='ocr_line' id='line_1_33' title="bbox 506 2224 1938 2293; baseline 0 -15"><span class='ocrx_word' id='word_1_308' title='bbox 506 2228 529 2278; x_wconf 89' lang='lat' dir='ltr'><strong>i</strong></span> <span class='ocrx_word' id='word_1_309' title='bbox 541 2244 558 2292; x_wconf 91' lang='lat'><strong>;</strong></span> <span class='ocrx_word' id='word_1_310' title='bbox 586 2227 725 2280; x_wconf 82' lang='lat' dir='ltr'><strong>sicut</strong></span> <span class='ocrx_word' id='word_1_311' title='bbox 740 2229 793 2279; x_wconf 90' lang='lat' dir='ltr'><strong>et</strong></span> <span class='ocrx_word' id='word_1_312' title='bbox 817 2225 1141 2293; x_wconf 82' lang='lat' dir='ltr'><strong>quibuslibet</strong></span> <span class='ocrx_word' id='word_1_313' title='bbox 1158 2226 1283 2279; x_wconf 88' lang='lat' dir='ltr'><strong>aliis</strong></span> <span class='ocrx_word' id='word_1_314' title='bbox 1301 2226 1454 2278; x_wconf 85' lang='lat' dir='ltr'><strong>rebus</strong></span> <span class='ocrx_word' id='word_1_315' title='bbox 1480 2224 1555 2278; x_wconf 88' lang='lat' dir='ltr'><strong>ad</strong></span> <span class='ocrx_word' id='word_1_316' title='bbox 1572 2224 1938 2278; x_wconf 64' lang='lat' dir='ltr'><strong>excellentiam</strong></span> 
     </span>
    </p>
   </div>
   <div class='ocr_carea' id='block_1_33' title="bbox 202 2293 1932 2377">
    <p class='ocr_par' dir='ltr' id='par_1_33' title="bbox 202 2293 1932 2377">
     <span class='ocr_line' id='line_1_34' title="bbox 202 2293 1932 2377; baseline -0.003 -24"><span class='ocrx_word' id='word_1_317' title='bbox 202 2369 211 2377; x_wconf 31' lang='grc' dir='ltr'>δ</span> <span class='ocrx_word' id='word_1_318' title='bbox 292 2348 297 2353; x_wconf 92' lang='grc'><strong><em>,</em></strong></span> <span class='ocrx_word' id='word_1_319' title='bbox 342 2295 750 2377; x_wconf 64' lang='lat' dir='ltr'><strong>pertinentibus.</strong></span> <span class='ocrx_word' id='word_1_320' title='bbox 773 2294 1201 2377; x_wconf 59' lang='lat' dir='ltr'><strong>_lta_S._&#39;}‘homas</strong></span> <span class='ocrx_word' id='word_1_321' title='bbox 1226 2299 1359 2377; x_wconf 54' lang='grc' dir='ltr'><strong>(ξοδδ,</strong></span> <span class='ocrx_word' id='word_1_322' title='bbox 1384 2299 1591 2377; x_wconf 66' lang='lat' dir='ltr'><strong>q._161_l,</strong></span> <span class='ocrx_word' id='word_1_323' title='bbox 1615 2310 1668 2374; x_wconf 68' lang='grc' dir='ltr'><strong>αε</strong></span> <span class='ocrx_word' id='word_1_324' title='bbox 1697 2293 1932 2377; x_wconf 47' lang='lat' dir='ltr'><strong>2Lad3‘).</strong></span> 
     </span>
    </p>
   </div>
   <div class='ocr_carea' id='block_1_34' title="bbox 348 2362 1935 2447">
    <p class='ocr_par' dir='ltr' id='par_1_34' title="bbox 348 2362 1935 2447">
     <span class='ocr_line' id='line_1_35' title="bbox 348 2362 1935 2447; baseline -0.001 -27"><span class='ocrx_word' id='word_1_325' title='bbox 348 2362 563 2447; x_wconf 50' lang='lat' dir='ltr'><strong>Eodem</strong></span> <span class='ocrx_word' id='word_1_326' title='bbox 588 2372 792 2447; x_wconf 75' lang='lat' dir='ltr'><strong>spectat</strong></span> <span class='ocrx_word' id='word_1_327' title='bbox 816 2364 906 2419; x_wconf 90' lang='lat' dir='ltr'><strong>illa</strong></span> <span class='ocrx_word' id='word_1_328' title='bbox 938 2368 1009 2420; x_wconf 93' lang='lat' dir='ltr'><strong>D.</strong></span> <span class='ocrx_word' id='word_1_329' title='bbox 1041 2365 1348 2447; x_wconf 30' lang='lat' dir='ltr'><strong>Augustini.</strong></span> <span class='ocrx_word' id='word_1_330' title='bbox 1361 2362 1707 2447; x_wconf 62' lang='lat' dir='ltr'><strong>sententiain</strong></span> <span class='ocrx_word' id='word_1_331' title='bbox 1728 2363 1935 2447; x_wconf 73' lang='lat' dir='ltr'><strong>Regula</strong></span> 
     </span>
    </p>
   </div>
   <div class='ocr_carea' id='block_1_35' title="bbox 347 2436 1935 2506">
    <p class='ocr_par' dir='ltr' id='par_1_35' title="bbox 347 2436 1935 2506">
     <span class='ocr_line' id='line_1_36' title="bbox 347 2436 1935 2506; baseline -0.003 -13"><span class='ocrx_word' id='word_1_332' title='bbox 347 2437 496 2506; x_wconf 85' lang='lat' dir='ltr'><strong>(Cap.</strong></span> <span class='ocrx_word' id='word_1_333' title='bbox 515 2440 569 2504; x_wconf 84' lang='grc'><strong>4)</strong></span> <span class='ocrx_word' id='word_1_334' title='bbox 588 2436 762 2492; x_wconf 56' lang='lat' dir='ltr'><strong>{Alia</strong></span> <span class='ocrx_word' id='word_1_335' title='bbox 780 2451 1122 2506; x_wconf 68' lang='lat' dir='ltr'><strong>quacumque</strong></span> <span class='ocrx_word' id='word_1_336' title='bbox 1150 2438 1412 2506; x_wconf 80' lang='lat' dir='ltr'><strong>iniquitas</strong></span> <span class='ocrx_word' id='word_1_337' title='bbox 1431 2437 1487 2488; x_wconf 87' lang='lat' dir='ltr'><strong>in</strong></span> <span class='ocrx_word' id='word_1_338' title='bbox 1504 2436 1662 2488; x_wconf 87' lang='lat' dir='ltr'><strong>malis</strong></span> <span class='ocrx_word' id='word_1_339' title='bbox 1689 2436 1935 2504; x_wconf 77' lang='lat' dir='ltr'><strong>operibus</strong></span> 
     </span>
    </p>
   </div>
   <div class='ocr_carea' id='block_1_36' title="bbox 340 2506 1935 2577">
    <p class='ocr_par' dir='ltr' id='par_1_36' title="bbox 340 2506 1935 2577">
     <span class='ocr_line' id='line_1_37' title="bbox 340 2506 1935 2577; baseline -0.001 -17"><span class='ocrx_word' id='word_1_340' title='bbox 340 2513 641 2569; x_wconf 75' lang='lat' dir='ltr'><strong>exercetur,</strong></span> <span class='ocrx_word' id='word_1_341' title='bbox 668 2511 728 2561; x_wconf 91' lang='lat' dir='ltr'><strong>ut</strong></span> <span class='ocrx_word' id='word_1_342' title='bbox 748 2510 916 2577; x_wconf 75' lang='lat' dir='ltr'><strong>ﬁant:</strong></span> <span class='ocrx_word' id='word_1_343' title='bbox 939 2507 1189 2577; x_wconf 81' lang='lat' dir='ltr'><strong>superbia</strong></span> <span class='ocrx_word' id='word_1_344' title='bbox 1206 2521 1328 2577; x_wconf 58' lang='lat' dir='ltr'><strong>vero</strong></span> <span class='ocrx_word' id='word_1_345' title='bbox 1337 2508 1497 2560; x_wconf 88' lang='lat' dir='ltr'><strong>etiam</strong></span> <span class='ocrx_word' id='word_1_346' title='bbox 1519 2506 1666 2560; x_wconf 86' lang='lat' dir='ltr'><strong>bonis</strong></span> <span class='ocrx_word' id='word_1_347' title='bbox 1686 2506 1935 2574; x_wconf 81' lang='lat' dir='ltr'><strong>operibus</strong></span> 
     </span>
    </p>
   </div>
   <div class='ocr_carea' id='block_1_37' title="bbox 340 2576 1931 2660">
    <p class='ocr_par' dir='ltr' id='par_1_37' title="bbox 340 2576 1931 2660">
     <span class='ocr_line' id='line_1_38' title="bbox 340 2576 1931 2660; baseline 0 -30"><span class='ocrx_word' id='word_1_348' title='bbox 340 2578 663 2660; x_wconf 61' lang='lat' dir='ltr'><strong>insidiatur,</strong></span> <span class='ocrx_word' id='word_1_349' title='bbox 686 2582 1005 2660; x_wconf 81' lang='lat' dir='ltr'><strong>utpereant.</strong></span> <span class='ocrx_word' id='word_1_350' title='bbox 1033 2576 1165 2659; x_wconf 74' lang='lat' dir='ltr'><strong>Vide</strong></span> <span class='ocrx_word' id='word_1_351' title='bbox 1193 2576 1265 2632; x_wconf 89' lang='lat' dir='ltr'><strong>ibi</strong></span> <span class='ocrx_word' id='word_1_352' title='bbox 1294 2576 1566 2660; x_wconf 72' lang='lat' dir='ltr'><strong>insignem</strong></span> <span class='ocrx_word' id='word_1_353' title='bbox 1593 2584 1931 2660; x_wconf 76' lang='lat' dir='ltr'><strong>commenta-</strong></span> 
     </span>
    </p>
   </div>
   <div class='ocr_carea' id='block_1_38' title="bbox 343 2646 1933 2721">
    <p class='ocr_par' dir='ltr' id='par_1_38' title="bbox 343 2646 1933 2721">
     <span class='ocr_line' id='line_1_39' title="bbox 343 2646 1933 2721; baseline -0.001 -18"><span class='ocrx_word' id='word_1_354' title='bbox 343 2648 491 2704; x_wconf 87' lang='lat' dir='ltr'><strong>rium</strong></span> <span class='ocrx_word' id='word_1_355' title='bbox 527 2646 786 2721; x_wconf 70' lang='lat' dir='ltr'><strong>Umberti</strong></span> <span class='ocrx_word' id='word_1_356' title='bbox 810 2663 937 2721; x_wconf 89' lang='lat' dir='ltr'><strong>cum</strong></span> <span class='ocrx_word' id='word_1_357' title='bbox 970 2646 1620 2721; x_wconf 28' lang='lat' dir='ltr'><strong>egregia‘comparatione</strong></span> <span class='ocrx_word' id='word_1_358' title='bbox 1655 2646 1933 2721; x_wconf 72' lang='lat' dir='ltr'><strong>superbia:</strong></span> 
     </span>
    </p>
   </div>
   <div class='ocr_carea' id='block_1_39' title="bbox 345 2663 1936 2788">
    <p class='ocr_par' dir='ltr' id='par_1_39' title="bbox 345 2663 1936 2788">
     <span class='ocr_line' id='line_1_40' title="bbox 345 2663 1933 2772; baseline -0.001 -69"><span class='ocrx_word' id='word_1_359' title='bbox 345 2663 491 2704; x_wconf 80' lang='lat' dir='ltr'><strong>num</strong></span> <span class='ocrx_word' id='word_1_360' title='bbox 534 2663 786 2705; x_wconf 78' lang='lat' dir='ltr'><strong>umbem</strong></span> <span class='ocrx_word' id='word_1_361' title='bbox 810 2663 937 2705; x_wconf 88' lang='lat' dir='ltr'><strong>cum</strong></span> <span class='ocrx_word' id='word_1_362' title='bbox 970 2663 1179 2772; x_wconf 65' lang='lat' dir='ltr'><strong>egregia</strong></span> <span class='ocrx_word' id='word_1_363' title='bbox 1212 2663 1620 2718; x_wconf 77' lang='lat' dir='ltr'><strong>comparatione</strong></span> <span class='ocrx_word' id='word_1_364' title='bbox 1662 2663 1933 2717; x_wconf 72' lang='lat' dir='ltr'><strong>superata:</strong></span> 
     </span>
     <span class='ocr_line' id='line_1_41' title="bbox 345 2716 1936 2788; baseline -0.002 -15"><span class='ocrx_word' id='word_1_365' title='bbox 345 2732 473 2774; x_wconf 91' lang='lat' dir='ltr'><strong>cum</strong></span> <span class='ocrx_word' id='word_1_366' title='bbox 501 2719 626 2775; x_wconf 88' lang='lat' dir='ltr'><strong>aliis</strong></span> <span class='ocrx_word' id='word_1_367' title='bbox 652 2718 811 2775; x_wconf 89' lang='lat' dir='ltr'><strong>vitiis.</strong></span> <span class='ocrx_word' id='word_1_368' title='bbox 844 2720 1105 2774; x_wconf 84' lang='lat' dir='ltr'><strong>Rursusa</strong></span> <span class='ocrx_word' id='word_1_369' title='bbox 1129 2717 1204 2773; x_wconf 90' lang='lat' dir='ltr'><strong>ibi</strong></span> <span class='ocrx_word' id='word_1_370' title='bbox 1235 2716 1577 2788; x_wconf 81' lang='lat' dir='ltr'><strong>Augustinus</strong></span> <span class='ocrx_word' id='word_1_371' title='bbox 1605 2735 1619 2771; x_wconf 93' lang='lat'><strong>:</strong></span> <span class='ocrx_word' id='word_1_372' title='bbox 1654 2719 1809 2773; x_wconf 88' lang='lat' dir='ltr'><strong>Vit-ia</strong></span> <span class='ocrx_word' id='word_1_373' title='bbox 1837 2732 1936 2788; x_wconf 75' lang='lat' dir='ltr'><strong>ca:-</strong></span> 
     </span>
    </p>
   </div>
   <div class='ocr_carea' id='block_1_40' title="bbox 343 2787 1935 2862">
    <p class='ocr_par' dir='ltr' id='par_1_40' title="bbox 343 2787 1935 2862">
     <span class='ocr_line' id='line_1_42' title="bbox 343 2787 1935 2862; baseline -0.003 -18"><span class='ocrx_word' id='word_1_374' title='bbox 343 2793 459 2845; x_wconf 88' lang='lat' dir='ltr'><strong>tera</strong></span> <span class='ocrx_word' id='word_1_375' title='bbox 484 2792 542 2845; x_wconf 90' lang='lat' dir='ltr'><strong>in</strong></span> <span class='ocrx_word' id='word_1_376' title='bbox 555 2792 783 2861; x_wconf 84' lang='lat' dir='ltr'><strong>peccatis</strong></span> <span class='ocrx_word' id='word_1_377' title='bbox 815 2809 844 2862; x_wconf 14' lang='lat'><strong>:7</strong></span> <span class='ocrx_word' id='word_1_378' title='bbox 860 2789 1119 2862; x_wconf 71' lang='lat' dir='ltr'><strong>superbia</strong></span> <span class='ocrx_word' id='word_1_379' title='bbox 1136 2804 1258 2862; x_wconf 74' lang='lat' dir='ltr'><strong>vero</strong></span> <span class='ocrx_word' id='word_1_380' title='bbox 1279 2787 1340 2842; x_wconf 78' lang='lat' dir='ltr'><strong>in</strong></span> <span class='ocrx_word' id='word_1_381' title='bbox 1356 2792 1493 2843; x_wconf 89' lang='lat' dir='ltr'><strong>recte</strong></span> <span class='ocrx_word' id='word_1_382' title='bbox 1511 2788 1677 2862; x_wconf 80' lang='lat' dir='ltr'><strong>factis</strong></span> <span class='ocrx_word' id='word_1_383' title='bbox 1699 2787 1935 2862; x_wconf 79' lang='lat' dir='ltr'><strong>timenda</strong></span> 
     </span>
    </p>
   </div>
   <div class='ocr_carea' id='block_1_41' title="bbox 345 2857 1933 2929">
    <p class='ocr_par' dir='ltr' id='par_1_41' title="bbox 345 2857 1933 2929">
     <span class='ocr_line' id='line_1_43' title="bbox 345 2857 1933 2929; baseline -0.002 -14"><span class='ocrx_word' id='word_1_384' title='bbox 345 2864 444 2924; x_wconf 87' lang='lat' dir='ltr'><strong>est,</strong></span> <span class='ocrx_word' id='word_1_385' title='bbox 471 2877 537 2916; x_wconf 89' lang='lat' dir='ltr'><strong>ne</strong></span> <span class='ocrx_word' id='word_1_386' title='bbox 555 2857 661 2915; x_wconf 69' lang='lat' dir='ltr'><strong>illa</strong></span> <span class='ocrx_word' id='word_1_387' title='bbox 682 2876 801 2929; x_wconf 81' lang='lat' dir='ltr'><strong>qua:</strong></span> <span class='ocrx_word' id='word_1_388' title='bbox 828 2857 1180 2915; x_wconf 75' lang='lat' dir='ltr'><strong>laudabiliter</strong></span> <span class='ocrx_word' id='word_1_389' title='bbox 1201 2861 1353 2929; x_wconf 88' lang='lat' dir='ltr'><strong>facta</strong></span> <span class='ocrx_word' id='word_1_390' title='bbox 1372 2864 1517 2921; x_wconf 86' lang='lat' dir='ltr'><strong>sunt,</strong></span> <span class='ocrx_word' id='word_1_391' title='bbox 1544 2860 1717 2928; x_wconf 79' lang='lat' dir='ltr'><strong>ipsius</strong></span> <span class='ocrx_word' id='word_1_392' title='bbox 1747 2857 1933 2929; x_wconf 77' lang='lat' dir='ltr'><strong>laudis</strong></span> 
     </span>
    </p>
   </div>
   <div class='ocr_carea' id='block_1_42' title="bbox 346 2926 1934 3056">
    <p class='ocr_par' dir='ltr' id='par_1_42' title="bbox 346 2926 1934 3056">
     <span class='ocr_line' id='line_1_44' title="bbox 346 2926 1934 3013; baseline -0.001 -27"><span class='ocrx_word' id='word_1_393' title='bbox 346 2932 647 3013; x_wconf 68' lang='lat' dir='ltr'><strong>cupiditate</strong></span> <span class='ocrx_word' id='word_1_394' title='bbox 665 2926 1004 2986; x_wconf 72' lang='lat' dir='ltr'><strong>amittantur.</strong></span> <span class='ocrx_word' id='word_1_395' title='bbox 1021 2926 1231 3012; x_wconf 73' lang='lat' dir='ltr'><strong>Similia</strong></span> <span class='ocrx_word' id='word_1_396' title='bbox 1254 2928 1420 2985; x_wconf 87' lang='lat' dir='ltr'><strong>habet</strong></span> <span class='ocrx_word' id='word_1_397' title='bbox 1443 2931 1514 2984; x_wconf 93' lang='lat' dir='ltr'><strong>D.</strong></span> <span class='ocrx_word' id='word_1_398' title='bbox 1534 2926 1827 3009; x_wconf 76' lang='lat' dir='ltr'><strong>Gregorius</strong></span> <span class='ocrx_word' id='word_1_399' title='bbox 1842 2927 1934 2984; x_wconf 87' lang='lat' dir='ltr'><strong>ho-</strong></span> 
     </span>
     <span class='ocr_line' id='line_1_45' title="bbox 346 2997 1932 3056; baseline -0.001 -1"><span class='ocrx_word' id='word_1_400' title='bbox 346 3003 463 3056; x_wconf 83' lang='lat' dir='ltr'><strong>mII.</strong></span> <span class='ocrx_word' id='word_1_401' title='bbox 500 3006 568 3056; x_wconf 88' lang='lat' dir='ltr'><strong>I2</strong></span> <span class='ocrx_word' id='word_1_402' title='bbox 593 3017 651 3056; x_wconf 85' lang='grc' dir='ltr'>ιιι</span> <span class='ocrx_word' id='word_1_403' title='bbox 677 3002 881 3056; x_wconf 75' lang='lat' dir='ltr'><strong>Evane.</strong></span> <span class='ocrx_word' id='word_1_404' title='bbox 901 3042 918 3056; x_wconf 92' lang='lat'><strong>.</strong></span> <span class='ocrx_word' id='word_1_405' title='bbox 947 3014 1071 3056; x_wconf 73' lang='lat' dir='ltr'><strong>quae</strong></span> <span class='ocrx_word' id='word_1_406' title='bbox 1098 3009 1267 3056; x_wconf 77' lang='lat' dir='ltr'><strong>etiam</strong></span> <span class='ocrx_word' id='word_1_407' title='bbox 1305 3000 1374 3056; x_wconf 91' lang='lat' dir='ltr'><strong>ad</strong></span> <span class='ocrx_word' id='word_1_408' title='bbox 1401 2997 1762 3056; x_wconf 79' lang='lat' dir='ltr'><strong>cenodoxlam</strong></span> <span class='ocrx_word' id='word_1_409' title='bbox 1780 3038 1796 3056; x_wconf 88' lang='lat'><strong>.</strong></span> <span class='ocrx_word' id='word_1_410' title='bbox 1836 3012 1932 3054; x_wconf 89' lang='lat' dir='ltr'><strong>seu</strong></span> 
     </span>
    </p>
   </div>
   <div class='ocr_carea' id='block_1_43' title="bbox 337 3006 1935 3151">
    <p class='ocr_par' dir='ltr' id='par_1_43' title="bbox 337 3006 1935 3151">
     <span class='ocr_line' id='line_1_46' title="bbox 342 3006 1932 3073; baseline 0 -19"><span class='ocrx_word' id='word_1_411' title='bbox 342 3006 463 3057; x_wconf 90' lang='lat' dir='ltr'><strong>mil.</strong></span> <span class='ocrx_word' id='word_1_412' title='bbox 500 3006 568 3056; x_wconf 84' lang='lat' dir='ltr'><strong>I2</strong></span> <span class='ocrx_word' id='word_1_413' title='bbox 593 3006 651 3056; x_wconf 90' lang='lat' dir='ltr'><strong>in</strong></span> <span class='ocrx_word' id='word_1_414' title='bbox 678 3006 881 3073; x_wconf 84' lang='lat' dir='ltr'><strong>Evang.</strong></span> <span class='ocrx_word' id='word_1_415' title='bbox 901 3042 918 3069; x_wconf 90' lang='lat'><strong>,</strong></span> <span class='ocrx_word' id='word_1_416' title='bbox 947 3014 1071 3071; x_wconf 74' lang='lat' dir='ltr'><strong>quae</strong></span> <span class='ocrx_word' id='word_1_417' title='bbox 1098 3006 1267 3056; x_wconf 89' lang='lat' dir='ltr'><strong>etiam</strong></span> <span class='ocrx_word' id='word_1_418' title='bbox 1305 3006 1374 3056; x_wconf 91' lang='lat' dir='ltr'><strong>ad</strong></span> <span class='ocrx_word' id='word_1_419' title='bbox 1401 3006 1762 3056; x_wconf 84' lang='lat' dir='ltr'><strong>cenodoxiam</strong></span> <span class='ocrx_word' id='word_1_420' title='bbox 1780 3038 1796 3065; x_wconf 95' lang='lat'><strong>,</strong></span> <span class='ocrx_word' id='word_1_421' title='bbox 1836 3012 1932 3054; x_wconf 89' lang='lat' dir='ltr'><strong>seu</strong></span> 
     </span>
     <span class='ocr_line' id='line_1_47' title="bbox 337 3068 1935 3151; baseline -0.001 -26"><span class='ocrx_word' id='word_1_422' title='bbox 337 3070 565 3151; x_wconf 64' lang='lat' dir='ltr'><strong>inanem</strong></span> <span class='ocrx_word' id='word_1_423' title='bbox 589 3070 815 3142; x_wconf 79' lang='lat' dir='ltr'><strong>gloriam</strong></span> <span class='ocrx_word' id='word_1_424' title='bbox 845 3069 1035 3151; x_wconf 72' lang='lat' dir='ltr'><strong>referri</strong></span> <span class='ocrx_word' id='word_1_425' title='bbox 1065 3080 1311 3151; x_wconf 75' lang='lat' dir='ltr'><strong>possunt,</strong></span> <span class='ocrx_word' id='word_1_426' title='bbox 1334 3068 1935 3151; x_wconf 68' lang='lat' dir='ltr'><strong>qua:_prima_superb_iaa</strong></span> 
     </span>
    </p>
   </div>
   <div class='ocr_carea' id='block_1_44' title="bbox 342 3139 1927 3214">
    <p class='ocr_par' dir='ltr' id='par_1_44' title="bbox 342 3139 1927 3214">
     <span class='ocr_line' id='line_1_48' title="bbox 342 3139 1927 3214; baseline -0.004 -15"><span class='ocrx_word' id='word_1_427' title='bbox 342 3143 489 3211; x_wconf 81' lang='lat' dir='ltr'><strong>ﬁlia,</strong></span> <span class='ocrx_word' id='word_1_428' title='bbox 516 3139 739 3214; x_wconf 68' lang='lat' dir='ltr'><strong>ejusque</strong></span> <span class='ocrx_word' id='word_1_429' title='bbox 760 3139 1082 3214; x_wconf 81' lang='lat' dir='ltr'><strong>pedissequa</strong></span> <span class='ocrx_word' id='word_1_430' title='bbox 1100 3181 1116 3208; x_wconf 92' lang='lat'><strong>,</strong></span> <span class='ocrx_word' id='word_1_431' title='bbox 1144 3141 1235 3197; x_wconf 90' lang='lat' dir='ltr'><strong>cui</strong></span> <span class='ocrx_word' id='word_1_432' title='bbox 1262 3139 1317 3197; x_wconf 88' lang='lat' dir='ltr'><strong>et</strong></span> <span class='ocrx_word' id='word_1_433' title='bbox 1344 3139 1671 3212; x_wconf 59' lang='lat' dir='ltr'><strong>illud&#39;aptari</strong></span> <span class='ocrx_word' id='word_1_434' title='bbox 1702 3139 1882 3212; x_wconf 78' lang='lat' dir='ltr'><strong>potest</strong></span> <span class='ocrx_word' id='word_1_435' title='bbox 1913 3155 1927 3191; x_wconf 74' lang='grc' dir='ltr'>ε</span> 
     </span>
    </p>
   </div>
   <div class='ocr_carea' id='block_1_45' title="bbox 500 3244 1467 3307">
    <p class='ocr_par' dir='ltr' id='par_1_45' title="bbox 500 3244 1467 3307">
     <span class='ocr_line' id='line_1_49' title="bbox 500 3244 1467 3307; baseline -0.001 -14"><span class='ocrx_word' id='word_1_436' title='bbox 500 3246 563 3294; x_wconf 83' lang='lat' dir='ltr'><strong>Et</strong></span> <span class='ocrx_word' id='word_1_437' title='bbox 589 3247 813 3307; x_wconf 84' lang='lat' dir='ltr'><strong>sequitur</strong></span> <span class='ocrx_word' id='word_1_438' title='bbox 839 3245 1014 3296; x_wconf 86' lang='lat' dir='ltr'><strong>leviter</strong></span> <span class='ocrx_word' id='word_1_439' title='bbox 1035 3244 1135 3294; x_wconf 81' lang='lat' dir='ltr'><strong>hiis</strong></span> <span class='ocrx_word' id='word_1_440' title='bbox 1165 3244 1341 3294; x_wconf 86' lang='lat' dir='ltr'><strong>matris</strong></span> <span class='ocrx_word' id='word_1_441' title='bbox 1355 3244 1467 3293; x_wconf 88' lang='lat' dir='ltr'><strong>iter.</strong></span> 
     </span>
    </p>
   </div>
   <div class='ocr_carea' id='block_1_46' title="bbox 419 3350 1920 3426">
    <p class='ocr_par' dir='ltr' id='par_1_46' title="bbox 419 3350 1920 3426">
     <span class='ocr_line' id='line_1_50' title="bbox 419 3350 1920 3426; baseline -0.002 -17"><span class='ocrx_word' id='word_1_442' title='bbox 419 3355 445 3386; x_wconf 81' lang='grc'><strong><em>³</em></strong></span> <span class='ocrx_word' id='word_1_443' title='bbox 489 3354 772 3426; x_wconf 82' lang='lat' dir='ltr'><strong>septuag.,</strong></span> <span class='ocrx_word' id='word_1_444' title='bbox 802 3352 863 3406; x_wconf 73' lang='grc' dir='ltr'><strong>τὶ</strong></span> <span class='ocrx_word' id='word_1_445' title='bbox 885 3354 1120 3424; x_wconf 75' lang='grc' dir='ltr'><strong>βρώματα</strong></span> <span class='ocrx_word' id='word_1_446' title='bbox 1147 3351 1298 3426; x_wconf 64' lang='grc' dir='ltr'><strong>ᾳῦτᾳΰ</strong></span> <span class='ocrx_word' id='word_1_447' title='bbox 1314 3351 1540 3426; x_wconf 41' lang='grc' dir='ltr'><strong>ε-κλεκτά.</strong></span> <span class='ocrx_word' id='word_1_448' title='bbox 1571 3350 1801 3426; x_wconf 79' lang='lat' dir='ltr'><strong>Vulgata</strong></span> <span class='ocrx_word' id='word_1_449' title='bbox 1828 3366 1920 3426; x_wconf 69' lang='lat' dir='ltr'><strong>ver</strong></span> 
     </span>
    </p>
   </div>
   <div class='ocr_carea' id='block_1_47' title="bbox 336 3420 1928 3494">
    <p class='ocr_par' dir='ltr' id='par_1_47' title="bbox 336 3420 1928 3494">
     <span class='ocr_line' id='line_1_51' title="bbox 336 3420 1928 3494; baseline -0.002 -16"><span class='ocrx_word' id='word_1_450' title='bbox 336 3422 469 3494; x_wconf 85' lang='lat' dir='ltr'><strong>sio:</strong></span> <span class='ocrx_word' id='word_1_451' title='bbox 506 3420 668 3479; x_wconf 81' lang='lat' dir='ltr'><strong>Cibus</strong></span> <span class='ocrx_word' id='word_1_452' title='bbox 691 3420 803 3494; x_wconf 71' lang='lat' dir='ltr'><strong>Ejus</strong></span> <span class='ocrx_word' id='word_1_453' title='bbox 830 3420 1061 3485; x_wconf 63' lang='lat' dir='ltr'><strong>electus.</strong></span> <span class='ocrx_word' id='word_1_454' title='bbox 1072 3423 1217 3494; x_wconf 83' lang='lat' dir='ltr'><strong>Scite</strong></span> <span class='ocrx_word' id='word_1_455' title='bbox 1248 3422 1301 3479; x_wconf 93' lang='lat' dir='ltr'><strong>in</strong></span> <span class='ocrx_word' id='word_1_456' title='bbox 1330 3422 1472 3494; x_wconf 83' lang='lat' dir='ltr'><strong>hanc</strong></span> <span class='ocrx_word' id='word_1_457' title='bbox 1496 3420 1928 3494; x_wconf 65' lang='lat' dir='ltr'><strong>sententiamp.</strong></span> 
     </span>
    </p>
   </div>
   <div class='ocr_carea' id='block_1_48' title="bbox 341 3491 1931 3566">
    <p class='ocr_par' dir='ltr' id='par_1_48' title="bbox 341 3491 1931 3566">
     <span class='ocr_line' id='line_1_52' title="bbox 341 3491 1931 3566; baseline -0.003 -17"><span class='ocrx_word' id='word_1_458' title='bbox 341 3491 726 3566; x_wconf 71' lang='lat' dir='ltr'><strong>Hieronymus</strong></span> <span class='ocrx_word' id='word_1_459' title='bbox 753 3495 912 3566; x_wconf 91' lang='lat' dir='ltr'><strong>epist.</strong></span> <span class='ocrx_word' id='word_1_460' title='bbox 958 3501 1048 3563; x_wconf 81' lang='lat'><strong>22,</strong></span> <span class='ocrx_word' id='word_1_461' title='bbox 1089 3493 1159 3551; x_wconf 88' lang='lat' dir='ltr'><strong>ad</strong></span> <span class='ocrx_word' id='word_1_462' title='bbox 1211 3492 1572 3550; x_wconf 86' lang='lat' dir='ltr'><strong>Eustochium</strong></span> <span class='ocrx_word' id='word_1_463' title='bbox 1603 3491 1931 3566; x_wconf 75' lang='lat' dir='ltr'><strong>:Quamdiu,</strong></span> 
     </span>
    </p>
   </div>
   <div class='ocr_carea' id='block_1_49' title="bbox 339 3562 1940 3637">
    <p class='ocr_par' dir='ltr' id='par_1_49' title="bbox 339 3562 1940 3637">
     <span class='ocr_line' id='line_1_53' title="bbox 339 3562 1940 3637; baseline -0.003 -16"><span class='ocrx_word' id='word_1_464' title='bbox 339 3565 540 3637; x_wconf 83' lang='lat' dir='ltr'><strong>inquit,</strong></span> <span class='ocrx_word' id='word_1_465' title='bbox 560 3562 657 3620; x_wconf 87' lang='lat' dir='ltr'><strong>hoc</strong></span> <span class='ocrx_word' id='word_1_466' title='bbox 669 3562 875 3635; x_wconf 88' lang='lat' dir='ltr'><strong>fragili</strong></span> <span class='ocrx_word' id='word_1_467' title='bbox 896 3562 1108 3637; x_wconf 73' lang='lat' dir='ltr'><strong>corpore</strong></span> <span class='ocrx_word' id='word_1_468' title='bbox 1130 3567 1428 3637; x_wconf 81' lang='lat' dir='ltr'><strong>detinemur</strong></span> <span class='ocrx_word' id='word_1_469' title='bbox 1449 3586 1469 3626; x_wconf 82' lang='lat'><strong><em>;</em></strong></span> <span class='ocrx_word' id='word_1_470' title='bbox 1497 3563 1756 3634; x_wconf 85' lang='lat' dir='ltr'><strong>quamdiu</strong></span> <span class='ocrx_word' id='word_1_471' title='bbox 1779 3562 1940 3637; x_wconf 83' lang='lat' dir='ltr'><strong>habe-</strong></span> 
     </span>
    </p>
   </div>
   <div class='ocr_carea' id='block_1_50' title="bbox 332 3635 1936 3707">
    <p class='ocr_par' dir='ltr' id='par_1_50' title="bbox 332 3635 1936 3707">
     <span class='ocr_line' id='line_1_54' title="bbox 332 3635 1936 3707; baseline -0.002 -17"><span class='ocrx_word' id='word_1_472' title='bbox 332 3635 456 3691; x_wconf 78' lang='lat' dir='ltr'><strong>mus</strong></span> <span class='ocrx_word' id='word_1_473' title='bbox 484 3638 798 3691; x_wconf 84' lang='lat' dir='ltr'><strong>thesaurum</strong></span> <span class='ocrx_word' id='word_1_474' title='bbox 826 3635 996 3692; x_wconf 71' lang='lat' dir='ltr'><strong>istum</strong></span> <span class='ocrx_word' id='word_1_475' title='bbox 1007 3640 1069 3691; x_wconf 90' lang='lat' dir='ltr'><strong>in</strong></span> <span class='ocrx_word' id='word_1_476' title='bbox 1090 3639 1235 3692; x_wconf 76' lang='lat' dir='ltr'><strong>vasis</strong></span> <span class='ocrx_word' id='word_1_477' title='bbox 1252 3636 1526 3707; x_wconf 72' lang='lat' dir='ltr'><strong>ﬁctilibus,</strong></span> <span class='ocrx_word' id='word_1_478' title='bbox 1548 3638 1600 3689; x_wconf 86' lang='lat' dir='ltr'><strong>et</strong></span> <span class='ocrx_word' id='word_1_479' title='bbox 1616 3635 1936 3703; x_wconf 81' lang='lat' dir='ltr'><strong>concupiscit</strong></span> 
     </span>
    </p>
   </div>
   <div class='ocr_carea' id='block_1_51' title="bbox 340 3706 1929 3777">
    <p class='ocr_par' dir='ltr' id='par_1_51' title="bbox 340 3706 1929 3777">
     <span class='ocr_line' id='line_1_55' title="bbox 340 3706 1929 3777; baseline -0.001 -17"><span class='ocrx_word' id='word_1_480' title='bbox 340 3709 567 3777; x_wconf 84' lang='lat' dir='ltr'><strong>spiritus</strong></span> <span class='ocrx_word' id='word_1_481' title='bbox 595 3708 848 3763; x_wconf 78' lang='lat' dir='ltr'><strong>adversus</strong></span> <span class='ocrx_word' id='word_1_482' title='bbox 871 3724 1104 3771; x_wconf 88' lang='lat' dir='ltr'><strong>carnem,</strong></span> <span class='ocrx_word' id='word_1_483' title='bbox 1131 3712 1182 3763; x_wconf 91' lang='lat' dir='ltr'><strong>et</strong></span> <span class='ocrx_word' id='word_1_484' title='bbox 1208 3706 1332 3763; x_wconf 88' lang='lat' dir='ltr'><strong>caro</strong></span> <span class='ocrx_word' id='word_1_485' title='bbox 1358 3706 1617 3761; x_wconf 76' lang='lat' dir='ltr'><strong>adversus</strong></span> <span class='ocrx_word' id='word_1_486' title='bbox 1653 3706 1929 3777; x_wconf 82' lang='lat' dir='ltr'><strong>spiritum,</strong></span> 
     </span>
    </p>
   </div>
   <div class='ocr_carea' id='block_1_52' title="bbox 339 3776 1929 3838">
    <p class='ocr_par' dir='ltr' id='par_1_52' title="bbox 339 3776 1929 3838">
     <span class='ocr_line' id='line_1_56' title="bbox 339 3776 1929 3838; baseline -0.002 -6"><span class='ocrx_word' id='word_1_487' title='bbox 339 3776 493 3833; x_wconf 72' lang='lat' dir='ltr'><strong>nulla</strong></span> <span class='ocrx_word' id='word_1_488' title='bbox 517 3782 594 3833; x_wconf 89' lang='lat' dir='ltr'><strong>est</strong></span> <span class='ocrx_word' id='word_1_489' title='bbox 616 3784 759 3838; x_wconf 84' lang='lat' dir='ltr'><strong>certa</strong></span> <span class='ocrx_word' id='word_1_490' title='bbox 796 3781 1039 3835; x_wconf 81' lang='lat' dir='ltr'><strong>victoria.</strong></span> <span class='ocrx_word' id='word_1_491' title='bbox 1065 3778 1431 3834; x_wconf 67' lang='lat' dir='ltr'><strong>Adversarius</strong></span> <span class='ocrx_word' id='word_1_492' title='bbox 1467 3780 1643 3831; x_wconf 87' lang='lat' dir='ltr'><strong>noster</strong></span> <span class='ocrx_word' id='word_1_493' title='bbox 1664 3776 1929 3837; x_wconf 86' lang='lat' dir='ltr'><strong>diabolus,</strong></span> 
     </span>
    </p>
   </div>
   <div class='ocr_carea' id='block_1_53' title="bbox 340 3848 1934 3919">
    <p class='ocr_par' dir='ltr' id='par_1_53' title="bbox 340 3848 1934 3919">
     <span class='ocr_line' id='line_1_57' title="bbox 340 3848 1934 3919; baseline -0.002 -16"><span class='ocrx_word' id='word_1_494' title='bbox 340 3852 616 3918; x_wconf 87' lang='lat' dir='ltr'><strong>tamquam</strong></span> <span class='ocrx_word' id='word_1_495' title='bbox 630 3851 707 3904; x_wconf 87' lang='lat' dir='ltr'><strong>leo</strong></span> <span class='ocrx_word' id='word_1_496' title='bbox 721 3853 941 3919; x_wconf 88' lang='lat' dir='ltr'><strong>rugiens</strong></span> <span class='ocrx_word' id='word_1_497' title='bbox 954 3851 1192 3919; x_wconf 88' lang='lat' dir='ltr'><strong>aliquem</strong></span> <span class='ocrx_word' id='word_1_498' title='bbox 1204 3849 1460 3904; x_wconf 82' lang='lat' dir='ltr'><strong>devora-re</strong></span> <span class='ocrx_word' id='word_1_499' title='bbox 1478 3861 1720 3917; x_wconf 64' lang='lat' dir='ltr'><strong>quarens</strong></span> <span class='ocrx_word' id='word_1_500' title='bbox 1740 3848 1934 3919; x_wconf 70' lang='lat' dir='ltr'><strong>circuit</strong></span> 
     </span>
    </p>
   </div>
   <div class='ocr_carea' id='block_1_54' title="bbox 342 3917 1935 3987">
    <p class='ocr_par' dir='ltr' id='par_1_54' title="bbox 342 3917 1935 3987">
     <span class='ocr_line' id='line_1_58' title="bbox 342 3917 1935 3987; baseline -0.003 -13"><span class='ocrx_word' id='word_1_501' title='bbox 342 3919 421 3987; x_wconf 89' lang='lat' dir='ltr'><strong>(ll</strong></span> <span class='ocrx_word' id='word_1_502' title='bbox 451 3917 567 3976; x_wconf 82' lang='lat' dir='ltr'><strong>Cor.</strong></span> <span class='ocrx_word' id='word_1_503' title='bbox 594 3934 683 3985; x_wconf 87' lang='lat' dir='ltr'><strong>Iv,</strong></span> <span class='ocrx_word' id='word_1_504' title='bbox 716 3917 837 3976; x_wconf 80' lang='lat' dir='ltr'><strong>Gal.</strong></span> <span class='ocrx_word' id='word_1_505' title='bbox 861 3934 923 3985; x_wconf 73' lang='grc' dir='ltr'><strong>γ,</strong></span> <span class='ocrx_word' id='word_1_506' title='bbox 946 3920 972 3972; x_wconf 88' lang='grc' dir='ltr'><strong>Ῑ</strong></span> <span class='ocrx_word' id='word_1_507' title='bbox 997 3917 1141 3973; x_wconf 78' lang='lat' dir='ltr'><strong>Petr.</strong></span> <span class='ocrx_word' id='word_1_508' title='bbox 1171 3924 1255 3983; x_wconf 69' lang='grc' dir='ltr'><strong>ν).</strong></span> <span class='ocrx_word' id='word_1_509' title='bbox 1281 3919 1621 3987; x_wconf 85' lang='lat' dir='ltr'><strong>Posuisti,ait</strong></span> <span class='ocrx_word' id='word_1_510' title='bbox 1642 3917 1840 3978; x_wconf 68' lang='lat' dir='ltr'><strong>David,</strong></span> <span class='ocrx_word' id='word_1_511' title='bbox 1859 3920 1935 3969; x_wconf 88' lang='lat' dir='ltr'><strong>tc-</strong></span> 
     </span>
    </p>
   </div>
   <div class='ocr_carea' id='block_1_55' title="bbox 339 3985 1934 4056">
    <p class='ocr_par' dir='ltr' id='par_1_55' title="bbox 339 3985 1934 4056">
     <span class='ocr_line' id='line_1_59' title="bbox 339 3985 1934 4056; baseline -0.004 -12"><span class='ocrx_word' id='word_1_512' title='bbox 339 3985 557 4051; x_wconf 84' lang='lat' dir='ltr'><strong>nebras,</strong></span> <span class='ocrx_word' id='word_1_513' title='bbox 585 3995 636 4043; x_wconf 92' lang='lat' dir='ltr'><strong>et</strong></span> <span class='ocrx_word' id='word_1_514' title='bbox 662 3991 818 4056; x_wconf 89' lang='lat' dir='ltr'><strong>facta</strong></span> <span class='ocrx_word' id='word_1_515' title='bbox 840 3992 918 4042; x_wconf 89' lang='lat' dir='ltr'><strong>est</strong></span> <span class='ocrx_word' id='word_1_516' title='bbox 940 4002 1052 4040; x_wconf 71' lang='lat' dir='ltr'><strong>nos:</strong></span> <span class='ocrx_word' id='word_1_517' title='bbox 1075 4006 1090 4039; x_wconf 94' lang='lat'><strong>:</strong></span> <span class='ocrx_word' id='word_1_518' title='bbox 1112 3989 1171 4038; x_wconf 87' lang='lat' dir='ltr'><strong>in</strong></span> <span class='ocrx_word' id='word_1_519' title='bbox 1190 3989 1312 4054; x_wconf 86' lang='lat' dir='ltr'><strong>ipsa</strong></span> <span class='ocrx_word' id='word_1_520' title='bbox 1332 3985 1733 4056; x_wconf 80' lang='lat' dir='ltr'><strong>pertransibunt</strong></span> <span class='ocrx_word' id='word_1_521' title='bbox 1758 3999 1934 4039; x_wconf 89' lang='lat' dir='ltr'><strong>omnes</strong></span> 
     </span>
    </p>
   </div>
   <div class='ocr_carea' id='block_1_56' title="bbox 341 4054 1935 4127">
    <p class='ocr_par' dir='ltr' id='par_1_56' title="bbox 341 4054 1935 4127">
     <span class='ocr_line' id='line_1_60' title="bbox 341 4054 1935 4127; baseline -0.004 -13"><span class='ocrx_word' id='word_1_522' title='bbox 341 4060 523 4114; x_wconf 75' lang='lat' dir='ltr'><strong>bestia:</strong></span> <span class='ocrx_word' id='word_1_523' title='bbox 535 4054 683 4127; x_wconf 69' lang='lat' dir='ltr'><strong>ﬁlice,</strong></span> <span class='ocrx_word' id='word_1_524' title='bbox 706 4058 879 4111; x_wconf 84' lang='lat' dir='ltr'><strong>catuli</strong></span> <span class='ocrx_word' id='word_1_525' title='bbox 886 4057 1091 4127; x_wconf 80' lang='lat' dir='ltr'><strong>leonum</strong></span> <span class='ocrx_word' id='word_1_526' title='bbox 1104 4056 1467 4127; x_wconf 71' lang='lat' dir='ltr'><strong>rugientes,ut</strong></span> <span class='ocrx_word' id='word_1_527' title='bbox 1479 4054 1777 4127; x_wconf 66' lang='lat' dir='ltr'><strong>rapiantet</strong></span> <span class='ocrx_word' id='word_1_528' title='bbox 1788 4069 1935 4127; x_wconf 65' lang='lat' dir='ltr'><strong>quee-</strong></span> 
     </span>
    </p>
   </div>
   <div class='ocr_carea' id='block_1_57' title="bbox 344 4121 1937 4193">
    <p class='ocr_par' dir='ltr' id='par_1_57' title="bbox 344 4121 1937 4193">
     <span class='ocr_line' id='line_1_61' title="bbox 344 4121 1937 4193; baseline -0.003 -10"><span class='ocrx_word' id='word_1_529' title='bbox 344 4134 474 4183; x_wconf 86' lang='lat' dir='ltr'><strong>rant</strong></span> <span class='ocrx_word' id='word_1_530' title='bbox 499 4121 659 4182; x_wconf 55' lang='lat' dir='ltr'><strong>a&#39;Deo</strong></span> <span class='ocrx_word' id='word_1_531' title='bbox 688 4141 865 4179; x_wconf 85' lang='lat' dir='ltr'><strong>escam</strong></span> <span class='ocrx_word' id='word_1_532' title='bbox 892 4125 1018 4179; x_wconf 83' lang='lat' dir='ltr'><strong>sibi.</strong></span> <span class='ocrx_word' id='word_1_533' title='bbox 1059 4121 1188 4180; x_wconf 82' lang='lat' dir='ltr'><strong>Non</strong></span> <span class='ocrx_word' id='word_1_534' title='bbox 1203 4123 1403 4193; x_wconf 72' lang='lat' dir='ltr'><strong>quarrit</strong></span> <span class='ocrx_word' id='word_1_535' title='bbox 1426 4121 1672 4176; x_wconf 86' lang='lat' dir='ltr'><strong>diabolus</strong></span> <span class='ocrx_word' id='word_1_536' title='bbox 1703 4122 1937 4178; x_wconf 83' lang='lat' dir='ltr'><strong>homines</strong></span> 
     </span>
    </p>
   </div>
   <div class='ocr_carea' id='block_1_58' title="bbox 340 4196 1938 4336">
    <p class='ocr_par' dir='ltr' id='par_1_58' title="bbox 340 4196 1938 4336">
     <span class='ocr_line' id='line_1_62' title="bbox 345 4196 1938 4266; baseline -0.004 -15"><span class='ocrx_word' id='word_1_537' title='bbox 345 4196 612 4266; x_wconf 83' lang='lat' dir='ltr'><strong>inﬁdeles,</strong></span> <span class='ocrx_word' id='word_1_538' title='bbox 646 4212 749 4249; x_wconf 85' lang='lat' dir='ltr'><strong>non</strong></span> <span class='ocrx_word' id='word_1_539' title='bbox 773 4210 856 4249; x_wconf 90' lang='lat' dir='ltr'><strong>eos</strong></span> <span class='ocrx_word' id='word_1_540' title='bbox 874 4197 973 4264; x_wconf 88' lang='lat' dir='ltr'><strong>qui</strong></span> <span class='ocrx_word' id='word_1_541' title='bbox 984 4196 1122 4262; x_wconf 87' lang='lat' dir='ltr'><strong>foris</strong></span> <span class='ocrx_word' id='word_1_542' title='bbox 1146 4197 1293 4257; x_wconf 87' lang='lat' dir='ltr'><strong>sunt,</strong></span> <span class='ocrx_word' id='word_1_543' title='bbox 1317 4197 1369 4249; x_wconf 91' lang='lat' dir='ltr'><strong>et</strong></span> <span class='ocrx_word' id='word_1_544' title='bbox 1388 4206 1618 4263; x_wconf 88' lang='lat' dir='ltr'><strong>quorum</strong></span> <span class='ocrx_word' id='word_1_545' title='bbox 1636 4207 1818 4246; x_wconf 88' lang='lat' dir='ltr'><strong>carnes</strong></span> <span class='ocrx_word' id='word_1_546' title='bbox 1842 4206 1938 4245; x_wconf 69' lang='lat' dir='ltr'><strong>rese</strong></span> 
     </span>
     <span class='ocr_line' id='line_1_63' title="bbox 340 4260 1938 4336; baseline -0.006 -13"><span class='ocrx_word' id='word_1_547' title='bbox 340 4268 613 4336; x_wconf 79' lang='lat' dir='ltr'><strong>Assyrius</strong></span> <span class='ocrx_word' id='word_1_548' title='bbox 634 4267 690 4319; x_wconf 88' lang='lat' dir='ltr'><strong>in</strong></span> <span class='ocrx_word' id='word_1_549' title='bbox 717 4266 823 4319; x_wconf 89' lang='lat' dir='ltr'><strong>olla</strong></span> <span class='ocrx_word' id='word_1_550' title='bbox 842 4266 1111 4320; x_wconf 84' lang='lat' dir='ltr'><strong>succendit</strong></span> <span class='ocrx_word' id='word_1_551' title='bbox 1139 4268 1349 4332; x_wconf 87' lang='lat' dir='ltr'><strong>(Ierem.</strong></span> <span class='ocrx_word' id='word_1_552' title='bbox 1383 4260 1680 4336; x_wconf 75' lang='lat' dir='ltr'><strong>xxrx),_de</strong></span> <span class='ocrx_word' id='word_1_553' title='bbox 1706 4262 1938 4336; x_wconf 77' lang='lat' dir='ltr'><strong>Ecclesia</strong></span> 
     </span>
    </p>
   </div>
   <div class='ocr_carea' id='block_1_59' title="bbox 338 4333 1940 4407">
    <p class='ocr_par' dir='ltr' id='par_1_59' title="bbox 338 4333 1940 4407">
     <span class='ocr_line' id='line_1_64' title="bbox 338 4333 1940 4407; baseline -0.006 -12"><span class='ocrx_word' id='word_1_554' title='bbox 338 4333 553 4396; x_wconf 82' lang='lat' dir='ltr'><strong>Christi</strong></span> <span class='ocrx_word' id='word_1_555' title='bbox 586 4351 774 4406; x_wconf 88' lang='lat' dir='ltr'><strong>rapere</strong></span> <span class='ocrx_word' id='word_1_556' title='bbox 804 4336 1049 4403; x_wconf 83' lang='lat' dir='ltr'><strong>festinat.</strong></span> <span class='ocrx_word' id='word_1_557' title='bbox 1079 4339 1226 4392; x_wconf 67' lang='lat' dir='ltr'><strong>Esca:</strong></span> <span class='ocrx_word' id='word_1_558' title='bbox 1256 4336 1371 4407; x_wconf 88' lang='lat' dir='ltr'><strong>ejus</strong></span> <span class='ocrx_word' id='word_1_559' title='bbox 1407 4333 1709 4407; x_wconf 11' lang='lat' dir='ltr'><strong>secundum,</strong></span> <span class='ocrx_word' id='word_1_560' title='bbox 1724 4333 1940 4407; x_wconf 75' lang='lat' dir='ltr'><strong>A_bacu¢_:</strong></span> 
     </span>
    </p>
   </div>
   <div class='ocr_carea' id='block_1_60' title="bbox 324 4402 1940 4478">
    <p class='ocr_par' dir='ltr' id='par_1_60' title="bbox 324 4402 1940 4478">
     <span class='ocr_line' id='line_1_65' title="bbox 324 4402 1940 4478; baseline -0.006 -12"><span class='ocrx_word' id='word_1_561' title='bbox 324 4409 516 4465; x_wconf 70' lang='lat' dir='ltr'><strong>electa:</strong></span> <span class='ocrx_word' id='word_1_562' title='bbox 535 4402 681 4462; x_wconf 75' lang='lat' dir='ltr'><strong>sunt.</strong></span> <span class='ocrx_word' id='word_1_563' title='bbox 707 4402 1118 4462; x_wconf 23' lang='lat' dir='ltr'><strong>Job’subrertere</strong></span> <span class='ocrx_word' id='word_1_564' title='bbox 1135 4402 1303 4478; x_wconf 75' lang='lat' dir='ltr'><strong>cupit,</strong></span> <span class='ocrx_word' id='word_1_565' title='bbox 1323 4411 1374 4462; x_wconf 89' lang='lat' dir='ltr'><strong>et</strong></span> <span class='ocrx_word' id='word_1_566' title='bbox 1396 4406 1652 4461; x_wconf 85' lang='lat' dir='ltr'><strong>devorato</strong></span> <span class='ocrx_word' id='word_1_567' title='bbox 1675 4404 1839 4467; x_wconf 81' lang='lat' dir='ltr'><strong>Iuda,</strong></span> <span class='ocrx_word' id='word_1_568' title='bbox 1864 4402 1940 4458; x_wconf 86' lang='lat' dir='ltr'><strong>ad</strong></span> 
     </span>
    </p>
   </div>
   <div class='ocr_carea' id='block_1_61' title="bbox 334 4478 1533 4550">
    <p class='ocr_par' dir='ltr' id='par_1_61' title="bbox 334 4478 1533 4550">
     <span class='ocr_line' id='line_1_66' title="bbox 334 4478 1533 4550; baseline -0.003 -16"><span class='ocrx_word' id='word_1_569' title='bbox 334 4478 654 4550; x_wconf 61' lang='lat' dir='ltr'><strong>cribrandos</strong></span> <span class='ocrx_word' id='word_1_570' title='bbox 679 4478 944 4550; x_wconf 80' lang='lat' dir='ltr'><strong>apostolos</strong></span> <span class='ocrx_word' id='word_1_571' title='bbox 966 4480 1182 4550; x_wconf 72' lang='lat' dir='ltr'><strong>expetit</strong></span> <span class='ocrx_word' id='word_1_572' title='bbox 1193 4481 1533 4550; x_wconf 69' lang='lat' dir='ltr'><strong>potestatem.</strong></span> 
     </span>
    </p>
   </div>
   <div class='ocr_carea' id='block_1_62' title="bbox 414 4541 1936 4605">
    <p class='ocr_par' dir='ltr' id='par_1_62' title="bbox 414 4541 1936 4605">
     <span class='ocr_line' id='line_1_67' title="bbox 414 4541 1936 4605; baseline -0.003 -2"><span class='ocrx_word' id='word_1_573' title='bbox 414 4541 443 4581; x_wconf 74' lang='grc'>³³</span> <span class='ocrx_word' id='word_1_574' title='bbox 488 4541 792 4605; x_wconf 63' lang='lat' dir='ltr'><strong>Annota&#39;vit</strong></span> <span class='ocrx_word' id='word_1_575' title='bbox 846 4541 1368 4604; x_wconf 50' lang='lat' dir='ltr'><strong>Tritheinius-hisce</strong></span> <span class='ocrx_word' id='word_1_576' title='bbox 1405 4546 1621 4602; x_wconf 89' lang='lat' dir='ltr'><strong>duobus</strong></span> <span class='ocrx_word' id='word_1_577' title='bbox 1657 4542 1936 4602; x_wconf 82' lang='lat' dir='ltr'><strong>versiculis</strong></span> 
     </span>
    </p>
   </div>
   <div class='ocr_carea' id='block_1_63' title="bbox 334 4613 1930 4691">
    <p class='ocr_par' dir='ltr' id='par_1_63' title="bbox 334 4613 1930 4691">
     <span class='ocr_line' id='line_1_68' title="bbox 334 4613 1930 4691; baseline -0.003 -17"><span class='ocrx_word' id='word_1_578' title='bbox 334 4617 733 4691; x_wconf 64' lang='lat' dir='ltr'><strong>psalmicxxx</strong></span> <span class='ocrx_word' id='word_1_579' title='bbox 775 4618 941 4691; x_wconf 85' lang='lat' dir='ltr'><strong>etiam</strong></span> <span class='ocrx_word' id='word_1_580' title='bbox 965 4634 996 4691; x_wconf 82' lang='lat' dir='ltr'><strong>a</strong></span> <span class='ocrx_word' id='word_1_581' title='bbox 1021 4620 1094 4673; x_wconf 92' lang='lat' dir='ltr'><strong>D.</strong></span> <span class='ocrx_word' id='word_1_582' title='bbox 1119 4618 1411 4691; x_wconf 78' lang='lat' dir='ltr'><strong>Benedicto</strong></span> <span class='ocrx_word' id='word_1_583' title='bbox 1434 4618 1595 4691; x_wconf 73' lang='lat' dir='ltr'><strong>(Cap.</strong></span> <span class='ocrx_word' id='word_1_584' title='bbox 1621 4624 1651 4673; x_wconf 90' lang='lat'><strong>7</strong></span> <span class='ocrx_word' id='word_1_585' title='bbox 1680 4613 1930 4686; x_wconf 68' lang='lat' dir='ltr'><strong>Regulae)</strong></span> 
     </span>
    </p>
   </div>
   <div class='ocr_carea' id='block_1_64' title="bbox 334 4686 1934 4757">
    <p class='ocr_par' dir='ltr' id='par_1_64' title="bbox 334 4686 1934 4757">
     <span class='ocr_line' id='line_1_69' title="bbox 334 4686 1934 4757; baseline -0.003 -10"><span class='ocrx_word' id='word_1_586' title='bbox 334 4686 524 4747; x_wconf 71' lang='lat' dir='ltr'><strong>citatis</strong></span> <span class='ocrx_word' id='word_1_587' title='bbox 549 4687 604 4745; x_wconf 90' lang='lat' dir='ltr'><strong>in</strong></span> <span class='ocrx_word' id='word_1_588' title='bbox 628 4688 1163 4745; x_wconf 88' lang='lat' dir='ltr'><strong>commendationem</strong></span> <span class='ocrx_word' id='word_1_589' title='bbox 1190 4686 1539 4754; x_wconf 85' lang='lat' dir='ltr'><strong>humilitatis,</strong></span> <span class='ocrx_word' id='word_1_590' title='bbox 1568 4696 1801 4757; x_wconf 88' lang='lat' dir='ltr'><strong>quatuor</strong></span> <span class='ocrx_word' id='word_1_591' title='bbox 1820 4701 1934 4757; x_wconf 88' lang='lat' dir='ltr'><strong>spe-</strong></span> 
     </span>
    </p>
   </div>
   <div class='ocr_carea' id='block_1_65' title="bbox 330 4756 1936 4831">
    <p class='ocr_par' dir='ltr' id='par_1_65' title="bbox 330 4756 1936 4831">
     <span class='ocr_line' id='line_1_70' title="bbox 330 4756 1936 4831; baseline -0.004 -14"><span class='ocrx_word' id='word_1_592' title='bbox 330 4759 454 4818; x_wconf 84' lang='lat' dir='ltr'><strong>cies</strong></span> <span class='ocrx_word' id='word_1_593' title='bbox 475 4759 821 4817; x_wconf 83' lang='lat' dir='ltr'><strong>exaltationis</strong></span> <span class='ocrx_word' id='word_1_594' title='bbox 847 4756 1135 4831; x_wconf 86' lang='lat' dir='ltr'><strong>designari,</strong></span> <span class='ocrx_word' id='word_1_595' title='bbox 1162 4772 1297 4829; x_wconf 90' lang='lat' dir='ltr'><strong>quas</strong></span> <span class='ocrx_word' id='word_1_596' title='bbox 1324 4771 1438 4812; x_wconf 90' lang='lat' dir='ltr'><strong>uno</strong></span> <span class='ocrx_word' id='word_1_597' title='bbox 1465 4756 1695 4831; x_wconf 68' lang='lat' dir='ltr'><strong>nomine</strong></span> <span class='ocrx_word' id='word_1_598' title='bbox 1724 4756 1936 4831; x_wconf 81' lang='lat' dir='ltr'><strong>aposto-</strong></span> 
     </span>
    </p>
   </div>
   <div class='ocr_carea' id='block_1_66' title="bbox 2044 2151 3638 2227">
    <p class='ocr_par' dir='ltr' id='par_1_66' title="bbox 2044 2151 3638 2227">
     <span class='ocr_line' id='line_1_71' title="bbox 2044 2151 3638 2227; baseline 0.003 -21"><span class='ocrx_word' id='word_1_599' title='bbox 2044 2151 2408 2227; x_wconf 58' lang='lat' dir='ltr'><strong>praesumunt</strong></span> <span class='ocrx_word' id='word_1_600' title='bbox 2431 2151 2958 2227; x_wconf 56' lang='lat' dir='ltr'><strong>aggredi,_tentare,’</strong></span> <span class='ocrx_word' id='word_1_601' title='bbox 2997 2151 3186 2227; x_wconf 80' lang='lat' dir='ltr'><strong>conari</strong></span> <span class='ocrx_word' id='word_1_602' title='bbox 3223 2169 3312 2210; x_wconf 89' lang='lat' dir='ltr'><strong>res</strong></span> <span class='ocrx_word' id='word_1_603' title='bbox 3355 2163 3409 2209; x_wconf 92' lang='lat' dir='ltr'><strong>et</strong></span> <span class='ocrx_word' id='word_1_604' title='bbox 3452 2151 3638 2227; x_wconf 66' lang='lat' dir='ltr'><strong>ope&#39;ra,</strong></span> 
     </span>
    </p>
   </div>
   <div class='ocr_carea' id='block_1_67' title="bbox 2043 2222 3637 2293">
    <p class='ocr_par' dir='ltr' id='par_1_67' title="bbox 2043 2222 3637 2293">
     <span class='ocr_line' id='line_1_72' title="bbox 2043 2222 3637 2293; baseline 0.003 -16"><span class='ocrx_word' id='word_1_605' title='bbox 2043 2222 2169 2293; x_wconf 64' lang='lat' dir='ltr'><strong>Quae</strong></span> <span class='ocrx_word' id='word_1_606' title='bbox 2206 2222 2346 2293; x_wconf 88' lang='lat' dir='ltr'><strong>vires</strong></span> <span class='ocrx_word' id='word_1_607' title='bbox 2368 2230 2424 2278; x_wconf 89' lang='lat' dir='ltr'><strong>et</strong></span> <span class='ocrx_word' id='word_1_608' title='bbox 2461 2222 2665 2293; x_wconf 84' lang='lat' dir='ltr'><strong>statum</strong></span> <span class='ocrx_word' id='word_1_609' title='bbox 2690 2222 2930 2293; x_wconf 87' lang='lat' dir='ltr'><strong>ipsorum</strong></span> <span class='ocrx_word' id='word_1_610' title='bbox 2957 2223 3226 2280; x_wconf 79' lang='lat' dir='ltr'><strong>excedunt</strong></span> <span class='ocrx_word' id='word_1_611' title='bbox 3261 2245 3274 2280; x_wconf 94' lang='lat'><strong>:</strong></span> <span class='ocrx_word' id='word_1_612' title='bbox 3304 2232 3357 2279; x_wconf 88' lang='lat' dir='ltr'><strong>et</strong></span> <span class='ocrx_word' id='word_1_613' title='bbox 3397 2222 3637 2282; x_wconf 55' lang='lat' dir='ltr'><strong>isti&#39;amé</strong></span> 
     </span>
    </p>
   </div>
   <div class='ocr_carea' id='block_1_68' title="bbox 2041 2290 3561 2379">
    <p class='ocr_par' dir='ltr' id='par_1_68' title="bbox 2041 2290 3561 2379">
     <span class='ocr_line' id='line_1_73' title="bbox 2041 2290 3561 2379; baseline 0.003 -31"><span class='ocrx_word' id='word_1_614' title='bbox 2041 2290 2235 2379; x_wconf 57' lang='lat' dir='ltr'><strong>bulagt</strong></span> <span class='ocrx_word' id='word_1_615' title='bbox 2257 2291 2700 2379; x_wconf 49' lang='lat' dir='ltr'><strong>siveasc‘endunt‘</strong></span> <span class='ocrx_word' id='word_1_616' title='bbox 2710 2290 2874 2379; x_wconf 68' lang='lat' dir='ltr'><strong>supra</strong></span> <span class='ocrx_word' id='word_1_617' title='bbox 2897 2293 3107 2379; x_wconf 62' lang='lat' dir='ltr'><strong>seipsgs</strong></span> <span class='ocrx_word' id='word_1_618' title='bbox 3131 2309 3295 2379; x_wconf 73' lang='lat' dir='ltr'><strong>opere</strong></span> <span class='ocrx_word' id='word_1_619' title='bbox 3315 2303 3367 2379; x_wconf 81' lang='lat' dir='ltr'><strong>et</strong></span> <span class='ocrx_word' id='word_1_620' title='bbox 3396 2294 3561 2379; x_wconf 80' lang='lat' dir='ltr'><strong>facto.</strong></span> 
     </span>
    </p>
   </div>
   <div class='ocr_carea' id='block_1_69' title="bbox 2113 2362 3637 2422">
    <p class='ocr_par' dir='ltr' id='par_1_69' title="bbox 2113 2362 3637 2422">
     <span class='ocr_line' id='line_1_74' title="bbox 2113 2362 3637 2422; baseline 0.005 -7"><span class='ocrx_word' id='word_1_621' title='bbox 2113 2366 2138 2396; x_wconf 75' lang='grc' dir='ltr'><strong><em>ο</em></strong></span> <span class='ocrx_word' id='word_1_622' title='bbox 2164 2363 2396 2422; x_wconf 68' lang='lat' dir='ltr'><strong>Vulgata</strong></span> <span class='ocrx_word' id='word_1_623' title='bbox 2428 2362 2589 2419; x_wconf 90' lang='lat' dir='ltr'><strong>editio</strong></span> <span class='ocrx_word' id='word_1_624' title='bbox 2622 2382 2634 2418; x_wconf 94' lang='lat'><strong>:</strong></span> <span class='ocrx_word' id='word_1_625' title='bbox 2660 2362 3006 2420; x_wconf 65' lang='lat' dir='ltr'><strong>Aboininatio</strong></span> <span class='ocrx_word' id='word_1_626' title='bbox 3030 2362 3249 2421; x_wconf 79' lang='lat' dir='ltr'><strong>Domini</strong></span> <span class='ocrx_word' id='word_1_627' title='bbox 3271 2370 3348 2420; x_wconf 87' lang='lat' dir='ltr'><strong>est</strong></span> <span class='ocrx_word' id='word_1_628' title='bbox 3370 2370 3542 2422; x_wconf 87' lang='lat' dir='ltr'><strong>omnis</strong></span> <span class='ocrx_word' id='word_1_629' title='bbox 3554 2383 3637 2422; x_wconf 91' lang='lat' dir='ltr'><strong>ar-</strong></span> 
     </span>
    </p>
   </div>
   <div class='ocr_carea' id='block_1_70' title="bbox 2042 2433 3637 2508">
    <p class='ocr_par' dir='ltr' id='par_1_70' title="bbox 2042 2433 3637 2508">
     <span class='ocr_line' id='line_1_75' title="bbox 2042 2433 3637 2508; baseline 0.003 -20"><span class='ocrx_word' id='word_1_630' title='bbox 2042 2433 2478 2508; x_wconf 81' lang='lat' dir='ltr'><strong>rogans.Similes</strong></span> <span class='ocrx_word' id='word_1_631' title='bbox 2495 2434 2779 2508; x_wconf 60' lang='lat' dir='ltr'><strong>sententiae</strong></span> <span class='ocrx_word' id='word_1_632' title='bbox 2800 2436 3060 2508; x_wconf 74' lang='lat' dir='ltr'><strong>Proverb.</strong></span> <span class='ocrx_word' id='word_1_633' title='bbox 3102 2451 3167 2491; x_wconf 84' lang='lat' dir='ltr'><strong>Iv</strong></span> <span class='ocrx_word' id='word_1_634' title='bbox 3195 2452 3210 2489; x_wconf 92' lang='lat'><strong>:</strong></span> <span class='ocrx_word' id='word_1_635' title='bbox 3236 2437 3344 2491; x_wconf 78' lang='lat' dir='ltr'><strong>Seac</strong></span> <span class='ocrx_word' id='word_1_636' title='bbox 3366 2443 3495 2492; x_wconf 87' lang='lat' dir='ltr'><strong>sunt</strong></span> <span class='ocrx_word' id='word_1_637' title='bbox 3517 2455 3637 2508; x_wconf 72' lang='lat' dir='ltr'><strong>qua:</strong></span> 
     </span>
    </p>
   </div>
   <div class='ocr_carea' id='block_1_71' title="bbox 2045 2505 3638 2575">
    <p class='ocr_par' dir='ltr' id='par_1_71' title="bbox 2045 2505 3638 2575">
     <span class='ocr_line' id='line_1_76' title="bbox 2045 2505 3638 2575; baseline 0.003 -16"><span class='ocrx_word' id='word_1_638' title='bbox 2045 2505 2158 2561; x_wconf 88' lang='lat' dir='ltr'><strong>odit</strong></span> <span class='ocrx_word' id='word_1_639' title='bbox 2182 2507 2481 2560; x_wconf 89' lang='lat' dir='ltr'><strong>Dominus:</strong></span> <span class='ocrx_word' id='word_1_640' title='bbox 2504 2505 2676 2559; x_wconf 89' lang='lat' dir='ltr'><strong>oculos</strong></span> <span class='ocrx_word' id='word_1_641' title='bbox 2694 2505 2964 2569; x_wconf 87' lang='lat' dir='ltr'><strong>sublimes,</strong></span> <span class='ocrx_word' id='word_1_642' title='bbox 2995 2514 3098 2561; x_wconf 85' lang='lat' dir='ltr'><strong>etc.</strong></span> <span class='ocrx_word' id='word_1_643' title='bbox 3118 2509 3186 2561; x_wconf 84' lang='lat' dir='ltr'><strong>Et</strong></span> <span class='ocrx_word' id='word_1_644' title='bbox 3209 2522 3330 2575; x_wconf 91' lang='lat' dir='ltr'><strong>cap.</strong></span> <span class='ocrx_word' id='word_1_645' title='bbox 3348 2522 3470 2565; x_wconf 80' lang='lat' dir='ltr'><strong>VIII</strong></span> <span class='ocrx_word' id='word_1_646' title='bbox 3492 2505 3638 2564; x_wconf 51' lang='lat' dir='ltr'><strong>{Ar-</strong></span> 
     </span>
    </p>
   </div>
   <div class='ocr_carea' id='block_1_72' title="bbox 2039 2576 3636 2644">
    <p class='ocr_par' dir='ltr' id='par_1_72' title="bbox 2039 2576 3636 2644">
     <span class='ocr_line' id='line_1_77' title="bbox 2039 2576 3636 2644; baseline 0.004 -16"><span class='ocrx_word' id='word_1_647' title='bbox 2039 2578 2348 2644; x_wconf 86' lang='lat' dir='ltr'><strong>rogantiam</strong></span> <span class='ocrx_word' id='word_1_648' title='bbox 2374 2579 2426 2629; x_wconf 89' lang='lat' dir='ltr'><strong>et</strong></span> <span class='ocrx_word' id='word_1_649' title='bbox 2453 2576 2761 2644; x_wconf 87' lang='lat' dir='ltr'><strong>superbiam</strong></span> <span class='ocrx_word' id='word_1_650' title='bbox 2807 2576 3122 2631; x_wconf 85' lang='lat' dir='ltr'><strong>detestatur.</strong></span> <span class='ocrx_word' id='word_1_651' title='bbox 3153 2576 3365 2632; x_wconf 87' lang='lat' dir='ltr'><strong>Iudith.</strong></span> <span class='ocrx_word' id='word_1_652' title='bbox 3399 2592 3504 2635; x_wconf 84' lang='lat' dir='ltr'><strong>Ix:</strong></span> <span class='ocrx_word' id='word_1_653' title='bbox 3534 2582 3636 2636; x_wconf 88' lang='lat' dir='ltr'><strong>Nec</strong></span> 
     </span>
    </p>
   </div>
   <div class='ocr_carea' id='block_1_73' title="bbox 2041 2646 3634 2719">
    <p class='ocr_par' dir='ltr' id='par_1_73' title="bbox 2041 2646 3634 2719">
     <span class='ocr_line' id='line_1_78' title="bbox 2041 2646 3634 2719; baseline 0.003 -20"><span class='ocrx_word' id='word_1_654' title='bbox 2041 2647 2262 2714; x_wconf 84' lang='lat' dir='ltr'><strong>superbi</strong></span> <span class='ocrx_word' id='word_1_655' title='bbox 2280 2647 2599 2719; x_wconf 68' lang='lat' dir='ltr'><strong>placuerunt</strong></span> <span class='ocrx_word' id='word_1_656' title='bbox 2620 2647 2737 2698; x_wconf 81' lang='lat' dir='ltr'><strong>tibi.</strong></span> <span class='ocrx_word' id='word_1_657' title='bbox 2771 2646 2936 2719; x_wconf 63' lang='lat' dir='ltr'><strong>Luem</strong></span> <span class='ocrx_word' id='word_1_658' title='bbox 2972 2660 3020 2701; x_wconf 85' lang='lat' dir='ltr'><strong>II</strong></span> <span class='ocrx_word' id='word_1_659' title='bbox 3049 2664 3063 2699; x_wconf 88' lang='lat'><strong>:</strong></span> <span class='ocrx_word' id='word_1_660' title='bbox 3094 2649 3361 2719; x_wconf 72' lang='lat' dir='ltr'><strong>Dispersit</strong></span> <span class='ocrx_word' id='word_1_661' title='bbox 3384 2651 3634 2717; x_wconf 87' lang='lat' dir='ltr'><strong>superbos</strong></span> 
     </span>
    </p>
   </div>
   <div class='ocr_carea' id='block_1_74' title="bbox 2013 2715 3723 2784">
    <p class='ocr_par' dir='ltr' id='par_1_74' title="bbox 2013 2715 3723 2784">
     <span class='ocr_line' id='line_1_79' title="bbox 2013 2715 3723 2784; baseline 0.003 -16"><span class='ocrx_word' id='word_1_662' title='bbox 2013 2773 2019 2777; x_wconf 81' lang='lat'><strong><em>_</em></strong></span> <span class='ocrx_word' id='word_1_663' title='bbox 2043 2719 2215 2769; x_wconf 86' lang='lat' dir='ltr'><strong>mente</strong></span> <span class='ocrx_word' id='word_1_664' title='bbox 2243 2715 2418 2769; x_wconf 87' lang='lat' dir='ltr'><strong>cordis</strong></span> <span class='ocrx_word' id='word_1_665' title='bbox 2441 2717 2546 2768; x_wconf 86' lang='lat' dir='ltr'><strong>sui.</strong></span> <span class='ocrx_word' id='word_1_666' title='bbox 2564 2715 2679 2768; x_wconf 87' lang='lat' dir='ltr'><strong>Jac.</strong></span> <span class='ocrx_word' id='word_1_667' title='bbox 2714 2728 2778 2769; x_wconf 83' lang='lat' dir='ltr'><strong>Iv</strong></span> <span class='ocrx_word' id='word_1_668' title='bbox 2803 2733 2815 2768; x_wconf 91' lang='lat'><strong>:</strong></span> <span class='ocrx_word' id='word_1_669' title='bbox 2844 2717 2981 2768; x_wconf 87' lang='lat' dir='ltr'><strong>Deus</strong></span> <span class='ocrx_word' id='word_1_670' title='bbox 2999 2716 3242 2784; x_wconf 87' lang='lat' dir='ltr'><strong>superbis</strong></span> <span class='ocrx_word' id='word_1_671' title='bbox 3270 2715 3472 2772; x_wconf 79' lang='lat' dir='ltr'><strong>resistit</strong></span> <span class='ocrx_word' id='word_1_672' title='bbox 3498 2738 3514 2772; x_wconf 94' lang='lat'><strong>:</strong></span> <span class='ocrx_word' id='word_1_673' title='bbox 3546 2720 3637 2773; x_wconf 82' lang='lat' dir='ltr'><strong>hu-</strong></span> <span class='ocrx_word' id='word_1_674' title='bbox 3709 2739 3723 2752; x_wconf 88' lang='grc'><strong>·</strong></span> 
     </span>
    </p>
   </div>
   <div class='ocr_carea' id='block_1_75' title="bbox 2043 2784 2867 2853">
    <p class='ocr_par' dir='ltr' id='par_1_75' title="bbox 2043 2784 2867 2853">
     <span class='ocr_line' id='line_1_80' title="bbox 2043 2784 2867 2853; baseline -0.001 -15"><span class='ocrx_word' id='word_1_675' title='bbox 2043 2785 2259 2853; x_wconf 70' lang='lat' dir='ltr'><strong>milibus</strong></span> <span class='ocrx_word' id='word_1_676' title='bbox 2287 2789 2469 2839; x_wconf 86' lang='lat' dir='ltr'><strong>autem</strong></span> <span class='ocrx_word' id='word_1_677' title='bbox 2487 2784 2584 2838; x_wconf 88' lang='lat' dir='ltr'><strong>dat</strong></span> <span class='ocrx_word' id='word_1_678' title='bbox 2610 2786 2867 2853; x_wconf 87' lang='lat' dir='ltr'><strong>gratiam.</strong></span> 
     </span>
    </p>
   </div>
   <div class='ocr_carea' id='block_1_76' title="bbox 2115 2841 3637 2927">
    <p class='ocr_par' dir='ltr' id='par_1_76' title="bbox 2115 2841 3637 2927">
     <span class='ocr_line' id='line_1_81' title="bbox 2115 2841 3637 2927; baseline 0.001 -16"><span class='ocrx_word' id='word_1_679' title='bbox 2115 2841 2143 2886; x_wconf 73' lang='grc' dir='ltr'><em>δ</em></span> <span class='ocrx_word' id='word_1_680' title='bbox 2180 2854 2424 2927; x_wconf 82' lang='lat' dir='ltr'><strong>Respicit</strong></span> <span class='ocrx_word' id='word_1_681' title='bbox 2453 2841 2779 2927; x_wconf 70' lang='lat' dir='ltr'><strong>sententiam</strong></span> <span class='ocrx_word' id='word_1_682' title='bbox 2808 2853 2959 2908; x_wconf 91' lang='lat' dir='ltr'><strong>illam</strong></span> <span class='ocrx_word' id='word_1_683' title='bbox 3000 2850 3417 2927; x_wconf 15' lang='lat' dir='ltr'><strong>modogcitatam</strong></span> <span class='ocrx_word' id='word_1_684' title='bbox 3450 2872 3464 2909; x_wconf 93' lang='lat'><strong>:</strong></span> <span class='ocrx_word' id='word_1_685' title='bbox 3500 2858 3637 2927; x_wconf 85' lang='lat' dir='ltr'><strong>Deus</strong></span> 
     </span>
    </p>
   </div>
   <div class='ocr_carea' id='block_1_77' title="bbox 2040 2921 3636 2997">
    <p class='ocr_par' dir='ltr' id='par_1_77' title="bbox 2040 2921 3636 2997">
     <span class='ocr_line' id='line_1_82' title="bbox 2040 2921 3636 2997; baseline 0.001 -16"><span class='ocrx_word' id='word_1_686' title='bbox 2040 2921 2541 2997; x_wconf 67' lang='lat' dir='ltr'><strong>superbis&#39;resistit,</strong></span> <span class='ocrx_word' id='word_1_687' title='bbox 2567 2925 2842 2997; x_wconf 17' lang='lat' dir='ltr'><strong>aiduobus</strong></span> <span class='ocrx_word' id='word_1_688' title='bbox 2860 2921 3124 2997; x_wconf 80' lang='lat' dir='ltr'><strong>apostolis</strong></span> <span class='ocrx_word' id='word_1_689' title='bbox 3152 2925 3315 2980; x_wconf 88' lang='lat' dir='ltr'><strong>Petro</strong></span> <span class='ocrx_word' id='word_1_690' title='bbox 3349 2932 3404 2981; x_wconf 89' lang='lat' dir='ltr'><strong>et</strong></span> <span class='ocrx_word' id='word_1_691' title='bbox 3427 2925 3636 2983; x_wconf 88' lang='lat' dir='ltr'><strong>Iacobo</strong></span> 
     </span>
    </p>
   </div>
   <div class='ocr_carea' id='block_1_78' title="bbox 2040 2995 3639 3062">
    <p class='ocr_par' dir='ltr' id='par_1_78' title="bbox 2040 2995 3639 3062">
     <span class='ocr_line' id='line_1_83' title="bbox 2040 2995 3639 3062; baseline 0.001 -10"><span class='ocrx_word' id='word_1_692' title='bbox 2040 2995 2352 3054; x_wconf 78' lang='lat' dir='ltr'><strong>attestatam</strong></span> <span class='ocrx_word' id='word_1_693' title='bbox 2387 3005 2444 3055; x_wconf 89' lang='lat' dir='ltr'><strong>et</strong></span> <span class='ocrx_word' id='word_1_694' title='bbox 2479 2996 2863 3051; x_wconf 85' lang='lat' dir='ltr'><strong>conﬁrmatam</strong></span> <span class='ocrx_word' id='word_1_695' title='bbox 2889 2995 3100 3061; x_wconf 90' lang='lat' dir='ltr'><strong>(I_Petr.</strong></span> <span class='ocrx_word' id='word_1_696' title='bbox 3126 3008 3182 3051; x_wconf 74' lang='grc' dir='ltr'><strong>ν.</strong></span> <span class='ocrx_word' id='word_1_697' title='bbox 3227 2998 3278 3048; x_wconf 89' lang='lat' dir='ltr'><strong>et</strong></span> <span class='ocrx_word' id='word_1_698' title='bbox 3297 2997 3410 3050; x_wconf 85' lang='lat' dir='ltr'><strong>Jac.</strong></span> <span class='ocrx_word' id='word_1_699' title='bbox 3444 3001 3546 3062; x_wconf 73' lang='grc' dir='ltr'><strong>ιν),</strong></span> <span class='ocrx_word' id='word_1_700' title='bbox 3576 3006 3639 3054; x_wconf 94' lang='lat' dir='ltr'><strong>ut</strong></span> 
     </span>
    </p>
   </div>
   <div class='ocr_carea' id='block_1_79' title="bbox 2041 3064 3636 3125">
    <p class='ocr_par' dir='ltr' id='par_1_79' title="bbox 2041 3064 3636 3125">
     <span class='ocr_line' id='line_1_84' title="bbox 2041 3064 3636 3125; baseline 0.001 -3"><span class='ocrx_word' id='word_1_701' title='bbox 2041 3066 2096 3122; x_wconf 90' lang='lat' dir='ltr'><strong>in</strong></span> <span class='ocrx_word' id='word_1_702' title='bbox 2119 3083 2213 3125; x_wconf 90' lang='lat' dir='ltr'><strong>ore</strong></span> <span class='ocrx_word' id='word_1_703' title='bbox 2234 3069 2471 3124; x_wconf 90' lang='lat' dir='ltr'><strong>duorum</strong></span> <span class='ocrx_word' id='word_1_704' title='bbox 2499 3074 2554 3123; x_wconf 91' lang='lat' dir='ltr'><strong>et</strong></span> <span class='ocrx_word' id='word_1_705' title='bbox 2579 3066 2768 3122; x_wconf 90' lang='lat' dir='ltr'><strong>talium</strong></span> <span class='ocrx_word' id='word_1_706' title='bbox 2804 3065 3024 3121; x_wconf 84' lang='lat' dir='ltr'><strong>testium</strong></span> <span class='ocrx_word' id='word_1_707' title='bbox 3050 3064 3248 3120; x_wconf 88' lang='lat' dir='ltr'><strong>merito</strong></span> <span class='ocrx_word' id='word_1_708' title='bbox 3272 3073 3414 3122; x_wconf 88' lang='lat' dir='ltr'><strong>stare</strong></span> <span class='ocrx_word' id='word_1_709' title='bbox 3438 3066 3636 3125; x_wconf 83' lang='lat' dir='ltr'><strong>debeat</strong></span> 
     </span>
    </p>
   </div>
   <div class='ocr_carea' id='block_1_80' title="bbox 2041 3133 3633 3203">
    <p class='ocr_par' dir='ltr' id='par_1_80' title="bbox 2041 3133 3633 3203">
     <span class='ocr_line' id='line_1_85' title="bbox 2041 3133 3633 3203; baseline 0.001 -11"><span class='ocrx_word' id='word_1_710' title='bbox 2041 3136 2148 3194; x_wconf 92' lang='lat' dir='ltr'><strong>hoc</strong></span> <span class='ocrx_word' id='word_1_711' title='bbox 2178 3139 2437 3203; x_wconf 86' lang='lat' dir='ltr'><strong>verbum,</strong></span> <span class='ocrx_word' id='word_1_712' title='bbox 2481 3137 2687 3193; x_wconf 88' lang='lat' dir='ltr'><strong>sanctis</strong></span> <span class='ocrx_word' id='word_1_713' title='bbox 2738 3134 2931 3192; x_wconf 88' lang='lat' dir='ltr'><strong>itidem</strong></span> <span class='ocrx_word' id='word_1_714' title='bbox 2972 3135 3229 3192; x_wconf 70' lang='lat' dir='ltr'><strong>Patrilius</strong></span> <span class='ocrx_word' id='word_1_715' title='bbox 3256 3133 3633 3194; x_wconf 86' lang='lat' dir='ltr'><strong>decantatissi-</strong></span> 
     </span>
    </p>
   </div>
   <div class='ocr_carea' id='block_1_81' title="bbox 2042 3205 3636 3281">
    <p class='ocr_par' dir='ltr' id='par_1_81' title="bbox 2042 3205 3636 3281">
     <span class='ocr_line' id='line_1_86' title="bbox 2042 3205 3636 3281; baseline 0.001 -18"><span class='ocrx_word' id='word_1_716' title='bbox 2042 3222 2198 3281; x_wconf 82' lang='lat' dir='ltr'><strong>mum</strong></span> <span class='ocrx_word' id='word_1_717' title='bbox 2225 3207 2756 3281; x_wconf 78' lang='lat' dir='ltr'><strong>etvulgatissimum.</strong></span> <span class='ocrx_word' id='word_1_718' title='bbox 2789 3206 2934 3281; x_wconf 83' lang='lat' dir='ltr'><strong>Hinc</strong></span> <span class='ocrx_word' id='word_1_719' title='bbox 2963 3207 3033 3260; x_wconf 92' lang='lat' dir='ltr'><strong>D.</strong></span> <span class='ocrx_word' id='word_1_720' title='bbox 3060 3205 3289 3281; x_wconf 92' lang='lat' dir='ltr'><strong>B_asilius</strong></span> <span class='ocrx_word' id='word_1_721' title='bbox 3314 3206 3370 3263; x_wconf 89' lang='lat' dir='ltr'><strong>in</strong></span> <span class='ocrx_word' id='word_1_722' title='bbox 3405 3208 3636 3280; x_wconf 78' lang='lat' dir='ltr'><strong>Regalis</strong></span> 
     </span>
    </p>
   </div>
   <div class='ocr_carea' id='block_1_82' title="bbox 2042 3277 3634 3350">
    <p class='ocr_par' dir='ltr' id='par_1_82' title="bbox 2042 3277 3634 3350">
     <span class='ocr_line' id='line_1_87' title="bbox 2042 3277 3634 3350; baseline 0.001 -17"><span class='ocrx_word' id='word_1_723' title='bbox 2042 3277 2704 3350; x_wconf 55' lang='lat' dir='ltr'><strong>brevioribusfproposita</strong></span> <span class='ocrx_word' id='word_1_724' title='bbox 2725 3277 3028 3350; x_wconf 79' lang='lat' dir='ltr'><strong>quaestione</strong></span> <span class='ocrx_word' id='word_1_725' title='bbox 3056 3279 3279 3350; x_wconf 71' lang='lat' dir='ltr'><strong>(Quasi.</strong></span> <span class='ocrx_word' id='word_1_726' title='bbox 3307 3283 3376 3350; x_wconf 79' lang='lat'><strong>35</strong></span> <span class='ocrx_word' id='word_1_727' title='bbox 3395 3282 3452 3350; x_wconf 16' lang='lat'><strong>)7:</strong></span> <span class='ocrx_word' id='word_1_728' title='bbox 3495 3277 3634 3349; x_wconf 78' lang='lat' dir='ltr'><strong>quo-</strong></span> 
     </span>
    </p>
   </div>
   <div class='ocr_carea' id='block_1_83' title="bbox 2043 3346 3631 3418">
    <p class='ocr_par' dir='ltr' id='par_1_83' title="bbox 2043 3346 3631 3418">
     <span class='ocr_line' id='line_1_88' title="bbox 2043 3346 3631 3418; baseline 0.001 -16"><span class='ocrx_word' id='word_1_729' title='bbox 2043 3349 2197 3402; x_wconf 89' lang='lat' dir='ltr'><strong>modo</strong></span> <span class='ocrx_word' id='word_1_730' title='bbox 2224 3351 2411 3402; x_wconf 88' lang='lat' dir='ltr'><strong>sanari</strong></span> <span class='ocrx_word' id='word_1_731' title='bbox 2418 3346 2585 3418; x_wconf 77' lang='lat' dir='ltr'><strong>possit</strong></span> <span class='ocrx_word' id='word_1_732' title='bbox 2602 3346 2860 3418; x_wconf 78' lang='lat' dir='ltr'><strong>superbus</strong></span> <span class='ocrx_word' id='word_1_733' title='bbox 2875 3350 2904 3400; x_wconf 87' lang='lat'><strong><em>?</em></strong></span> <span class='ocrx_word' id='word_1_734' title='bbox 2928 3346 3219 3418; x_wconf 87' lang='lat' dir='ltr'><strong>respondet</strong></span> <span class='ocrx_word' id='word_1_735' title='bbox 3246 3368 3258 3403; x_wconf 88' lang='lat'><strong>:</strong></span> <span class='ocrx_word' id='word_1_736' title='bbox 3289 3349 3351 3404; x_wconf 87' lang='lat' dir='ltr'><strong>Si</strong></span> <span class='ocrx_word' id='word_1_737' title='bbox 3363 3346 3523 3418; x_wconf 78' lang='lat' dir='ltr'><strong>ﬁdem</strong></span> <span class='ocrx_word' id='word_1_738' title='bbox 3541 3351 3631 3404; x_wconf 90' lang='lat' dir='ltr'><strong>ha-</strong></span> 
     </span>
    </p>
   </div>
   <div class='ocr_carea' id='block_1_84' title="bbox 2046 3418 3626 3488">
    <p class='ocr_par' dir='ltr' id='par_1_84' title="bbox 2046 3418 3626 3488">
     <span class='ocr_line' id='line_1_89' title="bbox 2046 3418 3626 3488; baseline 0.002 -16"><span class='ocrx_word' id='word_1_739' title='bbox 2046 3418 2165 3472; x_wconf 88' lang='lat' dir='ltr'><strong>beat</strong></span> <span class='ocrx_word' id='word_1_740' title='bbox 2203 3420 2474 3472; x_wconf 72' lang='lat' dir='ltr'><strong>sententia:</strong></span> <span class='ocrx_word' id='word_1_741' title='bbox 2497 3419 2678 3488; x_wconf 72' lang='lat' dir='ltr'><strong>illius,</strong></span> <span class='ocrx_word' id='word_1_742' title='bbox 2717 3434 2809 3487; x_wconf 81' lang='lat' dir='ltr'><strong>qut</strong></span> <span class='ocrx_word' id='word_1_743' title='bbox 2842 3420 2991 3472; x_wconf 62' lang='lat' dir='ltr'><strong>dixit</strong></span> <span class='ocrx_word' id='word_1_744' title='bbox 3034 3436 3047 3471; x_wconf 93' lang='lat'><strong>:</strong></span> <span class='ocrx_word' id='word_1_745' title='bbox 3084 3420 3337 3473; x_wconf 83' lang='lat' dir='ltr'><strong>Dominus</strong></span> <span class='ocrx_word' id='word_1_746' title='bbox 3379 3421 3626 3488; x_wconf 85' lang='lat' dir='ltr'><strong>superbis</strong></span> 
     </span>
    </p>
   </div>
   <div class='ocr_carea' id='block_1_85' title="bbox 1972 3476 3629 3560">
    <p class='ocr_par' dir='ltr' id='par_1_85' title="bbox 1972 3476 3629 3560">
     <span class='ocr_line' id='line_1_90' title="bbox 1972 3476 3629 3560; baseline 0.004 -21"><span class='ocrx_word' id='word_1_747' title='bbox 1972 3476 2017 3539; x_wconf 90' lang='lat' dir='ltr'><strong><em>C</em></strong></span> <span class='ocrx_word' id='word_1_748' title='bbox 2046 3491 2270 3560; x_wconf 83' lang='lat' dir='ltr'><strong>resistit.</strong></span> <span class='ocrx_word' id='word_1_749' title='bbox 2293 3491 2365 3543; x_wconf 96' lang='lat' dir='ltr'><strong>D.</strong></span> <span class='ocrx_word' id='word_1_750' title='bbox 2385 3476 2787 3543; x_wconf 66' lang='lat' dir='ltr'><strong>Ambrosiusin</strong></span> <span class='ocrx_word' id='word_1_751' title='bbox 2800 3489 3071 3560; x_wconf 91' lang='lat' dir='ltr'><strong>psalmum</strong></span> <span class='ocrx_word' id='word_1_752' title='bbox 3085 3503 3159 3544; x_wconf 83' lang='lat' dir='ltr'><strong>cx</strong></span> <span class='ocrx_word' id='word_1_753' title='bbox 3167 3502 3285 3544; x_wconf 67' lang='lat' dir='ltr'><strong>VIII</strong></span> <span class='ocrx_word' id='word_1_754' title='bbox 3306 3505 3320 3541; x_wconf 92' lang='lat'><strong>:</strong></span> <span class='ocrx_word' id='word_1_755' title='bbox 3345 3476 3629 3559; x_wconf 71' lang='lat' dir='ltr'><strong>Scriptura</strong></span> 
     </span>
    </p>
   </div>
   <div class='ocr_carea' id='block_1_86' title="bbox 2045 3559 3631 3629">
    <p class='ocr_par' dir='ltr' id='par_1_86' title="bbox 2045 3559 3631 3629">
     <span class='ocr_line' id='line_1_91' title="bbox 2045 3559 3631 3629; baseline 0.001 -16"><span class='ocrx_word' id='word_1_756' title='bbox 2045 3559 2218 3615; x_wconf 82' lang='lat' dir='ltr'><strong>dicit:</strong></span> <span class='ocrx_word' id='word_1_757' title='bbox 2241 3561 2495 3615; x_wconf 88' lang='lat' dir='ltr'><strong>Dominus</strong></span> <span class='ocrx_word' id='word_1_758' title='bbox 2522 3560 2763 3629; x_wconf 84' lang='lat' dir='ltr'><strong>superbis</strong></span> <span class='ocrx_word' id='word_1_759' title='bbox 2792 3561 3029 3613; x_wconf 78' lang='lat' dir='ltr'><strong>resistit:</strong></span> <span class='ocrx_word' id='word_1_760' title='bbox 3064 3563 3354 3629; x_wconf 81' lang='lat' dir='ltr'><strong>Tamquam</strong></span> <span class='ocrx_word' id='word_1_761' title='bbox 3382 3575 3494 3615; x_wconf 63' lang='lat' dir='ltr'><strong>suae</strong></span> <span class='ocrx_word' id='word_1_762' title='bbox 3509 3576 3631 3615; x_wconf 91' lang='lat' dir='ltr'><strong>con-</strong></span> 
     </span>
    </p>
   </div>
   <div class='ocr_carea' id='block_1_87' title="bbox 2046 3630 3628 3701">
    <p class='ocr_par' dir='ltr' id='par_1_87' title="bbox 2046 3630 3628 3701">
     <span class='ocr_line' id='line_1_92' title="bbox 2046 3630 3628 3701; baseline 0.001 -16"><span class='ocrx_word' id='word_1_763' title='bbox 2046 3631 2277 3685; x_wconf 74' lang='lat' dir='ltr'><strong>tumelia:</strong></span> <span class='ocrx_word' id='word_1_764' title='bbox 2290 3630 2637 3700; x_wconf 86' lang='lat' dir='ltr'><strong>propulsator</strong></span> <span class='ocrx_word' id='word_1_765' title='bbox 2651 3631 2819 3686; x_wconf 79' lang='lat' dir='ltr'><strong>veluti</strong></span> <span class='ocrx_word' id='word_1_766' title='bbox 2829 3630 3099 3700; x_wconf 87' lang='lat' dir='ltr'><strong>quoddam</strong></span> <span class='ocrx_word' id='word_1_767' title='bbox 3110 3633 3343 3701; x_wconf 81' lang='lat' dir='ltr'><strong>suscepit</strong></span> <span class='ocrx_word' id='word_1_768' title='bbox 3368 3631 3628 3686; x_wconf 77' lang='lat' dir='ltr'><strong>adversus</strong></span> 
     </span>
    </p>
   </div>
   <div class='ocr_carea' id='block_1_88' title="bbox 2041 3701 3628 3772">
    <p class='ocr_par' dir='ltr' id='par_1_88' title="bbox 2041 3701 3628 3772">
     <span class='ocr_line' id='line_1_93' title="bbox 2041 3701 3628 3772; baseline 0 -16"><span class='ocrx_word' id='word_1_769' title='bbox 2041 3703 2349 3772; x_wconf 85' lang='lat' dir='ltr'><strong>superbiam</strong></span> <span class='ocrx_word' id='word_1_770' title='bbox 2372 3701 2601 3771; x_wconf 88' lang='lat' dir='ltr'><strong>speciale</strong></span> <span class='ocrx_word' id='word_1_771' title='bbox 2618 3706 2880 3756; x_wconf 87' lang='lat' dir='ltr'><strong>certamen</strong></span> <span class='ocrx_word' id='word_1_772' title='bbox 2904 3721 2920 3769; x_wconf 88' lang='lat'><strong>;</strong></span> <span class='ocrx_word' id='word_1_773' title='bbox 2953 3705 3227 3771; x_wconf 89' lang='lat' dir='ltr'><strong>tamquam</strong></span> <span class='ocrx_word' id='word_1_774' title='bbox 3256 3702 3405 3757; x_wconf 87' lang='lat' dir='ltr'><strong>dicat</strong></span> <span class='ocrx_word' id='word_1_775' title='bbox 3440 3723 3452 3757; x_wconf 88' lang='lat'><strong>:</strong></span> <span class='ocrx_word' id='word_1_776' title='bbox 3480 3705 3628 3759; x_wconf 87' lang='lat' dir='ltr'><strong>Meus</strong></span> 
     </span>
    </p>
   </div>
   <div class='ocr_carea' id='block_1_89' title="bbox 2038 3773 3630 3841">
    <p class='ocr_par' dir='ltr' id='par_1_89' title="bbox 2038 3773 3630 3841">
     <span class='ocr_line' id='line_1_94' title="bbox 2038 3773 3630 3841; baseline -0.002 -13"><span class='ocrx_word' id='word_1_777' title='bbox 2038 3774 2139 3828; x_wconf 86' lang='lat' dir='ltr'><strong>iste</strong></span> <span class='ocrx_word' id='word_1_778' title='bbox 2156 3773 2499 3827; x_wconf 82' lang='lat' dir='ltr'><strong>adversarius</strong></span> <span class='ocrx_word' id='word_1_779' title='bbox 2518 3776 2615 3834; x_wconf 91' lang='lat' dir='ltr'><strong>est,</strong></span> <span class='ocrx_word' id='word_1_780' title='bbox 2650 3774 2750 3841; x_wconf 91' lang='lat' dir='ltr'><strong>qui</strong></span> <span class='ocrx_word' id='word_1_781' title='bbox 2762 3788 2846 3826; x_wconf 88' lang='lat' dir='ltr'><strong>me</strong></span> <span class='ocrx_word' id='word_1_782' title='bbox 2860 3774 3095 3828; x_wconf 87' lang='lat' dir='ltr'><strong>lacessit:</strong></span> <span class='ocrx_word' id='word_1_783' title='bbox 3116 3773 3254 3826; x_wconf 89' lang='lat' dir='ltr'><strong>mihi</strong></span> <span class='ocrx_word' id='word_1_784' title='bbox 3272 3773 3495 3827; x_wconf 84' lang='lat' dir='ltr'><strong>debetur</strong></span> <span class='ocrx_word' id='word_1_785' title='bbox 3522 3775 3630 3826; x_wconf 88' lang='lat' dir='ltr'><strong>ista</strong></span> 
     </span>
    </p>
   </div>
   <div class='ocr_carea' id='block_1_90' title="bbox 2040 3841 3634 3981">
    <p class='ocr_par' dir='ltr' id='par_1_90' title="bbox 2040 3841 3634 3981">
     <span class='ocr_line' id='line_1_95' title="bbox 2040 3841 3634 3925; baseline -0.002 -27"><span class='ocrx_word' id='word_1_786' title='bbox 2040 3844 2358 3916; x_wconf 87' lang='lat' dir='ltr'><strong>congressio.</strong></span> <span class='ocrx_word' id='word_1_787' title='bbox 2383 3842 2753 3912; x_wconf 80' lang='lat' dir='ltr'><strong>Hieronymus</strong></span> <span class='ocrx_word' id='word_1_788' title='bbox 2767 3841 2839 3925; x_wconf 84' lang='lat' dir='ltr'><strong>ad_</strong></span> <span class='ocrx_word' id='word_1_789' title='bbox 2854 3842 3161 3901; x_wconf 81' lang='lat' dir='ltr'><strong>Antonium</strong></span> <span class='ocrx_word' id='word_1_790' title='bbox 3184 3844 3378 3922; x_wconf 78' lang='lat' dir='ltr'><strong>(Epist.</strong></span> <span class='ocrx_word' id='word_1_791' title='bbox 3399 3846 3518 3907; x_wconf 84' lang='lat'><strong>45):</strong></span> <span class='ocrx_word' id='word_1_792' title='bbox 3549 3844 3634 3896; x_wconf 87' lang='lat' dir='ltr'><strong>Vi-</strong></span> 
     </span>
     <span class='ocr_line' id='line_1_96' title="bbox 2041 3908 3634 3981; baseline -0.003 -14"><span class='ocrx_word' id='word_1_793' title='bbox 2041 3914 2126 3977; x_wconf 89' lang='lat' dir='ltr'><strong>de,</strong></span> <span class='ocrx_word' id='word_1_794' title='bbox 2157 3916 2358 3981; x_wconf 82' lang='lat' dir='ltr'><strong>frater,</strong></span> <span class='ocrx_word' id='word_1_795' title='bbox 2384 3914 2542 3981; x_wconf 88' lang='lat' dir='ltr'><strong>quale</strong></span> <span class='ocrx_word' id='word_1_796' title='bbox 2567 3913 2770 3966; x_wconf 89' lang='lat' dir='ltr'><strong>malum</strong></span> <span class='ocrx_word' id='word_1_797' title='bbox 2787 3916 2878 3974; x_wconf 75' lang='lat' dir='ltr'><strong>stt,</strong></span> <span class='ocrx_word' id='word_1_798' title='bbox 2906 3911 3049 3981; x_wconf 88' lang='lat' dir='ltr'><strong>quod</strong></span> <span class='ocrx_word' id='word_1_799' title='bbox 3073 3911 3447 3981; x_wconf 69' lang='lat' dir='ltr'><strong>aduersarium</strong></span> <span class='ocrx_word' id='word_1_800' title='bbox 3475 3908 3634 3981; x_wconf 76' lang='lat' dir='ltr'><strong>habet</strong></span> 
     </span>
    </p>
   </div>
   <div class='ocr_carea' id='block_1_91' title="bbox 2043 3927 3635 4051">
    <p class='ocr_par' dir='ltr' id='par_1_91' title="bbox 2043 3927 3635 4051">
     <span class='ocr_line' id='line_1_97' title="bbox 2043 3927 3634 3982; baseline -0.003 -15"><span class='ocrx_word' id='word_1_801' title='bbox 2043 3927 2126 3977; x_wconf 86' lang='lat' dir='ltr'><strong>ae,</strong></span> <span class='ocrx_word' id='word_1_802' title='bbox 2157 3927 2358 3981; x_wconf 84' lang='lat' dir='ltr'><strong>frater,</strong></span> <span class='ocrx_word' id='word_1_803' title='bbox 2384 3927 2542 3982; x_wconf 87' lang='lat' dir='ltr'><strong>quale</strong></span> <span class='ocrx_word' id='word_1_804' title='bbox 2567 3927 2770 3966; x_wconf 77' lang='lat' dir='ltr'><strong>malum</strong></span> <span class='ocrx_word' id='word_1_805' title='bbox 2787 3927 2878 3974; x_wconf 72' lang='lat' dir='ltr'><strong>sit,</strong></span> <span class='ocrx_word' id='word_1_806' title='bbox 2906 3927 3048 3981; x_wconf 90' lang='lat' dir='ltr'><strong>quoa</strong></span> <span class='ocrx_word' id='word_1_807' title='bbox 3073 3927 3447 3964; x_wconf 67' lang='lat' dir='ltr'><strong>adversarium</strong></span> <span class='ocrx_word' id='word_1_808' title='bbox 3475 3927 3634 3963; x_wconf 78' lang='lat' dir='ltr'><strong>habet</strong></span> 
     </span>
     <span class='ocr_line' id='line_1_98' title="bbox 2043 3979 3635 4051; baseline -0.003 -13"><span class='ocrx_word' id='word_1_809' title='bbox 2043 3988 2231 4038; x_wconf 86' lang='lat' dir='ltr'><strong>Deum.</strong></span> <span class='ocrx_word' id='word_1_810' title='bbox 2263 3985 2402 4037; x_wconf 87' lang='lat' dir='ltr'><strong>Hinc</strong></span> <span class='ocrx_word' id='word_1_811' title='bbox 2428 3997 2691 4051; x_wconf 86' lang='lat' dir='ltr'><strong>arrogans</strong></span> <span class='ocrx_word' id='word_1_812' title='bbox 2710 3982 3023 4051; x_wconf 63' lang='lat' dir='ltr'><strong>Pham’sa&#39;us</strong></span> <span class='ocrx_word' id='word_1_813' title='bbox 3034 3982 3335 4051; x_wconf 78' lang='lat' dir='ltr'><strong>spernitur,</strong></span> <span class='ocrx_word' id='word_1_814' title='bbox 3354 3983 3404 4032; x_wconf 88' lang='lat' dir='ltr'><strong>et</strong></span> <span class='ocrx_word' id='word_1_815' title='bbox 3417 3979 3635 4051; x_wconf 77' lang='lat' dir='ltr'><strong>humilis</strong></span> 
     </span>
    </p>
   </div>
   <div class='ocr_carea' id='block_1_92' title="bbox 2046 4047 3637 4121">
    <p class='ocr_par' dir='ltr' id='par_1_92' title="bbox 2046 4047 3637 4121">
     <span class='ocr_line' id='line_1_99' title="bbox 2046 4047 3637 4121; baseline -0.001 -16"><span class='ocrx_word' id='word_1_816' title='bbox 2046 4052 2366 4121; x_wconf 74' lang='lat' dir='ltr'><strong>Publicanus</strong></span> <span class='ocrx_word' id='word_1_817' title='bbox 2388 4047 2617 4121; x_wconf 82' lang='lat' dir='ltr'><strong>auditur</strong></span> <span class='ocrx_word' id='word_1_818' title='bbox 2649 4054 2832 4121; x_wconf 59' lang='lat' dir='ltr'><strong>(Luca</strong></span> <span class='ocrx_word' id='word_1_819' title='bbox 2857 4047 3534 4121; x_wconf 61' lang='lat' dir='ltr'><strong>xvm).&#39;Augusti_nuslib.</strong></span> <span class='ocrx_word' id='word_1_820' title='bbox 3562 4062 3637 4103; x_wconf 87' lang='grc' dir='ltr'><strong>ιιι</strong></span> 
     </span>
    </p>
   </div>
   <div class='ocr_carea' id='block_1_93' title="bbox 2045 4119 3637 4189">
    <p class='ocr_par' dir='ltr' id='par_1_93' title="bbox 2045 4119 3637 4189">
     <span class='ocr_line' id='line_1_100' title="bbox 2045 4119 3637 4189; baseline -0.002 -13"><span class='ocrx_word' id='word_1_821' title='bbox 2045 4119 2114 4176; x_wconf 89' lang='lat' dir='ltr'><strong>de</strong></span> <span class='ocrx_word' id='word_1_822' title='bbox 2163 4120 2427 4176; x_wconf 86' lang='lat' dir='ltr'><strong>Doctrina</strong></span> <span class='ocrx_word' id='word_1_823' title='bbox 2459 4119 2765 4189; x_wconf 87' lang='lat' dir='ltr'><strong>Christiana</strong></span> <span class='ocrx_word' id='word_1_824' title='bbox 2801 4122 2966 4189; x_wconf 90' lang='lat' dir='ltr'><strong>(Cap.</strong></span> <span class='ocrx_word' id='word_1_825' title='bbox 3005 4124 3107 4186; x_wconf 82' lang='lat'><strong>23)</strong></span> <span class='ocrx_word' id='word_1_826' title='bbox 3146 4119 3357 4175; x_wconf 48' lang='lat' dir='ltr'><strong>{Nulla</strong></span> <span class='ocrx_word' id='word_1_827' title='bbox 3405 4119 3520 4183; x_wconf 85' lang='lat' dir='ltr'><strong>fere</strong></span> <span class='ocrx_word' id='word_1_828' title='bbox 3559 4123 3637 4173; x_wconf 89' lang='lat' dir='ltr'><strong>est</strong></span> 
     </span>
    </p>
   </div>
   <div class='ocr_carea' id='block_1_94' title="bbox 2041 4188 3637 4260">
    <p class='ocr_par' dir='ltr' id='par_1_94' title="bbox 2041 4188 3637 4260">
     <span class='ocr_line' id='line_1_101' title="bbox 2041 4188 3637 4260; baseline 0 -18"><span class='ocrx_word' id='word_1_829' title='bbox 2041 4190 2251 4260; x_wconf 88' lang='lat' dir='ltr'><strong>pagina</strong></span> <span class='ocrx_word' id='word_1_830' title='bbox 2288 4194 2595 4260; x_wconf 81' lang='lat' dir='ltr'><strong>sanctorum</strong></span> <span class='ocrx_word' id='word_1_831' title='bbox 2629 4188 2913 4260; x_wconf 82' lang='lat' dir='ltr'><strong>librorum,</strong></span> <span class='ocrx_word' id='word_1_832' title='bbox 2937 4193 2994 4260; x_wconf 81' lang='lat' dir='ltr'><strong>in</strong></span> <span class='ocrx_word' id='word_1_833' title='bbox 3023 4205 3131 4257; x_wconf 88' lang='lat' dir='ltr'><strong>qua</strong></span> <span class='ocrx_word' id='word_1_834' title='bbox 3177 4203 3286 4242; x_wconf 90' lang='lat' dir='ltr'><strong>non</strong></span> <span class='ocrx_word' id='word_1_835' title='bbox 3319 4193 3468 4260; x_wconf 78' lang='lat' dir='ltr'><strong>sonet</strong></span> <span class='ocrx_word' id='word_1_836' title='bbox 3494 4189 3637 4260; x_wconf 76' lang='lat' dir='ltr'><strong>quod</strong></span> 
     </span>
    </p>
   </div>
   <div class='ocr_carea' id='block_1_95' title="bbox 2048 4257 3636 4330">
    <p class='ocr_par' dir='ltr' id='par_1_95' title="bbox 2048 4257 3636 4330">
     <span class='ocr_line' id='line_1_102' title="bbox 2048 4257 3636 4330; baseline 0.001 -16"><span class='ocrx_word' id='word_1_837' title='bbox 2048 4257 2189 4314; x_wconf 84' lang='lat' dir='ltr'><strong>Deus</strong></span> <span class='ocrx_word' id='word_1_838' title='bbox 2215 4259 2483 4330; x_wconf 68' lang='lat' dir='ltr'><strong>superbis</strong></span> <span class='ocrx_word' id='word_1_839' title='bbox 2530 4258 2749 4330; x_wconf 74' lang='lat' dir='ltr'><strong>resistit.</strong></span> <span class='ocrx_word' id='word_1_840' title='bbox 2812 4258 3104 4330; x_wconf 80' lang='lat' dir='ltr'><strong>Denique,</strong></span> <span class='ocrx_word' id='word_1_841' title='bbox 3166 4265 3235 4330; x_wconf 81' lang='lat' dir='ltr'><strong>ut</strong></span> <span class='ocrx_word' id='word_1_842' title='bbox 3283 4257 3430 4330; x_wconf 85' lang='lat' dir='ltr'><strong>alios</strong></span> <span class='ocrx_word' id='word_1_843' title='bbox 3469 4257 3636 4315; x_wconf 91' lang='lat' dir='ltr'><strong>omit-</strong></span> 
     </span>
    </p>
   </div>
   <div class='ocr_carea' id='block_1_96' title="bbox 2048 4326 3634 4401">
    <p class='ocr_par' dir='ltr' id='par_1_96' title="bbox 2048 4326 3634 4401">
     <span class='ocr_line' id='line_1_103' title="bbox 2048 4326 3634 4401; baseline 0.002 -17"><span class='ocrx_word' id='word_1_844' title='bbox 2048 4336 2186 4395; x_wconf 89' lang='lat' dir='ltr'><strong>tam,</strong></span> <span class='ocrx_word' id='word_1_845' title='bbox 2213 4326 2453 4401; x_wconf 74' lang='lat' dir='ltr'><strong>Isidorus</strong></span> <span class='ocrx_word' id='word_1_846' title='bbox 2478 4326 2779 4401; x_wconf 82' lang='lat' dir='ltr'><strong>Pelusiotes</strong></span> <span class='ocrx_word' id='word_1_847' title='bbox 2807 4326 2862 4383; x_wconf 90' lang='lat' dir='ltr'><strong>in</strong></span> <span class='ocrx_word' id='word_1_848' title='bbox 2886 4326 3124 4400; x_wconf 76' lang='lat' dir='ltr'><strong>quadam</strong></span> <span class='ocrx_word' id='word_1_849' title='bbox 3155 4328 3383 4401; x_wconf 89' lang='lat' dir='ltr'><strong>epistola</strong></span> <span class='ocrx_word' id='word_1_850' title='bbox 3414 4327 3568 4401; x_wconf 91' lang='lat' dir='ltr'><strong>(Lib.</strong></span> <span class='ocrx_word' id='word_1_851' title='bbox 3608 4342 3634 4387; x_wconf 82' lang='grc' dir='ltr'><strong>ι</strong></span> 
     </span>
    </p>
   </div>
   <div class='ocr_carea' id='block_1_97' title="bbox 2048 4399 3637 4471">
    <p class='ocr_par' dir='ltr' id='par_1_97' title="bbox 2048 4399 3637 4471">
     <span class='ocr_line' id='line_1_104' title="bbox 2048 4399 3637 4471; baseline 0.002 -17"><span class='ocrx_word' id='word_1_852' title='bbox 2048 4399 2254 4470; x_wconf 86' lang='lat' dir='ltr'><strong>epistol.</strong></span> <span class='ocrx_word' id='word_1_853' title='bbox 2289 4403 2409 4464; x_wconf 81' lang='grc'><strong>164)</strong></span> <span class='ocrx_word' id='word_1_854' title='bbox 2455 4416 2468 4453; x_wconf 88' lang='lat'><strong>:</strong></span> <span class='ocrx_word' id='word_1_855' title='bbox 2506 4399 2757 4470; x_wconf 87' lang='lat' dir='ltr'><strong>Superbis</strong></span> <span class='ocrx_word' id='word_1_856' title='bbox 2780 4399 2923 4456; x_wconf 82' lang='lat' dir='ltr'><strong>Deus</strong></span> <span class='ocrx_word' id='word_1_857' title='bbox 2955 4403 3175 4464; x_wconf 86' lang='lat' dir='ltr'><strong>resistit,</strong></span> <span class='ocrx_word' id='word_1_858' title='bbox 3188 4399 3637 4471; x_wconf 77' lang='lat' dir='ltr'><strong>quandoquidem</strong></span> 
     </span>
    </p>
   </div>
   <div class='ocr_carea' id='block_1_98' title="bbox 2047 4471 3639 4544">
    <p class='ocr_par' dir='ltr' id='par_1_98' title="bbox 2047 4471 3639 4544">
     <span class='ocr_line' id='line_1_105' title="bbox 2047 4471 3639 4544; baseline 0.001 -19"><span class='ocrx_word' id='word_1_859' title='bbox 2047 4473 2213 4544; x_wconf 70' lang='lat' dir='ltr'><strong>etiam</strong></span> <span class='ocrx_word' id='word_1_860' title='bbox 2226 4472 2460 4544; x_wconf 86' lang='lat' dir='ltr'><strong>ipsorum</strong></span> <span class='ocrx_word' id='word_1_861' title='bbox 2479 4471 2725 4541; x_wconf 85' lang='lat' dir='ltr'><strong>principi</strong></span> <span class='ocrx_word' id='word_1_862' title='bbox 2749 4471 2818 4526; x_wconf 89' lang='lat' dir='ltr'><strong>ab</strong></span> <span class='ocrx_word' id='word_1_863' title='bbox 2846 4473 2998 4528; x_wconf 88' lang='lat' dir='ltr'><strong>initio</strong></span> <span class='ocrx_word' id='word_1_864' title='bbox 3017 4488 3126 4529; x_wconf 88' lang='lat' dir='ltr'><strong>sese</strong></span> <span class='ocrx_word' id='word_1_865' title='bbox 3144 4474 3408 4544; x_wconf 85' lang='lat' dir='ltr'><strong>opposuit.</strong></span> <span class='ocrx_word' id='word_1_866' title='bbox 3441 4475 3639 4529; x_wconf 83' lang='lat' dir='ltr'><strong>Consi-</strong></span> 
     </span>
    </p>
   </div>
   <div class='ocr_carea' id='block_1_99' title="bbox 2045 4541 3643 4614">
    <p class='ocr_par' dir='ltr' id='par_1_99' title="bbox 2045 4541 3643 4614">
     <span class='ocr_line' id='line_1_106' title="bbox 2045 4541 3643 4614; baseline 0.003 -19"><span class='ocrx_word' id='word_1_867' title='bbox 2045 4541 2177 4596; x_wconf 89' lang='lat' dir='ltr'><strong>dera</strong></span> <span class='ocrx_word' id='word_1_868' title='bbox 2192 4543 2361 4611; x_wconf 87' lang='lat' dir='ltr'><strong>igitur</strong></span> <span class='ocrx_word' id='word_1_869' title='bbox 2372 4545 2635 4613; x_wconf 89' lang='lat' dir='ltr'><strong>quantum</strong></span> <span class='ocrx_word' id='word_1_870' title='bbox 2658 4546 2754 4605; x_wconf 89' lang='lat' dir='ltr'><strong>est,</strong></span> <span class='ocrx_word' id='word_1_871' title='bbox 2776 4546 2830 4598; x_wconf 87' lang='lat' dir='ltr'><strong>et</strong></span> <span class='ocrx_word' id='word_1_872' title='bbox 2852 4547 3021 4600; x_wconf 87' lang='lat' dir='ltr'><strong>Deum</strong></span> <span class='ocrx_word' id='word_1_873' title='bbox 3044 4541 3243 4599; x_wconf 78' lang='lat' dir='ltr'><strong>hostem</strong></span> <span class='ocrx_word' id='word_1_874' title='bbox 3263 4550 3426 4614; x_wconf 86' lang='lat' dir='ltr'><strong>atque</strong></span> <span class='ocrx_word' id='word_1_875' title='bbox 3453 4545 3643 4600; x_wconf 77' lang='lat' dir='ltr'><strong>adrer-</strong></span> 
     </span>
    </p>
   </div>
   <div class='ocr_carea' id='block_1_100' title="bbox 2043 4614 3636 4678">
    <p class='ocr_par' dir='ltr' id='par_1_100' title="bbox 2043 4614 3636 4678">
     <span class='ocr_line' id='line_1_107' title="bbox 2043 4614 3636 4678; baseline 0.002 -11"><span class='ocrx_word' id='word_1_876' title='bbox 2043 4616 2249 4668; x_wconf 87' lang='lat' dir='ltr'><strong>sarium</strong></span> <span class='ocrx_word' id='word_1_877' title='bbox 2280 4614 2494 4678; x_wconf 87' lang='lat' dir='ltr'><strong>habere,</strong></span> <span class='ocrx_word' id='word_1_878' title='bbox 2528 4617 2579 4668; x_wconf 90' lang='lat' dir='ltr'><strong>et</strong></span> <span class='ocrx_word' id='word_1_879' title='bbox 2607 4617 2831 4671; x_wconf 86' lang='lat' dir='ltr'><strong>veterem</strong></span> <span class='ocrx_word' id='word_1_880' title='bbox 2864 4616 3065 4671; x_wconf 85' lang='lat' dir='ltr'><strong>hostem</strong></span> <span class='ocrx_word' id='word_1_881' title='bbox 3103 4617 3317 4671; x_wconf 87' lang='lat' dir='ltr'><strong>socium.</strong></span> <span class='ocrx_word' id='word_1_882' title='bbox 3363 4617 3499 4670; x_wconf 73' lang='lat' dir='ltr'><strong>Hazc</strong></span> <span class='ocrx_word' id='word_1_883' title='bbox 3538 4614 3636 4670; x_wconf 91' lang='lat' dir='ltr'><strong>SS.</strong></span> 
     </span>
    </p>
   </div>
   <div class='ocr_carea' id='block_1_101' title="bbox 2044 4683 3641 4753">
    <p class='ocr_par' dir='ltr' id='par_1_101' title="bbox 2044 4683 3641 4753">
     <span class='ocr_line' id='line_1_108' title="bbox 2044 4683 3641 4753; baseline -0.002 -14"><span class='ocrx_word' id='word_1_884' title='bbox 2044 4685 2252 4740; x_wconf 90' lang='lat' dir='ltr'><strong>Patres.</strong></span> <span class='ocrx_word' id='word_1_885' title='bbox 2284 4685 2454 4741; x_wconf 90' lang='lat' dir='ltr'><strong>Porro</strong></span> <span class='ocrx_word' id='word_1_886' title='bbox 2489 4683 2772 4740; x_wconf 87' lang='lat' dir='ltr'><strong>annotavit</strong></span> <span class='ocrx_word' id='word_1_887' title='bbox 2795 4686 2851 4741; x_wconf 92' lang='lat' dir='ltr'><strong>S.</strong></span> <span class='ocrx_word' id='word_1_888' title='bbox 2884 4686 3129 4742; x_wconf 87' lang='lat' dir='ltr'><strong>Thomas</strong></span> <span class='ocrx_word' id='word_1_889' title='bbox 3157 4689 3239 4753; x_wconf 88' lang='lat' dir='ltr'><strong>(In</strong></span> <span class='ocrx_word' id='word_1_890' title='bbox 3275 4684 3483 4751; x_wconf 85' lang='lat' dir='ltr'><strong>comm.)</strong></span> <span class='ocrx_word' id='word_1_891' title='bbox 3515 4698 3641 4738; x_wconf 87' lang='lat' dir='ltr'><strong>sen-</strong></span> 
     </span>
    </p>
   </div>
   <div class='ocr_carea' id='block_1_102' title="bbox 2043 4755 3641 4825">
    <p class='ocr_par' dir='ltr' id='par_1_102' title="bbox 2043 4755 3641 4825">
     <span class='ocr_line' id='line_1_109' title="bbox 2043 4755 3641 4825; baseline -0.003 -15"><span class='ocrx_word' id='word_1_892' title='bbox 2043 4755 2269 4811; x_wconf 88' lang='lat' dir='ltr'><strong>tentiam</strong></span> <span class='ocrx_word' id='word_1_893' title='bbox 2290 4755 2453 4811; x_wconf 90' lang='lat' dir='ltr'><strong>istam</strong></span> <span class='ocrx_word' id='word_1_894' title='bbox 2475 4770 2542 4810; x_wconf 82' lang='lat' dir='ltr'><strong>ex</strong></span> <span class='ocrx_word' id='word_1_895' title='bbox 2580 4762 2760 4811; x_wconf 89' lang='lat' dir='ltr'><strong>vetere</strong></span> <span class='ocrx_word' id='word_1_896' title='bbox 2790 4756 3065 4825; x_wconf 80' lang='lat' dir='ltr'><strong>Scriptura</strong></span> <span class='ocrx_word' id='word_1_897' title='bbox 3092 4761 3400 4825; x_wconf 72' lang='lat' dir='ltr'><strong>acceptam,</strong></span> <span class='ocrx_word' id='word_1_898' title='bbox 3443 4765 3641 4820; x_wconf 90' lang='lat' dir='ltr'><strong>nempe</strong></span> 
     </span>
    </p>
   </div>
   <div class='ocr_carea' id='block_1_103' title="bbox 336 4820 3644 4903">
    <p class='ocr_par' dir='ltr' id='par_1_103' title="bbox 336 4820 3644 4903">
     <span class='ocr_line' id='line_1_110' title="bbox 336 4820 3644 4903; baseline -0.004 -16"><span class='ocrx_word' id='word_1_899' title='bbox 336 4831 430 4888; x_wconf 79' lang='lat' dir='ltr'><strong>lus</strong></span> <span class='ocrx_word' id='word_1_900' title='bbox 444 4831 697 4903; x_wconf 70' lang='lat' dir='ltr'><strong>Joannes</strong></span> <span class='ocrx_word' id='word_1_901' title='bbox 722 4820 1503 4903; x_wconf 57' lang='lat' dir='ltr'><strong>superbia‘invitaa&#39;nuncupat.</strong></span> <span class='ocrx_word' id='word_1_902' title='bbox 1532 4827 1628 4882; x_wconf 85' lang='lat' dir='ltr'><strong>Est</strong></span> <span class='ocrx_word' id='word_1_903' title='bbox 1659 4820 1807 4903; x_wconf 80' lang='lat' dir='ltr'><strong>enim</strong></span> <span class='ocrx_word' id='word_1_904' title='bbox 1830 4822 2009 4884; x_wconf 77' lang='lat' dir='ltr'><strong>su-—D</strong></span> <span class='ocrx_word' id='word_1_905' title='bbox 2041 4825 2121 4881; x_wconf 88' lang='lat' dir='ltr'><strong>vel</strong></span> <span class='ocrx_word' id='word_1_906' title='bbox 2159 4825 2583 4903; x_wconf 73' lang='lat' dir='ltr'><strong>Proverbiprum</strong></span> <span class='ocrx_word' id='word_1_907' title='bbox 2604 4826 2858 4903; x_wconf 43' lang='lat' dir='ltr'><strong>III_&#39;(_rers.</strong></span> <span class='ocrx_word' id='word_1_908' title='bbox 2879 4820 2989 4903; x_wconf 58' lang='lat' dir='ltr'><strong>sit),</strong></span> <span class='ocrx_word' id='word_1_909' title='bbox 3011 4822 3112 4903; x_wconf 72' lang='lat' dir='ltr'><strong>ubi</strong></span> <span class='ocrx_word' id='word_1_910' title='bbox 3127 4820 3291 4903; x_wconf 45' lang='lat' dir='ltr'><strong>LXX,</strong></span> <span class='ocrx_word' id='word_1_911' title='bbox 3316 4820 3644 4903; x_wconf 72' lang='lat' dir='ltr'><strong>Interpretes</strong></span> 
     </span>
    </p>
   </div>
   <div class='ocr_carea' id='block_1_104' title="bbox 342 4897 1932 4974">
    <p class='ocr_par' dir='ltr' id='par_1_104' title="bbox 342 4897 1932 4974">
     <span class='ocr_line' id='line_1_111' title="bbox 342 4897 1932 4974; baseline -0.004 -16"><span class='ocrx_word' id='word_1_912' title='bbox 342 4901 532 4974; x_wconf 77' lang='lat' dir='ltr'><strong>perbia</strong></span> <span class='ocrx_word' id='word_1_913' title='bbox 549 4902 732 4959; x_wconf 89' lang='lat' dir='ltr'><strong>cordis</strong></span> <span class='ocrx_word' id='word_1_914' title='bbox 758 4897 815 4957; x_wconf 78' lang='lat' dir='ltr'><strong>et</strong></span> <span class='ocrx_word' id='word_1_915' title='bbox 835 4899 1088 4972; x_wconf 89' lang='lat' dir='ltr'><strong>superbia</strong></span> <span class='ocrx_word' id='word_1_916' title='bbox 1106 4897 1416 4974; x_wconf 72' lang='lat' dir='ltr'><strong>oculorum,</strong></span> <span class='ocrx_word' id='word_1_917' title='bbox 1446 4911 1573 4970; x_wconf 63' lang='lat' dir='ltr'><strong>qua</strong></span> <span class='ocrx_word' id='word_1_918' title='bbox 1601 4897 1779 4970; x_wconf 90' lang='lat' dir='ltr'><strong>primo</strong></span> <span class='ocrx_word' id='word_1_919' title='bbox 1807 4912 1932 4952; x_wconf 88' lang='lat' dir='ltr'><strong>ver-</strong></span> 
     </span>
    </p>
   </div>
   <div class='ocr_carea' id='block_1_105' title="bbox 337 4967 1938 5051">
    <p class='ocr_par' dir='ltr' id='par_1_105' title="bbox 337 4967 1938 5051">
     <span class='ocr_line' id='line_1_112' title="bbox 337 4967 1938 5051; baseline -0.006 -21"><span class='ocrx_word' id='word_1_920' title='bbox 337 4967 514 5030; x_wconf 66' lang='lat' dir='ltr'><strong>siculo</strong></span> <span class='ocrx_word' id='word_1_921' title='bbox 538 4974 885 5051; x_wconf 65' lang='lat' dir='ltr'><strong>continentur</strong></span> <span class='ocrx_word' id='word_1_922' title='bbox 895 4967 922 5051; x_wconf 38' lang='grc' dir='ltr'><strong>’ξ</strong></span> <span class='ocrx_word' id='word_1_923' title='bbox 940 4978 1021 5027; x_wconf 89' lang='lat' dir='ltr'><strong>est</strong></span> <span class='ocrx_word' id='word_1_924' title='bbox 1030 4968 1282 5051; x_wconf 78' lang='lat' dir='ltr'><strong>superbia</strong></span> <span class='ocrx_word' id='word_1_925' title='bbox 1297 4967 1588 5051; x_wconf 54' lang='lat' dir='ltr'><strong>verborum</strong></span> <span class='ocrx_word' id='word_1_926' title='bbox 1601 4967 1664 5023; x_wconf 76' lang='lat' dir='ltr'><strong>et</strong></span> <span class='ocrx_word' id='word_1_927' title='bbox 1679 4982 1905 5051; x_wconf 74' lang='lat' dir='ltr'><strong>operum</strong></span> <span class='ocrx_word' id='word_1_928' title='bbox 1922 5008 1938 5035; x_wconf 92' lang='lat'><strong>,</strong></span> 
     </span>
    </p>
   </div>
   <div class='ocr_carea' id='block_1_106' title="bbox 340 5037 1940 5126">
    <p class='ocr_par' dir='ltr' id='par_1_106' title="bbox 340 5037 1940 5126">
     <span class='ocr_line' id='line_1_113' title="bbox 340 5037 1940 5126; baseline 0 0"><span class='ocrx_word' id='word_1_929' title='bbox 340 5057 474 5126; x_wconf 56' lang='lat' dir='ltr'><strong>suae</strong></span> <span class='ocrx_word' id='word_1_930' title='bbox 494 5043 778 5126; x_wconf 65' lang='grc' dir='ltr'>,εθαυιιειοι</span> <span class='ocrx_word' id='word_1_931' title='bbox 817 5042 1007 5126; x_wconf 59' lang='lat' dir='ltr'><strong>Prien</strong></span> <span class='ocrx_word' id='word_1_932' title='bbox 1043 5037 1249 5126; x_wconf 56' lang='lat' dir='ltr'><strong>eiseis</strong></span> <span class='ocrx_word' id='word_1_933' title='bbox 1264 5037 1815 5126; x_wconf 56' lang='lat' dir='ltr'><strong>2,;seeeﬂieserdiéz</strong></span> <span class='ocrx_word' id='word_1_934' title='bbox 1829 5051 1940 5126; x_wconf 54' lang='lat' dir='ltr'><strong>iis</strong></span> 
     </span>
    </p>
   </div>
   <div class='ocr_carea' id='block_1_107' title="bbox 342 5055 1940 5193">
    <p class='ocr_par' dir='ltr' id='par_1_107' title="bbox 342 5055 1940 5193">
     <span class='ocr_line' id='line_1_114' title="bbox 342 5055 1940 5167; baseline -0.006 -66"><span class='ocrx_word' id='word_1_935' title='bbox 342 5057 474 5126; x_wconf 65' lang='lat' dir='ltr'><strong>qua</strong></span> <span class='ocrx_word' id='word_1_936' title='bbox 508 5055 778 5125; x_wconf 36' lang='lat' dir='ltr'><strong>secundo:</strong></span> <span class='ocrx_word' id='word_1_937' title='bbox 818 5055 1007 5123; x_wconf 76' lang='lat' dir='ltr'><strong>Prima</strong></span> <span class='ocrx_word' id='word_1_938' title='bbox 1043 5055 1282 5167; x_wconf 51' lang='grc' dir='ltr'><strong>ἰῖεειρε,</strong></span> <span class='ocrx_word' id='word_1_939' title='bbox 1310 5055 1566 5120; x_wconf 76' lang='lat' dir='ltr'><strong>superbia</strong></span> <span class='ocrx_word' id='word_1_940' title='bbox 1594 5055 1812 5102; x_wconf 68' lang='grc' dir='ltr'><strong>θοι-ωε,</strong></span> <span class='ocrx_word' id='word_1_941' title='bbox 1843 5055 1940 5119; x_wconf 82' lang='lat' dir='ltr'><strong>seu</strong></span> 
     </span>
     <span class='ocr_line' id='line_1_115' title="bbox 342 5106 1940 5193; baseline -0.005 -22"><span class='ocrx_word' id='word_1_942' title='bbox 342 5113 578 5193; x_wconf 76' lang='lat' dir='ltr'><strong>Interior</strong></span> <span class='ocrx_word' id='word_1_943' title='bbox 610 5113 779 5193; x_wconf 76' lang='lat' dir='ltr'><strong>animi</strong></span> <span class='ocrx_word' id='word_1_944' title='bbox 826 5112 1003 5193; x_wconf 72' lang='lat' dir='ltr'><strong>elatip.</strong></span> <span class='ocrx_word' id='word_1_945' title='bbox 1105 5109 1202 5193; x_wconf 62' lang='lat' dir='ltr'><strong>ult}</strong></span> <span class='ocrx_word' id='word_1_946' title='bbox 1254 5124 1404 5193; x_wconf 65' lang='lat' dir='ltr'><strong>enim</strong></span> <span class='ocrx_word' id='word_1_947' title='bbox 1455 5107 1669 5193; x_wconf 82' lang='lat' dir='ltr'><strong>occulte</strong></span> <span class='ocrx_word' id='word_1_948' title='bbox 1690 5192 1699 5193; x_wconf 13' lang='grc' dir='ltr'>ί</span> <span class='ocrx_word' id='word_1_949' title='bbox 1720 5106 1940 5193; x_wconf 78' lang='lat' dir='ltr'><strong>superbi</strong></span> 
     </span>
    </p>
   </div>
   <div class='ocr_carea' id='block_1_108' title="bbox 343 5181 1945 5255">
    <p class='ocr_par' dir='ltr' id='par_1_108' title="bbox 343 5181 1945 5255">
     <span class='ocr_line' id='line_1_116' title="bbox 343 5181 1945 5255; baseline -0.006 -13"><span class='ocrx_word' id='word_1_950' title='bbox 343 5185 546 5255; x_wconf 80' lang='lat' dir='ltr'><strong>suntin</strong></span> <span class='ocrx_word' id='word_1_951' title='bbox 568 5184 756 5253; x_wconf 88' lang='lat' dir='ltr'><strong>corde,</strong></span> <span class='ocrx_word' id='word_1_952' title='bbox 780 5181 965 5255; x_wconf 84' lang='lat' dir='ltr'><strong>magni</strong></span> <span class='ocrx_word' id='word_1_953' title='bbox 1001 5197 1060 5255; x_wconf 81' lang='lat' dir='ltr'><strong>se</strong></span> <span class='ocrx_word' id='word_1_954' title='bbox 1084 5181 1433 5255; x_wconf 60' lang='lat' dir='ltr'><strong>aestimantes,</strong></span> <span class='ocrx_word' id='word_1_955' title='bbox 1464 5187 1650 5237; x_wconf 90' lang='lat' dir='ltr'><strong>tamen</strong></span> <span class='ocrx_word' id='word_1_956' title='bbox 1678 5181 1945 5255; x_wconf 55' lang='lat' dir='ltr'><strong>estrinse-</strong></span> 
     </span>
    </p>
   </div>
   <div class='ocr_carea' id='block_1_109' title="bbox 344 5247 1945 5323">
    <p class='ocr_par' dir='ltr' id='par_1_109' title="bbox 344 5247 1945 5323">
     <span class='ocr_line' id='line_1_117' title="bbox 344 5247 1945 5323; baseline -0.006 -10"><span class='ocrx_word' id='word_1_957' title='bbox 344 5270 447 5313; x_wconf 86' lang='lat' dir='ltr'><strong>cus</strong></span> <span class='ocrx_word' id='word_1_958' title='bbox 487 5247 856 5311; x_wconf 71' lang='lat' dir='ltr'><strong>humilitatem</strong></span> <span class='ocrx_word' id='word_1_959' title='bbox 873 5247 1167 5323; x_wconf 53' lang='lat' dir='ltr'><strong>&quot;simulant.</strong></span> <span class='ocrx_word' id='word_1_960' title='bbox 1209 5248 1475 5323; x_wconf 78' lang='lat' dir='ltr'><strong>Secunda,</strong></span> <span class='ocrx_word' id='word_1_961' title='bbox 1513 5247 1945 5323; x_wconf 15' lang='lat' dir='ltr'><strong>uperbiaqocuf</strong></span> 
     </span>
    </p>
   </div>
   <div class='ocr_carea' id='block_1_110' title="bbox 350 5317 1942 5399">
    <p class='ocr_par' dir='ltr' id='par_1_110' title="bbox 350 5317 1942 5399">
     <span class='ocr_line' id='line_1_118' title="bbox 350 5317 1942 5399; baseline -0.006 -16"><span class='ocrx_word' id='word_1_962' title='bbox 350 5325 556 5399; x_wconf 78' lang='lat' dir='ltr'><strong>lorum,</strong></span> <span class='ocrx_word' id='word_1_963' title='bbox 581 5325 674 5399; x_wconf 93' lang='lat' dir='ltr'><strong>qui</strong></span> <span class='ocrx_word' id='word_1_964' title='bbox 697 5332 827 5399; x_wconf 85' lang='lat' dir='ltr'><strong>sunt</strong></span> <span class='ocrx_word' id='word_1_965' title='bbox 849 5323 1013 5399; x_wconf 80' lang='lat' dir='ltr'><strong>veluti</strong></span> <span class='ocrx_word' id='word_1_966' title='bbox 1040 5322 1314 5399; x_wconf 56' lang='lat' dir='ltr'><strong>aurigaget</strong></span> <span class='ocrx_word' id='word_1_967' title='bbox 1334 5317 1540 5399; x_wconf 73' lang='lat' dir='ltr'><strong>indices</strong></span> <span class='ocrx_word' id='word_1_968' title='bbox 1562 5317 1757 5377; x_wconf 74' lang='lat' dir='ltr'><strong>animi.</strong></span> <span class='ocrx_word' id='word_1_969' title='bbox 1781 5317 1942 5399; x_wconf 64' lang='lat' dir='ltr'><strong>Multi</strong></span> 
     </span>
    </p>
   </div>
   <div class='ocr_carea' id='block_1_111' title="bbox 342 5390 1944 5467">
    <p class='ocr_par' dir='ltr' id='par_1_111' title="bbox 342 5390 1944 5467">
     <span class='ocr_line' id='line_1_119' title="bbox 342 5390 1944 5467; baseline -0.004 -13"><span class='ocrx_word' id='word_1_970' title='bbox 342 5396 496 5454; x_wconf 79' lang='lat' dir='ltr'><strong>enim</strong></span> <span class='ocrx_word' id='word_1_971' title='bbox 521 5390 635 5453; x_wconf 76' lang='lat' dir='ltr'><strong>non</strong></span> <span class='ocrx_word' id='word_1_972' title='bbox 652 5397 836 5453; x_wconf 89' lang='lat' dir='ltr'><strong>minus</strong></span> <span class='ocrx_word' id='word_1_973' title='bbox 849 5390 1308 5467; x_wconf 12' lang='lat' dir='ltr'><strong>elatorsupereilio</strong></span> <span class='ocrx_word' id='word_1_974' title='bbox 1331 5391 1636 5467; x_wconf 78' lang='lat' dir='ltr'><strong>despiciunt</strong></span> <span class='ocrx_word' id='word_1_975' title='bbox 1659 5390 1944 5464; x_wconf 83' lang='lat' dir='ltr'><strong>proximos</strong></span> 
     </span>
    </p>
   </div>
   <div class='ocr_carea' id='block_1_112' title="bbox 353 5463 1938 5551">
    <p class='ocr_par' dir='ltr' id='par_1_112' title="bbox 353 5463 1938 5551">
     <span class='ocr_line' id='line_1_120' title="bbox 353 5463 1938 5551; baseline -0.006 -25"><span class='ocrx_word' id='word_1_976' title='bbox 353 5481 501 5551; x_wconf 60' lang='lat' dir='ltr'><strong>gnos,</strong></span> <span class='ocrx_word' id='word_1_977' title='bbox 526 5483 695 5541; x_wconf 91' lang='lat' dir='ltr'><strong>quam</strong></span> <span class='ocrx_word' id='word_1_978' title='bbox 714 5483 809 5551; x_wconf 76' lang='lat' dir='ltr'><strong>eos</strong></span> <span class='ocrx_word' id='word_1_979' title='bbox 833 5466 1048 5551; x_wconf 70' lang='lat' dir='ltr'><strong>tumido</strong></span> <span class='ocrx_word' id='word_1_980' title='bbox 1068 5463 1123 5522; x_wconf 81' lang='lat' dir='ltr'><strong>et</strong></span> <span class='ocrx_word' id='word_1_981' title='bbox 1150 5464 1346 5551; x_wconf 71' lang='lat' dir='ltr'><strong>inﬂato</strong></span> <span class='ocrx_word' id='word_1_982' title='bbox 1371 5463 1537 5547; x_wconf 74' lang='lat' dir='ltr'><strong>corde</strong></span> <span class='ocrx_word' id='word_1_983' title='bbox 1560 5463 1938 5551; x_wconf 65' lang='lat' dir='ltr'><strong>contemnunt.</strong></span> 
     </span>
    </p>
   </div>
   <div class='ocr_carea' id='block_1_113' title="bbox 355 5534 1941 5612">
    <p class='ocr_par' dir='ltr' id='par_1_113' title="bbox 355 5534 1941 5612">
     <span class='ocr_line' id='line_1_121' title="bbox 355 5534 1941 5612; baseline -0.003 -19"><span class='ocrx_word' id='word_1_984' title='bbox 355 5534 561 5612; x_wconf 60' lang='lat' dir='ltr'><strong>Tertia:</strong></span> <span class='ocrx_word' id='word_1_985' title='bbox 582 5538 835 5612; x_wconf 65' lang='lat' dir='ltr'><strong>superbia</strong></span> <span class='ocrx_word' id='word_1_986' title='bbox 864 5539 1154 5612; x_wconf 74' lang='lat' dir='ltr'><strong>verborum</strong></span> <span class='ocrx_word' id='word_1_987' title='bbox 1195 5555 1209 5592; x_wconf 91' lang='lat'><strong>:</strong></span> <span class='ocrx_word' id='word_1_988' title='bbox 1253 5534 1415 5608; x_wconf 91' lang='lat' dir='ltr'><strong>aliqui</strong></span> <span class='ocrx_word' id='word_1_989' title='bbox 1447 5535 1593 5612; x_wconf 81' lang='lat' dir='ltr'><strong>enim</strong></span> <span class='ocrx_word' id='word_1_990' title='bbox 1624 5534 1840 5612; x_wconf 74' lang='lat' dir='ltr'><strong>jactant</strong></span> <span class='ocrx_word' id='word_1_991' title='bbox 1881 5547 1941 5589; x_wconf 90' lang='lat' dir='ltr'><strong>se</strong></span> 
     </span>
    </p>
   </div>
   <div class='ocr_carea' id='block_1_114' title="bbox 356 5603 1942 5679">
    <p class='ocr_par' dir='ltr' id='par_1_114' title="bbox 356 5603 1942 5679">
     <span class='ocr_line' id='line_1_122' title="bbox 356 5603 1942 5679; baseline 0.001 -20"><span class='ocrx_word' id='word_1_992' title='bbox 356 5603 548 5677; x_wconf 75' lang='lat' dir='ltr'><strong>facere,</strong></span> <span class='ocrx_word' id='word_1_993' title='bbox 571 5603 670 5667; x_wconf 74' lang='lat' dir='ltr'><strong>aut&#39;</strong></span> <span class='ocrx_word' id='word_1_994' title='bbox 704 5607 914 5676; x_wconf 81' lang='lat' dir='ltr'><strong>fecisse,</strong></span> <span class='ocrx_word' id='word_1_995' title='bbox 942 5616 1038 5666; x_wconf 91' lang='lat' dir='ltr'><strong>aut</strong></span> <span class='ocrx_word' id='word_1_996' title='bbox 1055 5605 1294 5679; x_wconf 81' lang='lat' dir='ltr'><strong>facturos</strong></span> <span class='ocrx_word' id='word_1_997' title='bbox 1316 5603 1433 5679; x_wconf 75' lang='lat' dir='ltr'><strong>esse</strong></span> <span class='ocrx_word' id='word_1_998' title='bbox 1448 5603 1657 5679; x_wconf 78' lang='lat' dir='ltr'><strong>majora</strong></span> <span class='ocrx_word' id='word_1_999' title='bbox 1680 5614 1735 5663; x_wconf 92' lang='lat' dir='ltr'><strong>et</strong></span> <span class='ocrx_word' id='word_1_1000' title='bbox 1747 5603 1942 5679; x_wconf 87' lang='lat' dir='ltr'><strong>altiora</strong></span> 
     </span>
    </p>
   </div>
   <div class='ocr_carea' id='block_1_115' title="bbox 352 5677 1941 5750">
    <p class='ocr_par' dir='ltr' id='par_1_115' title="bbox 352 5677 1941 5750">
     <span class='ocr_line' id='line_1_123' title="bbox 352 5677 1941 5750; baseline -0.003 -15"><span class='ocrx_word' id='word_1_1001' title='bbox 352 5692 515 5750; x_wconf 87' lang='lat' dir='ltr'><strong>quam</strong></span> <span class='ocrx_word' id='word_1_1002' title='bbox 542 5695 735 5740; x_wconf 79' lang='lat' dir='ltr'><strong>revera</strong></span> <span class='ocrx_word' id='word_1_1003' title='bbox 766 5679 992 5750; x_wconf 88' lang='lat' dir='ltr'><strong>possint,</strong></span> <span class='ocrx_word' id='word_1_1004' title='bbox 1020 5687 1077 5736; x_wconf 90' lang='lat' dir='ltr'><strong>et</strong></span> <span class='ocrx_word' id='word_1_1005' title='bbox 1098 5677 1203 5735; x_wconf 91' lang='lat' dir='ltr'><strong>hoc</strong></span> <span class='ocrx_word' id='word_1_1006' title='bbox 1232 5677 1396 5750; x_wconf 86' lang='lat' dir='ltr'><strong>modo</strong></span> <span class='ocrx_word' id='word_1_1007' title='bbox 1422 5677 1708 5750; x_wconf 80' lang='lat' dir='ltr'><strong>ambulant</strong></span> <span class='ocrx_word' id='word_1_1008' title='bbox 1738 5678 1797 5750; x_wconf 77' lang='lat' dir='ltr'><strong>in</strong></span> <span class='ocrx_word' id='word_1_1009' title='bbox 1822 5691 1941 5731; x_wconf 88' lang='lat' dir='ltr'><strong>ma-</strong></span> 
     </span>
    </p>
   </div>
   <div class='ocr_carea' id='block_1_116' title="bbox 347 5747 1936 5823">
    <p class='ocr_par' dir='ltr' id='par_1_116' title="bbox 347 5747 1936 5823">
     <span class='ocr_line' id='line_1_124' title="bbox 347 5747 1936 5823; baseline -0.003 -14"><span class='ocrx_word' id='word_1_1010' title='bbox 347 5747 474 5821; x_wconf 70' lang='lat' dir='ltr'><strong>gnis</strong></span> <span class='ocrx_word' id='word_1_1011' title='bbox 491 5758 543 5809; x_wconf 88' lang='lat' dir='ltr'><strong>et</strong></span> <span class='ocrx_word' id='word_1_1012' title='bbox 561 5747 901 5810; x_wconf 85' lang='lat' dir='ltr'><strong>mirabilibus</strong></span> <span class='ocrx_word' id='word_1_1013' title='bbox 924 5766 1084 5822; x_wconf 88' lang='lat' dir='ltr'><strong>super</strong></span> <span class='ocrx_word' id='word_1_1014' title='bbox 1112 5765 1167 5807; x_wconf 88' lang='lat' dir='ltr'><strong>se</strong></span> <span class='ocrx_word' id='word_1_1015' title='bbox 1185 5750 1328 5807; x_wconf 87' lang='lat' dir='ltr'><strong>inter</strong></span> <span class='ocrx_word' id='word_1_1016' title='bbox 1347 5747 1701 5823; x_wconf 88' lang='lat' dir='ltr'><strong>loquendum.</strong></span> <span class='ocrx_word' id='word_1_1017' title='bbox 1732 5749 1936 5818; x_wconf 87' lang='lat' dir='ltr'><strong>Quarta</strong></span> 
     </span>
    </p>
   </div>
   <div class='ocr_carea' id='block_1_117' title="bbox 2042 4884 3642 4965">
    <p class='ocr_par' dir='ltr' id='par_1_117' title="bbox 2042 4884 3642 4965">
     <span class='ocr_line' id='line_1_125' title="bbox 2042 4884 3642 4965; baseline -0.006 -16"><span class='ocrx_word' id='word_1_1018' title='bbox 2042 4908 2295 4965; x_wconf 77' lang='lat' dir='ltr'><strong>expresse</strong></span> <span class='ocrx_word' id='word_1_1019' title='bbox 2338 4893 2545 4965; x_wconf 79' lang='lat' dir='ltr'><strong>habent</strong></span> <span class='ocrx_word' id='word_1_1020' title='bbox 2607 4910 2621 4944; x_wconf 90' lang='lat'><strong>:</strong></span> <span class='ocrx_word' id='word_1_1021' title='bbox 2669 4884 2857 4965; x_wconf 39' lang='lat' dir='ltr'><strong>lfi&#39;aptogA</strong></span> <span class='ocrx_word' id='word_1_1022' title='bbox 2892 4884 3236 4965; x_wconf 38' lang='grc' dir='ltr'><strong>ὓπε-ρηφᾴνοις·</strong></span> <span class='ocrx_word' id='word_1_1023' title='bbox 3264 4884 3642 4965; x_wconf 57' lang='grc' dir='ltr'><strong>ἀγξιτάσξξετᾳι,</strong></span> 
     </span>
    </p>
   </div>
   <div class='ocr_carea' id='block_1_118' title="bbox 2050 4955 3643 5029">
    <p class='ocr_par' dir='ltr' id='par_1_118' title="bbox 2050 4955 3643 5029">
     <span class='ocr_line' id='line_1_126' title="bbox 2050 4955 3643 5029; baseline 0.001 -14"><span class='ocrx_word' id='word_1_1024' title='bbox 2050 4955 2304 5023; x_wconf 70' lang='grc' dir='ltr'><strong>ταὲτεινοῖς</strong></span> <span class='ocrx_word' id='word_1_1025' title='bbox 2343 4962 2396 5013; x_wconf 78' lang='grc' dir='ltr'>δὲ</span> <span class='ocrx_word' id='word_1_1026' title='bbox 2422 4962 2595 5012; x_wconf 68' lang='grc' dir='ltr'><strong>δίδωσι</strong></span> <span class='ocrx_word' id='word_1_1027' title='bbox 2616 4955 2784 5029; x_wconf 49' lang='lat' dir='ltr'><strong>lapte.</strong></span> <span class='ocrx_word' id='word_1_1028' title='bbox 2822 4962 2959 5028; x_wconf 65' lang='lat' dir='ltr'><strong>Quae</strong></span> <span class='ocrx_word' id='word_1_1029' title='bbox 2987 4955 3161 5029; x_wconf 65' lang='lat' dir='ltr'><strong>verba</strong></span> <span class='ocrx_word' id='word_1_1030' title='bbox 3190 4955 3444 5029; x_wconf 81' lang='lat' dir='ltr'><strong>similiter</strong></span> <span class='ocrx_word' id='word_1_1031' title='bbox 3481 4955 3643 5016; x_wconf 90' lang='lat' dir='ltr'><strong>habet</strong></span> 
     </span>
    </p>
   </div>
   <div class='ocr_carea' id='block_1_119' title="bbox 2051 5027 3641 5101">
    <p class='ocr_par' dir='ltr' id='par_1_119' title="bbox 2051 5027 3641 5101">
     <span class='ocr_line' id='line_1_127' title="bbox 2051 5027 3641 5101; baseline 0 -14"><span class='ocrx_word' id='word_1_1032' title='bbox 2051 5035 2122 5087; x_wconf 92' lang='lat' dir='ltr'><strong>D.</strong></span> <span class='ocrx_word' id='word_1_1033' title='bbox 2153 5032 2395 5087; x_wconf 87' lang='lat' dir='ltr'><strong>Iacobus</strong></span> <span class='ocrx_word' id='word_1_1034' title='bbox 2440 5031 2495 5085; x_wconf 90' lang='lat' dir='ltr'><strong>in</strong></span> <span class='ocrx_word' id='word_1_1035' title='bbox 2533 5027 2750 5097; x_wconf 75' lang='lat' dir='ltr'><strong>Graeco,</strong></span> <span class='ocrx_word' id='word_1_1036' title='bbox 2789 5027 2888 5099; x_wconf 81' lang='lat' dir='ltr'><strong>pro</strong></span> <span class='ocrx_word' id='word_1_1037' title='bbox 2921 5027 3121 5101; x_wconf 88' lang='lat' dir='ltr'><strong>quibus</strong></span> <span class='ocrx_word' id='word_1_1038' title='bbox 3146 5027 3363 5101; x_wconf 78' lang='lat' dir='ltr'><strong>vulgata</strong></span> <span class='ocrx_word' id='word_1_1039' title='bbox 3404 5030 3581 5087; x_wconf 88' lang='lat' dir='ltr'><strong>versio</strong></span> <span class='ocrx_word' id='word_1_1040' title='bbox 3625 5049 3641 5087; x_wconf 93' lang='lat'><strong>:</strong></span> 
     </span>
    </p>
   </div>
   <div class='ocr_carea' id='block_1_120' title="bbox 2052 5100 3642 5172">
    <p class='ocr_par' dir='ltr' id='par_1_120' title="bbox 2052 5100 3642 5172">
     <span class='ocr_line' id='line_1_128' title="bbox 2052 5100 3642 5172; baseline -0.003 -14"><span class='ocrx_word' id='word_1_1041' title='bbox 2052 5105 2169 5172; x_wconf 87' lang='lat' dir='ltr'><strong>Ipse</strong></span> <span class='ocrx_word' id='word_1_1042' title='bbox 2218 5102 2435 5169; x_wconf 87' lang='lat' dir='ltr'><strong>deludet</strong></span> <span class='ocrx_word' id='word_1_1043' title='bbox 2476 5101 2739 5172; x_wconf 78' lang='lat' dir='ltr'><strong>illusores,</strong></span> <span class='ocrx_word' id='word_1_1044' title='bbox 2771 5104 2821 5155; x_wconf 87' lang='lat' dir='ltr'><strong>et</strong></span> <span class='ocrx_word' id='word_1_1045' title='bbox 2848 5100 3143 5157; x_wconf 79' lang='lat' dir='ltr'><strong>mansuetis</strong></span> <span class='ocrx_word' id='word_1_1046' title='bbox 3187 5100 3343 5172; x_wconf 74' lang='lat' dir='ltr'><strong>dabit</strong></span> <span class='ocrx_word' id='word_1_1047' title='bbox 3372 5103 3642 5172; x_wconf 76' lang='lat' dir='ltr'><strong>gratiam;</strong></span> 
     </span>
    </p>
   </div>
   <div class='ocr_carea' id='block_1_121' title="bbox 2052 5169 3641 5244">
    <p class='ocr_par' dir='ltr' id='par_1_121' title="bbox 2052 5169 3641 5244">
     <span class='ocr_line' id='line_1_129' title="bbox 2052 5169 3641 5244; baseline 0.003 -17"><span class='ocrx_word' id='word_1_1048' title='bbox 2052 5169 2136 5244; x_wconf 60' lang='lat' dir='ltr'><strong>v&#39;el</strong></span> <span class='ocrx_word' id='word_1_1049' title='bbox 2175 5188 2243 5244; x_wconf 83' lang='lat' dir='ltr'><strong>ex_</strong></span> <span class='ocrx_word' id='word_1_1050' title='bbox 2276 5170 2695 5228; x_wconf 88' lang='lat' dir='ltr'><strong>Proverbiorum</strong></span> <span class='ocrx_word' id='word_1_1051' title='bbox 2722 5185 2882 5229; x_wconf 74' lang='lat' dir='ltr'><strong>XXIX</strong></span> <span class='ocrx_word' id='word_1_1052' title='bbox 2929 5172 3082 5244; x_wconf 78' lang='lat' dir='ltr'><strong>(vers.</strong></span> <span class='ocrx_word' id='word_1_1053' title='bbox 3116 5176 3227 5239; x_wconf 81' lang='lat'><strong>23),</strong></span> <span class='ocrx_word' id='word_1_1054' title='bbox 3251 5169 3596 5244; x_wconf 12' lang='lat' dir='ltr'><strong>uhir&#39;dicitur</strong></span> <span class='ocrx_word' id='word_1_1055' title='bbox 3627 5169 3641 5231; x_wconf 89' lang='lat'><strong>:</strong></span> 
     </span>
    </p>
   </div>
   <div class='ocr_carea' id='block_1_122' title="bbox 2052 5242 3648 5314">
    <p class='ocr_par' dir='ltr' id='par_1_122' title="bbox 2052 5242 3648 5314">
     <span class='ocr_line' id='line_1_130' title="bbox 2052 5242 3648 5314; baseline 0.002 -16"><span class='ocrx_word' id='word_1_1056' title='bbox 2052 5242 2349 5314; x_wconf 87' lang='lat' dir='ltr'><strong>Superbum</strong></span> <span class='ocrx_word' id='word_1_1057' title='bbox 2357 5244 2599 5313; x_wconf 88' lang='lat' dir='ltr'><strong>sequitur</strong></span> <span class='ocrx_word' id='word_1_1058' title='bbox 2621 5244 2921 5309; x_wconf 85' lang='lat' dir='ltr'><strong>humilitas,</strong></span> <span class='ocrx_word' id='word_1_1059' title='bbox 2939 5242 2994 5300; x_wconf 88' lang='lat' dir='ltr'><strong>et</strong></span> <span class='ocrx_word' id='word_1_1060' title='bbox 3015 5243 3269 5314; x_wconf 89' lang='lat' dir='ltr'><strong>humilem</strong></span> <span class='ocrx_word' id='word_1_1061' title='bbox 3279 5243 3479 5314; x_wconf 87' lang='lat' dir='ltr'><strong>spiritu</strong></span> <span class='ocrx_word' id='word_1_1062' title='bbox 3492 5248 3648 5301; x_wconf 84' lang='lat' dir='ltr'><strong>susci-</strong></span> 
     </span>
    </p>
   </div>
   <div class='ocr_carea' id='block_1_123' title="bbox 2046 5312 3647 5385">
    <p class='ocr_par' dir='ltr' id='par_1_123' title="bbox 2046 5312 3647 5385">
     <span class='ocr_line' id='line_1_131' title="bbox 2046 5312 3647 5385; baseline 0.002 -14"><span class='ocrx_word' id='word_1_1063' title='bbox 2046 5312 2164 5385; x_wconf 81' lang='lat' dir='ltr'><strong>piet</strong></span> <span class='ocrx_word' id='word_1_1064' title='bbox 2188 5312 2566 5385; x_wconf 13' lang='lat' dir='ltr'><strong>glm‘ia.ACerte</strong></span> <span class='ocrx_word' id='word_1_1065' title='bbox 2590 5314 2868 5385; x_wconf 79' lang='lat' dir='ltr'><strong>apostolus</strong></span> <span class='ocrx_word' id='word_1_1066' title='bbox 2893 5314 3137 5372; x_wconf 89' lang='lat' dir='ltr'><strong>Iacobus</strong></span> <span class='ocrx_word' id='word_1_1067' title='bbox 3183 5313 3251 5371; x_wconf 91' lang='lat' dir='ltr'><strong>ab</strong></span> <span class='ocrx_word' id='word_1_1068' title='bbox 3279 5312 3388 5370; x_wconf 89' lang='lat' dir='ltr'><strong>alio</strong></span> <span class='ocrx_word' id='word_1_1069' title='bbox 3418 5324 3647 5374; x_wconf 87' lang='lat' dir='ltr'><strong>auctore</strong></span> 
     </span>
    </p>
   </div>
   <div class='ocr_carea' id='block_1_124' title="bbox 2052 5382 3648 5459">
    <p class='ocr_par' dir='ltr' id='par_1_124' title="bbox 2052 5382 3648 5459">
     <span class='ocr_line' id='line_1_132' title="bbox 2052 5382 3648 5459; baseline -0.001 -16"><span class='ocrx_word' id='word_1_1070' title='bbox 2052 5382 2111 5443; x_wconf 74' lang='lat' dir='ltr'><strong>se</strong></span> <span class='ocrx_word' id='word_1_1071' title='bbox 2133 5382 2488 5459; x_wconf 12' lang='lat' dir='ltr'><strong>idr&#39;accepisse</strong></span> <span class='ocrx_word' id='word_1_1072' title='bbox 2519 5382 2806 5459; x_wconf 74' lang='lat' dir='ltr'><strong>manifeste</strong></span> <span class='ocrx_word' id='word_1_1073' title='bbox 2833 5392 3086 5459; x_wconf 79' lang='lat' dir='ltr'><strong>testatur,</strong></span> <span class='ocrx_word' id='word_1_1074' title='bbox 3108 5401 3236 5442; x_wconf 90' lang='lat' dir='ltr'><strong>cum</strong></span> <span class='ocrx_word' id='word_1_1075' title='bbox 3269 5385 3349 5441; x_wconf 89' lang='lat' dir='ltr'><strong>ait</strong></span> <span class='ocrx_word' id='word_1_1076' title='bbox 3381 5403 3395 5442; x_wconf 90' lang='lat'><strong>:</strong></span> <span class='ocrx_word' id='word_1_1077' title='bbox 3422 5389 3648 5459; x_wconf 82' lang='lat' dir='ltr'><strong>Propter</strong></span> 
     </span>
    </p>
   </div>
   <div class='ocr_carea' id='block_1_125' title="bbox 2050 5455 3650 5529">
    <p class='ocr_par' dir='ltr' id='par_1_125' title="bbox 2050 5455 3650 5529">
     <span class='ocr_line' id='line_1_133' title="bbox 2050 5455 3650 5529; baseline -0.002 -15"><span class='ocrx_word' id='word_1_1078' title='bbox 2050 5458 2197 5528; x_wconf 87' lang='lat' dir='ltr'><strong>quod</strong></span> <span class='ocrx_word' id='word_1_1079' title='bbox 2223 5455 2375 5523; x_wconf 79' lang='lat' dir='ltr'><strong>dicit,</strong></span> <span class='ocrx_word' id='word_1_1080' title='bbox 2394 5472 2579 5527; x_wconf 85' lang='lat' dir='ltr'><strong>nempe</strong></span> <span class='ocrx_word' id='word_1_1081' title='bbox 2598 5456 2910 5529; x_wconf 85' lang='lat' dir='ltr'><strong>Scriptura,</strong></span> <span class='ocrx_word' id='word_1_1082' title='bbox 2938 5455 3026 5513; x_wconf 83' lang='lat' dir='ltr'><strong>vel</strong></span> <span class='ocrx_word' id='word_1_1083' title='bbox 3051 5458 3283 5529; x_wconf 81' lang='lat' dir='ltr'><strong>Spiritus</strong></span> <span class='ocrx_word' id='word_1_1084' title='bbox 3302 5459 3357 5514; x_wconf 92' lang='lat' dir='ltr'><strong>S.</strong></span> <span class='ocrx_word' id='word_1_1085' title='bbox 3386 5461 3444 5512; x_wconf 90' lang='lat' dir='ltr'><strong>in</strong></span> <span class='ocrx_word' id='word_1_1086' title='bbox 3463 5455 3547 5520; x_wconf 67' lang='lat' dir='ltr'><strong>ea,</strong></span> <span class='ocrx_word' id='word_1_1087' title='bbox 3569 5457 3650 5512; x_wconf 89' lang='lat' dir='ltr'><strong>ait</strong></span> 
     </span>
    </p>
   </div>
   <div class='ocr_carea' id='block_1_126' title="bbox 2052 5528 3647 5598">
    <p class='ocr_par' dir='ltr' id='par_1_126' title="bbox 2052 5528 3647 5598">
     <span class='ocr_line' id='line_1_134' title="bbox 2052 5528 3647 5598; baseline -0.004 -11"><span class='ocrx_word' id='word_1_1088' title='bbox 2052 5531 2109 5587; x_wconf 91' lang='lat' dir='ltr'><strong>S.</strong></span> <span class='ocrx_word' id='word_1_1089' title='bbox 2135 5528 2376 5585; x_wconf 88' lang='lat' dir='ltr'><strong>Thomas</strong></span> <span class='ocrx_word' id='word_1_1090' title='bbox 2405 5549 2419 5586; x_wconf 91' lang='lat'><strong>:</strong></span> <span class='ocrx_word' id='word_1_1091' title='bbox 2451 5532 2591 5586; x_wconf 85' lang='lat' dir='ltr'><strong>Deus</strong></span> <span class='ocrx_word' id='word_1_1092' title='bbox 2616 5528 2859 5598; x_wconf 84' lang='lat' dir='ltr'><strong>superbis</strong></span> <span class='ocrx_word' id='word_1_1093' title='bbox 2876 5528 3103 5597; x_wconf 78' lang='lat' dir='ltr'><strong>resistit,</strong></span> <span class='ocrx_word' id='word_1_1094' title='bbox 3135 5536 3239 5584; x_wconf 89' lang='lat' dir='ltr'><strong>etc.</strong></span> <span class='ocrx_word' id='word_1_1095' title='bbox 3266 5546 3282 5592; x_wconf 84' lang='lat'><strong>;</strong></span> <span class='ocrx_word' id='word_1_1096' title='bbox 3312 5542 3411 5598; x_wconf 83' lang='lat' dir='ltr'><strong>pro</strong></span> <span class='ocrx_word' id='word_1_1097' title='bbox 3424 5541 3535 5597; x_wconf 92' lang='lat' dir='ltr'><strong>quo</strong></span> <span class='ocrx_word' id='word_1_1098' title='bbox 3550 5529 3647 5582; x_wconf 86' lang='lat' dir='ltr'><strong>Pa-</strong></span> 
     </span>
    </p>
   </div>
   <div class='ocr_carea' id='block_1_127' title="bbox 2050 5543 3647 5673">
    <p class='ocr_par' dir='ltr' id='par_1_127' title="bbox 2050 5543 3647 5673">
     <span class='ocr_line' id='line_1_135' title="bbox 2052 5543 3647 5598; baseline -0.004 -11"><span class='ocrx_word' id='word_1_1099' title='bbox 2052 5543 2109 5587; x_wconf 76' lang='grc' dir='ltr'><strong>δ.</strong></span> <span class='ocrx_word' id='word_1_1100' title='bbox 2135 5543 2376 5585; x_wconf 76' lang='lat' dir='ltr'><strong>&#39;I‘nomas</strong></span> <span class='ocrx_word' id='word_1_1101' title='bbox 2405 5549 2419 5586; x_wconf 94' lang='lat'><strong>:</strong></span> <span class='ocrx_word' id='word_1_1102' title='bbox 2451 5543 2591 5586; x_wconf 84' lang='lat' dir='ltr'><strong>Deus</strong></span> <span class='ocrx_word' id='word_1_1103' title='bbox 2616 5543 2859 5598; x_wconf 76' lang='lat' dir='ltr'><strong>superbis</strong></span> <span class='ocrx_word' id='word_1_1104' title='bbox 2876 5543 3103 5597; x_wconf 78' lang='lat' dir='ltr'><strong>resistit,</strong></span> <span class='ocrx_word' id='word_1_1105' title='bbox 3135 5543 3239 5584; x_wconf 85' lang='lat' dir='ltr'><strong>etc.</strong></span> <span class='ocrx_word' id='word_1_1106' title='bbox 3266 5546 3282 5592; x_wconf 85' lang='lat'><strong>;</strong></span> <span class='ocrx_word' id='word_1_1107' title='bbox 3349 5543 3535 5597; x_wconf 83' lang='lat' dir='ltr'><strong>roquo</strong></span> <span class='ocrx_word' id='word_1_1108' title='bbox 3550 5543 3647 5582; x_wconf 68' lang='lat' dir='ltr'><strong>ra-</strong></span> 
     </span>
     <span class='ocr_line' id='line_1_136' title="bbox 2050 5543 3647 5673; baseline -0.003 -16"><span class='ocrx_word' id='word_1_1109' title='bbox 2050 5608 2161 5657; x_wconf 90' lang='lat' dir='ltr'><strong>tres</strong></span> <span class='ocrx_word' id='word_1_1110' title='bbox 2187 5599 2433 5673; x_wconf 89' lang='lat' dir='ltr'><strong>superius</strong></span> <span class='ocrx_word' id='word_1_1111' title='bbox 2447 5598 2593 5656; x_wconf 90' lang='lat' dir='ltr'><strong>citati</strong></span> <span class='ocrx_word' id='word_1_1112' title='bbox 2611 5597 2803 5673; x_wconf 81' lang='lat' dir='ltr'><strong>dicunt</strong></span> <span class='ocrx_word' id='word_1_1113' title='bbox 2819 5601 3119 5673; x_wconf 85' lang='lat' dir='ltr'><strong>:_Dominus</strong></span> <span class='ocrx_word' id='word_1_1114' title='bbox 3148 5543 3393 5673; x_wconf 52' lang='lat' dir='ltr'><strong>superbis</strong></span> <span class='ocrx_word' id='word_1_1115' title='bbox 3420 5598 3647 5652; x_wconf 83' lang='lat' dir='ltr'><strong>resistit.</strong></span> 
     </span>
    </p>
   </div>
   <div class='ocr_carea' id='block_1_128' title="bbox 2051 5668 3291 5744">
    <p class='ocr_par' dir='ltr' id='par_1_128' title="bbox 2051 5668 3291 5744">
     <span class='ocr_line' id='line_1_137' title="bbox 2051 5668 3291 5744; baseline -0.006 -15"><span class='ocrx_word' id='word_1_1116' title='bbox 2051 5679 2239 5744; x_wconf 88' lang='lat' dir='ltr'><strong>utpote</strong></span> <span class='ocrx_word' id='word_1_1117' title='bbox 2255 5668 2488 5729; x_wconf 76' lang='lat' dir='ltr'><strong>veterem</strong></span> <span class='ocrx_word' id='word_1_1118' title='bbox 2509 5668 3075 5728; x_wconf 66' lang='lat' dir='ltr'><strong>versionemGraecam</strong></span> <span class='ocrx_word' id='word_1_1119' title='bbox 3098 5668 3291 5726; x_wconf 89' lang='lat' dir='ltr'><strong>secuti.</strong></span> 
     </span>
    </p>
   </div>
  </div>
