4042 6198
339 233 446 290 435
1683 225 1963 282 JOANNIS
1999 225 2304 283 CASSIANI
3096 264 3097 267 η
3541 226 3652 284 436

341 353 778 428 delinquentium
833 352 1223 411 tantummodo
1275 358 1680 426 retorquentur,
1741 350 1827 409 vel
1878 350 1937 408 iu
1963 355 2017 418 Α
2042 353 2189 408 vobis
2216 352 2470 427 mendam,
2515 351 2608 407 sed
2637 354 2764 407 novi
2806 363 2943 413 eum,
2972 352 3022 405 et
3054 349 3318 407 mandata
3339 349 3455 420 ejus
3485 364 3643 406 servo

346 463 479 506 suos
527 448 838 521 participes,
880 447 938 505 id
983 456 1086 518 est,
1120 448 1175 504 in
1208 448 1347 504 alios
1398 445 1653 502 homines
1702 444 1951 502 videntur
2058 446 2231 517 (Joan.
2261 450 2399 513 vui).
2443 445 2539 502 Ille
2561 444 2698 502 dicit
2740 447 2809 500 :c
2849 446 2969 502 Mea
3013 448 3139 501 sunt
3183 446 3409 514 ﬂumina
3439 449 3492 501 et
3539 462 3631 515 ego

349 540 597 611 admitti;
623 540 765 598 'hwc
791 542 931 614 Lvero
985 541 1203 613 proprie
1237 538 1493 612 pertingit
1535 537 1606 595 ad
1639 541 1837 607 Deum,
1894 547 1950 596 et
2055 542 2242 609 feciea
2276 540 2483 612 (Ezech.
2522 545 2695 607 xxix);
2733 541 2833 596 iste
2855 537 2983 596 dicit
3014 556 3029 594 :
3059 541 3174 598 Non
3200 553 3421 610 possum
3454 555 3551 609 ego
3595 557 3629 595 a

348 632 553 691 dicirco
594 650 724 692 eum
773 633 1079 707 specialiter
1120 631 1283 706 digna
1320 640 1404 689 est
1450 631 1659 691 habere
1725 640 1950 690 contra-

350 727 516 784 rium.

666 880 674 905 Ι
917 820 1160 877 CAPUT
1217 822 1369 876 vm.

424 919 888 991 Quemadmodum
916 920 1054 991 Deus
1078 918 1389 988 superbiam
1416 918 1652 983 diaboli,
1684 921 1885 974 virtute

738 1016 746 1031 ι
795 989 1119 1044 humilitatis
1139 991 1488 1046 exstinxerit.

424 1099 663 1173 Ideoque
699 1100 1070 1156 universitatis
1108 1102 1334 1157 Creator
1374 1107 1429 1157 et
1472 1100 1723 1157 medicus
1784 1104 1955 1170 Deus,

352 1208 575 1250 causam
619 1193 1057 1265 principiumque
1103 1192 1425 1249 morborum
1467 1193 1779 1265 superbiam
1840 1209 1957 1250 esse

359 1300 711 1362 cognoscens,
764 1297 790 1324 ⁸
835 1287 1123 1344 contrariis
1163 1302 1353 1344 sanare
1398 1288 1668 1346 contraria
1701 1304 1957 1362 procura-

355 1384 451 1451 vit,
477 1376 507 1413 ³³
543 1391 605 1438 ut
641 1397 703 1439 ea
739 1383 951 1439 scilicet
990 1397 1114 1455 quae
1137 1398 1232 1455 per
1254 1382 1566 1455 superbiam
1611 1390 1954 1450 corruerant,

357 1490 455 1548 per
476 1475 846 1533 humilitatem
878 1480 1239 1549 resurgerem.
1276 1477 1373 1533 Ille
1396 1492 1638 1550 namque
1665 1475 1810 1533 dicit
1848 1495 1861 1529 :
1894 1479 1954 1533 In

354 1571 540 1625 ccelum
567 1571 915 1625 conscendam
939 1571 1067 1643 (Isa.
1108 1570 1269 1641 xw);
1303 1569 1394 1625 hic
1421 1569 1549 1627 dicit
1589 1591 1601 1627 :
1644 1571 1956 1627 Humiliata

358 1668 437 1719 est
464 1667 521 1718 in
548 1669 693 1718 terra
707 1666 901 1718 anima
920 1680 1038 1718 mea
1053 1663 1216 1736 (Psal.
1243 1667 1441 1729 xmn).
1465 1662 1559 1719 Ille
1581 1662 1717 1719 dicit
1747 1682 1759 1718 :
1786 1667 1859 1719 Et
1871 1678 1959 1718 ero

2056 648 2140 688 me
2166 635 2282 702 ipso
2300 634 2477 700 facere
2495 634 2813 704 quidquam,
2840 632 2933 688 sed
2954 635 3118 687 Pater
3139 646 3284 686 meus
3311 633 3373 687 in
3411 648 3495 687 me
3515 649 3643 689 ma-

2056 740 2186 782 nens
2207 728 2320 797 ipse
2339 728 2479 794 facit
2495 741 2660 797 opera
2681 729 2859 793 (Joan.
2885 741 2935 795 ν,
2962 728 3099 794 xlv).
3119 723 3215 781 Ille
3238 723 3373 782 dicit
3401 741 3418 780 :
3450 726 3479 763 ἀ
3517 729 3641 784 Mea

2059 823 2187 875 sunt
2204 821 2385 874 omnia
2412 834 2583 889 regna
2609 819 2803 875 mundi
2827 823 2878 875 et
2913 821 3088 889 gloria
3111 833 3330 885 eorum;
3364 824 3417 875 et
3445 822 3535 874 cui
3550 836 3675 879 vo-_

2063 914 2230 974 luero,
2257 912 2325 967 do
2348 927 2410 967 ea
2438 914 2584 980 (Luc.
2613 916 2724 979 xiv)
2737 932 2758 979 ,-
2800 911 2903 968 iste
2929 928 3047 967 cum
3074 912 3223 967 dives
3248 917 3401 981 esset,
3440 928 3655 985 pauper

2061 1006 2291 1073 effectus
2317 1008 2414 1068 est,
2437 1009 2501 1059 ut
2525 1004 2638 1074 ejus
2661 1006 2848 1075 inopia
2872 1019 2967 1060 nos
2987 1005 3183 1061 divites
3208 1006 3642 1075 redderemur(ll

2065 1099 2185 1154 Cor.
2213 1100 2353 1170 mo.
2378 1097 2477 1152 Ille
2498 1095 2666 1153 dicit:
2697 1105 2720 1133 °
2747 1098 2899 1153 Sicut
2920 1098 3242 1167 colliguntur
3262 1113 3362 1153 ova
3385 1114 3504 1169 qua
3542 1100 3640 1155 de-

2064 1190 2251 1245 relicta
2269 1193 2412 1253 sunt,
2443 1191 2520 1244 sic
2540 1191 2848 1244 universam
2885 1192 3083 1244 terram
3112 1205 3207 1258 ego
3227 1194 3557 1259 congregavi,
3598 1200 3653 1249 et

2063 1300 2166 1339 non
2182 1286 2299 1352 fuit
2312 1286 2413 1354 qui
2422 1287 2905 1353 moveretpennam,
2924 1288 2976 1338 et
2994 1286 3230 1354 aperiret
3247 1299 3303 1339 os
3324 1288 3375 1339 et
3383 1288 3611 1354 gannire

2064 1382 2192 1446 (Isa.
2221 1378 2298 1449 x);
2325 1377 2426 1433 iste
2448 1374 2581 1432 dicit
2612 1394 2625 1432 :
2656 1377 2865 1433 Similis
2899 1378 3077 1444 factus
3113 1392 3232 1432 sum
3253 1377 3524 1447 pellicano
3558 1394 3637 1435 so-

2067 1474 2271 1536 litario,
2291 1473 2518 1541 vigilavi
2526 1475 2583 1526 et
2600 1473 2781 1539 factus
2800 1486 2918 1527 sum
2934 1473 3076 1526 sicut
3084 1486 3274 1542 passer
3297 1471 3572 1529 solitarius
3590 1476 3649 1529 in

2068 1571 2198 1623 tecto
2233 1566 2396 1637 (Psal.
2427 1570 2520 1633 (ιι).
2548 1564 2644 1621 Ille
2679 1564 2853 1621 dicit:
2881 1567 3163 1621 Exsiccavi
3200 1567 3423 1634 vestigio
3444 1567 3647 1636 pedum

2066 1676 2305 1716 meorum
2322 1675 2499 1715 omnes
2527 1662 2671 1715 rivos
2698 1674 2956 1728 aggerum
2986 1658 3108 1729 (Isa.
3140 1657 3336 1729 xxxvn)
3378 1676 3392 1713 :
3419 1658 3510 1724 hic
3544 1659 3634 1717 di-

358 1756 554 1809 similis
578 1756 864 1810 Altissimo
893 1758 1025 1825 (Isa.
1058 1760 1191 1823 xxv)
1230 1773 1246 1823 ;
1270 1753 1361 1811 hic
1384 1771 1504 1810 cum
1532 1759 1666 1811 esset
1694 1758 1753 1811 in
1778 1758 1959 1824 forma
1989 1771 2037 1833 Β
2068 1752 2142 1809 cit
2180 1772 2193 1808 :
2224 1752 2500 1822 Numquid
2521 1740 2633 1806 non
2650 1766 2873 1822 possum
2899 1766 3091 1820 rogare
3116 1754 3331 1807 Patrem
3352 1767 3555 1816 meam,
3590 1758 3657 1809 et

358 1847 484 1908 Dei,
532 1848 837 1900 eminanivit
862 1848 1203 1916 semetipsum
1231 1850 1461 1914 formam
1487 1849 1630 1902 servi
1656 1849 1955 1918 accipiens,

361 1941 782 2011 humilia-vitque
820 1956 874 1995 se
914 1942 1096 2008 factus
1134 1941 1380 1997 obediens
1417 1958 1583 2011 usque
1618 1942 1690 1996 ad
1724 1947 1956 1999 mortem

2068 1848 2346 1903 exhibebit
2365 1849 2501 1902 mihi
2525 1848 2678 1903 modo
2688 1848 2978 1917 plusquam
3002 1847 3280 1902 duodecim
3300 1847 3528 1916 legiones
3547 1862 3653 1902 an-

2064 1942 2298 2010 gelorum
2321 1939 2733 2013 (Matth.xxv1)?
2755 1939 2811 1994 Si
2835 1937 3144 2043 principalis
3166 1939 3338 1994 ruina
3366 1953 3588 1995 causam
3616 1979 3634 2007 ,

365 2033 622 2103 (Philipp.
660 2031 748 2103 ιι).
801 2031 896 2088 Ille
943 2031 1119 2087 dicit:
1158 2034 1331 2103 Super
1366 2037 1519 2089 astra
1565 2035 1665 2089 Dei
1701 2037 1962 2092 exaltabo
2073 2043 2130 2091 et
2156 2033 2345 2091 salutis
2379 2043 2582 2091 nostrae
2623 2031 2981 2090 fundamenta
3021 2034 3424 2105 perspeximus,
3467 2048 3499 2089 a
3538 2049 3652 2106 quo

359 2126 551 2179 solium
576 2140 752 2180 meum
782 2128 910 2192 (Isa.
934 2129 1071 2194 xxv);
1099 2124 1199 2182 iste
1223 2125 1358 2182 dicit
1386 2145 1399 2180 :
1428 2130 1627 2183 Discite
1651 2144 1687 2182 a
1712 2144 1795 2182 me
1820 2132 1953 2199 quia

361 2219 508 2272 mitis
531 2233 651 2271 sum
691 2223 743 2273 et
782 2219 1005 2273 humilis
1052 2220 1207 2276 corde
1234 2218 1452 2292 (Matth.
1486 2221 1583 2292 xl).
1636 2221 1728 2277 llle
1760 2221 1893 2279 dicit
1943 2242 1956 2278 :

362 2311 542 2364 Nescio
570 2308 865 2374 dominum,
906 2316 957 2366 et
984 2314 1155 2367 Israel
1185 2328 1290 2368 non
1318 2313 1599 2370 dimittam
1630 2313 1830 2383 (Emod.
1871 2321 1954 2386 v);

364 2404 474 2458 Iste
500 2399 666 2459 dicit:
697 2405 758 2460 Si
783 2403 977 2459 dia-ero
1004 2407 1134 2474 quia
1154 2421 1257 2461 non
1277 2410 1402 2463 novi
1427 2423 1548 2463 eum
1564 2448 1582 2472 ,
1628 2423 1719 2464 ero
1756 2410 1953 2465 similis

2069 2138 2123 2186 et
2152 2128 2383 2202 qualiter
2424 2127 2509 2184 vel
2547 2127 2647 2184 ista
2687 2126 2830 2199 jacta
2866 2127 2995 2191 sint,
3021 2126 3103 2183 vel
3142 2127 3244 2184 ista
3294 2127 3648 2197 emerserint,

2065 2220 2537 2296 quemadmodum
2566 2220 2802 2278 devitarc
2818 2229 2930 2277 tam
2949 2228 3190 2277 atrocem
3210 2228 3653 2293 mortemsuper-

2065 2315 2176 2373 bia:
2227 2314 2552 2385 debeamus,
2593 2313 2613 2351 τ
2641 2313 2723 2371 vel
2761 2313 2908 2370 illius
2928 2313 3109 2385 ruina,
3147 2311 3229 2370 vel
3265 2311 3425 2387 hujus
3452 2312 3661 2370 docea—

2064 2424 2188 2466 mur
2214 2409 2491 2482 exemplo.

1463 2538 1718 2595 ALARDI
1753 2540 1981 2596 GAZIEI
2016 2540 2569 2597 COMMENTARIUS.

439 2658 464 2730 ξ
493 2655 834 2730 Proverbiale
856 2656 1096 2714 dictum:
1125 2662 1408 2718 Contraria
1428 2667 1714 2718 contrariis
1737 2669 1939 2730 curari,

365 2725 471 2792 vel,
483 2726 633 2799 juxta
657 2728 1082 2799 Hippocratem:
1119 2732 1520 2787 Contrariorum
1547 2738 1820 2799 contraria
1836 2725 1944 2792 esse

366 2797 1079 2877 rem.e_dza,_cujus_meminit
1105 2801 1564 2877 D.Ilieronymus
1600 2797 1659 2859 in
1701 2808 1942 2877 Epistola

362 2866 431 2945 ad
457 2866 729 2945 Algasiauj
758 2871 951 2945 (Epist.
994 2877 1124 2945 cu).
1156 2876 1224 2927 D.
1267 2866 1559 2945 Gregorius
1582 2866 1891 2945 expressius
1924 2894 1938 2933 :

261 2973 269 2980 -
363 2938 954 3016 Sicut,’ipqu_it_(llom.
978 2944 1064 3016 _32
1107 2944 1164 3016 in
1187 2938 1455 3016 _E-vang'.),
1505 2950 1624 2999 arte
1655 2938 1938 3001 medicinae

2051 2669 2322 2722 ministrat
2346 2683 2428 2721 me
2455 2669 2893 2736 sequatur(.loan.
2916 2670 3032 2731 xu).
3059 2667 3197 2733 Quia
3222 2666 3393 2734 igitur
3421 2664 3646 2720 Redem-

2045 2743 2172 2807 ptor
2188 2743 2362 2793 noster
2388 2738 2547 2792 corda
2562 2739 2697 2805 regit
2716 2737 3021 2800 humilium,
3048 2741 3099 2791 et
3110 2736 3407 2791 Leviathan
3426 2736 3526 2789 iste
3534 2751 3645 2807 rea:

2050 2806 2249 2862 dicitur
2276 2809 2651 2878 superborum;
2669 2809 3235 2876 apertecognoscimus,
3259 2807 3402 2876 quod
3425 2806 3651 2861 eviden-

2051 2881 2321 2933 tissimum
2342 2879 2689 2948 reproborum
2709 2880 2921 2947 signum
2949 2878 3198 2947 superbia
3220 2883 3328 2942 est;
3360 2878 3430 2931 'at
3455 2882 3641 2931 contra

2049 2950 2327 3008 humilitas
2354 2950 2652 3003 electorum.
2688 2950 2818 3005 Cum
2860 2964 2983 3016 ergo
3011 2963 3173 3018 quam
3195 2949 3422 3017 quisque
3447 2948 3645 3003 habeat

298 3060 307 3069 κ
361 3008 539 3091 calida
555 3009 801 3091 frigidis,
815 3011 1034 3079 frigida
1054 3011 1252 3091 calidis
1262 3008 1551 3091 curantur:
1578 3018 1656 3068 ita
1682 3019 1939 3091 Dominus
1979 3079 2014 3091 ﬂ
2049 3022 2389 3091 cognoscitur,
2415 3021 2512 3073 sub
2536 3034 2639 3089 quo
2666 3034 2789 3091 _r_ege
2807 3008 3008 3091 militet
3020 3008 3313 3091 invenitur.

360 3083 537 3155 noster
557 3083 1090 3155 contrariaqopposuit
1108 3083 1490 3155 medicamenta
1505 3088 1756 3153 peccatis,
1777 3091 1839 3140 ut
1855 3088 1937 3155 ια·
1973 3079 2018 3141 C

364 3147 522 3203 bricis
552 3147 961 3222 continentiam,
995 3154 1265 3207 tenacibus
1295 3147 1607 3222 largitatem
1624 3198 1640 3217 ,
1664 3147 1943 3212 iracundis

361 3221 848 3304 mq-‘nsuetudinem,
882 3222 1037 3304 elatis
1067 3221 1392 3304 praciperet
1406 3226 1787 3304 humilitatem.

434 3281 644 3364 "__I_iunc
668 3281 848 3364 locum
877 3291 1034 3364 paulo
1058 3281 1279 3350 ὕδει-ἰός
1310 3302 1366 3350 et
1401 3285 1710 3364 expressitis
1748 3281 1950 3354 tractat

364 3364 419 3439 et
443 3358 691 3439 illustrat
712 3358 1104 3439 D._Gregorius
1131 3364 1222 3420 lib.
1261 3380 1431 3439 xxxrv
1459 3358 1650 3439 Mforal.
1702 3383 1820 3439 cap.
1851 3373 1946 3437 22,

477 3431 757 3517 praemisso
785 3432 891 3487 hoc
918 3426 1082 3517 veluti
1105 3436 1405 3517 prooemio:
1430 3438 1522 3493 Ad
1536 3439 1629 3492 hoc
1643 3426 1949 3517 unig'enitus

364 3499 645 3578 Dei-Filius
657 3503 891 3567 formam
906 3499 1250 3578 inﬁrmitatis
1266 3511 1461 3561 nostra:
1480 3513 1709 3578 suscepit
1728 3499 1833 3575 {ad
1852 3512 1948 3566 hoc

363 3568 668 3648 invisibilis,
716 3587 820 3648 non
858 3568 1031 3626 solum
1053 3577 1315 3648 visibilis,
1346 3578 1440 3648 sed
1467 3568 1641 3648 etiam.
1673 3568 1946 3648 despectus

361 3640 651 3719 apparuit;
680 3640 753 3692 ad
781 3643 876 3719 hoc
898 3645 1344 3698 contunieliarum
1355 3647 1609 3719 ludibria,
1634 3640 1943 3705 irrisionum

362 3708 666 3783 opprobria,
690 3712 1104 3783 passionumque
1140 3718 1399 3770 tormenta
1440 3708 1728 3783 toleravit;
1755 3725 1816 3774 ut
1843 3736 1939 3776 su-

355 3777 585 3857 perbum
597 3777 707 3857 non
715 3796 824 3857 esse
834 3777 1094 3857 hominem
1105 3784 1306 3840 doceret
1320 3787 1538 3843 humilis
1548 3793 1687 3844 Deus
1695 3777 1939 3857 (Quanta

361 3862 484 3927 ergo
512 3848 836 3927 humilitatis
858 3855 1038 3927 virtus
1061 3860 1159 3918 est,
1171 3861 1565 3927 propterquam
1589 3848 1758 3915 solam
1783 3878 1939 3917 vera-

359 3919 492 3972 citer
521 3920 861 4000 edocendum,
883 3926 929 3978 is
949 3927 1047 4000 qui
1065 3919 1192 3980 sine
1207 3919 1556 3984 (es'timatione
1577 3946 1804 4000 magnus
1826 3938 1934 3998 est,

360 4003 527 4071 usque
550 3992 625 4045 ad
640 3995 944 4072 passionem
958 3992 1148 4072 factus
1178 4003 1509 4072 estparvus?
1534 3992 1809 4072 QuiaVergo
1833 3992 1940 4059 ori-

363 4063 540 4140 g‘inem
548 4063 872 4140 perditionis
881 4070 1078 4140 nostrle
1094 4063 1346 4139 superbia
1362 4063 1598 4140 praebuit
1609 4063 1834 4136 diabdli,
1850 4076 1936 4131 in-

358 4135 713 4188 strumentum
731 4136 1108 4200 redemptionis
1130 4135 1325 4195 nostra:
1345 4135 1562 4198 inventa
1572 4148 1649 4199 est
1661 4135 1937 4200 humilitas

360 4203 476 4257 Dei.
506 4204 678 4283 Paulo
687 4214 817 4283 post
843 4203 1028 4283 subdit
1058 4227 1071 4262 :
1104 4211 1200 4266 Ille
1224 4228 1453 4283 namque
1481 4216 1562 4268 ait
1610 4234 1626 4268 :
1657 4218 1719 4271 In
1751 4217 1935 4271 calum

359 4274 640 4354 ascerulam
657 4274 789 4354 _(Isa:
803 4283 955 4354 xiv);
984 4281 1084 4334 iste
1104 4286 1283 4337 autem
1310 4274 1409 4353 pér
1429 4285 1747 4354 prophetam
1770 4287 1933 4342 dicit:

358 4341 577 4427 ierim
590 4341 835 4427 riualis
855 4341 1377 4427 αηίνηαηιεεωττεξια
1385 4341 1503 4427 "ea
1517 4341 1729 4421 ὗσεν-πο
1744 4341 1935 4427 aptare

353 4416 644 4493 pinquavit
672 4416 834 4493 (Ifsal.
867 4425 1101 4493 xxxviii).
1138 4416 1232 4474 Ille
1251 4422 1381 4493 dicit
1409 4442 1426 4477 :
1457 4416 1631 4493 Super
1651 4416 1798 4481 astrd
1813 4416 1939 4482 cali

359 4482 611 4566 emaltab'o
629 4484 833 4566 solium
844 4502 1016 4540 meum
1042 4489 1164 4566 (Isa.
1192 4491 1301 4566 xiv)
1324 4510 1340 4556 ;
1360 4494 1459 4566 iste
1500 4482 1730 4550 humano
1759 4501 1942 4564 generi

359 4563 386 4602 e
402 4550 664 4633 paradisi
695 4552 909 4637 s‘edibus
943 4550 1165 4639 expulso
1191 4550 1369 4615 dicit:
1400 4565 1529 4616 Ecce
1550 4567 1698 4617 venio
1726 4550 1855 4629 cito,
1887 4550 1939 4623 et

359 4619 612 4701 habitabo
640 4638 696 4701 in
724 4625 1005 4701 medicin:
1033 4627 1209 4701 (Zach.
1232 4629 1285 4701 l).
1319 4631 1416 4687 Ille
1447 4632 1582 4686 dicit
1610 4651 1621 4687 :
1648 4635 1844 4690 Sedabo
1872 4640 1937 4691 in

358 4694 530 4777 monte
552 4695 875 4777 testamenti,
888 4699 945 4752 in
961 4694 1223 4777 lateribus
1241 4694 1507 4777 aquilonis
1529 4703 1651 4777 (Isa.
1677 4705 1783 4777 xw)
1800 4726 1816 4773 ,-
1836 4710 1936 4763 iste

356 4761 491 4845 dicit
516 4781 533 4816 :
558 4765 669 4845 Ego
692 4780 810 4845 sum
835 4770 1035 4845 vermis
1056 4774 1107 4845 et
1128 4787 1235 4845 non
1258 4761 1433 4845 homo,
1464 4761 1812 4845 opprobrium
1835 4761 1935 4833 1.6;

355 4837 595 4920 minam,
612 4840 663 4890 et
681 4837 908 4920 quectio
923 4840 1094 4920 plfbis
1122 4842 1283 4912 (Psal.
1299 4837 1443 4920 xm);
1471 4837 1670 4920 e't'quae
1696 4862 1936 4920 sequun-

353 4909 462 4989 tur.
499 4906 806 4989 Ubioeadem
840 4906 950 4989 fere
973 4906 1269 4989 Scriptura?
1299 4906 1441 4983 loca,
1466 4906 1588 4987 quae
1602 4916 1693 4974 hic
1714 4906 1933 4975 Cdssia-

352 4988 458 5059 nus
484 4983 539 5059 et
559 4975 648 5031 his
687 4980 860 5036 multo
891 4984 1042 5059 plura
1072 4975 1438 5059 in_utramque
1456 4975 1670 5059 partem
1700 4989 1849 5055 citat,
1877 5002 1934 5048 et

354 5057 434 5129 ex.
449 5043 677 5129 adverso
719 5043 974 5129 Opponit;
996 5125 1007 5129 _
1023 5069 1104 5129 ac_
1115 5043 1383 5129 demum'i
1389 5066 1443 5113 ta
1456 5043 1475 5059 ³
1486 5043 1767 5116 concludit
1779 5043 1803 5116 ’ἐ
1815 5043 1933 5118 ⁷11ὶέ

353 5114 493 5199 nihil
516 5116 673 5171 aliud
681 5114 878 5199 mentes
901 5124 1007 5176 sibi
1019 5125 1262 5199 subditas
1276 5128 1423 5183 docet
1436 5144 1597 5199 quam
1604 5114 1933 5189 celsitudinis

354 5185 556 5262 culmen
566 5194 834 5258 appetere,
860 5199 1047 5246 cuncta
1062 5198 1297 5262 aequalia
1317 5185 1508 5255 meniis
1524 5185 1932 5259 inmanitatis?

351 5256 568 5338 cendere
583 5256 615 5320 ,⁷
629 5256 929 5338 societatem
969 5256 1205 5319 omnium
1245 5269 1515 5324 hominum
1556 5272 1671 5325 alta
1703 5256 1932 5329 elatione

351 5326 605 5409 transire,
630 5345 692 5409 ac
703 5334 984 5409 seseetiam
998 5339 1183 5389 contra
1196 5342 1491 5407 potentiam
1514 5326 1932 5398 Conditor-istri-

351 5410 471 5477 gere
495 5400 747 5480 {sicutde
769 5402 966 5480 eisdem
982 5420 1081 5474 per
1102 5400 1446 5480 Psalmistam
1473 5412 1670 5467 dicitur
1692 5431 1708 5466 :
1734 5416 1931 5471 Trans-

349 5470 528 5553 ierunt
551 5471 607 5523 in
636 5470 1222 5553 dispositionemcordis
1238 5483 1667 5553 ,ﬂcogitaverunt,
1697 5487 1748 5537 et
1768 5485 1933 5541 locuti

348 5543 493 5615 sunt
520 5544 789 5611 nequitias
805 5585 822 5607 ,
871 5547 1213 5615 iniquitatem
1238 5543 1314 5603 'in
1343 5543 1557 5606 excelso
1602 5543 1766 5608 locuti
1800 5562 1926 5612 sunt

345 5609 511 5695 (Psal.
539 5609 721 5679 Lxxtt).
748 5617 859 5670 Iste
870 5616 945 5695 ad
953 5609 1133 5686 sputa,
1146 5619 1220 5673 ad
1227 5621 1462 5695 palmas,
1482 5623 1556 5676 ad
1574 5625 1837 5695 colaphos,
1850 5609 1926 5683 ad

345 5635 511 5691 usui.
539 5635 721 5679 um).
748 5635 859 5670 15w
870 5635 943 5670 aa
953 5635 1133 5686 sputa,
1146 5635 1462 5744 agitamus,
1482 5635 1555 5676 aa
1574 5635 1837 5695 colaphos,
1850 5635 1924 5683 ad

343 5692 583 5764 spineam
592 5687 1166 5764 cm'onam,_adcrucem_,
1263 5691 1500 5764 lanceam
1501 5699 1686 5764 ,atquc
1697 5697 1771 5751 ad
1784 5713 1924 5753 mor-

344 5756 449 5811 tem
462 5756 694 5828 veniens,
709 5758 948 5815 membra
961 5772 1061 5814 sua
1083 5760 1333 5816 admonet
1340 5756 1521 5820 dicens
1535 5781 1555 5821 .'
1575 5756 1639 5823 Si
1652 5770 1772 5837 quis
1789 5770 1927 5825 mihi

2133 3100 2153 3127 ο
2179 3091 2258 3145 lta
2286 3105 2351 3145 ex
2380 3087 2570 3146 Graeco
2603 3109 2616 3145 :
2666 3087 2815 3160 Ἐμοί
2857 3088 2977 3142 εἰσιν
3032 3088 3079 3141 οἳ
3109 3088 3351 3159 ποταμοὶ,
3404 3088 3487 3140 καὶ
3533 3087 3638 3160 ἐγὼ

2060 3161 2271 3227 ἐποίησα
2294 3160 2467 3222 αὐτούς
2493 3181 2504 3215 :
2540 3159 2819 3232 quomOdo
2837 3160 2999 3215 etiam
3019 3161 3150 3232 citat
3175 3161 3239 3213 D.
3273 3161 3647 3232 Hieronymus

2061 3234 2117 3289 in
2143 3220 2261 3303 cap.
2294 3220 2573 3303 Llsaiacet
2592 3231 2734 3303 alibi
2770 3232 2968 3303 saepius
3004 3249 3019 3303 _:
3053 3230 3144 3301 qui
3175 3239 3363 3286 tamen
3391 3229 3447 3285 in
3468 3220 3639 3303 (Iom-

2058 3301 2330 3360 mentario
2359 3301 2654 3358 Ezechielis
2681 3301 3044 3358 semel'vertit
3072 3320 3087 3355 :
3120 3304 3268 3357 Meus
3309 3306 3387 3357 est
3419 3302 3634 3369 fluvius.

2059 3380 2109 3430 et
2151 3390 2245 3443 ego
2266 3375 2374 3441 feci
2406 3375 2792 3443 memetipsum.
2837 3374 3029 3428 Postea
3061 3387 3219 3427 vero:
3247 3373 3398 3428 Meus
3428 3375 3507 3427 est
3551 3373 3649 3439 ﬂu-

2055 3448 2194 3507 vius,
2228 3450 2278 3499 et
2297 3460 2390 3513 ego
2415 3446 2523 3511 feci
2538 3458 2690 3508 eum;
2726 3443 2858 3511 sive,
2878 3444 3032 3511 ﬂuvii
3050 3445 3157 3497 mei
3167 3447 3313 3505 sunt,
3335 3446 3387 3496 et
3417 3457 3510 3511 ego
3532 3444 3644 3513 feci

2053 3530 2155 3570 eos.
2189 3512 2541 3585 Sunt’autem
2571 3512 2690 3568 hac
2716 3513 2878 3569 verba
2895 3513 3191 3585 Pharaonis
3213 3512 3635 3585 regisquﬁgypti,

2051 3586 2143 3665 qui
2171 3584 2370 3665 ibidem
2381 3583 2549 3665 draco
2572 3599 2802 3665 magnus
2825 3583 3141 3665 appellatur,
3167 3582 3442 3665 subcujus
3469 3582 3647 3665 ﬁgura

2048 3652 2364 3711 tribuuntur
2381 3654 2497 3709 haec
2517 3652 2786 3725 Luciﬁro,
2818 3652 2911 3725 qui
2928 3663 2990 3709 ut
3011 3652 3224 3725 ille,sui
3262 3652 3464 3710 oblitus
3491 3652 3645 3712 Con-

2045 3725 2260 3793 ditoris,
2292 3725 2520 3781 voluerit
2538 3724 2730 3779 similis
2768 3724 2886 3780 esSe
2914 3724 3214 3780 Altissimo.

2117 3796 2143 3832 α
2173 3796 2347 3852 Verba
2373 3804 2550 3851 textus
2579 3793 2885 3865 Evangelici
2911 3796 3054 3865 apud
3084 3795 3310 3862 Lucam,
3353 3808 3472 3865 quae
3502 3792 3643 3865 citat

2047 3867 2355 3938 Gregorius,
2386 3874 2447 3922 ut
2471 3880 2529 3921 se
2558 3864 2759 3938 habent
2784 3885 2796 3920 :
2835 3864 2959 3920 Tibi
2988 3866 3127 3921 dabo
3156 3864 3459 3938 potestatem
3493 3864 3635 3919 hanc

2046 3936 2369 4007 universam,
2387 3942 2437 3991 et
2455 3938 2685 4007 gloriam
2699 3937 2911 3991 illorum
2934 3955 2949 3990 :
2971 3940 3099 4006 quia
3115 3938 3250 3991 mihi
3260 3936 3465 3991 tradita
3484 3940 3635 4001 sunt;

2045 4012 2096 4063 et
2123 4012 2213 4063 cui
2226 4010 2362 4077 volo,
2389 4009 2457 4063 do
2482 4008 2601 4062 illa.

2117 4080 2332 4139 “.Hunc
2371 4080 2552 4135 locum
2582 4078 2767 4134 omisit
2804 4081 2875 4134 D.
2921 4078 3232 4149 Gregorius,
3257 4077 3399 4134 sicut
3420 4086 3476 4134 et
3502 4077 3640 4135 alte-

2044 4165 2169 4232 rum
2196 4150 2288 4232 qui
2320 4150 2568 4232 sequitur
2595 4165 2655 4232 ex
2695 4149 2849 4232 Isaia.
2883 4149 3060 4232 Verba
3087 4155 3288 4230 autem
3328 4156 3464 4232 sunt
3497 4149 3645 4232 Regis

2044 4218 2780 4293 Assyriorum'Senuacherib
2809 4218 3203 4293 superbissimi,
3239 4234 3364 4293 qum
3389 4218 3647 4293 similiter

2043 4291 2111 4346 ad
2146 4288 2432 4347 diabolum
2483 4288 2782 4361 principem
2838 4288 3198 4360 superborum
3242 4288 3421 4363 fypice
3494 4289 3638 4348 refe-

2042 4370 2258 4417 runtur.
2272 4408 2275 4411 .

1968 4464 2017 4525 D
2119 4430 2338 4498 fIllius,
2376 4431 2584 4487 scilicet
2622 4430 3065 4500 Luciferiruina,
3096 4430 3163 4488 de
3191 4448 3297 4503 qua
3326 4431 3573 4505 superius
3613 4451 3633 4486 :

2047 4501 2226 4555 huius.
2271 4502 2711 4555 nemne'Christi
2754 4502 3046 4555 Salvatoris
3089 4502 3412 4555 humilitate.
3465 4502 3633 4555 Cuius

2047 4501 2226 4571 hujus,
2271 4517 2468 4573 nempe
2492 4502 2711 4559 'Christi
2754 4502 3046 4558 Salvatoris
3089 4501 3413 4559 humilitate:
3465 4502 3637 4575 Cujus

2045 4571 2336 4645 exemplun
2362 4572 2525 4629 nobis
2560 4572 2614 4627 in
2666 4573 2934 4645 superbia:
2961 4573 3263 4645 remedium
3294 4574 3633 4645 propositum

2044 4657 2161 4716 esse
2185 4642 2554 4716 docetetiam
2600 4646 2671 4698 D.
2701 4642 2927 4699 Basilius
2961 4642 3044 4716 his
3090 4644 3269 4700 verbis
3297 4642 3527 4716 ‘(HomiL
3567 4644 3634 4716 de

2043 4714 2378 4785 Humilitate)
2428 4732 2441 4769 :
2492 4716 2802 4770 Universum
2830 4715 3046 4769 Domini
3082 4714 3531 4785 dispensationem
3555 4715 3634 4769 ad

2047 4784 2407 4839 humilitatem
2425 4802 2520 4840 nos
2538 4788 2799 4841 instruere
2817 4784 3277 4854 deprehmdimus.
3299 4788 3427 4843 Cum
3442 4787 3631 4853 infans

2047 4860 2198 4919 esset,
2228 4872 2359 4929 more
2372 4859 2431 4910 in
2459 4857 2728 4929 spelunca,
2751 4872 2843 4911 nec
2861 4857 3007 4919 lecto,
3028 4857 3122 4910 sed
3145 4861 3376 4929 prasepi
3396 4859 3630 4929 imponi-

2045 4929 2157 4980 tur.
2190 4927 2391 4982 Deinde
2418 4927 2487 4999 in'
2504 4928 2769 4982 domicilio
2795 4928 2953 4993 fabri
2977 4931 3028 4981 et
3066 4930 3257 4983 matris
3284 4927 3630 4999 paupercula:

2044 5001 2335 5068 enutritur,
2358 4998 2604 5052 subditus
2629 4999 2798 5052 matri
2815 5002 2864 5053 et
2890 4999 3035 5052 illius
3062 5014 3271 5068 sponso.
3286 4998 3516 5055 ’Docetur
3535 5015 3607 5052 au

2041 5066 2212 5135 diens,
2241 5082 2469 5138 quorum
2493 5085 2598 5122 non
2622 5070 2839 5138 egebat;
2868 5066 3208 5138 interrogans
3232 5086 3356 5125 vero
3379 5074 3430 5125 et
3460 5072 3603 5125 inter

2039 5141 2280 5207 ragando
2294 5140 2670 5194 admirabilem
2683 5140 2996 5194 declarabat
3012 5142 3353 5209 sapientiam.
3367 5140 3599 5195 Subditu

2039 5210 2253 5281 Joanni,
2269 5215 2319 5265 et
2341 5212 2663 5281 baptismum
2674 5212 2897 5279 suscipit
2921 5228 2954 5265 a
2974 5225 3124 5264 servo
3144 5214 3423 5266 Dominus.
3444 5213 3597 5280 Nequ

2037 5279 2471 5335 adversariorum
2513 5282 2697 5349 furori
2719 5282 2960 5345 resistit,
2999 5297 3167 5351 neque
3209 5279 3622 5337 inenarrabilem

2037 5363 2190 5404 suam
2210 5356 2526 5422 potestatem
2564 5354 2621 5406 in
2646 5367 2965 5422 quemquam
2991 5353 3195 5415 vibrat,
3219 5354 3313 5407 sed
3334 5354 3495 5423 quasi
3522 5369 3620 5423 po-

2036 5423 2347 5476 tentioribus
2376 5423 2532 5477 cedit.
2568 5423 2906 5492 Principibus
2921 5423 3253 5479 sacerdotum
3269 5427 3327 5479 in
3344 5426 3518 5492 forma
3539 5425 3633 5477 rei

2033 5493 2268 5555 sistitur,
2287 5493 2362 5547 ad
2372 5494 2657 5562 praesidem
2675 5494 2913 5557 ducitur,
2937 5499 2988 5549 et
2997 5493 3265 5563 judicium
3290 5496 3441 5550 illius
3458 5495 3620 5549 susti-

2033 5563 2557 5636 net._Conspuitur_a
2586 5567 2749 5619 servis
2779 5581 2842 5620 ac
2877 5565 3150 5619 vilissimis
3188 5568 3376 5636 pueris
3409 5586 3426 5620 :
3455 5568 3629 5621 morti

2033 5633 2311 5706 traditur,
2323 5635 2475 5706 eique
2503 5634 2771 5689 hominum
2788 5636 3000 5706 judicio
3022 5633 3367 5705 turpissimae.
3407 5636 3533 5706 Haec
3561 5643 3616 5706 et

2031 5702 2137 5779 alia
2177 5702 2518 5779 Basilius._D.
2548 5702 2877 5779 Augustinus
2906 5703 3017 5779 lib.
3036 5702 3281 5779 tx'(Cap.
3306 5710 3359 5774 5)
3386 5705 3456 5763 de
3490 5704 3615 5761 Tri-

2028 5772 2196 5831 nitate
2222 5794 2235 5831 :
2266 5778 2395 5842 Hoc,
2416 5775 2610 5850 inquit,
2632 5772 2862 5848 prodest
2893 5778 3043 5834 nobis
3072 5772 3300 5843 credere,
3324 5772 3377 5837 et
3398 5781 3613 5851 ﬁrmum
