4012 6192
372 252 478 307 439

980 370 1223 428 CAPUT
1258 368 1363 423 XI.

380 519 605 575 Davidis
637 522 687 574 et
718 519 861 573 beati
903 515 1127 572 latronis
1108 511 1406 639 mzfemplo
1452 510 1546 565 hoc
1585 509 1764 579 ipsum
1792 510 1979 577 conﬁr-

452 747 509 801 Si
536 744 684 800 enim
712 741 792 797 vel
840 740 999 797 illum
1027 743 1052 772 "
1081 739 1351 794 latronem
1380 734 1454 792 ob
1482 749 1651 792 unam
1677 732 1979 790 confessio-

380 855 510 896 nem
540 836 916 893 introductum
939 837 1113 899 (Luca:
1141 831 1328 896 χχιιι)
1358 831 1415 886 in
1445 828 1757 902 paradisum
1792 842 1981 884 recor-

380 933 597 998 demur,
640 926 991 999 intelligimus
1037 941 1165 982 eum
1203 927 1229 961 δ
1272 939 1382 980 ιιοιι
1434 938 1629 979 cursus
1657 921 1743 978 sui
1784 920 1980 976 merito

380 1028 594 1078 tantam
615 1018 1008 1077 beatitudinem
1033 1023 1410 1082 consecutum,
1431 1013 1525 1070 sed
1546 1012 1692 1070 dono
1713 1013 1813 1068 Dei
1833 1011 1984 1067 mise-

381 1114 551 1171 rentis
598 1113 877 1184 adeptum.
935 1110 1032 1166 Vel
1073 1110 1119 1166 s‘i
1159 1108 1577 1166 reminiscamur
1626 1105 1805 1163 David
1845 1106 1984 1177 regis

382 1210 406 1240 °
435 1206 545 1265 duo
576 1215 691 1263 tam
718 1205 903 1278 gravia
933 1211 1154 1275 tamque
1179 1202 1438 1258 immania
1465 1199 1691 1257 crimina
1722 1215 1832 1255 uno
1861 1213 1985 1271 pa:-

1719 235 1999 295 JOANNIS
2034 234 2335 293 CASSIANI

1999 369 2052 431 Α
2078 359 2337 417 nitudinis
2358 372 2612 417 sermone
2654 356 2851 424 deleta,
2886 370 2991 413 nec
3013 354 3104 412 hic
3147 348 3455 413 videbimus
3481 355 3552 413 ad
3592 356 3678 411 in-

3571 234 3678 291 440

2082 454 2421 527 dulgentiam
2443 451 2577 509 tanti
2600 451 2853 509 criminis
2884 447 3244 507 obtinendam
3270 447 3476 506 laboris
3509 450 3682 521 aqui-

2082 563 2302 622 parasse
2323 549 2540 616 merita,
2566 546 2662 604 sed
2690 545 2791 603 Dei
2811 544 3042 619 gratiam
3068 541 3561 615 superabundasse,
3588 544 3685 616 qui

2086 655 2229 697 verm
2264 638 2621 712 poenitudinis
2647 639 2933 695 occasione
2962 643 3213 710 percepta
3238 641 3451 693 tantam
3488 651 3687 709 pecca-

2086 742 2277 791 torum
2323 732 2607 790 materiam
2642 732 2744 789 sub
2771 732 2931 788 unius
2965 729 3119 789 verbi
3161 731 3316 803 plena
3340 728 3686 789 confessione

2086 825 2441 898 consumpsit.
2469 823 2799 896 Principium
2826 838 3041 896 quoque
3063 822 3413 880 discutientes
3441 824 3685 881 vocatio-

2087 919 2178 975 nis
2200 933 2265 975 ac
2288 916 2477 974 salutis
2517 916 2793 985 humanae,
2836 932 2945 989 qua
2971 931 3081 972 non
3109 931 3177 972 ex
3216 913 3395 984 nobis,
3418 903 3448 947 ά
3474 931 3579 973 nec
3618 932 3685 973 ex

2089 1012 2347 1084 operibus
2368 1010 2574 1067 nostris
2611 1009 2913 1067 secundum
2945 1009 3267 1082 Apostolum
3287 1051 3301 1077 ,
3332 1008 3428 1067 sed
3454 1010 3554 1066 Dei
3595 1026 3686 1068 su-

2091 1120 2215 1161 mus
2252 1103 2402 1161 dono
2429 1103 2709 1177 gratiaque
2749 1102 2940 1161 salvati
2981 1105 3197 1174 (Ephes.
3229 1106 3326 1173 u),
3350 1103 3554 1177 liquido
3593 1120 3691 1178 po-

2089 1198 2324 1254 terimus
2382 1197 2666 1255 advertere
2688 1238 2703 1268 ,
2750 1195 3218 1271 quemadmodum
3264 1202 3288 1231 °
3343 1197 3690 1270 perfectionis

1484 1344 1741 1400 ALARDI
1778 1343 2004 1399 GAZIEI
2041 1340 2597 1398 COMMENTARIUS.

457 1482 481 1508 ι
513 1470 769 1527 Latronis
797 1469 1071 1526 confessio
1099 1485 1227 1526 cum
1252 1467 1627 1538 deprecatione
1660 1467 1951 1539 conjuncta
1970 1506 1986 1534 ,

383 1545 554 1599 Lucae
582 1558 745 1599 xxm
776 1561 791 1596 :
820 1544 1080 1598 Memento
1115 1543 1241 1603 mei,
1273 1542 1514 1604 Domine,
1545 1541 1676 1595 dum
1702 1541 1907 1593 veneris
1932 1542 1991 1592 in

384 1630 611 1683 regnum
648 1619 822 1675 tuum,
852 1613 956 1680 vel,
974 1620 1050 1683 ut
1076 1612 1299 1683 Graece,
1325 1629 1375 1663 εν
1405 1614 1474 1683 τῆΔ
1516 1610 1746 1683 βᾳσιλείᾳ
1783 1628 1891 1673 σου,
1922 1608 1989 1683 in

386 1679 554 1763 regno
576 1692 694 1763 tuo.
726 1688 862 1763 Quae
892 1681 1122 1763 quidem
1142 1682 1357 1763 brevis,
1520 1679 1677 1763 plena
1704 1679 1987 1761 sententiae

384 1749 654 1810 confessio
686 1749 788 1808 est.
821 1749 1013 1808 Paucis
1038 1752 1184 1822 enim
1214 1752 1388 1807 verbis
1418 1749 1615 1807 Christi
1646 1749 1855 1822 regiam
1885 1765 1989 1822 po-

2094 1465 2148 1523 id
2168 1475 2272 1536 est,
2310 1464 2575 1522 cbaritate
2598 1464 2835 1523 formata
2864 1462 3030 1521 fuisse
3064 1462 3444 1535 depromptam
3465 1470 3522 1536 et
3558 1480 3689 1535 pro-

2096 1534 2282 1604 latam,
2328 1553 2495 1609 quam
2536 1543 2748 1593 constat
2787 1536 2910 1609 vitae
2946 1534 3165 1592 aeterna:
3330 1534 3693 1609 meritoriam

2092 1605 2427 1676 (Caelestinus
2450 1610 2511 1663 P.
2544 1610 2602 1663 in
2625 1612 2784 1679 epist.
2817 1608 2891 1663 ad
2929 1609 3161 1679 episeop1
3171 1605 3402 1679 _Gallia:,
3437 1622 3556 1676 cap.
3589 1613 3691 1675 12;

2097 1680 2282 1734 concil.
2331 1680 2569 1734 Trident.
2594 1676 2721 1734 sess.
2754 1684 2808 1744 6,
2829 1694 2946 1749 cup.
2984 1677 3091 1749 ιϐ),
3129 1676 3346 1732 dicente
3374 1679 3641 1748 Apostolo
3673 1696 3690 1733 :

2097 1750 2263 1806 Corde
2286 1750 2525 1804 creditur
2541 1750 2615 1803 ad
2627 1749 2926 1819 justitiam,
2957 1764 3042 1803 ore
3055 1752 3233 1803 autem
3261 1750 3519 1815 confessio
3535 1752 3601 1818 ﬁt
3618 1750 3696 1803 ad

384 1831 638 1895 testatem
658 1865 674 1892 ,
735 1823 1071 1895 divinitatem
1121 1821 1479 1895 ejusdemque
1535 1819 1990 1895 resurrectionem
2020 1882 2065 1895 ἢ
2096 1822 2355 1895 salutem;
2388 1820 2523 1875 dicit
2541 1820 3017 1895 AenimScriptura
3050 1837 3066 1873 :
3097 1819 3281 1895 anis
3326 1821 3427 1887 qui
3442 1820 3611 1895 credit
3636 1822 3698 1874 in

386 1882 673 1976 confessus
698 1902 781 1976 est
827 1894 1087 1976 :‘regiam
1136 1882 1481 1974 potestatem,
1520 1894 1654 1950 Cum
1690 1893 1895 1974 veneris
1933 1893 1991 1945 in
2020 1882 2069 1945 B
2101 1882 3524 1976 tamn,confundetur(Rom.animisanimi!)f

385 1980 543 2035 regno
573 1969 685 2036 tuo,
716 1963 772 2036 id
799 1971 903 2029 est,
943 1962 1061 2036 iam
1089 1962 1355 2035 regnans,
1388 1963 1500 2018 sive
1526 1978 1696 2035 regno
1736 1962 1855 2034 jam
1885 1977 1985 2033 po-

386 2036 552 2102 titus;
582 2035 956 2103 divinitatem,
979 2048 1109 2090 cum
1138 2036 1443 2090 Dominum
1466 2048 1592 2089 eum
1616 2040 1796 2103 vocat,
1823 2040 1880 2087 et
1903 2042 1989 2089 ta-

384 2106 497 2162 lem
529 2101 827 2161 Dominum
853 2121 917 2160 ac
940 2119 1147 2175 regem,
1172 2104 1262 2175 qui
1283 2104 1449 2175 etiam
1475 2112 1690 2175 peccata
1716 2101 1990 2159 dimittere

386 2176 559 2246 possit
587 2193 601 2229 :
632 2175 690 2229 id
718 2175 865 2246 enim
891 2182 972 2229 est
999 2173 1380 2246 Deum'nostri
1409 2173 1729 2229 meminisse
1758 2193 1772 2229 :
1805 2188 1989 2246 resur—

388 2242 690 2316 rectionem
727 2243 1015 2316 _deniqueg;_
1039 2258 1139 2316 nec
1183 2242 1329 2298 enim
1365 2252 1627 2316 rogasset,
1671 2258 1837 2316 quem
1873 2243 1990 2316 jam

389 2314 557 2369 morti
587 2312 901 2384 proximum
930 2312 1166 2379 videbat,
1198 2321 1260 2369 ut
1308 2312 1392 2368 sui
1417 2312 1638 2384 memor
1673 2312 1835 2381 esset,
1875 2312 1989 2369 'nisi

389 2382 828 2455 resurrecturum
879 2391 936 2439 et
962 2392 1102 2455 post
1140 2382 1618 2455 resurrectionem;
1640 2392 1992 2455 regnaturum

392 2452 736 2526 credidisset.
782 2457 854 2509 D.
905 2452 1272 2526 Hieronymus
1322 2453 1379 2509 in
1401 2453 1657 2526 epistola
1703 2452 1760 2521 Ξ,
1825 2469 1989 2526 quam

394 2524 620 2596 scripsit
637 2522 708 2579 ad
737 2526 976 2596 Laetam,
1005 2522 1201 2595 probat
1223 2523 1293 2596 de
1319 2522 1523 2596 nullius
1548 2524 1721 2580 salute
1746 2522 1866 2585 esse
1892 2524 1988 2581 de-

392 2593 747 2666 sperandum,
767 2593 1018 2666 exemplo
1042 2593 1286 2666 latronis,
1312 2593 1403 2666 qui
1425 2594 1657 2663 injeruce
1678 2609 1991 2666 conversus,

396 2664 463 2722 eo
507 2666 627 2737 ipso
656 2664 990 2737 die‘meru’it
1017 2680 1161 2737 cum
1202 2664 1426 2720 Christo
1633 2665 1989 2737 ingparadiso.

322 2740 325 2743 “
394 2732 671 2807 Eunidem
706 2732 881 2807 etiam
901 2736 965 2788 D.
996 2735 1451 2807 Cyprianusnon
1476 2732 1745 2791 dubitavit
1782 2745 1997 2807 marty-

395 2820 515 2888 rem
532 2813 589 2861 et
603 2805 668 2888 in
693 2804 955 2888 sanguine
973 2804 1089 2888 suo
1102 2804 1438 2888 baptizatum
1457 2820 1698 2888 asserere
1715 2808 1904 2888 gSerm.

400 2877 558 2933 Cana
593 2875 855 2943 Domini).
886 2875 1150 2933 Praeclare
1174 2875 1309 2932 vero
1352 2884 1407 2933 et
1424 2876 1503 2932 ad
1533 2876 1678 2933 hunc
1718 2877 1902 2932 locum
1928 2877 1997 2931 il-

397 2945 748 3017 lustrandum
787 2946 1067 3017 aptissime
1102 2946 1499 3017 D..Gregorius
1542 2947 1610 3002 de
1636 2947 1743 3002 hoc
1785 2947 1999 3003 latrone

397 3016 475 3073 ita
502 3016 694 3073 scribit
728 3033 744 3069 :
774 3016 1085 3072 Intueamur
1113 3019 1292 3087 qualis
1319 3016 1394 3071 ad
1418 3018 1725 3086 patibulum
1753 3020 1990 3081 venerit,

399 3091 451 3143 et
478 3103 513 3142 a
536 3087 780 3157 patibulo
807 3089 982 3157 qualis
1008 3090 1340 3143 abscesserit.
1394 3090 1561 3144 Venit
1593 3103 1716 3143 reus
1743 3090 1992 3155 fraterno

395 3159 677 3226 sanguine,
705 3160 849 3212 venit
867 3163 1136 3222 cruentus,
1157 3158 1250 3214 sed
1267 3160 1484 3213 interna
1508 3160 1694 3228 gratia
1721 3162 1799 3212 est
1818 3162 1995 3213 muta-

504 3230 849 3322 tam-2s
867 3229 959 3284 ίιιε
977 3230 1506 3322 remorsurum
1525 3230 1732 3322 επιειιίε»
2030 3260 2075 3322 c

398 3300 467 3354 tis
495 3300 715 3354 Domini
737 3298 906 3352 vitam
930 3301 1279 3369 praedicavit,
1308 3300 1489 3355 dicens
1523 3319 1540 3354 :
1569 3302 1829 3356 Memento
1855 3302 1991 3361 mei,

396 3370 639 3437 Domine,
660 3370 792 3433 dum
815 3373 1019 3426 veneris
1044 3373 1101 3425 in
1117 3387 1343 3439 regnum
1370 3374 1525 3425 tuum
1544 3370 1687 3441 (Luc.
1713 3372 1915 3430 χχιιι).
1939 3373 1999 3425 In

399 3456 550 3495 cruce
571 3441 713 3496 clavi
739 3457 932 3496 manus
964 3442 1078 3511 ejus
1099 3443 1367 3511 pedesque
1403 3442 1724 3509 ligaverunt,
1753 3442 2001 3510 nihilque

400 3513 456 3564 in
475 3526 532 3565 eo
549 3527 585 3564 a
600 3514 775 3580 plenis
802 3512 1049 3575 liberum,
1072 3514 1182 3566 nisi
1205 3527 1291 3566 cor
1310 3516 1363 3565 et
1383 3512 1572 3580 lingua
1591 3515 1958 3567 remanserant
1980 3530 1997 3565 :

399 3581 699 3649 inspirante
724 3584 829 3635 Deo
856 3586 1026 3636 totum
1063 3582 1152 3635 illi
1175 3583 1391 3643 obtulit,
1422 3582 1565 3650 quod
1591 3583 1652 3635 in
1692 3595 1748 3635 se
1777 3582 1997 3635 liberum

399 3651 626 3721 invenit,
650 3655 712 3704 ut
730 3650 903 3718 juxta
931 3652 1025 3706 hoc
1053 3652 1197 3720 quod
1224 3655 1483 3721 scriptum
1510 3655 1610 3713 est,
1643 3650 1797 3705 corde
1823 3651 2001 3705 crede-

402 3723 484 3774 ret
504 3719 579 3773 ad
596 3718 894 3791 justitiam,
916 3736 1003 3777 ore
1025 3718 1360 3791 conﬁteretur
1382 3722 1457 3775 ad
1479 3722 1725 3776 salutem.
1753 3722 1818 3775 In
1844 3722 2000 3776 corde

403 3796 584 3845 autem
605 3790 843 3860 ﬁdelium
864 3796 970 3848 tres
996 3790 1327 3863 summopere
1352 3807 1568 3847 manere
1585 3792 1814 3847 virtutes
1833 3795 1999 3863 testa-

397 3865 489 3916 tur
522 3863 834 3932 Apostolus,
864 3863 1060 3930 fdicens
1108 3883 1125 3918 :
1169 3862 1320 3922 Nunc
1359 3866 1539 3917 autem
1568 3865 1788 3917 manent
1832 3862 1995 3930 ﬁdes,

397 3946 541 4003 spes,
562 3934 815 4015 charitas.
1014 3938 1228 4015 cunctas
1270 3933 1710 4015 subita_repletus
1740 3934 1926 4015 gratia
1950 3937 2002 3988 et

399 4006 609 4085 accepit,
629 4004 789 4086 latro,
820 4009 871 4059 et
896 4006 1130 4059 servavit
1158 4007 1223 4086 in.
1240 4018 1411 4058 cruce.
1644 4018 1877 4073 namque
1905 4004 2002 4058 ha-

398 4074 546 4157 buit,
564 4090 662 4143 qui
687 4079 1351 4157 regnana‘um‘Domumm
1367 4074 1619 4157 credidit,
1648 4089 1805 4157 quem
1825 4089 1999 4157 secum

393 4147 606 4214 pariter
624 4147 935 4201 morientem
960 4145 1123 4200 vidit.
1147 4146 1305 4215 Spem
1329 4145 1540 4212 habuit,
1574 4147 1674 4216 qui
1700 4147 1859 4214 regni
1884 4145 2000 4215 ejus

398 4216 612 4286 aditum
652 4218 979 4286 postulavit,
1010 4216 1191 4272 dicens
1228 4235 1245 4271 :
1293 4218 1551 4274 Memento
1589 4218 1717 4283 mei,
1747 4217 1997 4283 Domine,

397 4285 530 4338 dum
556 4289 765 4340 veneris
790 4290 848 4340 in
871 4303 1098 4354 regnum
1129 4293 1303 4342 tuum.
1335 4288 1669 4344 Charitatem
1697 4301 1905 4355 quoque
1942 4288 2000 4340 in

397 4357 566 4425 morte
588 4368 689 4425 sua
714 4357 971 4425 vivaciter
995 4360 1187 4419 tenuit,
1218 4360 1320 4425 qui
1338 4360 1568 4423 fratrem
1591 4362 1644 4410 et
1660 4357 2001 4411 collatronem

392 4436 500 4491 pro
515 4423 689 4494 simili
700 4423 888 4477 scelere
900 4427 1208 4479 morientem
1223 4423 1274 4479 et
1290 4426 1358 4479 de
1378 4428 1777 4494 iniquitatesua
1793 4427 1997 4493 arguit,

401 4495 454 4562 et
475 4493 528 4544 ei
547 4494 715 4545 vitam
737 4506 902 4559 quam
923 4507 1028 4546 non
1051 4498 1360 4561 cognoverat
1385 4493 1725 4562 praedicavit,
1770 4496 1949 4549 dicens
1980 4513 1996 4549 :

401 4561 583 4628 Neque
615 4565 675 4615 tu
701 4563 855 4615 times
879 4565 1066 4625 Deum,
1097 4564 1197 4631 qui
1234 4565 1292 4616 in
1316 4561 1498 4618 eadem
1538 4577 1591 4617 es
1614 4564 1999 4619 damnatione?

401 4634 474 4687 Et
496 4644 589 4685 nos
607 4631 826 4703 quidem
842 4631 991 4701 juste
1011 4651 1028 4686 :
1046 4648 1174 4687 nam
1191 4632 1361 4701 digna
1382 4634 1546 4700 factis
1566 4634 1874 4703 recipimus.
1897 4636 1998 4691 Hic

400 4716 520 4757 vero
547 4703 692 4758 nihil
708 4703 844 4757 mali
858 4705 1040 4772 gessit.
1064 4703 1164 4758 Ille
1186 4705 1285 4773 qui
1302 4704 1430 4759 talis
1445 4703 1520 4757 ad
1542 4718 1749 4773 crucem
1765 4706 1912 4758 venit
1929 4721 1998 4761 ea:

402 4774 580 4844 culpa,
606 4789 717 4830 ecce
738 4768 917 4844 qualis
935 4789 971 4829 a
987 4789 1138 4830 cruce
1159 4768 1360 4829 recedit
1386 4790 1456 4830 ea:
1472 4768 1682 4845 gratia.’
1703 4775 1993 4844 Conﬁteba-

402 4849 495 4901 tur
522 4848 806 4902 Dominum
832 4861 988 4916 quem
1001 4846 1221 4901 videbat
1240 4860 1413 4901 secum
1430 4847 1665 4901 humana
1682 4847 1996 4915 inﬁrmitate

400 4919 734 4980 morientem,
755 4917 972 4987 quando
990 4918 1261 4986 negabant
1277 4918 1512 4987 apostoli
1525 4932 1644 4973 eum
1659 4932 1816 4987 quem
1836 4918 1997 4972 mira-

402 4987 523 5061 cula
532 4986 783 5061 viderant
795 4989 984 5061 divina
1005 4991 1211 5044 virtute
1219 4990 1524 5061 facientem.
1543 4989 1680 5061 Hinc
1699 4987 1997 5061 Gregorius

403 5056 544 5122 (Lib.
566 5070 725 5131 Axvm
752 5058 942 5112 Μαι-αι.
984 5075 1030 5115 c.
1074 5064 1187 5124 25).
1223 5057 1354 5115 Vide
1382 5059 1538 5131 plura
1576 5057 1650 5115 ad
1684 5056 1871 5116 colla't.
1907 5064 1992 5126 l3,

401 5141 520 5233 cap.
553 5129 588 5182 9
616 5136 672 5183 et
701 5134 953 5208 sequent.
1084 5197 1096 5208 .
1385 5129 1403 5131 “
1486 5146 1489 5149 δ

536 5198 658 5233 Non
705 5195 926 5233 ηιιιιιοιηη
962 5205 1158 5233 momen
1188 5205 1312 5233 unm
1350 5206 1487 5233 ιηιιαι

535 5198 663 5279 Non
705 5195 928 5279 quidem
962 5197 1158 5279 merito
1186 5205 1313 5254 ante
1349 5206 1487 5279 actae
1524 5199 1675 5279 vitae,
1717 5199 1817 5279 sed
1855 5198 1996 5257 bene

403 5265 761 5341 confessionis
784 5266 924 5341 illius
946 5266 1168 5341 meritp,
1197 5282 1322 5341 quae
1348 5276 1533 5325 tamen
1556 5278 1613 5325 et
1642 5265 1755 5341 ipse
1783 5271 1995 5327 donum

400 5334 507 5410 fuit
533 5335 841 5393 miserentis
866 5336 960 5410 Dei
990 5338 1152 5400 (Vide
1175 5334 1351 5394 collat.
1383 5344 1478 5410 l3,
1490 5355 1607 5410 cap.
1633 5334 1741 5406 1'3),
1770 5343 1871 5409 qui
1884 5356 1997 5410 sua

403 5406 549 5482 dgna
575 5411 764 5482 nostra
799 5408 1067 5482 vultnesse
1087 5411 1304 5482 merita,
1335 5417 1398 5464 ut
1432 5409 1522 5482 ait,
1545 5406 1618 5482 DA.
1664 5406 1999 5482 Augustinus

400 5478 541 5551 (Lib.
570 5476 639 5532 de
665 5478 812 5551 Grut.
833 5482 890 5551 et
909 5477 1373 5551 liber._Arb._cap.
1396 5479 1470 5551 7).
1495 5480 1637 5536 Satis
1662 5476 1810 5534 enim
1826 5495 1891 5551 ex
1915 5479 1997 5551 di-

403 5547 503 5621 ctis
528 5554 678 5621 patet
701 5546 849 5621 illam
871 5548 1109 5621 latronis
1131 5546 1526 5621 confessionem
1548 5564 1662 5606 non
1684 5565 1751 5606 ex
1777 5550 1893 5621 sola
1916 5549 1996 5607 fa-

402 5618 603 5676 cultate
625 5618 779 5676 liberi
808 5618 1019 5677 arbitrii
1050 5619 1120 5675 ab
1148 5618 1267 5691 ipso
1303 5626 1652 5691 conceptam,
1694 5627 1757 5691 ut
1789 5619 1999 5680 videtur

402 5697 596 5764 auctor
640 5705 965 5764 supponere,
983 5689 1544 5764 quemadmodum'et
1571 5690 1626 5747 in
1661 5690 1839 5764 altero
1880 5695 1997 5764 Da-

402 5760 537 5821 vidis
560 5759 828 5839 exemplo,
854 5759 1278 5835 quod'subjicit,
1302 5760 1401 5819 sed
1419 5766 1495 5817 ex‘
1511 5776 1635 5821 vera
1650 5761 1759 5821 ﬁde
1775 5770 1834 5821 et
1855 5763 1992 5834 viva,

2030 4614 2081 4676 D

2170 1971 2192 1997 θ
2232 1960 2465 2017 Davidis
2491 1960 2822 2017 adulterium
2854 1968 2908 2015 et
2938 1959 3302 2031 homicidium
3319 1998 3347 2031 ,_
3364 1974 3561 2031 nempe
3585 1975 3697 2017 cte-

2098 2031 2194 2088 des
2245 2031 2477 2087 insontis
2531 2031 2705 2102 Uria},
2749 2030 3038 2102 inquibus
3079 2030 3272 2086 multm
3317 2029 3697 2102 detorruitates

2097 2110 2153 2158 et
2178 2102 2462 2173 gravitates
2482 2100 2815 2173 considerari
2838 2100 3081 2172 possunt.
3123 2105 3384 2173 Attamen
3425 2100 3542 2157 haec
3579 2109 3699 2158 tam

2099 2171 2277 2254 gravia
2303 2180 2357 2228 et
2376 2172 2620 2227 enormia
2642 2171 2873 2227 crimina
2898 2187 3009 2254 uno
3037 2171 3390 2253 paenitudinis
3416 2186 3697 2240 sermone,

2101 2242 2158 2299 id
2193 2250 2297 2299 est.
2339 2257 2449 2297 uno
2490 2242 2679 2299 verbo.
2721 2245 2933 2297 Peccavi
2977 2261 2993 2296 :
3031 2256 3142 2297 non
3183 2257 3250 2297 ex
3284 2242 3488 2297 Viribus
3529 2250 3588 2298 et
3612 2242 3697 2299 fa-

2281 2284 2297 2311 ,
2343 2273 2449 2297 ιιυυ
2497 2273 2679 2312 ττινυ,
2721 2273 2951 2312 ῖῦιωιηίγ
2977 2273 2990 2296 ὅ
3031 2273 3142 2297 uuu
3183 2273 3250 2297 CA
3288 2273 3488 2297 νιιιυυθ
3529 2273 3588 2298 τι
3612 2273 3700 2299 ια-

2100 2313 2541 2384 cultatenaturae
2571 2327 2667 2384 seu
2706 2312 2863 2384 liberi
2875 2311 3106 2384 arbitrii,
3133 2320 3195 2384 ut
3214 2313 3467 2384 superius
3488 2312 3703 2370 dictum

2101 2391 2209 2455 est,
2234 2383 2328 2439 sed
2369 2399 2432 2439 ex
2454 2382 2621 2455 gratia
2651 2390 2706 2439 et
2729 2382 3079 2455 inspiratione
3113 2382 3301 2455 divina
3322 2390 3374 2438 et
3412 2398 3539 2439 vera
3562 2399 3706 2455 ron-

2100 2454 2323 2509 tritione
2346 2452 2557 2526 prolato
2577 2452 2726 2510 luere
2763 2452 2961 2526 deleta,
2987 2453 3171 2526 quodd
3194 2454 3405 2526 culpam
3441 2454 3700 2526 quidem,

2100 2539 2212 2579 non
2238 2524 2417 2594 quoad
2460 2538 2678 2595 pinnam
2700 2524 3079 2595 temporalem.
3111 2525 3249 2595 Cum
3287 2524 3432 2579 enim
3458 2524 3703 2582 ’Nathan

2103 2594 2740 2666 prophetaADeinomine
2768 2594 3053 2666 peccatum
3087 2594 3167 2650 illi
3194 2609 3355 2666 suum
3379 2595 3710 2666 exprobras-

2102 2662 2225 2734 set;
2247 2664 2336 2721 ille
2370 2662 2631 2721 continuo
2671 2662 3034 2737 compunctus
3074 2681 3160 2737 ac,
3182 2662 3468 2737 panitens'
3491 2664 3632 2721 dixit
3680 2687 3697 2722 :

2103 2737 2324 2791 Peccavi
2374 2738 2627 2808 Domino;
2693 2743 2750 2791 et
2788 2735 3005 2791 Nathan
3043 2735 3329 2808 subjunxit
3378 2753 3392 2791 :
3442 2739 3707 2793 Dominus

2105 2821 2316 2876 quoque
2342 2807 2621 2861 transtulit
2640 2812 2919 2876 peccatum
2960 2812 3132 2876 tuum,
3174 2822 3280 2861 non
3300 2809 3567 2863 morieris.
3605 2809 3703 2864 Ex

2105 2875 2301 2949 quibus
2335 2876 2513 2949 verbis
2543 2875 3028 2949 colligunt_Pa_tres
3065 2877 3455 2949 remissionem
3489 2878 3702 2949 peccati

2104 2944 2346 3017 priorem
2373 2944 2538 3019 fuisse
2557 2944 3064 3019 ipsa-confessione,
3103 2947 3200 3019 sed
3217 2962 3331 3019 non
3351 2944 3585 3019 priorem
3618 2948 3708 3019 in.

2105 3016 2259 3072 terna
2281 3016 2631 3089 contritione,
2668 3016 2724 3089 in
2760 3032 2868 3088 qua
2903 3018 3066 3089 simul
3104 3017 3209 3075 fuit
3243 3016 3433 3089 odium
3454 3018 3704 3089 peccati,

2100 3102 2260 3159 amor
2296 3087 2428 3159 Dei,
2476 3086 2815 3159 propositum
2869 3088 3164 3147 conﬁtendi
3202 3096 3259 3145 et
3314 3086 3702 3145 satisfaciendi.

2100 3156 2265 3213 Unde
2288 3157 2433 3214 idem
2456 3156 2648 3228 psalm.
2674 3173 2833 3215 χχχι
2864 3177 2877 3212 :
2906 3162 3059 3222 Dixi,
3101 3160 3390 3229 Conﬁtebor
3415 3160 3706 3214 adversum

2101 3243 2184 3283 me
2206 3228 2534 3297 injustitiam
2556 3245 2727 3284 meam
2746 3232 2998 3295 Domino;
3026 3235 3075 3284 et
3102 3235 3161 3284 tu
3180 3228 3437 3285 remisisti
3459 3232 3706 3299 impieta-

2105 3303 2209 3353 tem
2227 3302 2436 3369 peccati
2461 3302 2582 3354 mei.
2610 3299 2721 3356 Ubi
2744 3303 2810 3356 D.
2834 3299 3135 3369 Gregorius
3169 3317 3182 3354 :
3210 3301 3460 3363 Attende,
3481 3300 3660 3371 inquit
3686 3340 3708 3367 ,

2105 3375 2316 3439 quanta
2328 3373 2402 3425 sit
2420 3370 2770 3439 indulgentia
2786 3373 2973 3428 vitalis
2992 3372 3260 3435 velocitas.
3281 3375 3485 3441 quanta
3497 3370 3708 3426 miseri-

2104 3441 2299 3495 cordia:
2324 3442 2426 3497 Dei
2466 3442 2848 3496 commendatio
2879 3461 2897 3497 :
2927 3446 2989 3496 ut
3029 3444 3326 3511 conﬁtentis
3371 3442 3707 3498 desiderium

2104 3513 2385 3565 comitetur
2396 3513 2570 3573 venia,
2586 3516 2877 3582 antequam
2896 3512 2970 3567 ad
2984 3514 3285 3567 cruciatum
3298 3514 3570 3582 perveniat
3582 3527 3707 3581 pae-

2103 3582 2370 3646 nitentia;
2390 3584 2514 3635 ante
2538 3584 2781 3637 remissio
2799 3583 2875 3638 ad
2898 3586 3293 3652 corperveniat,
3315 3599 3473 3652 quam
3496 3584 3705 3650 confes-

2104 3652 2271 3721 sio_in
2284 3665 2469 3721 vocem
2490 3657 2738 3721 erumpat
2761 3654 2937 3721 (Greg.
2963 3656 3024 3707 in
3038 3655 3238 3721 psalm.
3274 3658 3469 3719 xxxx).

2174 3707 2202 3795 f‘
2239 3719 2329 3795 Sic
2359 3721 2519 3795 enim
2538 3707 2836 3795 Apdstolus
2867 3707 2933 3779 ad
2970 3707 3169 3795 Ep‘hes.
3208 3739 3255 3780 ιι
3276 3707 3544 3781 ViHGratm
3567 3728 3708 3795 estis

2105 3790 2308 3845 salvati
2326 3806 2425 3861 per
2445 3790 2608 3861 ﬁdem
2633 3810 2649 3845 :
2679 3797 2730 3846 et
2753 3793 2847 3847 hoc
2867 3808 2973 3848 non
3008 3790 3077 3849 ex
3098 3794 3276 3860 vais;
3304 3796 3403 3848 Dei
3423 3796 3565 3847 enim
3593 3794 3710 3848 do-

2105 3876 2233 3916 num
2252 3866 2375 3933 est;
2405 3877 2511 3917 non
2532 3878 2602 3933 ea:
2629 3864 2897 3933 operibus,
2928 3868 2990 3918 ut
3014 3880 3081 3919 ne
3117 3863 3535 3933 quisglorietur.
3567 3866 3709 3922 Non

2105 3946 2171 3987 ex
2197 3930 2479 4005 operibus,
2505 3930 2711 4005 scilicet
2735 3932 2900 3991 ﬁdem
2924 3930 3364 4005 prmedentibus.
3398 3932 3502 3990 Ubi
3540 3934 3718 3992 Grae-

2098 4018 2169 4076 ca
2186 4002 2393 4059 scholia
2413 4002 2599 4076 Pbotii
2616 4002 2760 4076 hunc
2782 4002 3004 4076 sensum
3026 4004 3308 4076 reddunt:
3332 4006 3459 4076 Non
3481 4018 3548 4076 es
3570 4019 3716 4076 ope-

2316 4081 2375 4160 ut
2403 4089 2476 4160 ne
2510 4074 2633 4160 quis
2668 4074 2933 4160 glorietur
2947 4094 2979 4160 ς’
2997 4090 3111 4132 non
3145 4075 3298 4148 quod
3331 4075 3588 4160 noluerit,
3609 4072 3713 4160 ’βξ

2106 4143 2363 4218 operibus
2395 4143 2603 4201 salvere
2647 4143 2801 4218 {sed
2822 4145 2984 4218 ‘quod
3010 4143 3191 4218 nemo
3213 4161 3281 4203 ex
3308 4144 3561 4218 operibus
3593 4146 3711 4204 nisi

2106 4213 2203 4300 per
2228 4213 2407 4300 itidem
2445 4222 2502 4270 et
2526 4228 2666 4300 cum,
2687 4213 3022 4300 lideﬂsalvari
3051 4217 3262 4300 possit._
3287 4213 3540 4300 Eicludit
3566 4231 3711 4300 ergo

2106 4283 2271 4355 opera
2311 4284 2475 4366 ﬁdem
2500 4283 2878 4366 praecedentia,
2912 4302 2986 4343 ne
3017 4283 3274 4358 putarent
3302 4288 3425 4369 sine
3448 4286 3559 4370 ﬁde
3590 4283 3716 4346 suis

2106 4369 2170 4436 se
2189 4353 2260 4436 ad
2278 4355 2821 4436 gratiamvirtutibus
2843 4365 3087 4436 vocatos,
3118 4373 3243 4436 quae
3270 4373 3388 4415 sine
3419 4358 3526 4436 ﬁde
3545 4373 3715 4436 mgna

2106 4431 2321 4480 tantum
2364 4426 2572 4481 virtutis
2593 4439 2799 4482 nomen
2820 4426 3082 4483 obtinent.

2105 4494 2256 4576 dent,
2289 4495 2528 4576 (Sess.L6,
2561 4511 2686 4576 gap.
2711 4500 2789 4561 8),
2812 4496 3069 4576 eamdem
3090 4499 3343 4576 Apostoli
3378 4499 3715 4576 sententiam

2108 4565 2384 4647 explicans
2405 4565 2489 4647 ait_
2505 4582 2532 4647 τ’
2552 4568 2683 4623 Cum
2695 4583 2821 4647 vero
2840 4565 3598 4647 ᾼροεεοιυε-ἱιίᾳίῌιιεείβοατξί
3611 4571 3718 4647 ho-

2109 4636 2306 4690 minem
2331 4652 2434 4706 per
2454 4636 2635 4705 ﬁdem,
2655 4642 2706 4693 et
2726 4636 2920 4707 gratis,
2947 4655 3009 4694 ea
3032 4640 3192 4695 verba
3215 4643 3272 4695 in
3292 4636 3353 4696 eo
3369 4636 3529 4696 sensu
3555 4643 3714 4697 intel-

2106 4707 2320 4774 ligenda
2345 4713 2490 4770 sunt,
2521 4723 2678 4777 quem
2695 4714 2986 4779 perpetuus
3011 4711 3256 4766 Ecclesiae
3276 4712 3551 4767 catholica
3577 4728 3713 4767 con-

2104 4792 2284 4856 sensus
2312 4780 2487 4856 tenuit
2513 4783 2564 4833 et
2604 4782 2895 4856 expressit;
2922 4784 3003 4856 _ut
3043 4782 3240 4856 scilicet
3253 4797 3358 4851 per
3382 4782 3547 4856 ﬁdem
3585 4782 3713 4856 ideo

2094 4847 2395 4921 justiﬁcari
2409 4847 2687 4921 dicamur,
2704 4852 2837 4919 quia
2861 4850 2992 4921 ﬁdes
3009 4855 3088 4906 est
3116 4847 3363 4907 humana
3379 4847 3574 4908 saliuis
3597 4855 3716 4908 im:-

2105 4920 2262 4982 tium,
2281 4920 2698 4991 fundamentum
2716 4924 2768 4975 et
2779 4921 2947 4975 rudia:
2963 4924 3135 4976 omnis
3138 4922 3572 4991 justiﬁcationis,
3592 4926 3714 4979 sine

2142 5004 2215 5069 ua
2246 4990 2570 5069 impossibile
2595 4995 2674 5069 est
2695 4991 3064 5069 pla_cere_Deo,
3093 4990 3242 5069 eiad
3634 4996 3715 5069 ﬁg-

2127 5061 2299 5114 iorum
2316 5061 2432 5131 ejus
2443 5063 2743 5144 pervenire.
2771 5061 2957 5118 Gratis
2974 5063 3468 5144 autemjustiﬁcari
3482 5065 3604 5120 ideo
3624 5061 3715 5119 di-

2104 5144 2312 5197 camur,
2330 5132 2487 5213 .quia
2509 5131 2653 5214 nihil
2678 5147 2857 5187 eorum
2897 5149 3018 5217 qua
3048 5131 3494 5217 justiﬁcatibnem
3514 5150 3714 5217 prlece-

2106 5200 2262 5283 dunt,
2288 5216 2400 5256 sive
2419 5202 2569 5283 ﬁdes,
2601 5217 2711 5283 sive
2736 5218 2921 5283 opera,
2955 5208 3554 5283 ipsamgusttﬁcatwnzs
3575 5222 3714 5283 gra-

2106 5273 2243 5347 tiam
2254 5277 2608 5347 promeretur.
2625 5273 2691 5347 Si
2699 5276 2841 5347 enim
2870 5277 3061 5347 gratia
3070 5273 3169 5343 est,
3180 5273 3301 5345 jam
3321 5291 3425 5331 non
3437 5291 3506 5331 ea:
3524 5273 3713 5347 operi-

2108 5341 2237 5411 bus;
2256 5341 2531 5413 alioquin,
2574 5348 2637 5398 ut
2666 5344 2807 5400 idem
2833 5341 3128 5416 Apostolus
3150 5341 3357 5416 inquit,
3385 5341 3570 5416 gratia
3578 5347 3713 5416 jam

2105 5427 2212 5498 ηοίι
2233 5418 2310 5498 et
2335 5416 2521 5498 quem
2546 5418 2721 5498 eam
2749 5415 2869 5498 xa-

2176 5491 2199 5518 °
2237 5483 2594 5542 Perfectionis
2615 5483 2883 5543 assecutio
2915 5500 3027 5542 non
3064 5493 3180 5544 tam
3205 5494 3411 5546 nostrae
3435 5484 3713 5544 voluntati

2105 5559 2163 5630 et
2197 5552 2392 5630 labori,
2429 5570 2596 5630 quam
2637 5556 2740 5630 Dei
2779 5556 2986 5630 gratim_
3014 5564 3069 5613 et
3119 5557 3504 5630 misericordia:

2105 5621 2303 5701 bendo,
2337 5621 2466 5682 cuni
2488 5634 2546 5701 et
2579 5626 2692 5698 ipsa
2717 5621 2860 5685 boBa
2898 5626 3155 5701 voluntas
3189 5637 3246 5686 et
3276 5628 3546 5701 quidquid
3571 5628 3709 5701 boni

2106 5693 2173 5778 ψ
2207 5709 2273 5778 εει
2300 5693 2774 5778 praestari-mi
2804 5701 2995 5778 aves:
3028 5698 3100 5778 εει
3132 5693 3389 5778 aenea
3416 5693 3704 5778 βτίιιρίρειε

2105 5771 2162 5820 et
2193 5767 2470 5838 primaria,
2509 5767 2812 5827 secundum
2850 5767 2986 5828 illud
3031 5770 3223 5828 Jacobi
3255 5789 3270 5827 :
3309 5767 3473 5829 Omne
3511 5767 3704 5829 datum

3170 4437 3225 4485 ta
3262 4437 3319 4485 et
3351 4428 3544 4485 concil.
3582 4429 3715 4485 Tri-
3810 4462 3821 4471 ε
