  <div class='ocr_page' id='page_1' title='image "/cluster/home/n/w/nwhite01/storage/ocr_20150623/49/hvd.32044096580709/228.png"; bbox 0 0 4012 6192; ppageno 0'>
   <div class='ocr_carea' id='block_1_1' title="bbox 271 229 3016 292">
    <p class='ocr_par' dir='ltr' id='par_1_1' title="bbox 271 229 3016 292">
     <span class='ocr_line' id='line_1_1' title="bbox 271 229 3016 292; baseline 0.001 -2"><span class='ocrx_word' id='word_1_1' title='bbox 271 237 360 290; x_wconf 73' lang='grc'><strong>441</strong></span> <span class='ocrx_word' id='word_1_2' title='bbox 843 232 933 288; x_wconf 86' lang='lat' dir='ltr'><strong>DE</strong></span> <span class='ocrx_word' id='word_1_3' title='bbox 971 229 1457 289; x_wconf 78' lang='lat' dir='ltr'><strong>C(ENOBIORUM</strong></span> <span class='ocrx_word' id='word_1_4' title='bbox 1494 231 1738 289; x_wconf 86' lang='lat' dir='ltr'><strong>INSTIT.</strong></span> <span class='ocrx_word' id='word_1_5' title='bbox 1777 231 1905 288; x_wconf 86' lang='lat' dir='ltr'><strong>LIB.</strong></span> <span class='ocrx_word' id='word_1_6' title='bbox 1947 232 2055 289; x_wconf 84' lang='grc' dir='ltr'><strong>ΧΠ.</strong></span> <span class='ocrx_word' id='word_1_7' title='bbox 2098 260 2166 273; x_wconf 90' lang='grc'><strong><em>-</em></strong></span> <span class='ocrx_word' id='word_1_8' title='bbox 2204 232 2295 288; x_wconf 83' lang='lat' dir='ltr'><strong>DE</strong></span> <span class='ocrx_word' id='word_1_9' title='bbox 2329 231 2596 291; x_wconf 83' lang='lat' dir='ltr'><strong>SPIRITU</strong></span> <span class='ocrx_word' id='word_1_10' title='bbox 2634 232 3016 292; x_wconf 68' lang='lat' dir='ltr'><strong>SUPERBIE.</strong></span> 
     </span>
    </p>
   </div>
   <div class='ocr_carea' id='block_1_2' title="bbox 3472 245 3578 298">
    <p class='ocr_par' dir='ltr' id='par_1_2' title="bbox 3472 245 3578 298">
     <span class='ocr_line' id='line_1_2' title="bbox 3472 245 3578 298; baseline 0.019 -2"><span class='ocrx_word' id='word_1_11' title='bbox 3472 245 3578 298; x_wconf 73' lang='grc'><strong>442</strong></span> 
     </span>
    </p>
   </div>
   <div class='ocr_carea' id='block_1_3' title="bbox 268 363 3574 440">
    <p class='ocr_par' dir='ltr' id='par_1_3' title="bbox 268 363 3574 440">
     <span class='ocr_line' id='line_1_3' title="bbox 268 363 3574 440; baseline 0.002 -17"><span class='ocrx_word' id='word_1_12' title='bbox 268 380 508 434; x_wconf 88' lang='lat' dir='ltr'><strong>summa,</strong></span> <span class='ocrx_word' id='word_1_13' title='bbox 537 379 650 421; x_wconf 92' lang='lat' dir='ltr'><strong>non</strong></span> <span class='ocrx_word' id='word_1_14' title='bbox 677 363 909 421; x_wconf 86' lang='lat' dir='ltr'><strong>volentis</strong></span> <span class='ocrx_word' id='word_1_15' title='bbox 935 378 1115 436; x_wconf 89' lang='lat' dir='ltr'><strong>neque</strong></span> <span class='ocrx_word' id='word_1_16' title='bbox 1136 363 1441 433; x_wconf 78' lang='lat' dir='ltr'><strong>currentis,</strong></span> <span class='ocrx_word' id='word_1_17' title='bbox 1476 364 1573 422; x_wconf 89' lang='lat' dir='ltr'><strong>sed</strong></span> <span class='ocrx_word' id='word_1_18' title='bbox 1605 364 1865 422; x_wconf 87' lang='lat' dir='ltr'><strong>miseren-</strong></span> <span class='ocrx_word' id='word_1_19' title='bbox 1891 370 1944 432; x_wconf 82' lang='grc' dir='ltr'><strong>Α</strong></span> <span class='ocrx_word' id='word_1_20' title='bbox 1974 379 2183 422; x_wconf 72' lang='lat' dir='ltr'><strong>mensae</strong></span> <span class='ocrx_word' id='word_1_21' title='bbox 2217 363 2564 423; x_wconf 80' lang='lat' dir='ltr'><strong>beatitudinis</strong></span> <span class='ocrx_word' id='word_1_22' title='bbox 2599 364 2938 440; x_wconf 76' lang='lat' dir='ltr'><strong>elfugantur,</strong></span> <span class='ocrx_word' id='word_1_23' title='bbox 2982 375 3146 440; x_wconf 88' lang='lat' dir='ltr'><strong>atque</strong></span> <span class='ocrx_word' id='word_1_24' title='bbox 3171 376 3233 425; x_wconf 90' lang='lat' dir='ltr'><strong>ut</strong></span> <span class='ocrx_word' id='word_1_25' title='bbox 3270 368 3462 428; x_wconf 88' lang='lat' dir='ltr'><strong>fumus</strong></span> <span class='ocrx_word' id='word_1_26' title='bbox 3503 374 3574 432; x_wconf 92' lang='lat' dir='ltr'><strong>ad</strong></span> 
     </span>
    </p>
   </div>
   <div class='ocr_carea' id='block_1_4' title="bbox 271 458 1865 531">
    <p class='ocr_par' dir='ltr' id='par_1_4' title="bbox 271 458 1865 531">
     <span class='ocr_line' id='line_1_4' title="bbox 271 458 1865 531; baseline 0.001 -18"><span class='ocrx_word' id='word_1_27' title='bbox 271 458 344 515; x_wconf 88' lang='lat' dir='ltr'><strong>tis</strong></span> <span class='ocrx_word' id='word_1_28' title='bbox 371 467 455 515; x_wconf 86' lang='lat' dir='ltr'><strong>est</strong></span> <span class='ocrx_word' id='word_1_29' title='bbox 481 458 580 514; x_wconf 92' lang='lat' dir='ltr'><strong>Dei</strong></span> <span class='ocrx_word' id='word_1_30' title='bbox 616 460 786 519; x_wconf 83' lang='lat' dir='ltr'><strong>(Rom.</strong></span> <span class='ocrx_word' id='word_1_31' title='bbox 821 460 901 525; x_wconf 68' lang='grc' dir='ltr'><strong>ιχ)</strong></span> <span class='ocrx_word' id='word_1_32' title='bbox 939 476 953 513; x_wconf 92' lang='lat'><strong>:</strong></span> <span class='ocrx_word' id='word_1_33' title='bbox 994 458 1087 529; x_wconf 89' lang='lat' dir='ltr'><strong>qui</strong></span> <span class='ocrx_word' id='word_1_34' title='bbox 1124 473 1471 531; x_wconf 85' lang='lat' dir='ltr'><strong>nequaquam</strong></span> <span class='ocrx_word' id='word_1_35' title='bbox 1500 458 1755 516; x_wconf 91' lang='lat' dir='ltr'><strong>laborum</strong></span> <span class='ocrx_word' id='word_1_36' title='bbox 1785 459 1865 515; x_wconf 88' lang='lat' dir='ltr'><strong>vel</strong></span> 
     </span>
    </p>
   </div>
   <div class='ocr_carea' id='block_1_5' title="bbox 272 550 1869 624">
    <p class='ocr_par' dir='ltr' id='par_1_5' title="bbox 272 550 1869 624">
     <span class='ocr_line' id='line_1_5' title="bbox 272 550 1869 624; baseline 0.001 -16"><span class='ocrx_word' id='word_1_37' title='bbox 272 566 460 609; x_wconf 85' lang='lat' dir='ltr'><strong>cursus</strong></span> <span class='ocrx_word' id='word_1_38' title='bbox 493 550 668 608; x_wconf 80' lang='lat' dir='ltr'><strong>nostri</strong></span> <span class='ocrx_word' id='word_1_39' title='bbox 701 550 903 607; x_wconf 90' lang='lat' dir='ltr'><strong>merito</strong></span> <span class='ocrx_word' id='word_1_40' title='bbox 925 561 1330 624; x_wconf 90' lang='lat' dir='ltr'><strong>compensante,</strong></span> <span class='ocrx_word' id='word_1_41' title='bbox 1364 552 1627 609; x_wconf 90' lang='lat' dir='ltr'><strong>vitiorum</strong></span> <span class='ocrx_word' id='word_1_42' title='bbox 1645 567 1750 609; x_wconf 91' lang='lat' dir='ltr'><strong>nos</strong></span> <span class='ocrx_word' id='word_1_43' title='bbox 1766 552 1869 623; x_wconf 29' lang='lat' dir='ltr'><strong>,fa-</strong></span> 
     </span>
    </p>
   </div>
   <div class='ocr_carea' id='block_1_6' title="bbox 266 631 1870 716">
    <p class='ocr_par' dir='ltr' id='par_1_6' title="bbox 266 631 1870 716">
     <span class='ocr_line' id='line_1_6' title="bbox 266 631 1870 716; baseline 0.001 -16"><span class='ocrx_word' id='word_1_44' title='bbox 266 644 341 700; x_wconf 87' lang='lat' dir='ltr'><strong>cit</strong></span> <span class='ocrx_word' id='word_1_45' title='bbox 373 657 490 700; x_wconf 87' lang='lat' dir='ltr'><strong>esse</strong></span> <span class='ocrx_word' id='word_1_46' title='bbox 525 631 759 700; x_wconf 80' lang='lat' dir='ltr'><strong>victores</strong></span> <span class='ocrx_word' id='word_1_47' title='bbox 798 658 900 700; x_wconf 88' lang='lat' dir='ltr'><strong>nec</strong></span> <span class='ocrx_word' id='word_1_48' title='bbox 937 644 1301 716; x_wconf 62' lang='lat' dir='ltr'><strong>sequiparante</strong></span> <span class='ocrx_word' id='word_1_49' title='bbox 1343 652 1550 701; x_wconf 63' lang='lat' dir='ltr'><strong>nostrae</strong></span> <span class='ocrx_word' id='word_1_50' title='bbox 1577 644 1870 701; x_wconf 83' lang='lat' dir='ltr'><strong>voluntatis</strong></span> 
     </span>
    </p>
   </div>
   <div class='ocr_carea' id='block_1_7' title="bbox 272 733 1869 810">
    <p class='ocr_par' dir='ltr' id='par_1_7' title="bbox 272 733 1869 810">
     <span class='ocr_line' id='line_1_7' title="bbox 272 733 1869 810; baseline 0.001 -18"><span class='ocrx_word' id='word_1_51' title='bbox 272 734 559 805; x_wconf 89' lang='lat' dir='ltr'><strong>industria,</strong></span> <span class='ocrx_word' id='word_1_52' title='bbox 591 743 708 791; x_wconf 90' lang='lat' dir='ltr'><strong>tam</strong></span> <span class='ocrx_word' id='word_1_53' title='bbox 739 733 972 792; x_wconf 90' lang='lat' dir='ltr'><strong>arduum</strong></span> <span class='ocrx_word' id='word_1_54' title='bbox 996 735 1318 810; x_wconf 75' lang='lat' dir='ltr'><strong>integritatis</strong></span> <span class='ocrx_word' id='word_1_55' title='bbox 1339 736 1559 794; x_wconf 85' lang='lat' dir='ltr'><strong>culmen</strong></span> <span class='ocrx_word' id='word_1_56' title='bbox 1582 736 1869 810; x_wconf 86' lang='lat' dir='ltr'><strong>subjugata</strong></span> 
     </span>
    </p>
   </div>
   <div class='ocr_carea' id='block_1_8' title="bbox 269 828 1868 904">
    <p class='ocr_par' dir='ltr' id='par_1_8' title="bbox 269 828 1868 904">
     <span class='ocr_line' id='line_1_8' title="bbox 269 828 1868 904; baseline 0.001 -19"><span class='ocrx_word' id='word_1_57' title='bbox 269 843 375 901; x_wconf 90' lang='lat' dir='ltr'><strong>qua</strong></span> <span class='ocrx_word' id='word_1_58' title='bbox 419 828 649 898; x_wconf 83' lang='lat' dir='ltr'><strong>utimur,</strong></span> <span class='ocrx_word' id='word_1_59' title='bbox 690 844 853 885; x_wconf 89' lang='lat' dir='ltr'><strong>carne</strong></span> <span class='ocrx_word' id='word_1_60' title='bbox 896 828 1278 887; x_wconf 82' lang='lat' dir='ltr'><strong>conscendere.</strong></span> <span class='ocrx_word' id='word_1_61' title='bbox 1324 833 1357 863; x_wconf 53' lang='grc'><strong>⁷³</strong></span> <span class='ocrx_word' id='word_1_62' title='bbox 1402 831 1563 887; x_wconf 89' lang='lat' dir='ltr'><strong>Nulla</strong></span> <span class='ocrx_word' id='word_1_63' title='bbox 1603 830 1868 904; x_wconf 83' lang='lat' dir='ltr'><strong>siquidem</strong></span> 
     </span>
    </p>
   </div>
   <div class='ocr_carea' id='block_1_9' title="bbox 268 920 1869 996">
    <p class='ocr_par' dir='ltr' id='par_1_9' title="bbox 268 920 1869 996">
     <span class='ocr_line' id='line_1_9' title="bbox 268 920 1869 996; baseline 0 -17"><span class='ocrx_word' id='word_1_64' title='bbox 268 922 517 994; x_wconf 90' lang='lat' dir='ltr'><strong>corporis</strong></span> <span class='ocrx_word' id='word_1_65' title='bbox 544 921 706 995; x_wconf 84' lang='lat' dir='ltr'><strong>hujus</strong></span> <span class='ocrx_word' id='word_1_66' title='bbox 735 920 990 991; x_wconf 82' lang='lat' dir='ltr'><strong>afﬂictio,</strong></span> <span class='ocrx_word' id='word_1_67' title='bbox 1027 921 1283 996; x_wconf 89' lang='lat' dir='ltr'><strong>nullaque</strong></span> <span class='ocrx_word' id='word_1_68' title='bbox 1317 922 1500 980; x_wconf 83' lang='lat' dir='ltr'><strong>cordis</strong></span> <span class='ocrx_word' id='word_1_69' title='bbox 1526 922 1778 979; x_wconf 87' lang='lat' dir='ltr'><strong>contritio</strong></span> <span class='ocrx_word' id='word_1_70' title='bbox 1800 921 1869 979; x_wconf 89' lang='lat' dir='ltr'><strong>ad</strong></span> 
     </span>
    </p>
   </div>
   <div class='ocr_carea' id='block_1_10' title="bbox 268 1015 1866 1089">
    <p class='ocr_par' dir='ltr' id='par_1_10' title="bbox 268 1015 1866 1089">
     <span class='ocr_line' id='line_1_10' title="bbox 268 1015 1866 1089; baseline -0.001 -16"><span class='ocrx_word' id='word_1_71' title='bbox 268 1015 661 1089; x_wconf 85' lang='lat' dir='ltr'><strong>capessendam</strong></span> <span class='ocrx_word' id='word_1_72' title='bbox 702 1030 889 1071; x_wconf 80' lang='lat' dir='ltr'><strong>veram</strong></span> <span class='ocrx_word' id='word_1_73' title='bbox 924 1015 1075 1072; x_wconf 85' lang='lat' dir='ltr'><strong>illam</strong></span> <span class='ocrx_word' id='word_1_74' title='bbox 1120 1015 1391 1072; x_wconf 87' lang='lat' dir='ltr'><strong>interioris</strong></span> <span class='ocrx_word' id='word_1_75' title='bbox 1427 1015 1665 1072; x_wconf 87' lang='lat' dir='ltr'><strong>hominis</strong></span> <span class='ocrx_word' id='word_1_76' title='bbox 1706 1015 1866 1072; x_wconf 87' lang='lat' dir='ltr'><strong>casti-</strong></span> 
     </span>
    </p>
   </div>
   <div class='ocr_carea' id='block_1_11' title="bbox 267 1107 1866 1181">
    <p class='ocr_par' dir='ltr' id='par_1_11' title="bbox 267 1107 1866 1181">
     <span class='ocr_line' id='line_1_11' title="bbox 267 1107 1866 1181; baseline 0.001 -17"><span class='ocrx_word' id='word_1_77' title='bbox 267 1116 437 1165; x_wconf 86' lang='lat' dir='ltr'><strong>tatem</strong></span> <span class='ocrx_word' id='word_1_78' title='bbox 472 1114 655 1180; x_wconf 86' lang='lat' dir='ltr'><strong>potest</strong></span> <span class='ocrx_word' id='word_1_79' title='bbox 674 1122 796 1165; x_wconf 89' lang='lat' dir='ltr'><strong>esse</strong></span> <span class='ocrx_word' id='word_1_80' title='bbox 827 1108 1127 1181; x_wconf 80' lang='lat' dir='ltr'><strong>condigna,</strong></span> <span class='ocrx_word' id='word_1_81' title='bbox 1156 1117 1216 1165; x_wconf 89' lang='lat' dir='ltr'><strong>ut</strong></span> <span class='ocrx_word' id='word_1_82' title='bbox 1237 1115 1449 1164; x_wconf 87' lang='lat' dir='ltr'><strong>tantam</strong></span> <span class='ocrx_word' id='word_1_83' title='bbox 1475 1107 1723 1181; x_wconf 84' lang='lat' dir='ltr'><strong>puritatis</strong></span> <span class='ocrx_word' id='word_1_84' title='bbox 1754 1107 1866 1165; x_wconf 89' lang='lat' dir='ltr'><strong>vir-</strong></span> 
     </span>
    </p>
   </div>
   <div class='ocr_carea' id='block_1_12' title="bbox 268 1199 1863 1279">
    <p class='ocr_par' dir='ltr' id='par_1_12' title="bbox 268 1199 1863 1279">
     <span class='ocr_line' id='line_1_12' title="bbox 268 1199 1863 1279; baseline -0.002 -20"><span class='ocrx_word' id='word_1_85' title='bbox 268 1209 443 1279; x_wconf 85' lang='lat' dir='ltr'><strong>tutem</strong></span> <span class='ocrx_word' id='word_1_86' title='bbox 469 1199 679 1274; x_wconf 85' lang='lat' dir='ltr'><strong>angelis</strong></span> <span class='ocrx_word' id='word_1_87' title='bbox 714 1200 844 1258; x_wconf 90' lang='lat' dir='ltr'><strong>solis</strong></span> <span class='ocrx_word' id='word_1_88' title='bbox 872 1200 1187 1274; x_wconf 81' lang='lat' dir='ltr'><strong>ingenitam,</strong></span> <span class='ocrx_word' id='word_1_89' title='bbox 1231 1200 1463 1273; x_wconf 77' lang='lat' dir='ltr'><strong>cmlique</strong></span> <span class='ocrx_word' id='word_1_90' title='bbox 1492 1201 1863 1270; x_wconf 85' lang='lat' dir='ltr'><strong>vernaculam,</strong></span> 
     </span>
    </p>
   </div>
   <div class='ocr_carea' id='block_1_13' title="bbox 265 1295 1868 1369">
    <p class='ocr_par' dir='ltr' id='par_1_13' title="bbox 265 1295 1868 1369">
     <span class='ocr_line' id='line_1_13' title="bbox 265 1295 1868 1369; baseline -0.001 -15"><span class='ocrx_word' id='word_1_91' title='bbox 265 1296 420 1354; x_wconf 92' lang='lat' dir='ltr'><strong>nudo</strong></span> <span class='ocrx_word' id='word_1_92' title='bbox 440 1295 686 1353; x_wconf 89' lang='lat' dir='ltr'><strong>humano</strong></span> <span class='ocrx_word' id='word_1_93' title='bbox 705 1296 910 1365; x_wconf 89' lang='lat' dir='ltr'><strong>labore,</strong></span> <span class='ocrx_word' id='word_1_94' title='bbox 936 1295 990 1353; x_wconf 92' lang='lat' dir='ltr'><strong>id</strong></span> <span class='ocrx_word' id='word_1_95' title='bbox 1007 1304 1109 1360; x_wconf 90' lang='lat' dir='ltr'><strong>est,</strong></span> <span class='ocrx_word' id='word_1_96' title='bbox 1132 1296 1248 1353; x_wconf 92' lang='lat' dir='ltr'><strong>sine</strong></span> <span class='ocrx_word' id='word_1_97' title='bbox 1276 1296 1553 1369; x_wconf 87' lang='lat' dir='ltr'><strong>adjutorio</strong></span> <span class='ocrx_word' id='word_1_98' title='bbox 1571 1296 1672 1352; x_wconf 91' lang='lat' dir='ltr'><strong>Dei</strong></span> <span class='ocrx_word' id='word_1_99' title='bbox 1695 1297 1868 1352; x_wconf 85' lang='lat' dir='ltr'><strong>valeat</strong></span> 
     </span>
    </p>
   </div>
   <div class='ocr_carea' id='block_1_14' title="bbox 263 1388 1868 1462">
    <p class='ocr_par' dir='ltr' id='par_1_14' title="bbox 263 1388 1868 1462">
     <span class='ocr_line' id='line_1_14' title="bbox 263 1388 1868 1462; baseline -0.002 -14"><span class='ocrx_word' id='word_1_100' title='bbox 263 1389 560 1448; x_wconf 89' lang='lat' dir='ltr'><strong>obtinere:</strong></span> <span class='ocrx_word' id='word_1_101' title='bbox 590 1390 718 1462; x_wconf 90' lang='lat' dir='ltr'><strong>quia</strong></span> <span class='ocrx_word' id='word_1_102' title='bbox 742 1389 908 1447; x_wconf 87' lang='lat' dir='ltr'><strong>totius</strong></span> <span class='ocrx_word' id='word_1_103' title='bbox 933 1389 1060 1446; x_wconf 92' lang='lat' dir='ltr'><strong>boni</strong></span> <span class='ocrx_word' id='word_1_104' title='bbox 1097 1388 1330 1447; x_wconf 83' lang='lat' dir='ltr'><strong>effectus</strong></span> <span class='ocrx_word' id='word_1_105' title='bbox 1355 1390 1425 1446; x_wconf 88' lang='lat' dir='ltr'><strong>ab</strong></span> <span class='ocrx_word' id='word_1_106' title='bbox 1458 1389 1604 1446; x_wconf 89' lang='lat' dir='ltr'><strong>illius</strong></span> <span class='ocrx_word' id='word_1_107' title='bbox 1640 1389 1868 1461; x_wconf 87' lang='lat' dir='ltr'><strong>proﬂuit</strong></span> 
     </span>
    </p>
   </div>
   <div class='ocr_carea' id='block_1_15' title="bbox 264 1481 1863 1556">
    <p class='ocr_par' dir='ltr' id='par_1_15' title="bbox 264 1481 1863 1556">
     <span class='ocr_line' id='line_1_15' title="bbox 264 1481 1863 1556; baseline 0.001 -18"><span class='ocrx_word' id='word_1_108' title='bbox 264 1482 461 1555; x_wconf 86' lang='lat' dir='ltr'><strong>gratia,</strong></span> <span class='ocrx_word' id='word_1_109' title='bbox 491 1483 586 1555; x_wconf 89' lang='lat' dir='ltr'><strong>qui</strong></span> <span class='ocrx_word' id='word_1_110' title='bbox 615 1483 827 1539; x_wconf 78' lang='lat' dir='ltr'><strong>tanta‘m</strong></span> <span class='ocrx_word' id='word_1_111' title='bbox 855 1482 1245 1556; x_wconf 88' lang='lat' dir='ltr'><strong>perennitatem</strong></span> <span class='ocrx_word' id='word_1_112' title='bbox 1274 1481 1647 1551; x_wconf 87' lang='lat' dir='ltr'><strong>beatitudinis,</strong></span> <span class='ocrx_word' id='word_1_113' title='bbox 1679 1490 1734 1538; x_wconf 91' lang='lat' dir='ltr'><strong>et</strong></span> <span class='ocrx_word' id='word_1_114' title='bbox 1752 1482 1863 1539; x_wconf 91' lang='lat' dir='ltr'><strong>im-</strong></span> 
     </span>
    </p>
   </div>
   <div class='ocr_carea' id='block_1_16' title="bbox 265 1574 1862 1650">
    <p class='ocr_par' dir='ltr' id='par_1_16' title="bbox 265 1574 1862 1650">
     <span class='ocr_line' id='line_1_16' title="bbox 265 1574 1862 1650; baseline 0.001 -19"><span class='ocrx_word' id='word_1_115' title='bbox 265 1574 614 1631; x_wconf 89' lang='lat' dir='ltr'><strong>mensitatem</strong></span> <span class='ocrx_word' id='word_1_116' title='bbox 655 1574 861 1649; x_wconf 61' lang='lat' dir='ltr'><strong>gloriae,</strong></span> <span class='ocrx_word' id='word_1_117' title='bbox 911 1576 1122 1648; x_wconf 69' lang='lat' dir='ltr'><strong>exiguae</strong></span> <span class='ocrx_word' id='word_1_118' title='bbox 1165 1575 1455 1645; x_wconf 89' lang='lat' dir='ltr'><strong>voluntati,</strong></span> <span class='ocrx_word' id='word_1_119' title='bbox 1499 1575 1759 1650; x_wconf 84' lang='lat' dir='ltr'><strong>brevique</strong></span> <span class='ocrx_word' id='word_1_120' title='bbox 1798 1592 1862 1633; x_wconf 90' lang='lat' dir='ltr'><strong>ac</strong></span> 
     </span>
    </p>
   </div>
   <div class='ocr_carea' id='block_1_17' title="bbox 266 1668 1859 1744">
    <p class='ocr_par' dir='ltr' id='par_1_17' title="bbox 266 1668 1859 1744">
     <span class='ocr_line' id='line_1_17' title="bbox 266 1668 1859 1744; baseline 0.002 -19"><span class='ocrx_word' id='word_1_121' title='bbox 266 1684 430 1741; x_wconf 86' lang='lat' dir='ltr'><strong>parvo</strong></span> <span class='ocrx_word' id='word_1_122' title='bbox 464 1668 650 1726; x_wconf 88' lang='lat' dir='ltr'><strong>cursui</strong></span> <span class='ocrx_word' id='word_1_123' title='bbox 674 1677 884 1739; x_wconf 84' lang='lat' dir='ltr'><strong>nostro,</strong></span> <span class='ocrx_word' id='word_1_124' title='bbox 922 1669 1280 1742; x_wconf 88' lang='lat' dir='ltr'><strong>multiplicata</strong></span> <span class='ocrx_word' id='word_1_125' title='bbox 1309 1669 1576 1744; x_wconf 88' lang='lat' dir='ltr'><strong>largitate,</strong></span> <span class='ocrx_word' id='word_1_126' title='bbox 1612 1669 1859 1728; x_wconf 90' lang='lat' dir='ltr'><strong>donavit.</strong></span> 
     </span>
    </p>
   </div>
   <div class='ocr_carea' id='block_1_18' title="bbox 858 1773 1274 1830">
    <p class='ocr_par' dir='ltr' id='par_1_18' title="bbox 858 1773 1274 1830">
     <span class='ocr_line' id='line_1_18' title="bbox 858 1773 1274 1830; baseline -0.002 -1"><span class='ocrx_word' id='word_1_127' title='bbox 858 1773 1104 1830; x_wconf 80' lang='lat' dir='ltr'><strong>CAPUT</strong></span> <span class='ocrx_word' id='word_1_128' title='bbox 1140 1774 1274 1828; x_wconf 81' lang='lat' dir='ltr'><strong>XII.</strong></span> 
     </span>
    </p>
   </div>
   <div class='ocr_carea' id='block_1_19' title="bbox 265 1867 1867 1941">
    <p class='ocr_par' dir='ltr' id='par_1_19' title="bbox 265 1867 1867 1941">
     <span class='ocr_line' id='line_1_19' title="bbox 265 1867 1867 1941; baseline 0.003 -20"><span class='ocrx_word' id='word_1_129' title='bbox 265 1867 417 1935; x_wconf 80' lang='lat' dir='ltr'><strong>Quod</strong></span> <span class='ocrx_word' id='word_1_130' title='bbox 442 1867 628 1922; x_wconf 89' lang='lat' dir='ltr'><strong>nullus</strong></span> <span class='ocrx_word' id='word_1_131' title='bbox 656 1868 730 1923; x_wconf 91' lang='lat' dir='ltr'><strong>sit</strong></span> <span class='ocrx_word' id='word_1_132' title='bbox 751 1868 926 1941; x_wconf 81' lang='lat' dir='ltr'><strong>labor,</strong></span> <span class='ocrx_word' id='word_1_133' title='bbox 952 1871 1051 1938; x_wconf 95' lang='lat' dir='ltr'><strong>qui</strong></span> <span class='ocrx_word' id='word_1_134' title='bbox 1079 1872 1250 1940; x_wconf 87' lang='lat' dir='ltr'><strong>possit</strong></span> <span class='ocrx_word' id='word_1_135' title='bbox 1276 1874 1606 1941; x_wconf 76' lang='lat' dir='ltr'><strong>repromissa:</strong></span> <span class='ocrx_word' id='word_1_136' title='bbox 1638 1872 1867 1927; x_wconf 85' lang='lat' dir='ltr'><strong>beatitu-</strong></span> 
     </span>
    </p>
   </div>
   <div class='ocr_carea' id='block_1_20' title="bbox 832 1939 1296 2011">
    <p class='ocr_par' dir='ltr' id='par_1_20' title="bbox 832 1939 1296 2011">
     <span class='ocr_line' id='line_1_20' title="bbox 832 1939 1296 2011; baseline 0.006 -19"><span class='ocrx_word' id='word_1_137' title='bbox 832 1939 951 1995; x_wconf 87' lang='lat' dir='ltr'><strong>dini</strong></span> <span class='ocrx_word' id='word_1_138' title='bbox 972 1939 1296 2011; x_wconf 88' lang='lat' dir='ltr'><strong>comparari.</strong></span> 
     </span>
    </p>
   </div>
   <div class='ocr_carea' id='block_1_21' title="bbox 336 2033 1863 2114">
    <p class='ocr_par' dir='ltr' id='par_1_21' title="bbox 336 2033 1863 2114">
     <span class='ocr_line' id='line_1_21' title="bbox 336 2033 1863 2114; baseline 0.002 -18"><span class='ocrx_word' id='word_1_139' title='bbox 336 2033 363 2071; x_wconf 76' lang='grc' dir='ltr'>δ</span> <span class='ocrx_word' id='word_1_140' title='bbox 394 2039 594 2096; x_wconf 88' lang='lat' dir='ltr'><strong>Omnis</strong></span> <span class='ocrx_word' id='word_1_141' title='bbox 619 2039 768 2096; x_wconf 91' lang='lat' dir='ltr'><strong>enim</strong></span> <span class='ocrx_word' id='word_1_142' title='bbox 808 2039 1124 2114; x_wconf 69' lang='lat' dir='ltr'><strong>longmvitas</strong></span> <span class='ocrx_word' id='word_1_143' title='bbox 1152 2040 1275 2098; x_wconf 72' lang='lat' dir='ltr'><strong>vita:</strong></span> <span class='ocrx_word' id='word_1_144' title='bbox 1311 2043 1608 2114; x_wconf 67' lang='lat' dir='ltr'><strong>praesentis,</strong></span> <span class='ocrx_word' id='word_1_145' title='bbox 1639 2058 1766 2099; x_wconf 83' lang='lat' dir='ltr'><strong>eum</strong></span> <span class='ocrx_word' id='word_1_146' title='bbox 1794 2042 1863 2099; x_wconf 91' lang='lat' dir='ltr'><strong>ad</strong></span> 
     </span>
    </p>
   </div>
   <div class='ocr_carea' id='block_1_22' title="bbox 266 2131 1865 2223">
    <p class='ocr_par' dir='ltr' id='par_1_22' title="bbox 266 2131 1865 2208">
     <span class='ocr_line' id='line_1_22' title="bbox 266 2131 1865 2208; baseline 0.003 -21"><span class='ocrx_word' id='word_1_147' title='bbox 266 2131 418 2189; x_wconf 89' lang='lat' dir='ltr'><strong>illam</strong></span> <span class='ocrx_word' id='word_1_148' title='bbox 462 2131 660 2191; x_wconf 63' lang='lat' dir='ltr'><strong>futura</strong></span> <span class='ocrx_word' id='word_1_149' title='bbox 702 2133 893 2206; x_wconf 75' lang='lat' dir='ltr'><strong>gloriae</strong></span> <span class='ocrx_word' id='word_1_150' title='bbox 934 2134 1329 2207; x_wconf 88' lang='lat' dir='ltr'><strong>perennitatem</strong></span> <span class='ocrx_word' id='word_1_151' title='bbox 1369 2135 1690 2208; x_wconf 88' lang='lat' dir='ltr'><strong>respexeris,</strong></span> <span class='ocrx_word' id='word_1_152' title='bbox 1733 2150 1865 2192; x_wconf 89' lang='lat' dir='ltr'><strong>eva-</strong></span> 
     </span>
    </p>
   </div>
   <div class='ocr_carea' id='block_1_23' title="bbox 262 2227 1863 2302">
    <p class='ocr_par' dir='ltr' id='par_1_23' title="bbox 262 2227 1863 2302">
     <span class='ocr_line' id='line_1_23' title="bbox 262 2227 1863 2302; baseline 0.002 -19"><span class='ocrx_word' id='word_1_153' title='bbox 262 2228 472 2298; x_wconf 84' lang='lat' dir='ltr'><strong>nescit;</strong></span> <span class='ocrx_word' id='word_1_154' title='bbox 509 2236 565 2285; x_wconf 91' lang='lat' dir='ltr'><strong>et</strong></span> <span class='ocrx_word' id='word_1_155' title='bbox 599 2227 820 2286; x_wconf 88' lang='lat' dir='ltr'><strong>dolores</strong></span> <span class='ocrx_word' id='word_1_156' title='bbox 856 2228 1038 2286; x_wconf 91' lang='lat' dir='ltr'><strong>cuncti</strong></span> <span class='ocrx_word' id='word_1_157' title='bbox 1070 2228 1533 2302; x_wconf 87' lang='lat' dir='ltr'><strong>contemplatione</strong></span> <span class='ocrx_word' id='word_1_158' title='bbox 1571 2229 1715 2287; x_wconf 91' lang='lat' dir='ltr'><strong>illius</strong></span> <span class='ocrx_word' id='word_1_159' title='bbox 1756 2229 1863 2286; x_wconf 90' lang='lat' dir='ltr'><strong>im-</strong></span> 
     </span>
    </p>
   </div>
   <div class='ocr_carea' id='block_1_24' title="bbox 1974 456 3570 533">
    <p class='ocr_par' dir='ltr' id='par_1_24' title="bbox 1974 456 3570 533">
     <span class='ocr_line' id='line_1_24' title="bbox 1974 456 3570 533; baseline 0.006 -21"><span class='ocrx_word' id='word_1_160' title='bbox 1974 456 2203 514; x_wconf 89' lang='lat' dir='ltr'><strong>nihilum</strong></span> <span class='ocrx_word' id='word_1_161' title='bbox 2234 458 2507 515; x_wconf 77' lang='lat' dir='ltr'><strong>extenuati</strong></span> <span class='ocrx_word' id='word_1_162' title='bbox 2530 458 2858 531; x_wconf 89' lang='lat' dir='ltr'><strong>liquescunt,</strong></span> <span class='ocrx_word' id='word_1_163' title='bbox 2887 467 2943 517; x_wconf 90' lang='lat' dir='ltr'><strong>et</strong></span> <span class='ocrx_word' id='word_1_164' title='bbox 2957 475 3250 533; x_wconf 85' lang='lat' dir='ltr'><strong>nusquam,</strong></span> <span class='ocrx_word' id='word_1_165' title='bbox 3282 470 3343 518; x_wconf 92' lang='lat' dir='ltr'><strong>ut</strong></span> <span class='ocrx_word' id='word_1_166' title='bbox 3369 463 3570 533; x_wconf 81' lang='lat' dir='ltr'><strong>favilla,</strong></span> 
     </span>
    </p>
   </div>
   <div class='ocr_carea' id='block_1_25' title="bbox 1973 559 2312 624">
    <p class='ocr_par' dir='ltr' id='par_1_25' title="bbox 1973 559 2312 624">
     <span class='ocr_line' id='line_1_25' title="bbox 1973 559 2312 624; baseline 0.006 -17"><span class='ocrx_word' id='word_1_167' title='bbox 1973 559 2312 624; x_wconf 88' lang='lat' dir='ltr'><strong>comparent.</strong></span> 
     </span>
    </p>
   </div>
   <div class='ocr_carea' id='block_1_26' title="bbox 2545 669 2985 726">
    <p class='ocr_par' dir='ltr' id='par_1_26' title="bbox 2545 669 2985 726">
     <span class='ocr_line' id='line_1_26' title="bbox 2545 669 2985 726; baseline -0.005 0"><span class='ocrx_word' id='word_1_168' title='bbox 2545 669 2790 726; x_wconf 81' lang='lat' dir='ltr'><strong>CAPUT</strong></span> <span class='ocrx_word' id='word_1_169' title='bbox 2826 670 2985 725; x_wconf 78' lang='lat' dir='ltr'><strong>XIII.</strong></span> 
     </span>
    </p>
   </div>
   <div class='ocr_carea' id='block_1_27' title="bbox 2031 772 3524 870">
    <p class='ocr_par' dir='ltr' id='par_1_27' title="bbox 2031 772 3524 870">
     <span class='ocr_line' id='line_1_27' title="bbox 2031 772 3524 870; baseline 0.004 -19"><span class='ocrx_word' id='word_1_170' title='bbox 2031 798 2277 853; x_wconf 86' lang='lat' dir='ltr'><strong>Traditio</strong></span> <span class='ocrx_word' id='word_1_171' title='bbox 2299 799 2565 853; x_wconf 85' lang='lat' dir='ltr'><strong>seniorum</strong></span> <span class='ocrx_word' id='word_1_172' title='bbox 2589 799 2655 853; x_wconf 88' lang='lat' dir='ltr'><strong>de</strong></span> <span class='ocrx_word' id='word_1_173' title='bbox 2673 798 3047 869; x_wconf 59' lang='lat' dir='ltr'><strong>consequantur</strong></span> <span class='ocrx_word' id='word_1_174' title='bbox 3066 802 3330 870; x_wconf 77' lang='lat' dir='ltr'><strong>puritatis</strong></span> 
     </span>
    </p>
   </div>
   <div class='ocr_carea' id='block_1_28' title="bbox 2046 925 3577 1003">
    <p class='ocr_par' dir='ltr' id='par_1_28' title="bbox 2046 925 3577 1003">
     <span class='ocr_line' id='line_1_28' title="bbox 2046 925 3577 1003; baseline 0.003 -22"><span class='ocrx_word' id='word_1_175' title='bbox 2046 927 2391 998; x_wconf 87' lang='lat' dir='ltr'><strong>Quapropter</strong></span> <span class='ocrx_word' id='word_1_176' title='bbox 2423 925 2539 1003; x_wconf 74' lang='lat' dir='ltr'><strong>jam</strong></span> <span class='ocrx_word' id='word_1_177' title='bbox 2582 934 2801 998; x_wconf 88' lang='lat' dir='ltr'><strong>tempus</strong></span> <span class='ocrx_word' id='word_1_178' title='bbox 2846 935 2928 984; x_wconf 89' lang='lat' dir='ltr'><strong>est</strong></span> <span class='ocrx_word' id='word_1_179' title='bbox 2955 936 3017 983; x_wconf 93' lang='lat' dir='ltr'><strong>ut</strong></span> <span class='ocrx_word' id='word_1_180' title='bbox 3054 928 3184 1000; x_wconf 88' lang='lat' dir='ltr'><strong>ipsis</strong></span> <span class='ocrx_word' id='word_1_181' title='bbox 3226 927 3422 1000; x_wconf 87' lang='lat' dir='ltr'><strong>quibus</strong></span> <span class='ocrx_word' id='word_1_182' title='bbox 3460 937 3577 985; x_wconf 86' lang='lat' dir='ltr'><strong>tra-</strong></span> 
     </span>
    </p>
   </div>
   <div class='ocr_carea' id='block_1_29' title="bbox 1975 1014 3575 1090">
    <p class='ocr_par' dir='ltr' id='par_1_29' title="bbox 1975 1014 3575 1090">
     <span class='ocr_line' id='line_1_29' title="bbox 1975 1014 3575 1090; baseline 0.004 -19"><span class='ocrx_word' id='word_1_183' title='bbox 1975 1014 2117 1071; x_wconf 91' lang='lat' dir='ltr'><strong>dunt</strong></span> <span class='ocrx_word' id='word_1_184' title='bbox 2154 1015 2332 1072; x_wconf 87' lang='lat' dir='ltr'><strong>verbis</strong></span> <span class='ocrx_word' id='word_1_185' title='bbox 2361 1018 2586 1072; x_wconf 88' lang='lat' dir='ltr'><strong>Patrum</strong></span> <span class='ocrx_word' id='word_1_186' title='bbox 2614 1017 2953 1074; x_wconf 84' lang='lat' dir='ltr'><strong>sententiam</strong></span> <span class='ocrx_word' id='word_1_187' title='bbox 2974 1018 3341 1090; x_wconf 85' lang='lat' dir='ltr'><strong>proferamus,</strong></span> <span class='ocrx_word' id='word_1_188' title='bbox 3382 1034 3575 1077; x_wconf 88' lang='lat' dir='ltr'><strong>eorum</strong></span> 
     </span>
    </p>
   </div>
   <div class='ocr_carea' id='block_1_30' title="bbox 1974 1108 3580 1185">
    <p class='ocr_par' dir='ltr' id='par_1_30' title="bbox 1974 1108 3580 1185">
     <span class='ocr_line' id='line_1_30' title="bbox 1974 1108 3580 1185; baseline 0.004 -20"><span class='ocrx_word' id='word_1_189' title='bbox 1974 1109 2177 1165; x_wconf 89' lang='lat' dir='ltr'><strong>scilicet</strong></span> <span class='ocrx_word' id='word_1_190' title='bbox 2211 1108 2304 1181; x_wconf 89' lang='lat' dir='ltr'><strong>qui</strong></span> <span class='ocrx_word' id='word_1_191' title='bbox 2333 1109 2472 1165; x_wconf 90' lang='lat' dir='ltr'><strong>viam</strong></span> <span class='ocrx_word' id='word_1_192' title='bbox 2510 1108 2858 1181; x_wconf 83' lang='lat' dir='ltr'><strong>perfectionis</strong></span> <span class='ocrx_word' id='word_1_193' title='bbox 2890 1120 2946 1167; x_wconf 91' lang='lat' dir='ltr'><strong>et</strong></span> <span class='ocrx_word' id='word_1_194' title='bbox 2972 1112 3291 1183; x_wconf 89' lang='lat' dir='ltr'><strong>qualitatem</strong></span> <span class='ocrx_word' id='word_1_195' title='bbox 3323 1114 3440 1185; x_wconf 88' lang='lat' dir='ltr'><strong>ejus</strong></span> <span class='ocrx_word' id='word_1_196' title='bbox 3465 1129 3580 1171; x_wconf 91' lang='lat' dir='ltr'><strong>non</strong></span> 
     </span>
    </p>
   </div>
   <div class='ocr_carea' id='block_1_31' title="bbox 1976 1201 3581 1276">
    <p class='ocr_par' dir='ltr' id='par_1_31' title="bbox 1976 1201 3581 1276">
     <span class='ocr_line' id='line_1_31' title="bbox 1976 1201 3581 1276; baseline 0.004 -18"><span class='ocrx_word' id='word_1_197' title='bbox 1976 1202 2269 1259; x_wconf 88' lang='lat' dir='ltr'><strong>verborum</strong></span> <span class='ocrx_word' id='word_1_198' title='bbox 2310 1201 2587 1274; x_wconf 65' lang='lat' dir='ltr'><strong>jactantia‘</strong></span> <span class='ocrx_word' id='word_1_199' title='bbox 2624 1202 3008 1275; x_wconf 84' lang='lat' dir='ltr'><strong>depinxerunt,</strong></span> <span class='ocrx_word' id='word_1_200' title='bbox 3062 1204 3159 1261; x_wconf 89' lang='lat' dir='ltr'><strong>sed</strong></span> <span class='ocrx_word' id='word_1_201' title='bbox 3198 1207 3382 1276; x_wconf 90' lang='lat' dir='ltr'><strong>potius</strong></span> <span class='ocrx_word' id='word_1_202' title='bbox 3422 1222 3482 1263; x_wconf 90' lang='lat' dir='ltr'><strong>re</strong></span> <span class='ocrx_word' id='word_1_203' title='bbox 3524 1216 3581 1264; x_wconf 91' lang='lat' dir='ltr'><strong>et</strong></span> 
     </span>
    </p>
   </div>
   <div class='ocr_carea' id='block_1_32' title="bbox 1974 1294 3579 1370">
    <p class='ocr_par' dir='ltr' id='par_1_32' title="bbox 1974 1294 3579 1370">
     <span class='ocr_line' id='line_1_32' title="bbox 1974 1294 3579 1370; baseline 0.004 -19"><span class='ocrx_word' id='word_1_204' title='bbox 1974 1310 2137 1367; x_wconf 88' lang='lat' dir='ltr'><strong>opere</strong></span> <span class='ocrx_word' id='word_1_205' title='bbox 2175 1310 2240 1351; x_wconf 91' lang='lat' dir='ltr'><strong>ac</strong></span> <span class='ocrx_word' id='word_1_206' title='bbox 2274 1294 2473 1352; x_wconf 88' lang='lat' dir='ltr'><strong>virtute</strong></span> <span class='ocrx_word' id='word_1_207' title='bbox 2511 1295 2737 1369; x_wconf 89' lang='lat' dir='ltr'><strong>spiritus</strong></span> <span class='ocrx_word' id='word_1_208' title='bbox 2778 1296 3140 1369; x_wconf 89' lang='lat' dir='ltr'><strong>possidentes,</strong></span> <span class='ocrx_word' id='word_1_209' title='bbox 3191 1300 3579 1370; x_wconf 81' lang='lat' dir='ltr'><strong>experimentis</strong></span> 
     </span>
    </p>
   </div>
   <div class='ocr_carea' id='block_1_33' title="bbox 1973 1389 3574 1462">
    <p class='ocr_par' dir='ltr' id='par_1_33' title="bbox 1973 1389 3574 1462">
     <span class='ocr_line' id='line_1_33' title="bbox 1973 1389 3574 1462; baseline 0 -16"><span class='ocrx_word' id='word_1_210' title='bbox 1973 1404 2098 1447; x_wconf 89' lang='lat' dir='ltr'><strong>eam</strong></span> <span class='ocrx_word' id='word_1_211' title='bbox 2148 1391 2381 1462; x_wconf 86' lang='lat' dir='ltr'><strong>propriis</strong></span> <span class='ocrx_word' id='word_1_212' title='bbox 2433 1397 2490 1447; x_wconf 91' lang='lat' dir='ltr'><strong>et</strong></span> <span class='ocrx_word' id='word_1_213' title='bbox 2527 1389 2792 1462; x_wconf 82' lang='lat' dir='ltr'><strong>exemplis</strong></span> <span class='ocrx_word' id='word_1_214' title='bbox 2834 1390 3158 1448; x_wconf 88' lang='lat' dir='ltr'><strong>certissimis</strong></span> <span class='ocrx_word' id='word_1_215' title='bbox 3210 1389 3574 1448; x_wconf 88' lang='lat' dir='ltr'><strong>tradiderunt.</strong></span> 
     </span>
    </p>
   </div>
   <div class='ocr_carea' id='block_1_34' title="bbox 1974 1483 3577 1557">
    <p class='ocr_par' dir='ltr' id='par_1_34' title="bbox 1974 1483 3577 1557">
     <span class='ocr_line' id='line_1_34' title="bbox 1974 1483 3577 1557; baseline 0.002 -19"><span class='ocrx_word' id='word_1_216' title='bbox 1974 1484 2148 1538; x_wconf 82' lang='lat' dir='ltr'><strong>Aiunt</strong></span> <span class='ocrx_word' id='word_1_217' title='bbox 2171 1483 2352 1555; x_wconf 87' lang='lat' dir='ltr'><strong>itaque</strong></span> <span class='ocrx_word' id='word_1_218' title='bbox 2374 1499 2487 1539; x_wconf 88' lang='lat' dir='ltr'><strong>non</strong></span> <span class='ocrx_word' id='word_1_219' title='bbox 2508 1498 2670 1556; x_wconf 88' lang='lat' dir='ltr'><strong>posse</strong></span> <span class='ocrx_word' id='word_1_220' title='bbox 2692 1483 2761 1540; x_wconf 85' lang='lat' dir='ltr'><strong>ad</strong></span> <span class='ocrx_word' id='word_1_221' title='bbox 2800 1499 3003 1556; x_wconf 89' lang='lat' dir='ltr'><strong>purum</strong></span> <span class='ocrx_word' id='word_1_222' title='bbox 3030 1485 3340 1557; x_wconf 89' lang='lat' dir='ltr'><strong>quempiam</strong></span> <span class='ocrx_word' id='word_1_223' title='bbox 3375 1501 3577 1542; x_wconf 89' lang='lat' dir='ltr'><strong>carna-</strong></span> 
     </span>
    </p>
   </div>
   <div class='ocr_carea' id='block_1_35' title="bbox 1970 1573 3578 1645">
    <p class='ocr_par' dir='ltr' id='par_1_35' title="bbox 1970 1573 3578 1645">
     <span class='ocr_line' id='line_1_35' title="bbox 1970 1573 3578 1645; baseline 0.003 -15"><span class='ocrx_word' id='word_1_224' title='bbox 1970 1573 2114 1631; x_wconf 90' lang='lat' dir='ltr'><strong>libus</strong></span> <span class='ocrx_word' id='word_1_225' title='bbox 2142 1574 2283 1629; x_wconf 87' lang='lat' dir='ltr'><strong>vitiis</strong></span> <span class='ocrx_word' id='word_1_226' title='bbox 2322 1574 2754 1645; x_wconf 89' lang='lat' dir='ltr'><strong>emundari,nisi</strong></span> <span class='ocrx_word' id='word_1_227' title='bbox 2783 1575 3095 1632; x_wconf 89' lang='lat' dir='ltr'><strong>universum</strong></span> <span class='ocrx_word' id='word_1_228' title='bbox 3129 1576 3376 1633; x_wconf 88' lang='lat' dir='ltr'><strong>laborem</strong></span> <span class='ocrx_word' id='word_1_229' title='bbox 3412 1593 3578 1634; x_wconf 89' lang='lat' dir='ltr'><strong>suum</strong></span> 
     </span>
    </p>
   </div>
   <div class='ocr_carea' id='block_1_36' title="bbox 1971 1665 3578 1739">
    <p class='ocr_par' dir='ltr' id='par_1_36' title="bbox 1971 1665 3578 1739">
     <span class='ocr_line' id='line_1_36' title="bbox 1971 1665 3578 1739; baseline 0.002 -16"><span class='ocrx_word' id='word_1_230' title='bbox 1971 1674 2140 1737; x_wconf 91' lang='lat' dir='ltr'><strong>atque</strong></span> <span class='ocrx_word' id='word_1_231' title='bbox 2167 1674 2426 1723; x_wconf 89' lang='lat' dir='ltr'><strong>conatum</strong></span> <span class='ocrx_word' id='word_1_232' title='bbox 2455 1666 2524 1723; x_wconf 92' lang='lat' dir='ltr'><strong>ad</strong></span> <span class='ocrx_word' id='word_1_233' title='bbox 2545 1675 2714 1723; x_wconf 64' lang='lat' dir='ltr'><strong>tanta</strong></span> <span class='ocrx_word' id='word_1_234' title='bbox 2732 1665 3083 1739; x_wconf 86' lang='lat' dir='ltr'><strong>perfectionis</strong></span> <span class='ocrx_word' id='word_1_235' title='bbox 3109 1667 3276 1725; x_wconf 81' lang='lat' dir='ltr'><strong>ﬁnem</strong></span> <span class='ocrx_word' id='word_1_236' title='bbox 3296 1668 3578 1726; x_wconf 81' lang='lat' dir='ltr'><strong>intellexe—</strong></span> 
     </span>
    </p>
   </div>
   <div class='ocr_carea' id='block_1_37' title="bbox 1901 1757 3581 1831">
    <p class='ocr_par' dir='ltr' id='par_1_37' title="bbox 1901 1757 3581 1831">
     <span class='ocr_line' id='line_1_37' title="bbox 1901 1757 3581 1831; baseline 0.002 -17"><span class='ocrx_word' id='word_1_237' title='bbox 1901 1760 1949 1822; x_wconf 92' lang='lat' dir='ltr'><strong>B</strong></span> <span class='ocrx_word' id='word_1_238' title='bbox 1979 1760 2052 1815; x_wconf 90' lang='lat' dir='ltr'><strong>rit</strong></span> <span class='ocrx_word' id='word_1_239' title='bbox 2085 1774 2197 1815; x_wconf 94' lang='lat' dir='ltr'><strong>non</strong></span> <span class='ocrx_word' id='word_1_240' title='bbox 2235 1773 2397 1831; x_wconf 86' lang='lat' dir='ltr'><strong>posse</strong></span> <span class='ocrx_word' id='word_1_241' title='bbox 2424 1757 2721 1829; x_wconf 80' lang='lat' dir='ltr'><strong>sufﬁcere;</strong></span> <span class='ocrx_word' id='word_1_242' title='bbox 2759 1774 2861 1815; x_wconf 91' lang='lat' dir='ltr'><strong>nec</strong></span> <span class='ocrx_word' id='word_1_243' title='bbox 2906 1775 3052 1828; x_wconf 90' lang='lat' dir='ltr'><strong>eam,</strong></span> <span class='ocrx_word' id='word_1_244' title='bbox 3090 1760 3195 1816; x_wconf 89' lang='lat' dir='ltr'><strong>nisi</strong></span> <span class='ocrx_word' id='word_1_245' title='bbox 3228 1761 3581 1818; x_wconf 85' lang='lat' dir='ltr'><strong>miseratione</strong></span> 
     </span>
    </p>
   </div>
   <div class='ocr_carea' id='block_1_38' title="bbox 1976 1852 3580 1925">
    <p class='ocr_par' dir='ltr' id='par_1_38' title="bbox 1976 1852 3580 1925">
     <span class='ocr_line' id='line_1_38' title="bbox 1976 1852 3580 1925; baseline 0.001 -16"><span class='ocrx_word' id='word_1_246' title='bbox 1976 1852 2077 1909; x_wconf 87' lang='lat' dir='ltr'><strong>Dei</strong></span> <span class='ocrx_word' id='word_1_247' title='bbox 2108 1860 2164 1908; x_wconf 91' lang='lat' dir='ltr'><strong>et</strong></span> <span class='ocrx_word' id='word_1_248' title='bbox 2205 1852 2480 1925; x_wconf 87' lang='lat' dir='ltr'><strong>adjutorio</strong></span> <span class='ocrx_word' id='word_1_249' title='bbox 2525 1852 2936 1924; x_wconf 84' lang='lat' dir='ltr'><strong>comprehendi,</strong></span> <span class='ocrx_word' id='word_1_250' title='bbox 2988 1869 3103 1910; x_wconf 91' lang='lat' dir='ltr'><strong>non</strong></span> <span class='ocrx_word' id='word_1_251' title='bbox 3147 1861 3261 1909; x_wconf 89' lang='lat' dir='ltr'><strong>tam</strong></span> <span class='ocrx_word' id='word_1_252' title='bbox 3309 1852 3580 1911; x_wconf 88' lang='lat' dir='ltr'><strong>tradentis</strong></span> 
     </span>
    </p>
   </div>
   <div class='ocr_carea' id='block_1_39' title="bbox 1970 1945 3580 2019">
    <p class='ocr_par' dir='ltr' id='par_1_39' title="bbox 1970 1945 3580 2019">
     <span class='ocr_line' id='line_1_39' title="bbox 1970 1945 3580 2019; baseline -0.001 -14"><span class='ocrx_word' id='word_1_253' title='bbox 1970 1946 2332 2015; x_wconf 87' lang='lat' dir='ltr'><strong>institutione,</strong></span> <span class='ocrx_word' id='word_1_254' title='bbox 2377 1960 2548 2019; x_wconf 89' lang='lat' dir='ltr'><strong>quam</strong></span> <span class='ocrx_word' id='word_1_255' title='bbox 2583 1945 2784 2003; x_wconf 88' lang='lat' dir='ltr'><strong>affectu</strong></span> <span class='ocrx_word' id='word_1_256' title='bbox 2825 1954 2991 2019; x_wconf 88' lang='lat' dir='ltr'><strong>atque</strong></span> <span class='ocrx_word' id='word_1_257' title='bbox 3029 1947 3230 2004; x_wconf 88' lang='lat' dir='ltr'><strong>virtute</strong></span> <span class='ocrx_word' id='word_1_258' title='bbox 3273 1955 3328 2004; x_wconf 91' lang='lat' dir='ltr'><strong>et</strong></span> <span class='ocrx_word' id='word_1_259' title='bbox 3370 1947 3580 2019; x_wconf 83' lang='lat' dir='ltr'><strong>experi-</strong></span> 
     </span>
    </p>
   </div>
   <div class='ocr_carea' id='block_1_40' title="bbox 1970 2037 3580 2113">
    <p class='ocr_par' dir='ltr' id='par_1_40' title="bbox 1970 2037 3580 2113">
     <span class='ocr_line' id='line_1_40' title="bbox 1970 2037 3580 2113; baseline 0 -16"><span class='ocrx_word' id='word_1_260' title='bbox 1970 2040 2168 2098; x_wconf 90' lang='lat' dir='ltr'><strong>mentis</strong></span> <span class='ocrx_word' id='word_1_261' title='bbox 2215 2038 2446 2113; x_wconf 89' lang='lat' dir='ltr'><strong>propriis</strong></span> <span class='ocrx_word' id='word_1_262' title='bbox 2486 2037 2731 2096; x_wconf 89' lang='lat' dir='ltr'><strong>eruditus</strong></span> <span class='ocrx_word' id='word_1_263' title='bbox 2781 2047 3061 2112; x_wconf 88' lang='lat' dir='ltr'><strong>agnoscat.</strong></span> <span class='ocrx_word' id='word_1_264' title='bbox 3110 2040 3197 2097; x_wconf 81' lang='lat' dir='ltr'><strong>Ad</strong></span> <span class='ocrx_word' id='word_1_265' title='bbox 3252 2040 3580 2112; x_wconf 85' lang='lat' dir='ltr'><strong>capessenda</strong></span> 
     </span>
    </p>
   </div>
   <div class='ocr_carea' id='block_1_41' title="bbox 1969 2130 3579 2205">
    <p class='ocr_par' dir='ltr' id='par_1_41' title="bbox 1969 2130 3579 2205">
     <span class='ocr_line' id='line_1_41' title="bbox 1969 2130 3579 2205; baseline -0.001 -15"><span class='ocrx_word' id='word_1_266' title='bbox 1969 2148 2207 2205; x_wconf 89' lang='lat' dir='ltr'><strong>namque</strong></span> <span class='ocrx_word' id='word_1_267' title='bbox 2243 2141 2359 2189; x_wconf 88' lang='lat' dir='ltr'><strong>tam</strong></span> <span class='ocrx_word' id='word_1_268' title='bbox 2394 2130 2681 2204; x_wconf 80' lang='lat' dir='ltr'><strong>magniﬁca</strong></span> <span class='ocrx_word' id='word_1_269' title='bbox 2709 2138 2934 2204; x_wconf 89' lang='lat' dir='ltr'><strong>tamque</strong></span> <span class='ocrx_word' id='word_1_270' title='bbox 2966 2133 3220 2205; x_wconf 76' lang='lat' dir='ltr'><strong>praecelsa</strong></span> <span class='ocrx_word' id='word_1_271' title='bbox 3247 2133 3498 2204; x_wconf 88' lang='lat' dir='ltr'><strong>puritatis</strong></span> <span class='ocrx_word' id='word_1_272' title='bbox 3524 2141 3579 2191; x_wconf 89' lang='lat' dir='ltr'><strong>et</strong></span> 
     </span>
    </p>
   </div>
   <div class='ocr_carea' id='block_1_42' title="bbox 1971 2225 3577 2300">
    <p class='ocr_par' dir='ltr' id='par_1_42' title="bbox 1971 2225 3577 2300">
     <span class='ocr_line' id='line_1_42' title="bbox 1971 2225 3577 2300; baseline -0.002 -15"><span class='ocrx_word' id='word_1_273' title='bbox 1971 2226 2296 2300; x_wconf 87' lang='lat' dir='ltr'><strong>integritatis</strong></span> <span class='ocrx_word' id='word_1_274' title='bbox 2338 2225 2632 2297; x_wconf 72' lang='lat' dir='ltr'><strong>praemia,c</strong></span> <span class='ocrx_word' id='word_1_275' title='bbox 2675 2225 3049 2298; x_wconf 88' lang='lat' dir='ltr'><strong>quantuslibet</strong></span> <span class='ocrx_word' id='word_1_276' title='bbox 3087 2225 3449 2300; x_wconf 85' lang='lat' dir='ltr'><strong>jejuniorum,</strong></span> <span class='ocrx_word' id='word_1_277' title='bbox 3501 2226 3577 2282; x_wconf 85' lang='lat' dir='ltr'><strong>vi-</strong></span> 
     </span>
    </p>
   </div>
   <div class='ocr_carea' id='block_1_43' title="bbox 1366 2347 2476 2406">
    <p class='ocr_par' dir='ltr' id='par_1_43' title="bbox 1366 2347 2476 2406">
     <span class='ocr_line' id='line_1_43' title="bbox 1366 2347 2476 2406; baseline -0.002 -2"><span class='ocrx_word' id='word_1_278' title='bbox 1366 2349 1623 2405; x_wconf 84' lang='lat' dir='ltr'><strong>ALARDI</strong></span> <span class='ocrx_word' id='word_1_279' title='bbox 1659 2350 1882 2406; x_wconf 69' lang='lat' dir='ltr'><strong>GAZ/EI</strong></span> <span class='ocrx_word' id='word_1_280' title='bbox 1919 2347 2476 2406; x_wconf 74' lang='lat' dir='ltr'><strong>COMMENTARIUS.</strong></span> 
     </span>
    </p>
   </div>
   <div class='ocr_carea' id='block_1_44' title="bbox 274 2454 1867 2525">
    <p class='ocr_par' dir='ltr' id='par_1_44' title="bbox 274 2454 1867 2525">
     <span class='ocr_line' id='line_1_44' title="bbox 274 2454 1867 2525; baseline 0.001 -16"><span class='ocrx_word' id='word_1_281' title='bbox 274 2457 533 2524; x_wconf 83' lang='lat' dir='ltr'><strong>optimum</strong></span> <span class='ocrx_word' id='word_1_282' title='bbox 557 2459 610 2510; x_wconf 88' lang='lat' dir='ltr'><strong>et</strong></span> <span class='ocrx_word' id='word_1_283' title='bbox 631 2470 783 2510; x_wconf 87' lang='lat' dir='ltr'><strong>omne</strong></span> <span class='ocrx_word' id='word_1_284' title='bbox 801 2454 1001 2509; x_wconf 86' lang='lat' dir='ltr'><strong>donum</strong></span> <span class='ocrx_word' id='word_1_285' title='bbox 1019 2455 1323 2525; x_wconf 81' lang='lat' dir='ltr'><strong>perfectum</strong></span> <span class='ocrx_word' id='word_1_286' title='bbox 1350 2456 1672 2512; x_wconf 81' lang='lat' dir='ltr'><strong>descendens</strong></span> <span class='ocrx_word' id='word_1_287' title='bbox 1699 2474 1736 2510; x_wconf 90' lang='lat' dir='ltr'><strong>a</strong></span> <span class='ocrx_word' id='word_1_288' title='bbox 1761 2460 1867 2512; x_wconf 86' lang='lat' dir='ltr'><strong>Pa-</strong></span> 
     </span>
    </p>
   </div>
   <div class='ocr_carea' id='block_1_45' title="bbox 273 2526 1864 2598">
    <p class='ocr_par' dir='ltr' id='par_1_45' title="bbox 273 2526 1864 2598">
     <span class='ocr_line' id='line_1_45' title="bbox 273 2526 1864 2598; baseline 0.003 -20"><span class='ocrx_word' id='word_1_289' title='bbox 273 2530 357 2598; x_wconf 77' lang='lat' dir='ltr'><strong>tre</strong></span> <span class='ocrx_word' id='word_1_290' title='bbox 375 2527 661 2598; x_wconf 79' lang='lat' dir='ltr'><strong>luminum,</strong></span> <span class='ocrx_word' id='word_1_291' title='bbox 680 2533 784 2598; x_wconf 76' lang='lat' dir='ltr'><strong>etc.</strong></span> <span class='ocrx_word' id='word_1_292' title='bbox 801 2526 942 2581; x_wconf 87' lang='lat' dir='ltr'><strong>Hinc</strong></span> <span class='ocrx_word' id='word_1_293' title='bbox 952 2526 1285 2598; x_wconf 78' lang='lat' dir='ltr'><strong>Augustinus</strong></span> <span class='ocrx_word' id='word_1_294' title='bbox 1298 2527 1591 2584; x_wconf 87' lang='lat' dir='ltr'><strong>Enchiridii</strong></span> <span class='ocrx_word' id='word_1_295' title='bbox 1616 2528 1737 2598; x_wconf 74' lang='lat' dir='ltr'><strong>cap.’</strong></span> <span class='ocrx_word' id='word_1_296' title='bbox 1768 2531 1864 2582; x_wconf 83' lang='lat'><strong>32:</strong></span> 
     </span>
    </p>
   </div>
   <div class='ocr_carea' id='block_1_46' title="bbox 273 2596 1869 2667">
    <p class='ocr_par' dir='ltr' id='par_1_46' title="bbox 273 2596 1869 2667">
     <span class='ocr_line' id='line_1_46' title="bbox 273 2596 1869 2667; baseline 0 -14"><span class='ocrx_word' id='word_1_297' title='bbox 273 2596 406 2653; x_wconf 83' lang='lat' dir='ltr'><strong>Cum</strong></span> <span class='ocrx_word' id='word_1_298' title='bbox 432 2596 807 2667; x_wconf 86' lang='lat' dir='ltr'><strong>proculdubio,</strong></span> <span class='ocrx_word' id='word_1_299' title='bbox 836 2598 887 2651; x_wconf 89' lang='lat' dir='ltr'><strong>si</strong></span> <span class='ocrx_word' id='word_1_300' title='bbox 907 2596 1065 2651; x_wconf 80' lang='lat' dir='ltr'><strong>homo</strong></span> <span class='ocrx_word' id='word_1_301' title='bbox 1090 2596 1207 2667; x_wconf 86' lang='lat' dir='ltr'><strong>ejus</strong></span> <span class='ocrx_word' id='word_1_302' title='bbox 1235 2599 1412 2653; x_wconf 64' lang='lat' dir='ltr'><strong>(etatis</strong></span> <span class='ocrx_word' id='word_1_303' title='bbox 1436 2602 1536 2661; x_wconf 89' lang='lat' dir='ltr'><strong>est,</strong></span> <span class='ocrx_word' id='word_1_304' title='bbox 1566 2602 1630 2652; x_wconf 92' lang='lat' dir='ltr'><strong>ut</strong></span> <span class='ocrx_word' id='word_1_305' title='bbox 1655 2596 1869 2653; x_wconf 78' lang='lat' dir='ltr'><strong>ratione</strong></span> 
     </span>
    </p>
   </div>
   <div class='ocr_carea' id='block_1_47' title="bbox 273 2667 1868 2737">
    <p class='ocr_par' dir='ltr' id='par_1_47' title="bbox 273 2667 1868 2737">
     <span class='ocr_line' id='line_1_47' title="bbox 273 2667 1868 2737; baseline 0.001 -17"><span class='ocrx_word' id='word_1_306' title='bbox 273 2672 486 2731; x_wconf 78' lang='lat' dir='ltr'><strong>utatur,</strong></span> <span class='ocrx_word' id='word_1_307' title='bbox 508 2682 615 2721; x_wconf 90' lang='lat' dir='ltr'><strong>non</strong></span> <span class='ocrx_word' id='word_1_308' title='bbox 628 2670 798 2736; x_wconf 83' lang='lat' dir='ltr'><strong>possit</strong></span> <span class='ocrx_word' id='word_1_309' title='bbox 816 2667 1047 2732; x_wconf 80' lang='lat' dir='ltr'><strong>credere,</strong></span> <span class='ocrx_word' id='word_1_310' title='bbox 1066 2682 1303 2737; x_wconf 85' lang='lat' dir='ltr'><strong>sperare,</strong></span> <span class='ocrx_word' id='word_1_311' title='bbox 1319 2669 1563 2737; x_wconf 73' lang='lat' dir='ltr'><strong>diligere,</strong></span> <span class='ocrx_word' id='word_1_312' title='bbox 1591 2670 1703 2723; x_wconf 87' lang='lat' dir='ltr'><strong>nisi</strong></span> <span class='ocrx_word' id='word_1_313' title='bbox 1722 2669 1868 2731; x_wconf 82' lang='lat' dir='ltr'><strong>velit,</strong></span> 
     </span>
    </p>
   </div>
   <div class='ocr_carea' id='block_1_48' title="bbox 272 2738 1903 2809">
    <p class='ocr_par' dir='ltr' id='par_1_48' title="bbox 272 2738 1903 2809">
     <span class='ocr_line' id='line_1_48' title="bbox 272 2738 1903 2809; baseline 0.001 -17"><span class='ocrx_word' id='word_1_314' title='bbox 272 2752 364 2792; x_wconf 87' lang='lat' dir='ltr'><strong>nec</strong></span> <span class='ocrx_word' id='word_1_315' title='bbox 376 2739 660 2807; x_wconf 67' lang='lat' dir='ltr'><strong>peruenire</strong></span> <span class='ocrx_word' id='word_1_316' title='bbox 686 2738 760 2791; x_wconf 86' lang='lat' dir='ltr'><strong>ad</strong></span> <span class='ocrx_word' id='word_1_317' title='bbox 773 2738 1015 2807; x_wconf 82' lang='lat' dir='ltr'><strong>palmam</strong></span> <span class='ocrx_word' id='word_1_318' title='bbox 1039 2754 1287 2809; x_wconf 65' lang='lat' dir='ltr'><strong>supernas</strong></span> <span class='ocrx_word' id='word_1_319' title='bbox 1308 2742 1601 2795; x_wconf 84' lang='lat' dir='ltr'><strong>vocationis</strong></span> <span class='ocrx_word' id='word_1_320' title='bbox 1623 2740 1741 2806; x_wconf 88' lang='lat' dir='ltr'><strong>Dei,</strong></span> <span class='ocrx_word' id='word_1_321' title='bbox 1760 2741 1872 2794; x_wconf 85' lang='lat' dir='ltr'><strong>nisi</strong></span> <span class='ocrx_word' id='word_1_322' title='bbox 1900 2764 1903 2783; x_wconf 78' lang='grc' dir='ltr'><strong>ε</strong></span> 
     </span>
    </p>
   </div>
   <div class='ocr_carea' id='block_1_49' title="bbox 274 2809 1865 2879">
    <p class='ocr_par' dir='ltr' id='par_1_49' title="bbox 274 2809 1865 2879">
     <span class='ocr_line' id='line_1_49' title="bbox 274 2809 1865 2879; baseline 0.002 -17"><span class='ocrx_word' id='word_1_323' title='bbox 274 2809 551 2863; x_wconf 69' lang='lat' dir='ltr'><strong>voluntate</strong></span> <span class='ocrx_word' id='word_1_324' title='bbox 576 2810 902 2874; x_wconf 80' lang='lat' dir='ltr'><strong>cucurrerit;</strong></span> <span class='ocrx_word' id='word_1_325' title='bbox 932 2809 1191 2878; x_wconf 89' lang='lat' dir='ltr'><strong>quomodo</strong></span> <span class='ocrx_word' id='word_1_326' title='bbox 1219 2825 1342 2879; x_wconf 86' lang='lat' dir='ltr'><strong>ergo</strong></span> <span class='ocrx_word' id='word_1_327' title='bbox 1365 2825 1473 2865; x_wconf 88' lang='lat' dir='ltr'><strong>non</strong></span> <span class='ocrx_word' id='word_1_328' title='bbox 1496 2811 1741 2871; x_wconf 79' lang='lat' dir='ltr'><strong>volentis,</strong></span> <span class='ocrx_word' id='word_1_329' title='bbox 1774 2825 1865 2865; x_wconf 85' lang='lat' dir='ltr'><strong>ne-</strong></span> 
     </span>
    </p>
   </div>
   <div class='ocr_carea' id='block_1_50' title="bbox 270 2879 1868 2951">
    <p class='ocr_par' dir='ltr' id='par_1_50' title="bbox 270 2879 1868 2951">
     <span class='ocr_line' id='line_1_50' title="bbox 270 2879 1868 2951; baseline 0.001 -18"><span class='ocrx_word' id='word_1_330' title='bbox 270 2894 373 2951; x_wconf 86' lang='lat' dir='ltr'><strong>que</strong></span> <span class='ocrx_word' id='word_1_331' title='bbox 393 2881 679 2942; x_wconf 83' lang='lat' dir='ltr'><strong>currentis,</strong></span> <span class='ocrx_word' id='word_1_332' title='bbox 706 2879 800 2933; x_wconf 88' lang='lat' dir='ltr'><strong>sed</strong></span> <span class='ocrx_word' id='word_1_333' title='bbox 822 2881 1123 2935; x_wconf 83' lang='lat' dir='ltr'><strong>miserentis</strong></span> <span class='ocrx_word' id='word_1_334' title='bbox 1147 2885 1223 2935; x_wconf 89' lang='lat' dir='ltr'><strong>cst</strong></span> <span class='ocrx_word' id='word_1_335' title='bbox 1247 2883 1382 2951; x_wconf 85' lang='lat' dir='ltr'><strong>Dei?</strong></span> <span class='ocrx_word' id='word_1_336' title='bbox 1398 2883 1512 2936; x_wconf 88' lang='lat' dir='ltr'><strong>nisi</strong></span> <span class='ocrx_word' id='word_1_337' title='bbox 1527 2882 1660 2951; x_wconf 87' lang='lat' dir='ltr'><strong>quia</strong></span> <span class='ocrx_word' id='word_1_338' title='bbox 1680 2883 1730 2934; x_wconf 88' lang='lat' dir='ltr'><strong>et</strong></span> <span class='ocrx_word' id='word_1_339' title='bbox 1745 2880 1868 2951; x_wconf 82' lang='lat' dir='ltr'><strong>ipsa</strong></span> 
     </span>
    </p>
   </div>
   <div class='ocr_carea' id='block_1_51' title="bbox 272 2950 1867 3022">
    <p class='ocr_par' dir='ltr' id='par_1_51' title="bbox 272 2950 1867 3022">
     <span class='ocr_line' id='line_1_51' title="bbox 272 2950 1867 3022; baseline 0.001 -19"><span class='ocrx_word' id='word_1_340' title='bbox 272 2950 541 3012; x_wconf 74' lang='lat' dir='ltr'><strong>coltmtas,</strong></span> <span class='ocrx_word' id='word_1_341' title='bbox 566 2951 707 3003; x_wconf 81' lang='lat' dir='ltr'><strong>sicut</strong></span> <span class='ocrx_word' id='word_1_342' title='bbox 730 2951 993 3022; x_wconf 83' lang='lat' dir='ltr'><strong>scriptum</strong></span> <span class='ocrx_word' id='word_1_343' title='bbox 1020 2955 1117 3012; x_wconf 90' lang='lat' dir='ltr'><strong>est,</strong></span> <span class='ocrx_word' id='word_1_344' title='bbox 1147 2966 1182 3004; x_wconf 88' lang='lat' dir='ltr'><strong>a</strong></span> <span class='ocrx_word' id='word_1_345' title='bbox 1201 2955 1305 3006; x_wconf 88' lang='lat' dir='ltr'><strong>Deo</strong></span> <span class='ocrx_word' id='word_1_346' title='bbox 1318 2950 1680 3022; x_wconf 76' lang='lat' dir='ltr'><strong>prceparatur.</strong></span> <span class='ocrx_word' id='word_1_347' title='bbox 1704 2950 1867 3005; x_wconf 85' lang='lat' dir='ltr'><strong>Alio-</strong></span> 
     </span>
    </p>
   </div>
   <div class='ocr_carea' id='block_1_52' title="bbox 272 3021 1864 3091">
    <p class='ocr_par' dir='ltr' id='par_1_52' title="bbox 272 3021 1864 3091">
     <span class='ocr_line' id='line_1_52' title="bbox 272 3021 1864 3091; baseline 0.001 -17"><span class='ocrx_word' id='word_1_348' title='bbox 272 3022 406 3089; x_wconf 85' lang='lat' dir='ltr'><strong>quin</strong></span> <span class='ocrx_word' id='word_1_349' title='bbox 433 3023 485 3075; x_wconf 90' lang='lat' dir='ltr'><strong>si</strong></span> <span class='ocrx_word' id='word_1_350' title='bbox 489 3024 779 3090; x_wconf 85' lang='lat' dir='ltr'><strong>propterea</strong></span> <span class='ocrx_word' id='word_1_351' title='bbox 799 3021 1001 3075; x_wconf 88' lang='lat' dir='ltr'><strong>dictum</strong></span> <span class='ocrx_word' id='word_1_352' title='bbox 1022 3026 1119 3084; x_wconf 86' lang='lat' dir='ltr'><strong>est,</strong></span> <span class='ocrx_word' id='word_1_353' title='bbox 1150 3023 1266 3078; x_wconf 86' lang='lat' dir='ltr'><strong>Non</strong></span> <span class='ocrx_word' id='word_1_354' title='bbox 1286 3021 1528 3085; x_wconf 80' lang='lat' dir='ltr'><strong>colentis,</strong></span> <span class='ocrx_word' id='word_1_355' title='bbox 1548 3037 1719 3091; x_wconf 86' lang='lat' dir='ltr'><strong>neque</strong></span> <span class='ocrx_word' id='word_1_356' title='bbox 1737 3037 1864 3076; x_wconf 86' lang='lat' dir='ltr'><strong>cur-</strong></span> 
     </span>
    </p>
   </div>
   <div class='ocr_carea' id='block_1_53' title="bbox 272 3091 1864 3162">
    <p class='ocr_par' dir='ltr' id='par_1_53' title="bbox 272 3091 1864 3162">
     <span class='ocr_line' id='line_1_53' title="bbox 272 3091 1864 3162; baseline 0.002 -19"><span class='ocrx_word' id='word_1_357' title='bbox 272 3092 461 3152; x_wconf 86' lang='lat' dir='ltr'><strong>rentis,</strong></span> <span class='ocrx_word' id='word_1_358' title='bbox 478 3091 573 3145; x_wconf 86' lang='lat' dir='ltr'><strong>sed</strong></span> <span class='ocrx_word' id='word_1_359' title='bbox 588 3091 890 3162; x_wconf 86' lang='lat' dir='ltr'><strong>miserentis</strong></span> <span class='ocrx_word' id='word_1_360' title='bbox 903 3096 980 3145; x_wconf 90' lang='lat' dir='ltr'><strong>est</strong></span> <span class='ocrx_word' id='word_1_361' title='bbox 1000 3093 1130 3157; x_wconf 86' lang='lat' dir='ltr'><strong>Dei;</strong></span> <span class='ocrx_word' id='word_1_362' title='bbox 1159 3093 1291 3160; x_wconf 89' lang='lat' dir='ltr'><strong>quia</strong></span> <span class='ocrx_word' id='word_1_363' title='bbox 1319 3108 1387 3147; x_wconf 76' lang='lat' dir='ltr'><strong>ea:</strong></span> <span class='ocrx_word' id='word_1_364' title='bbox 1414 3097 1643 3162; x_wconf 86' lang='lat' dir='ltr'><strong>utroque</strong></span> <span class='ocrx_word' id='word_1_365' title='bbox 1671 3094 1763 3154; x_wconf 89' lang='lat' dir='ltr'><strong>sit,</strong></span> <span class='ocrx_word' id='word_1_366' title='bbox 1803 3093 1864 3146; x_wconf 95' lang='lat' dir='ltr'><strong>id</strong></span> 
     </span>
    </p>
   </div>
   <div class='ocr_carea' id='block_1_54' title="bbox 1976 2452 3577 2528">
    <p class='ocr_par' dir='ltr' id='par_1_54' title="bbox 1976 2452 3577 2528">
     <span class='ocr_line' id='line_1_54' title="bbox 1976 2452 3577 2528; baseline -0.002 -16"><span class='ocrx_word' id='word_1_367' title='bbox 1976 2472 2099 2528; x_wconf 74' lang='lat' dir='ltr'><strong>quae</strong></span> <span class='ocrx_word' id='word_1_368' title='bbox 2140 2463 2329 2528; x_wconf 86' lang='lat' dir='ltr'><strong>tamen</strong></span> <span class='ocrx_word' id='word_1_369' title='bbox 2371 2469 2469 2525; x_wconf 91' lang='lat' dir='ltr'><strong>per</strong></span> <span class='ocrx_word' id='word_1_370' title='bbox 2510 2467 2576 2528; x_wconf 30' lang='lat' dir='ltr'><strong>se.</strong></span> <span class='ocrx_word' id='word_1_371' title='bbox 2612 2468 2724 2510; x_wconf 92' lang='lat' dir='ltr'><strong>non</strong></span> <span class='ocrx_word' id='word_1_372' title='bbox 2759 2452 3066 2528; x_wconf 72' lang='lat' dir='ltr'><strong>sufﬁciunt;</strong></span> <span class='ocrx_word' id='word_1_373' title='bbox 3112 2455 3282 2528; x_wconf 7' lang='lat' dir='ltr'><strong>immeo</strong></span> <span class='ocrx_word' id='word_1_374' title='bbox 3325 2468 3427 2528; x_wconf 84' lang='lat' dir='ltr'><strong>nec</strong></span> <span class='ocrx_word' id='word_1_375' title='bbox 3461 2453 3577 2526; x_wconf 89' lang='lat' dir='ltr'><strong>ipsa</strong></span> 
     </span>
    </p>
   </div>
   <div class='ocr_carea' id='block_1_55' title="bbox 1977 2523 3576 2598">
    <p class='ocr_par' dir='ltr' id='par_1_55' title="bbox 1977 2523 3576 2598">
     <span class='ocr_line' id='line_1_55' title="bbox 1977 2523 3576 2598; baseline -0.002 -15"><span class='ocrx_word' id='word_1_376' title='bbox 1977 2523 2236 2598; x_wconf 59' lang='lat' dir='ltr'><strong>praestari</strong></span> <span class='ocrx_word' id='word_1_377' title='bbox 2263 2523 2497 2596; x_wconf 69' lang='lat' dir='ltr'><strong>possunt</strong></span> <span class='ocrx_word' id='word_1_378' title='bbox 2535 2523 2650 2598; x_wconf 81' lang='lat' dir='ltr'><strong>sine</strong></span> <span class='ocrx_word' id='word_1_379' title='bbox 2688 2526 2905 2598; x_wconf 81' lang='lat' dir='ltr'><strong>speciali</strong></span> <span class='ocrx_word' id='word_1_380' title='bbox 2952 2526 3050 2581; x_wconf 91' lang='lat' dir='ltr'><strong>Dei</strong></span> <span class='ocrx_word' id='word_1_381' title='bbox 3090 2526 3311 2598; x_wconf 80' lang='lat' dir='ltr'><strong>auxilio,</strong></span> <span class='ocrx_word' id='word_1_382' title='bbox 3352 2524 3430 2598; x_wconf 89' lang='lat' dir='ltr'><strong>de</strong></span> <span class='ocrx_word' id='word_1_383' title='bbox 3467 2523 3576 2596; x_wconf 83' lang='lat' dir='ltr'><strong>quo</strong></span> 
     </span>
    </p>
   </div>
   <div class='ocr_carea' id='block_1_56' title="bbox 1976 2594 3576 2667">
    <p class='ocr_par' dir='ltr' id='par_1_56' title="bbox 1976 2594 3576 2667">
     <span class='ocr_line' id='line_1_56' title="bbox 1976 2594 3576 2667; baseline -0.002 -14"><span class='ocrx_word' id='word_1_384' title='bbox 1976 2594 2113 2653; x_wconf 79' lang='lat' dir='ltr'><strong>alias</strong></span> <span class='ocrx_word' id='word_1_385' title='bbox 2159 2594 2377 2667; x_wconf 80' lang='lat' dir='ltr'><strong>egimus</strong></span> <span class='ocrx_word' id='word_1_386' title='bbox 2420 2603 2475 2667; x_wconf 81' lang='lat' dir='ltr'><strong>et</strong></span> <span class='ocrx_word' id='word_1_387' title='bbox 2513 2594 2639 2650; x_wconf 88' lang='lat' dir='ltr'><strong>alibi</strong></span> <span class='ocrx_word' id='word_1_388' title='bbox 2676 2594 2898 2666; x_wconf 83' lang='lat' dir='ltr'><strong>plenius</strong></span> <span class='ocrx_word' id='word_1_389' title='bbox 2936 2596 3110 2667; x_wconf 66' lang='lat' dir='ltr'><strong>acturi</strong></span> <span class='ocrx_word' id='word_1_390' title='bbox 3146 2610 3360 2667; x_wconf 86' lang='lat' dir='ltr'><strong>sumus.</strong></span> <span class='ocrx_word' id='word_1_391' title='bbox 3406 2594 3576 2651; x_wconf 77' lang='lat' dir='ltr'><strong>Porro</strong></span> 
     </span>
    </p>
   </div>
   <div class='ocr_carea' id='block_1_57' title="bbox 1979 2664 3581 2738">
    <p class='ocr_par' dir='ltr' id='par_1_57' title="bbox 1979 2664 3581 2738">
     <span class='ocr_line' id='line_1_57' title="bbox 1979 2664 3581 2738; baseline -0.002 -15"><span class='ocrx_word' id='word_1_392' title='bbox 1979 2682 2103 2738; x_wconf 85' lang='lat' dir='ltr'><strong>quae</strong></span> <span class='ocrx_word' id='word_1_393' title='bbox 2146 2664 2220 2738; x_wconf 73' lang='lat' dir='ltr'><strong>de</strong></span> <span class='ocrx_word' id='word_1_394' title='bbox 2253 2664 2587 2738; x_wconf 73' lang='lat' dir='ltr'><strong>perfectique</strong></span> <span class='ocrx_word' id='word_1_395' title='bbox 2625 2664 3007 2738; x_wconf 77' lang='lat' dir='ltr'><strong>cdnsequenda</strong></span> <span class='ocrx_word' id='word_1_396' title='bbox 3039 2674 3160 2738; x_wconf 83' lang='lat' dir='ltr'><strong>tum</strong></span> <span class='ocrx_word' id='word_1_397' title='bbox 3188 2665 3295 2738; x_wconf 77' lang='lat' dir='ltr'><strong>hic,</strong></span> <span class='ocrx_word' id='word_1_398' title='bbox 3336 2673 3456 2738; x_wconf 81' lang='lat' dir='ltr'><strong>tum</strong></span> <span class='ocrx_word' id='word_1_399' title='bbox 3490 2680 3581 2720; x_wconf 89' lang='lat' dir='ltr'><strong>su-</strong></span> 
     </span>
    </p>
   </div>
   <div class='ocr_carea' id='block_1_58' title="bbox 1981 2733 3581 2808">
    <p class='ocr_par' dir='ltr' id='par_1_58' title="bbox 1981 2733 3581 2808">
     <span class='ocr_line' id='line_1_58' title="bbox 1981 2733 3581 2808; baseline -0.002 -15"><span class='ocrx_word' id='word_1_400' title='bbox 1981 2733 2289 2808; x_wconf 76' lang='lat' dir='ltr'><strong>perioribus</strong></span> <span class='ocrx_word' id='word_1_401' title='bbox 2337 2734 2610 2808; x_wconf 84' lang='lat' dir='ltr'><strong>capitibus</strong></span> <span class='ocrx_word' id='word_1_402' title='bbox 2660 2733 2974 2808; x_wconf 76' lang='lat' dir='ltr'><strong>traduntur,</strong></span> <span class='ocrx_word' id='word_1_403' title='bbox 3027 2733 3126 2789; x_wconf 86' lang='lat' dir='ltr'><strong>etsi</strong></span> <span class='ocrx_word' id='word_1_404' title='bbox 3175 2734 3351 2804; x_wconf 89' lang='lat' dir='ltr'><strong>prima</strong></span> <span class='ocrx_word' id='word_1_405' title='bbox 3402 2733 3581 2790; x_wconf 87' lang='lat' dir='ltr'><strong>fronte</strong></span> 
     </span>
    </p>
   </div>
   <div class='ocr_carea' id='block_1_59' title="bbox 1974 2803 3584 2877">
    <p class='ocr_par' dir='ltr' id='par_1_59' title="bbox 1974 2803 3584 2877">
     <span class='ocr_line' id='line_1_59' title="bbox 1974 2803 3584 2877; baseline -0.004 -13"><span class='ocrx_word' id='word_1_406' title='bbox 1974 2803 2110 2863; x_wconf 74' lang='lat' dir='ltr'><strong>sana</strong></span> <span class='ocrx_word' id='word_1_407' title='bbox 2140 2806 2343 2874; x_wconf 89' lang='lat' dir='ltr'><strong>omnia,</strong></span> <span class='ocrx_word' id='word_1_408' title='bbox 2380 2803 2468 2877; x_wconf 84' lang='lat' dir='ltr'><strong>pia</strong></span> <span class='ocrx_word' id='word_1_409' title='bbox 2506 2811 2561 2859; x_wconf 91' lang='lat' dir='ltr'><strong>et</strong></span> <span class='ocrx_word' id='word_1_410' title='bbox 2588 2803 2856 2877; x_wconf 82' lang='lat' dir='ltr'><strong>cathelica</strong></span> <span class='ocrx_word' id='word_1_411' title='bbox 2890 2803 3221 2877; x_wconf 54' lang='lat' dir='ltr'><strong>videantur,</strong></span> <span class='ocrx_word' id='word_1_412' title='bbox 3240 2811 3304 2858; x_wconf 92' lang='lat' dir='ltr'><strong>ut</strong></span> <span class='ocrx_word' id='word_1_413' title='bbox 3338 2811 3467 2858; x_wconf 88' lang='lat' dir='ltr'><strong>sunt</strong></span> <span class='ocrx_word' id='word_1_414' title='bbox 3498 2818 3584 2858; x_wconf 86' lang='lat' dir='ltr'><strong>re-</strong></span> 
     </span>
    </p>
   </div>
   <div class='ocr_carea' id='block_1_60' title="bbox 1974 2872 3585 2946">
    <p class='ocr_par' dir='ltr' id='par_1_60' title="bbox 1974 2872 3585 2946">
     <span class='ocr_line' id='line_1_60' title="bbox 1974 2872 3585 2946; baseline -0.004 -13"><span class='ocrx_word' id='word_1_415' title='bbox 1974 2893 2119 2946; x_wconf 89' lang='lat' dir='ltr'><strong>vera,</strong></span> <span class='ocrx_word' id='word_1_416' title='bbox 2169 2877 2215 2933; x_wconf 91' lang='lat' dir='ltr'><strong>si</strong></span> <span class='ocrx_word' id='word_1_417' title='bbox 2261 2872 2397 2932; x_wconf 79' lang='lat' dir='ltr'><strong>sand</strong></span> <span class='ocrx_word' id='word_1_418' title='bbox 2443 2883 2498 2931; x_wconf 89' lang='lat' dir='ltr'><strong>et</strong></span> <span class='ocrx_word' id='word_1_419' title='bbox 2531 2874 2801 2931; x_wconf 90' lang='lat' dir='ltr'><strong>catholico</strong></span> <span class='ocrx_word' id='word_1_420' title='bbox 2842 2888 3008 2946; x_wconf 79' lang='lat' dir='ltr'><strong>sensu</strong></span> <span class='ocrx_word' id='word_1_421' title='bbox 3022 2945 3028 2946; x_wconf 14' lang='grc' dir='ltr'>ί</span> <span class='ocrx_word' id='word_1_422' title='bbox 3052 2872 3449 2946; x_wconf 84' lang='lat' dir='ltr'><strong>intelligantur;</strong></span> <span class='ocrx_word' id='word_1_423' title='bbox 3493 2880 3585 2946; x_wconf 81' lang='lat' dir='ltr'><strong>ta-</strong></span> 
     </span>
    </p>
   </div>
   <div class='ocr_carea' id='block_1_61' title="bbox 1974 2943 3584 3017">
    <p class='ocr_par' dir='ltr' id='par_1_61' title="bbox 1974 2943 3584 3017">
     <span class='ocr_line' id='line_1_61' title="bbox 1974 2943 3584 3017; baseline -0.002 -14"><span class='ocrx_word' id='word_1_424' title='bbox 1974 2943 2442 3005; x_wconf 53' lang='lat' dir='ltr'><strong>men&#39;secundum</strong></span> <span class='ocrx_word' id='word_1_425' title='bbox 2483 2953 2726 3002; x_wconf 90' lang='lat' dir='ltr'><strong>mentem</strong></span> <span class='ocrx_word' id='word_1_426' title='bbox 2767 2953 2822 3001; x_wconf 91' lang='lat' dir='ltr'><strong>et</strong></span> <span class='ocrx_word' id='word_1_427' title='bbox 2861 2943 3277 3017; x_wconf 76' lang='lat' dir='ltr'><strong>intelligentiam</strong></span> <span class='ocrx_word' id='word_1_428' title='bbox 3320 2943 3584 3017; x_wconf 81' lang='lat' dir='ltr'><strong>Auctoris</strong></span> 
     </span>
    </p>
   </div>
   <div class='ocr_carea' id='block_1_62' title="bbox 1971 3013 3584 3088">
    <p class='ocr_par' dir='ltr' id='par_1_62' title="bbox 1971 3013 3584 3088">
     <span class='ocr_line' id='line_1_62' title="bbox 1971 3013 3584 3088; baseline -0.004 -13"><span class='ocrx_word' id='word_1_429' title='bbox 1971 3035 2081 3075; x_wconf 93' lang='lat' dir='ltr'><strong>non</strong></span> <span class='ocrx_word' id='word_1_430' title='bbox 2117 3020 2189 3075; x_wconf 90' lang='lat' dir='ltr'><strong>ita</strong></span> <span class='ocrx_word' id='word_1_431' title='bbox 2214 3033 2273 3074; x_wconf 91' lang='lat' dir='ltr'><strong>se</strong></span> <span class='ocrx_word' id='word_1_432' title='bbox 2303 3017 2527 3085; x_wconf 87' lang='lat' dir='ltr'><strong>habent,</strong></span> <span class='ocrx_word' id='word_1_433' title='bbox 2565 3023 2629 3072; x_wconf 89' lang='lat' dir='ltr'><strong>ut</strong></span> <span class='ocrx_word' id='word_1_434' title='bbox 2668 3031 2781 3088; x_wconf 73' lang='lat' dir='ltr'><strong>pra:</strong></span> <span class='ocrx_word' id='word_1_435' title='bbox 2814 3030 2876 3072; x_wconf 90' lang='lat' dir='ltr'><strong>se</strong></span> <span class='ocrx_word' id='word_1_436' title='bbox 2914 3013 3300 3088; x_wconf 77' lang='lat' dir='ltr'><strong>ferunt.__N_am</strong></span> <span class='ocrx_word' id='word_1_437' title='bbox 3323 3013 3584 3088; x_wconf 90' lang='lat' dir='ltr'><strong>_sub_no-</strong></span> 
     </span>
    </p>
   </div>
   <div class='ocr_carea' id='block_1_63' title="bbox 1970 3084 3586 3160">
    <p class='ocr_par' dir='ltr' id='par_1_63' title="bbox 1970 3084 3586 3160">
     <span class='ocr_line' id='line_1_63' title="bbox 1970 3084 3586 3160; baseline -0.003 -15"><span class='ocrx_word' id='word_1_438' title='bbox 1970 3091 2116 3146; x_wconf 88' lang='lat' dir='ltr'><strong>mine</strong></span> <span class='ocrx_word' id='word_1_439' title='bbox 2156 3084 2521 3160; x_wconf 83' lang='lat' dir='ltr'><strong>perfectionis</strong></span> <span class='ocrx_word' id='word_1_440' title='bbox 2546 3084 2687 3145; x_wconf 48' lang='lat' dir='ltr'><strong>latet‘</strong></span> <span class='ocrx_word' id='word_1_441' title='bbox 2709 3103 2887 3160; x_wconf 83' lang='lat' dir='ltr'><strong>error,</strong></span> <span class='ocrx_word' id='word_1_442' title='bbox 2930 3093 2985 3142; x_wconf 91' lang='lat' dir='ltr'><strong>et</strong></span> <span class='ocrx_word' id='word_1_443' title='bbox 3009 3093 3083 3160; x_wconf 80' lang='lat' dir='ltr'><strong>_ut</strong></span> <span class='ocrx_word' id='word_1_444' title='bbox 3107 3084 3218 3160; x_wconf 76' lang='lat' dir='ltr'><strong>dici</strong></span> <span class='ocrx_word' id='word_1_445' title='bbox 3256 3084 3586 3160; x_wconf 85' lang='lat' dir='ltr'><strong>solet;_lat_et</strong></span> 
     </span>
    </p>
   </div>
   <div class='ocr_carea' id='block_1_64' title="bbox 269 3154 3582 3253">
    <p class='ocr_par' dir='ltr' id='par_1_64' title="bbox 269 3154 3582 3253">
     <span class='ocr_line' id='line_1_64' title="bbox 269 3154 3582 3253; baseline 0 0"><span class='ocrx_word' id='word_1_446' title='bbox 269 3164 479 3253; x_wconf 49' lang='lat' dir='ltr'><strong>stage</strong></span> <span class='ocrx_word' id='word_1_447' title='bbox 500 3162 774 3253; x_wconf 52' lang='lat' dir='ltr'><strong>utentes</strong></span> <span class='ocrx_word' id='word_1_448' title='bbox 793 3161 1028 3253; x_wconf 59' lang='grc' dir='ltr'><strong>ἒονξιέῖιίξ</strong></span> <span class='ocrx_word' id='word_1_449' title='bbox 1057 3154 1123 3253; x_wconf 61' lang='grc' dir='ltr'><strong>ρξ’</strong></span> <span class='ocrx_word' id='word_1_450' title='bbox 1143 3154 1508 3253; x_wconf 49' lang='lat' dir='ltr'><strong>suum</strong></span> <span class='ocrx_word' id='word_1_451' title='bbox 1546 3154 1756 3253; x_wconf 48' lang='grc' dir='ltr'><strong>δείδιε</strong></span> <span class='ocrx_word' id='word_1_452' title='bbox 1785 3165 1865 3253; x_wconf 69' lang='grc' dir='ltr'><strong>δίε</strong></span> <span class='ocrx_word' id='word_1_453' title='bbox 1893 3190 1937 3253; x_wconf 89' lang='lat' dir='ltr'><strong>c</strong></span> <span class='ocrx_word' id='word_1_454' title='bbox 1969 3154 2172 3253; x_wconf 53' lang='grc' dir='ltr'><strong>αησιέίέ</strong></span> <span class='ocrx_word' id='word_1_455' title='bbox 2185 3163 2274 3253; x_wconf 64' lang='grc' dir='ltr'><strong>τίη</strong></span> <span class='ocrx_word' id='word_1_456' title='bbox 2310 3161 2492 3253; x_wconf 58' lang='lat' dir='ltr'><strong>habe.-</strong></span> <span class='ocrx_word' id='word_1_457' title='bbox 2524 3154 3582 3253; x_wconf 48' lang='lat' dir='ltr'><strong>£1.9930191.38239539R35&#39;2&#39;Lﬁ.in</strong></span> 
     </span>
    </p>
   </div>
   <div class='ocr_carea' id='block_1_65' title="bbox 274 3230 1865 3298">
    <p class='ocr_par' dir='ltr' id='par_1_65' title="bbox 274 3230 1865 3298">
     <span class='ocr_line' id='line_1_65' title="bbox 274 3230 1865 3298; baseline 0.003 -17"><span class='ocrx_word' id='word_1_458' title='bbox 274 3230 483 3282; x_wconf 85' lang='lat' dir='ltr'><strong>dictum</strong></span> <span class='ocrx_word' id='word_1_459' title='bbox 507 3231 853 3297; x_wconf 84' lang='lat' dir='ltr'><strong>accipiamus,</strong></span> <span class='ocrx_word' id='word_1_460' title='bbox 878 3233 993 3286; x_wconf 88' lang='lat' dir='ltr'><strong>Non</strong></span> <span class='ocrx_word' id='word_1_461' title='bbox 1009 3230 1256 3293; x_wconf 76' lang='lat' dir='ltr'><strong>volentis,</strong></span> <span class='ocrx_word' id='word_1_462' title='bbox 1280 3246 1446 3298; x_wconf 87' lang='lat' dir='ltr'><strong>neque</strong></span> <span class='ocrx_word' id='word_1_463' title='bbox 1464 3233 1744 3294; x_wconf 85' lang='lat' dir='ltr'><strong>currentis,</strong></span> <span class='ocrx_word' id='word_1_464' title='bbox 1770 3233 1865 3286; x_wconf 86' lang='lat' dir='ltr'><strong>sed</strong></span> 
     </span>
    </p>
   </div>
   <div class='ocr_carea' id='block_1_66' title="bbox 277 3299 1868 3370">
    <p class='ocr_par' dir='ltr' id='par_1_66' title="bbox 277 3299 1868 3370">
     <span class='ocr_line' id='line_1_66' title="bbox 277 3299 1868 3370; baseline 0.004 -19"><span class='ocrx_word' id='word_1_465' title='bbox 277 3300 582 3370; x_wconf 81' lang='lat' dir='ltr'><strong>miserentis</strong></span> <span class='ocrx_word' id='word_1_466' title='bbox 611 3303 689 3353; x_wconf 89' lang='lat' dir='ltr'><strong>est</strong></span> <span class='ocrx_word' id='word_1_467' title='bbox 711 3301 828 3361; x_wconf 87' lang='lat' dir='ltr'><strong>Dei,</strong></span> <span class='ocrx_word' id='word_1_468' title='bbox 866 3304 1147 3368; x_wconf 89' lang='lat' dir='ltr'><strong>tamquam</strong></span> <span class='ocrx_word' id='word_1_469' title='bbox 1169 3299 1437 3354; x_wconf 80' lang='lat' dir='ltr'><strong>diceretur</strong></span> <span class='ocrx_word' id='word_1_470' title='bbox 1462 3319 1477 3354; x_wconf 89' lang='lat'><strong><em>:</em></strong></span> <span class='ocrx_word' id='word_1_471' title='bbox 1515 3304 1632 3356; x_wconf 87' lang='lat' dir='ltr'><strong>Non</strong></span> <span class='ocrx_word' id='word_1_472' title='bbox 1660 3303 1868 3370; x_wconf 77' lang='lat' dir='ltr'><strong>sufﬁcit</strong></span> 
     </span>
    </p>
   </div>
   <div class='ocr_carea' id='block_1_67' title="bbox 160 3369 1864 3437">
    <p class='ocr_par' dir='ltr' id='par_1_67' title="bbox 160 3369 1864 3437">
     <span class='ocr_line' id='line_1_67' title="bbox 160 3369 1864 3437; baseline 0.004 -16"><span class='ocrx_word' id='word_1_473' title='bbox 160 3412 167 3421; x_wconf 72' lang='lat'><strong>,</strong></span> <span class='ocrx_word' id='word_1_474' title='bbox 273 3369 525 3423; x_wconf 65' lang='lat' dir='ltr'><strong>voluntas</strong></span> <span class='ocrx_word' id='word_1_475' title='bbox 552 3369 802 3436; x_wconf 82' lang='lat' dir='ltr'><strong>hominis,</strong></span> <span class='ocrx_word' id='word_1_476' title='bbox 831 3372 883 3424; x_wconf 88' lang='lat' dir='ltr'><strong>si</strong></span> <span class='ocrx_word' id='word_1_477' title='bbox 905 3384 1012 3423; x_wconf 86' lang='lat' dir='ltr'><strong>non</strong></span> <span class='ocrx_word' id='word_1_478' title='bbox 1040 3372 1117 3423; x_wconf 88' lang='lat' dir='ltr'><strong>sit</strong></span> <span class='ocrx_word' id='word_1_479' title='bbox 1150 3371 1314 3424; x_wconf 89' lang='lat' dir='ltr'><strong>etiam</strong></span> <span class='ocrx_word' id='word_1_480' title='bbox 1337 3371 1705 3426; x_wconf 83' lang='lat' dir='ltr'><strong>misericordia</strong></span> <span class='ocrx_word' id='word_1_481' title='bbox 1734 3369 1864 3437; x_wconf 88' lang='lat' dir='ltr'><strong>Dei;</strong></span> 
     </span>
    </p>
   </div>
   <div class='ocr_carea' id='block_1_68' title="bbox 272 3440 1867 3508">
    <p class='ocr_par' dir='ltr' id='par_1_68' title="bbox 272 3440 1867 3508">
     <span class='ocr_line' id='line_1_68' title="bbox 272 3440 1867 3508; baseline 0.001 -13"><span class='ocrx_word' id='word_1_482' title='bbox 272 3454 377 3495; x_wconf 85' lang='lat' dir='ltr'><strong>non</strong></span> <span class='ocrx_word' id='word_1_483' title='bbox 392 3454 519 3508; x_wconf 86' lang='lat' dir='ltr'><strong>ergo</strong></span> <span class='ocrx_word' id='word_1_484' title='bbox 530 3441 742 3508; x_wconf 72' lang='lat' dir='ltr'><strong>sufficit</strong></span> <span class='ocrx_word' id='word_1_485' title='bbox 766 3441 881 3495; x_wconf 87' lang='lat' dir='ltr'><strong>sola</strong></span> <span class='ocrx_word' id='word_1_486' title='bbox 898 3440 1265 3496; x_wconf 85' lang='lat' dir='ltr'><strong>misericordia</strong></span> <span class='ocrx_word' id='word_1_487' title='bbox 1283 3443 1398 3504; x_wconf 85' lang='lat' dir='ltr'><strong>Dei,</strong></span> <span class='ocrx_word' id='word_1_488' title='bbox 1419 3443 1472 3496; x_wconf 82' lang='lat' dir='ltr'><strong>si</strong></span> <span class='ocrx_word' id='word_1_489' title='bbox 1496 3457 1601 3496; x_wconf 88' lang='lat' dir='ltr'><strong>non</strong></span> <span class='ocrx_word' id='word_1_490' title='bbox 1619 3444 1691 3497; x_wconf 87' lang='lat' dir='ltr'><strong>sit</strong></span> <span class='ocrx_word' id='word_1_491' title='bbox 1704 3444 1867 3497; x_wconf 88' lang='lat' dir='ltr'><strong>etiam</strong></span> 
     </span>
    </p>
   </div>
   <div class='ocr_carea' id='block_1_69' title="bbox 274 3510 1867 3582">
    <p class='ocr_par' dir='ltr' id='par_1_69' title="bbox 274 3510 1867 3582">
     <span class='ocr_line' id='line_1_69' title="bbox 274 3510 1867 3582; baseline 0.003 -19"><span class='ocrx_word' id='word_1_492' title='bbox 274 3510 539 3582; x_wconf 75' lang='lat' dir='ltr'><strong>voluntas</strong></span> <span class='ocrx_word' id='word_1_493' title='bbox 551 3510 814 3579; x_wconf 85' lang='lat' dir='ltr'><strong>hominis;</strong></span> <span class='ocrx_word' id='word_1_494' title='bbox 843 3527 907 3566; x_wconf 92' lang='lat' dir='ltr'><strong>ac</strong></span> <span class='ocrx_word' id='word_1_495' title='bbox 922 3527 1026 3582; x_wconf 86' lang='lat' dir='ltr'><strong>per</strong></span> <span class='ocrx_word' id='word_1_496' title='bbox 1052 3512 1147 3566; x_wconf 91' lang='lat' dir='ltr'><strong>hoc</strong></span> <span class='ocrx_word' id='word_1_497' title='bbox 1165 3513 1216 3566; x_wconf 91' lang='lat' dir='ltr'><strong>si</strong></span> <span class='ocrx_word' id='word_1_498' title='bbox 1241 3516 1378 3567; x_wconf 87' lang='lat' dir='ltr'><strong>recte</strong></span> <span class='ocrx_word' id='word_1_499' title='bbox 1397 3512 1604 3567; x_wconf 84' lang='lat' dir='ltr'><strong>dictum</strong></span> <span class='ocrx_word' id='word_1_500' title='bbox 1623 3517 1719 3575; x_wconf 90' lang='lat' dir='ltr'><strong>est,</strong></span> <span class='ocrx_word' id='word_1_501' title='bbox 1748 3515 1867 3570; x_wconf 85' lang='lat' dir='ltr'><strong>Non</strong></span> 
     </span>
    </p>
   </div>
   <div class='ocr_carea' id='block_1_70' title="bbox 273 3580 1862 3653">
    <p class='ocr_par' dir='ltr' id='par_1_70' title="bbox 273 3580 1862 3653">
     <span class='ocr_line' id='line_1_70' title="bbox 273 3580 1862 3653; baseline 0.003 -18"><span class='ocrx_word' id='word_1_502' title='bbox 273 3580 772 3653; x_wconf 66' lang='lat' dir='ltr'><strong>potentishominis,</strong></span> <span class='ocrx_word' id='word_1_503' title='bbox 806 3582 901 3638; x_wconf 86' lang='lat' dir='ltr'><strong>sed</strong></span> <span class='ocrx_word' id='word_1_504' title='bbox 922 3580 1234 3637; x_wconf 17' lang='lat' dir='ltr'><strong>ﬁmiserentis</strong></span> <span class='ocrx_word' id='word_1_505' title='bbox 1265 3587 1344 3637; x_wconf 89' lang='lat' dir='ltr'><strong>est</strong></span> <span class='ocrx_word' id='word_1_506' title='bbox 1372 3585 1489 3650; x_wconf 88' lang='lat' dir='ltr'><strong>Dei,</strong></span> <span class='ocrx_word' id='word_1_507' title='bbox 1519 3586 1654 3653; x_wconf 87' lang='lat' dir='ltr'><strong>quia</strong></span> <span class='ocrx_word' id='word_1_508' title='bbox 1679 3584 1740 3637; x_wconf 87' lang='lat' dir='ltr'><strong>id</strong></span> <span class='ocrx_word' id='word_1_509' title='bbox 1776 3599 1862 3639; x_wconf 82' lang='lat' dir='ltr'><strong>vo-</strong></span> 
     </span>
    </p>
   </div>
   <div class='ocr_carea' id='block_1_71' title="bbox 273 3651 1863 3723">
    <p class='ocr_par' dir='ltr' id='par_1_71' title="bbox 273 3651 1863 3723">
     <span class='ocr_line' id='line_1_71' title="bbox 273 3651 1863 3723; baseline 0.003 -18"><span class='ocrx_word' id='word_1_510' title='bbox 273 3651 473 3723; x_wconf 14' lang='lat' dir='ltr'><strong>luntas,</strong></span> <span class='ocrx_word' id='word_1_511' title='bbox 492 3652 722 3707; x_wconf 85' lang='lat' dir='ltr'><strong>hominis</strong></span> <span class='ocrx_word' id='word_1_512' title='bbox 745 3653 859 3707; x_wconf 88' lang='lat' dir='ltr'><strong>sola</strong></span> <span class='ocrx_word' id='word_1_513' title='bbox 892 3668 999 3707; x_wconf 87' lang='lat' dir='ltr'><strong>non</strong></span> <span class='ocrx_word' id='word_1_514' title='bbox 1030 3654 1218 3723; x_wconf 82' lang='lat' dir='ltr'><strong>implet</strong></span> <span class='ocrx_word' id='word_1_515' title='bbox 1242 3671 1259 3707; x_wconf 91' lang='lat'><strong><em>:</em></strong></span> <span class='ocrx_word' id='word_1_516' title='bbox 1289 3668 1385 3708; x_wconf 89' lang='lat' dir='ltr'><strong>cur</strong></span> <span class='ocrx_word' id='word_1_517' title='bbox 1407 3669 1512 3709; x_wconf 88' lang='lat' dir='ltr'><strong>non</strong></span> <span class='ocrx_word' id='word_1_518' title='bbox 1528 3651 1571 3708; x_wconf 11' lang='lat' dir='ltr'><strong>De</strong></span> <span class='ocrx_word' id='word_1_519' title='bbox 1596 3655 1863 3709; x_wconf 86' lang='lat' dir='ltr'><strong>contrario</strong></span> 
     </span>
    </p>
   </div>
   <div class='ocr_carea' id='block_1_72' title="bbox 273 3721 1866 3787">
    <p class='ocr_par' dir='ltr' id='par_1_72' title="bbox 273 3721 1866 3787">
     <span class='ocr_line' id='line_1_72' title="bbox 273 3721 1866 3787; baseline 0.003 -11"><span class='ocrx_word' id='word_1_520' title='bbox 273 3726 407 3777; x_wconf 86' lang='lat' dir='ltr'><strong>recte</strong></span> <span class='ocrx_word' id='word_1_521' title='bbox 437 3721 654 3787; x_wconf 88' lang='lat' dir='ltr'><strong>dicitur,</strong></span> <span class='ocrx_word' id='word_1_522' title='bbox 679 3725 796 3782; x_wconf 86' lang='lat' dir='ltr'><strong>Non</strong></span> <span class='ocrx_word' id='word_1_523' title='bbox 828 3721 1131 3779; x_wconf 74' lang='lat' dir='ltr'><strong>miserentis</strong></span> <span class='ocrx_word' id='word_1_524' title='bbox 1154 3728 1233 3779; x_wconf 88' lang='lat' dir='ltr'><strong>est</strong></span> <span class='ocrx_word' id='word_1_525' title='bbox 1263 3725 1381 3787; x_wconf 85' lang='lat' dir='ltr'><strong>Dei,</strong></span> <span class='ocrx_word' id='word_1_526' title='bbox 1418 3725 1511 3779; x_wconf 90' lang='lat' dir='ltr'><strong>sed</strong></span> <span class='ocrx_word' id='word_1_527' title='bbox 1534 3725 1757 3780; x_wconf 85' lang='lat' dir='ltr'><strong>volentis</strong></span> <span class='ocrx_word' id='word_1_528' title='bbox 1786 3731 1866 3780; x_wconf 87' lang='lat' dir='ltr'><strong>est</strong></span> 
     </span>
    </p>
   </div>
   <div class='ocr_carea' id='block_1_73' title="bbox 275 3792 1864 3866">
    <p class='ocr_par' dir='ltr' id='par_1_73' title="bbox 275 3792 1864 3866">
     <span class='ocr_line' id='line_1_73' title="bbox 275 3792 1864 3866; baseline 0.003 -20"><span class='ocrx_word' id='word_1_529' title='bbox 275 3792 506 3866; x_wconf 72' lang='lat' dir='ltr'><strong>hominis</strong></span> <span class='ocrx_word' id='word_1_530' title='bbox 542 3812 560 3847; x_wconf 89' lang='lat'><strong><em>:</em></strong></span> <span class='ocrx_word' id='word_1_531' title='bbox 589 3796 719 3866; x_wconf 82' lang='lat' dir='ltr'><strong>quia</strong></span> <span class='ocrx_word' id='word_1_532' title='bbox 745 3794 807 3866; x_wconf 82' lang='lat' dir='ltr'><strong>id</strong></span> <span class='ocrx_word' id='word_1_533' title='bbox 836 3794 1204 3866; x_wconf 62' lang='lat' dir='ltr'><strong>misericordia</strong></span> <span class='ocrx_word' id='word_1_534' title='bbox 1232 3796 1331 3849; x_wconf 85' lang='lat' dir='ltr'><strong>Dei</strong></span> <span class='ocrx_word' id='word_1_535' title='bbox 1355 3796 1469 3866; x_wconf 89' lang='lat' dir='ltr'><strong>sola</strong></span> <span class='ocrx_word' id='word_1_536' title='bbox 1508 3811 1613 3850; x_wconf 82' lang='lat' dir='ltr'><strong>non</strong></span> <span class='ocrx_word' id='word_1_537' title='bbox 1637 3798 1864 3866; x_wconf 81' lang='lat' dir='ltr'><strong>implet?</strong></span> 
     </span>
    </p>
   </div>
   <div class='ocr_carea' id='block_1_74' title="bbox 273 3864 1867 3926">
    <p class='ocr_par' dir='ltr' id='par_1_74' title="bbox 273 3864 1867 3926">
     <span class='ocr_line' id='line_1_74' title="bbox 273 3864 1867 3926; baseline 0.004 -9"><span class='ocrx_word' id='word_1_538' title='bbox 273 3864 435 3918; x_wconf 85' lang='lat' dir='ltr'><strong>Porro</strong></span> <span class='ocrx_word' id='word_1_539' title='bbox 451 3865 503 3917; x_wconf 88' lang='lat' dir='ltr'><strong>si</strong></span> <span class='ocrx_word' id='word_1_540' title='bbox 516 3865 702 3918; x_wconf 84' lang='lat' dir='ltr'><strong>nullus</strong></span> <span class='ocrx_word' id='word_1_541' title='bbox 728 3865 1066 3920; x_wconf 87' lang='lat' dir='ltr'><strong>Christianus</strong></span> <span class='ocrx_word' id='word_1_542' title='bbox 1095 3865 1269 3918; x_wconf 86' lang='lat' dir='ltr'><strong>dicere</strong></span> <span class='ocrx_word' id='word_1_543' title='bbox 1289 3865 1528 3926; x_wconf 84' lang='lat' dir='ltr'><strong>audebit,</strong></span> <span class='ocrx_word' id='word_1_544' title='bbox 1558 3869 1676 3924; x_wconf 87' lang='lat' dir='ltr'><strong>Non</strong></span> <span class='ocrx_word' id='word_1_545' title='bbox 1700 3864 1867 3922; x_wconf 79' lang='lat' dir='ltr'><strong>mise-</strong></span> 
     </span>
    </p>
   </div>
   <div class='ocr_carea' id='block_1_75' title="bbox 274 3934 1867 4004">
    <p class='ocr_par' dir='ltr' id='par_1_75' title="bbox 274 3934 1867 4004">
     <span class='ocr_line' id='line_1_75' title="bbox 274 3934 1867 4004; baseline 0.003 -17"><span class='ocrx_word' id='word_1_546' title='bbox 274 3936 444 3988; x_wconf 83' lang='lat' dir='ltr'><strong>rentis</strong></span> <span class='ocrx_word' id='word_1_547' title='bbox 477 3938 555 3988; x_wconf 85' lang='lat' dir='ltr'><strong>est</strong></span> <span class='ocrx_word' id='word_1_548' title='bbox 595 3937 715 3996; x_wconf 86' lang='lat' dir='ltr'><strong>Dei,</strong></span> <span class='ocrx_word' id='word_1_549' title='bbox 751 3935 849 4004; x_wconf 14' lang='lat' dir='ltr'><strong>sed,</strong></span> <span class='ocrx_word' id='word_1_550' title='bbox 873 3935 1096 3987; x_wconf 77' lang='lat' dir='ltr'><strong>uolentis</strong></span> <span class='ocrx_word' id='word_1_551' title='bbox 1127 3937 1203 3986; x_wconf 87' lang='lat' dir='ltr'><strong>est</strong></span> <span class='ocrx_word' id='word_1_552' title='bbox 1231 3934 1482 3994; x_wconf 83' lang='lat' dir='ltr'><strong>hominis,</strong></span> <span class='ocrx_word' id='word_1_553' title='bbox 1521 3950 1587 3987; x_wconf 88' lang='lat' dir='ltr'><strong>ne</strong></span> <span class='ocrx_word' id='word_1_554' title='bbox 1612 3937 1867 4004; x_wconf 83' lang='lat' dir='ltr'><strong>Apostolo</strong></span> 
     </span>
    </p>
   </div>
   <div class='ocr_carea' id='block_1_76' title="bbox 269 4003 1870 4072">
    <p class='ocr_par' dir='ltr' id='par_1_76' title="bbox 269 4003 1870 4072">
     <span class='ocr_line' id='line_1_76' title="bbox 269 4003 1870 4072; baseline 0 -14"><span class='ocrx_word' id='word_1_555' title='bbox 269 4005 610 4072; x_wconf 81' lang='lat' dir='ltr'><strong>apertissime</strong></span> <span class='ocrx_word' id='word_1_556' title='bbox 636 4003 988 4066; x_wconf 83' lang='lat' dir='ltr'><strong>contradicat,</strong></span> <span class='ocrx_word' id='word_1_557' title='bbox 1028 4004 1197 4072; x_wconf 79' lang='lat' dir='ltr'><strong>restat</strong></span> <span class='ocrx_word' id='word_1_558' title='bbox 1224 4004 1286 4052; x_wconf 87' lang='lat' dir='ltr'><strong>ut</strong></span> <span class='ocrx_word' id='word_1_559' title='bbox 1310 4005 1597 4068; x_wconf 83' lang='lat' dir='ltr'><strong>propterea</strong></span> <span class='ocrx_word' id='word_1_560' title='bbox 1626 4009 1761 4058; x_wconf 87' lang='lat' dir='ltr'><strong>recte</strong></span> <span class='ocrx_word' id='word_1_561' title='bbox 1785 4006 1870 4058; x_wconf 87' lang='lat' dir='ltr'><strong>di-</strong></span> 
     </span>
    </p>
   </div>
   <div class='ocr_carea' id='block_1_77' title="bbox 270 4069 1871 4140">
    <p class='ocr_par' dir='ltr' id='par_1_77' title="bbox 270 4069 1871 4140">
     <span class='ocr_line' id='line_1_77' title="bbox 270 4069 1871 4140; baseline 0.001 -13"><span class='ocrx_word' id='word_1_562' title='bbox 270 4069 420 4127; x_wconf 75' lang='lat' dir='ltr'><strong>ctum</strong></span> <span class='ocrx_word' id='word_1_563' title='bbox 462 4073 819 4140; x_wconf 83' lang='lat' dir='ltr'><strong>intelligatur,</strong></span> <span class='ocrx_word' id='word_1_564' title='bbox 854 4072 971 4127; x_wconf 85' lang='lat' dir='ltr'><strong>Non</strong></span> <span class='ocrx_word' id='word_1_565' title='bbox 998 4069 1240 4131; x_wconf 81' lang='lat' dir='ltr'><strong>volentis,</strong></span> <span class='ocrx_word' id='word_1_566' title='bbox 1274 4083 1445 4140; x_wconf 84' lang='lat' dir='ltr'><strong>neque</strong></span> <span class='ocrx_word' id='word_1_567' title='bbox 1469 4075 1751 4138; x_wconf 85' lang='lat' dir='ltr'><strong>currentis,</strong></span> <span class='ocrx_word' id='word_1_568' title='bbox 1778 4075 1871 4128; x_wconf 87' lang='lat' dir='ltr'><strong>sed</strong></span> 
     </span>
    </p>
   </div>
   <div class='ocr_carea' id='block_1_78' title="bbox 271 4139 1871 4210">
    <p class='ocr_par' dir='ltr' id='par_1_78' title="bbox 271 4139 1871 4210">
     <span class='ocr_line' id='line_1_78' title="bbox 271 4139 1871 4210; baseline 0.001 -14"><span class='ocrx_word' id='word_1_569' title='bbox 271 4143 579 4197; x_wconf 86' lang='lat' dir='ltr'><strong>miserentis</strong></span> <span class='ocrx_word' id='word_1_570' title='bbox 609 4139 688 4195; x_wconf 73' lang='grc' dir='ltr'><strong>εει</strong></span> <span class='ocrx_word' id='word_1_571' title='bbox 714 4143 833 4206; x_wconf 87' lang='lat' dir='ltr'><strong>Dei,</strong></span> <span class='ocrx_word' id='word_1_572' title='bbox 857 4144 919 4195; x_wconf 87' lang='lat' dir='ltr'><strong>ut</strong></span> <span class='ocrx_word' id='word_1_573' title='bbox 947 4143 1115 4194; x_wconf 89' lang='lat' dir='ltr'><strong>totum</strong></span> <span class='ocrx_word' id='word_1_574' title='bbox 1140 4143 1248 4195; x_wconf 91' lang='lat' dir='ltr'><strong>Deo</strong></span> <span class='ocrx_word' id='word_1_575' title='bbox 1288 4139 1467 4208; x_wconf 81' lang='lat' dir='ltr'><strong>detur,</strong></span> <span class='ocrx_word' id='word_1_576' title='bbox 1508 4143 1607 4210; x_wconf 87' lang='lat' dir='ltr'><strong>qui</strong></span> <span class='ocrx_word' id='word_1_577' title='bbox 1640 4142 1871 4197; x_wconf 84' lang='lat' dir='ltr'><strong>hominis</strong></span> 
     </span>
    </p>
   </div>
   <div class='ocr_carea' id='block_1_79' title="bbox 271 4209 1869 4282">
    <p class='ocr_par' dir='ltr' id='par_1_79' title="bbox 271 4209 1869 4282">
     <span class='ocr_line' id='line_1_79' title="bbox 271 4209 1869 4282; baseline 0.002 -18"><span class='ocrx_word' id='word_1_578' title='bbox 271 4212 604 4275; x_wconf 79' lang='lat' dir='ltr'><strong>voluntatem</strong></span> <span class='ocrx_word' id='word_1_579' title='bbox 632 4211 824 4265; x_wconf 83' lang='lat' dir='ltr'><strong>bonam</strong></span> <span class='ocrx_word' id='word_1_580' title='bbox 851 4215 902 4265; x_wconf 88' lang='lat' dir='ltr'><strong>et</strong></span> <span class='ocrx_word' id='word_1_581' title='bbox 916 4214 1196 4282; x_wconf 69' lang='lat' dir='ltr'><strong>praeparat</strong></span> <span class='ocrx_word' id='word_1_582' title='bbox 1221 4209 1612 4279; x_wconf 83' lang='lat' dir='ltr'><strong>adjuvandam,</strong></span> <span class='ocrx_word' id='word_1_583' title='bbox 1636 4216 1686 4267; x_wconf 91' lang='lat' dir='ltr'><strong>et</strong></span> <span class='ocrx_word' id='word_1_584' title='bbox 1709 4212 1869 4282; x_wconf 87' lang='lat' dir='ltr'><strong>adju-</strong></span> 
     </span>
    </p>
   </div>
   <div class='ocr_carea' id='block_1_80' title="bbox 268 4281 1871 4350">
    <p class='ocr_par' dir='ltr' id='par_1_80' title="bbox 268 4281 1871 4350">
     <span class='ocr_line' id='line_1_80' title="bbox 268 4281 1871 4350; baseline 0.002 -15"><span class='ocrx_word' id='word_1_585' title='bbox 268 4284 370 4336; x_wconf 81' lang='lat' dir='ltr'><strong>vat</strong></span> <span class='ocrx_word' id='word_1_586' title='bbox 379 4285 775 4350; x_wconf 64' lang='lat' dir='ltr'><strong>prwpwdtam.</strong></span> <span class='ocrx_word' id='word_1_587' title='bbox 802 4281 1065 4336; x_wconf 72' lang='lat' dir='ltr'><strong>Prwcedit</strong></span> <span class='ocrx_word' id='word_1_588' title='bbox 1100 4283 1241 4335; x_wconf 87' lang='lat' dir='ltr'><strong>enim</strong></span> <span class='ocrx_word' id='word_1_589' title='bbox 1258 4282 1395 4335; x_wconf 88' lang='lat' dir='ltr'><strong>bona</strong></span> <span class='ocrx_word' id='word_1_590' title='bbox 1414 4283 1665 4337; x_wconf 83' lang='lat' dir='ltr'><strong>voluntas</strong></span> <span class='ocrx_word' id='word_1_591' title='bbox 1695 4281 1871 4338; x_wconf 84' lang='lat' dir='ltr'><strong>multa</strong></span> 
     </span>
    </p>
   </div>
   <div class='ocr_carea' id='block_1_81' title="bbox 271 4351 1874 4435">
    <p class='ocr_par' dir='ltr' id='par_1_81' title="bbox 271 4351 1874 4435">
     <span class='ocr_line' id='line_1_81' title="bbox 271 4351 1874 4435; baseline 0.001 -1"><span class='ocrx_word' id='word_1_592' title='bbox 271 4354 373 4434; x_wconf 60' lang='grc' dir='ltr'><strong>θεέ</strong></span> <span class='ocrx_word' id='word_1_593' title='bbox 398 4351 561 4434; x_wconf 68' lang='grc' dir='ltr'><strong>ἀρηαε</strong></span> <span class='ocrx_word' id='word_1_594' title='bbox 603 4353 697 4435; x_wconf 59' lang='lat' dir='ltr'><strong>sed</strong></span> <span class='ocrx_word' id='word_1_595' title='bbox 718 4368 821 4435; x_wconf 62' lang='lat' dir='ltr'><strong>eor</strong></span> <span class='ocrx_word' id='word_1_596' title='bbox 859 4355 1037 4435; x_wconf 59' lang='lat' dir='ltr'><strong>omam</strong></span> <span class='ocrx_word' id='word_1_597' title='bbox 1065 4366 1080 4402; x_wconf 75' lang='grc' dir='ltr'><em>τ</em></span> <span class='ocrx_word' id='word_1_598' title='bbox 1113 4368 1240 4435; x_wconf 59' lang='lat' dir='ltr'><strong>sua</strong></span> <span class='ocrx_word' id='word_1_599' title='bbox 1266 4356 1447 4435; x_wconf 59' lang='grc' dir='ltr'><strong>ιῖξιεωη</strong></span> <span class='ocrx_word' id='word_1_600' title='bbox 1487 4369 1593 4409; x_wconf 72' lang='lat' dir='ltr'><strong>non</strong></span> <span class='ocrx_word' id='word_1_601' title='bbox 1614 4354 1874 4423; x_wconf 73' lang='grc' dir='ltr'><strong>Ρτωσεάιέ</strong></span> 
     </span>
    </p>
   </div>
   <div class='ocr_carea' id='block_1_82' title="bbox 268 4424 1869 4568">
    <p class='ocr_par' dir='ltr' id='par_1_82' title="bbox 268 4424 1869 4568">
     <span class='ocr_line' id='line_1_82' title="bbox 268 4424 1449 4494; baseline 0.003 -20"><span class='ocrx_word' id='word_1_602' title='bbox 268 4424 407 4492; x_wconf 82' lang='lat' dir='ltr'><strong>ipsa,</strong></span> <span class='ocrx_word' id='word_1_603' title='bbox 425 4424 484 4475; x_wconf 88' lang='lat' dir='ltr'><strong>in</strong></span> <span class='ocrx_word' id='word_1_604' title='bbox 506 4424 581 4477; x_wconf 86' lang='lat' dir='ltr'><strong>eis</strong></span> <span class='ocrx_word' id='word_1_605' title='bbox 603 4427 682 4477; x_wconf 87' lang='lat' dir='ltr'><strong>est</strong></span> <span class='ocrx_word' id='word_1_606' title='bbox 703 4428 754 4477; x_wconf 90' lang='lat' dir='ltr'><strong>et</strong></span> <span class='ocrx_word' id='word_1_607' title='bbox 769 4425 909 4493; x_wconf 85' lang='lat' dir='ltr'><strong>ipsa.</strong></span> <span class='ocrx_word' id='word_1_608' title='bbox 934 4424 1068 4478; x_wconf 58' lang='lat' dir='ltr'><strong>Haec</strong></span> <span class='ocrx_word' id='word_1_609' title='bbox 1094 4424 1449 4494; x_wconf 80' lang='lat' dir='ltr'><strong>Augustinus.</strong></span> 
     </span>
     <span class='ocr_line' id='line_1_83' title="bbox 338 4491 1869 4568; baseline 0.001 -19"><span class='ocrx_word' id='word_1_610' title='bbox 338 4495 365 4525; x_wconf 80' lang='grc'><strong>⁸</strong></span> <span class='ocrx_word' id='word_1_611' title='bbox 394 4491 604 4549; x_wconf 91' lang='lat' dir='ltr'><strong>Similia</strong></span> <span class='ocrx_word' id='word_1_612' title='bbox 630 4492 748 4568; x_wconf 70' lang='lat' dir='ltr'><strong>lecs</strong></span> <span class='ocrx_word' id='word_1_613' title='bbox 767 4492 1043 4550; x_wconf 89' lang='lat' dir='ltr'><strong>habeslib.</strong></span> <span class='ocrx_word' id='word_1_614' title='bbox 1070 4509 1131 4550; x_wconf 79' lang='lat' dir='ltr'><strong>vi</strong></span> <span class='ocrx_word' id='word_1_615' title='bbox 1156 4508 1276 4568; x_wconf 80' lang='lat' dir='ltr'><strong>cap.</strong></span> <span class='ocrx_word' id='word_1_616' title='bbox 1296 4500 1351 4563; x_wconf 89' lang='lat'><strong>6,</strong></span> <span class='ocrx_word' id='word_1_617' title='bbox 1378 4495 1571 4568; x_wconf 82' lang='lat' dir='ltr'><strong>Collat.</strong></span> <span class='ocrx_word' id='word_1_618' title='bbox 1600 4500 1632 4552; x_wconf 78' lang='lat'><strong><em>3</em></strong></span> <span class='ocrx_word' id='word_1_619' title='bbox 1653 4511 1774 4568; x_wconf 91' lang='lat' dir='ltr'><strong>cap.</strong></span> <span class='ocrx_word' id='word_1_620' title='bbox 1808 4502 1869 4551; x_wconf 89' lang='lat' dir='ltr'><strong>I0</strong></span> 
     </span>
    </p>
   </div>
   <div class='ocr_carea' id='block_1_83' title="bbox 271 4563 1862 4637">
    <p class='ocr_par' dir='ltr' id='par_1_83' title="bbox 271 4563 1862 4637">
     <span class='ocr_line' id='line_1_84' title="bbox 271 4563 1862 4637; baseline 0.003 -19"><span class='ocrx_word' id='word_1_621' title='bbox 271 4569 611 4637; x_wconf 32' lang='lat' dir='ltr'><strong>etsequente,</strong></span> <span class='ocrx_word' id='word_1_622' title='bbox 627 4563 820 4620; x_wconf 88' lang='lat' dir='ltr'><strong>Collat.</strong></span> <span class='ocrx_word' id='word_1_623' title='bbox 847 4569 909 4621; x_wconf 83' lang='lat' dir='ltr'><strong>l2</strong></span> <span class='ocrx_word' id='word_1_624' title='bbox 923 4579 1043 4636; x_wconf 91' lang='lat' dir='ltr'><strong>cap.</strong></span> <span class='ocrx_word' id='word_1_625' title='bbox 1061 4563 1295 4637; x_wconf 59' lang='lat' dir='ltr'><strong>penult,</strong></span> <span class='ocrx_word' id='word_1_626' title='bbox 1311 4566 1568 4622; x_wconf 88' lang='lat' dir='ltr'><strong>etCollat.</strong></span> <span class='ocrx_word' id='word_1_627' title='bbox 1586 4571 1651 4623; x_wconf 84' lang='lat'><strong>13</strong></span> <span class='ocrx_word' id='word_1_628' title='bbox 1667 4563 1790 4637; x_wconf 73' lang='lat' dir='ltr'><strong>cap.</strong></span> <span class='ocrx_word' id='word_1_629' title='bbox 1806 4574 1862 4623; x_wconf 84' lang='lat'><strong>6.</strong></span> 
     </span>
    </p>
   </div>
   <div class='ocr_carea' id='block_1_84' title="bbox 341 4627 1867 4716">
    <p class='ocr_par' dir='ltr' id='par_1_84' title="bbox 341 4627 1867 4716">
     <span class='ocr_line' id='line_1_85' title="bbox 341 4627 1867 4716; baseline 0.022 -51"><span class='ocrx_word' id='word_1_630' title='bbox 341 4627 369 4666; x_wconf 73' lang='grc' dir='ltr'>δ</span> <span class='ocrx_word' id='word_1_631' title='bbox 383 4627 552 4716; x_wconf 17' lang='grc' dir='ltr'><strong>λῌιξίο.</strong></span> <span class='ocrx_word' id='word_1_632' title='bbox 568 4627 689 4691; x_wconf 84' lang='lat' dir='ltr'><strong>loco</strong></span> <span class='ocrx_word' id='word_1_633' title='bbox 723 4642 850 4716; x_wconf 75' lang='lat' dir='ltr'><strong>apte</strong></span> <span class='ocrx_word' id='word_1_634' title='bbox 872 4627 1178 4716; x_wconf 64' lang='lat' dir='ltr'><strong>respondet</strong></span> <span class='ocrx_word' id='word_1_635' title='bbox 1198 4627 1479 4691; x_wconf 77' lang='lat' dir='ltr'><strong>decretum</strong></span> <span class='ocrx_word' id='word_1_636' title='bbox 1499 4638 1720 4716; x_wconf 70' lang='lat' dir='ltr'><strong>concilii</strong></span> <span class='ocrx_word' id='word_1_637' title='bbox 1737 4627 1867 4716; x_wconf 59' lang='grc' dir='ltr'><strong>Τιῖὶτ</strong></span> 
     </span>
    </p>
   </div>
   <div class='ocr_carea' id='block_1_85' title="bbox 270 4702 1868 4776">
    <p class='ocr_par' dir='ltr' id='par_1_85' title="bbox 270 4702 1868 4776">
     <span class='ocr_line' id='line_1_86' title="bbox 270 4702 1868 4776; baseline 0.003 -15"><span class='ocrx_word' id='word_1_638' title='bbox 270 4702 479 4776; x_wconf 83' lang='lat' dir='ltr'><strong>dentini</strong></span> <span class='ocrx_word' id='word_1_639' title='bbox 519 4703 589 4762; x_wconf 90' lang='lat' dir='ltr'><strong>de</strong></span> <span class='ocrx_word' id='word_1_640' title='bbox 624 4702 829 4776; x_wconf 76' lang='lat' dir='ltr'><strong>merito</strong></span> <span class='ocrx_word' id='word_1_641' title='bbox 872 4702 1153 4776; x_wconf 79' lang='lat' dir='ltr'><strong>bonorum</strong></span> <span class='ocrx_word' id='word_1_642' title='bbox 1191 4719 1438 4776; x_wconf 88' lang='lat' dir='ltr'><strong>operum,</strong></span> <span class='ocrx_word' id='word_1_643' title='bbox 1482 4706 1657 4776; x_wconf 91' lang='lat' dir='ltr'><strong>deque</strong></span> <span class='ocrx_word' id='word_1_644' title='bbox 1686 4710 1868 4766; x_wconf 89' lang='lat' dir='ltr'><strong>meriti</strong></span> 
     </span>
    </p>
   </div>
   <div class='ocr_carea' id='block_1_86' title="bbox 276 4775 1867 4848">
    <p class='ocr_par' dir='ltr' id='par_1_86' title="bbox 276 4775 1867 4848">
     <span class='ocr_line' id='line_1_87' title="bbox 276 4775 1867 4848; baseline 0.001 -15"><span class='ocrx_word' id='word_1_645' title='bbox 276 4775 703 4848; x_wconf 15' lang='lat' dir='ltr'><strong>ratione;icuju</strong></span> <span class='ocrx_word' id='word_1_646' title='bbox 728 4775 933 4832; x_wconf 86' lang='lat' dir='ltr'><strong>decreti</strong></span> <span class='ocrx_word' id='word_1_647' title='bbox 965 4783 1210 4848; x_wconf 76' lang='lat' dir='ltr'><strong>extrems</strong></span> <span class='ocrx_word' id='word_1_648' title='bbox 1233 4775 1370 4848; x_wconf 76' lang='lat' dir='ltr'><strong>pars</strong></span> <span class='ocrx_word' id='word_1_649' title='bbox 1382 4775 1470 4848; x_wconf 85' lang='lat' dir='ltr'><strong>sic</strong></span> <span class='ocrx_word' id='word_1_650' title='bbox 1505 4775 1670 4833; x_wconf 86' lang='lat' dir='ltr'><strong>habet</strong></span> <span class='ocrx_word' id='word_1_651' title='bbox 1707 4795 1722 4832; x_wconf 87' lang='lat'><strong>:</strong></span> <span class='ocrx_word' id='word_1_652' title='bbox 1761 4782 1867 4838; x_wconf 86' lang='lat' dir='ltr'><strong>Ne-</strong></span> 
     </span>
    </p>
   </div>
   <div class='ocr_carea' id='block_1_87' title="bbox 275 4845 1870 4917">
    <p class='ocr_par' dir='ltr' id='par_1_87' title="bbox 275 4845 1870 4917">
     <span class='ocr_line' id='line_1_88' title="bbox 275 4845 1870 4917; baseline 0.001 -14"><span class='ocrx_word' id='word_1_653' title='bbox 275 4863 379 4916; x_wconf 88' lang='lat' dir='ltr'><strong>que</strong></span> <span class='ocrx_word' id='word_1_654' title='bbox 397 4847 542 4903; x_wconf 86' lang='lat' dir='ltr'><strong>illud</strong></span> <span class='ocrx_word' id='word_1_655' title='bbox 560 4845 915 4902; x_wconf 72' lang='lat' dir='ltr'><strong>ornittendum</strong></span> <span class='ocrx_word' id='word_1_656' title='bbox 942 4850 1040 4909; x_wconf 89' lang='lat' dir='ltr'><strong>est,</strong></span> <span class='ocrx_word' id='word_1_657' title='bbox 1067 4845 1211 4915; x_wconf 89' lang='lat' dir='ltr'><strong>quod</strong></span> <span class='ocrx_word' id='word_1_658' title='bbox 1233 4845 1351 4900; x_wconf 85' lang='lat' dir='ltr'><strong>licet</strong></span> <span class='ocrx_word' id='word_1_659' title='bbox 1376 4847 1523 4901; x_wconf 86' lang='lat' dir='ltr'><strong>bonis</strong></span> <span class='ocrx_word' id='word_1_660' title='bbox 1539 4849 1790 4917; x_wconf 82' lang='lat' dir='ltr'><strong>operibus</strong></span> <span class='ocrx_word' id='word_1_661' title='bbox 1810 4852 1870 4906; x_wconf 88' lang='lat' dir='ltr'><strong>in</strong></span> 
     </span>
    </p>
   </div>
   <div class='ocr_carea' id='block_1_88' title="bbox 272 4917 1873 4987">
    <p class='ocr_par' dir='ltr' id='par_1_88' title="bbox 272 4917 1873 4987">
     <span class='ocr_line' id='line_1_89' title="bbox 272 4917 1873 4987; baseline 0.002 -16"><span class='ocrx_word' id='word_1_662' title='bbox 272 4921 444 4974; x_wconf 72' lang='lat' dir='ltr'><strong>sacris</strong></span> <span class='ocrx_word' id='word_1_663' title='bbox 472 4919 689 4981; x_wconf 85' lang='lat' dir='ltr'><strong>litteris,</strong></span> <span class='ocrx_word' id='word_1_664' title='bbox 710 4917 1022 4987; x_wconf 86' lang='lat' dir='ltr'><strong>usqueadeo</strong></span> <span class='ocrx_word' id='word_1_665' title='bbox 1037 4917 1337 4984; x_wconf 85' lang='lat' dir='ltr'><strong>tribuatur,</strong></span> <span class='ocrx_word' id='word_1_666' title='bbox 1363 4922 1425 4971; x_wconf 91' lang='lat' dir='ltr'><strong>ut</strong></span> <span class='ocrx_word' id='word_1_667' title='bbox 1460 4919 1624 4972; x_wconf 85' lang='lat' dir='ltr'><strong>etiam</strong></span> <span class='ocrx_word' id='word_1_668' title='bbox 1654 4921 1750 4987; x_wconf 87' lang='lat' dir='ltr'><strong>qui</strong></span> <span class='ocrx_word' id='word_1_669' title='bbox 1774 4924 1873 4975; x_wconf 89' lang='lat' dir='ltr'><strong>uni</strong></span> 
     </span>
    </p>
   </div>
   <div class='ocr_carea' id='block_1_89' title="bbox 276 4987 1864 5058">
    <p class='ocr_par' dir='ltr' id='par_1_89' title="bbox 276 4987 1864 5058">
     <span class='ocr_line' id='line_1_90' title="bbox 276 4987 1864 5058; baseline 0.001 -15"><span class='ocrx_word' id='word_1_670' title='bbox 276 5003 340 5044; x_wconf 78' lang='lat' dir='ltr'><strong>ea:</strong></span> <span class='ocrx_word' id='word_1_671' title='bbox 366 4990 612 5044; x_wconf 87' lang='lat' dir='ltr'><strong>minimis</strong></span> <span class='ocrx_word' id='word_1_672' title='bbox 634 4990 747 5044; x_wconf 87' lang='lat' dir='ltr'><strong>suis</strong></span> <span class='ocrx_word' id='word_1_673' title='bbox 760 4992 950 5058; x_wconf 80' lang='lat' dir='ltr'><strong>potum</strong></span> <span class='ocrx_word' id='word_1_674' title='bbox 964 5002 1121 5057; x_wconf 75' lang='lat' dir='ltr'><strong>aqua:</strong></span> <span class='ocrx_word' id='word_1_675' title='bbox 1138 4987 1362 5055; x_wconf 80' lang='lat' dir='ltr'><strong>frigidae</strong></span> <span class='ocrx_word' id='word_1_676' title='bbox 1387 4987 1612 5050; x_wconf 85' lang='lat' dir='ltr'><strong>dederit,</strong></span> <span class='ocrx_word' id='word_1_677' title='bbox 1630 4992 1864 5057; x_wconf 84' lang='lat' dir='ltr'><strong>promit-</strong></span> 
     </span>
    </p>
   </div>
   <div class='ocr_carea' id='block_1_90' title="bbox 275 5058 1866 5117">
    <p class='ocr_par' dir='ltr' id='par_1_90' title="bbox 275 5058 1866 5117">
     <span class='ocr_line' id='line_1_91' title="bbox 275 5058 1866 5117; baseline 0.002 -4"><span class='ocrx_word' id='word_1_678' title='bbox 275 5063 357 5115; x_wconf 85' lang='lat' dir='ltr'><strong>tat</strong></span> <span class='ocrx_word' id='word_1_679' title='bbox 390 5060 636 5117; x_wconf 75' lang='lat' dir='ltr'><strong>Christus</strong></span> <span class='ocrx_word' id='word_1_680' title='bbox 678 5074 798 5115; x_wconf 88' lang='lat' dir='ltr'><strong>eum</strong></span> <span class='ocrx_word' id='word_1_681' title='bbox 841 5074 949 5114; x_wconf 84' lang='lat' dir='ltr'><strong>non</strong></span> <span class='ocrx_word' id='word_1_682' title='bbox 992 5072 1101 5113; x_wconf 87' lang='lat' dir='ltr'><strong>esse</strong></span> <span class='ocrx_word' id='word_1_683' title='bbox 1139 5072 1239 5112; x_wconf 87' lang='lat' dir='ltr'><strong>sua</strong></span> <span class='ocrx_word' id='word_1_684' title='bbox 1279 5058 1516 5113; x_wconf 88' lang='lat' dir='ltr'><strong>mercede</strong></span> <span class='ocrx_word' id='word_1_685' title='bbox 1562 5060 1866 5116; x_wconf 85' lang='lat' dir='ltr'><strong>cariturum</strong></span> 
     </span>
    </p>
   </div>
   <div class='ocr_carea' id='block_1_91' title="bbox 274 5128 1870 5199">
    <p class='ocr_par' dir='ltr' id='par_1_91' title="bbox 274 5128 1870 5199">
     <span class='ocr_line' id='line_1_92' title="bbox 274 5128 1870 5199; baseline -0.001 -13"><span class='ocrx_word' id='word_1_686' title='bbox 274 5131 490 5194; x_wconf 69' lang='lat' dir='ltr'><strong>(Matth.</strong></span> <span class='ocrx_word' id='word_1_687' title='bbox 515 5134 623 5193; x_wconf 80' lang='lat' dir='ltr'><strong>Ix),</strong></span> <span class='ocrx_word' id='word_1_688' title='bbox 648 5133 700 5185; x_wconf 88' lang='lat' dir='ltr'><strong>et</strong></span> <span class='ocrx_word' id='word_1_689' title='bbox 717 5129 1004 5199; x_wconf 85' lang='lat' dir='ltr'><strong>Apostolus</strong></span> <span class='ocrx_word' id='word_1_690' title='bbox 1029 5131 1251 5199; x_wconf 84' lang='lat' dir='ltr'><strong>testetur</strong></span> <span class='ocrx_word' id='word_1_691' title='bbox 1270 5129 1332 5182; x_wconf 84' lang='lat' dir='ltr'><strong>id</strong></span> <span class='ocrx_word' id='word_1_692' title='bbox 1362 5128 1507 5198; x_wconf 88' lang='lat' dir='ltr'><strong>quod</strong></span> <span class='ocrx_word' id='word_1_693' title='bbox 1527 5131 1586 5183; x_wconf 88' lang='lat' dir='ltr'><strong>in</strong></span> <span class='ocrx_word' id='word_1_694' title='bbox 1609 5134 1870 5198; x_wconf 78' lang='lat' dir='ltr'><strong>prcesenti</strong></span> 
     </span>
    </p>
   </div>
   <div class='ocr_carea' id='block_1_92' title="bbox 272 5198 1870 5270">
    <p class='ocr_par' dir='ltr' id='par_1_92' title="bbox 272 5198 1870 5270">
     <span class='ocr_line' id='line_1_93' title="bbox 272 5198 1870 5270; baseline -0.001 -15"><span class='ocrx_word' id='word_1_695' title='bbox 272 5206 349 5255; x_wconf 80' lang='lat' dir='ltr'><strong>est</strong></span> <span class='ocrx_word' id='word_1_696' title='bbox 376 5198 800 5257; x_wconf 86' lang='lat' dir='ltr'><strong>momentaneum</strong></span> <span class='ocrx_word' id='word_1_697' title='bbox 835 5204 886 5254; x_wconf 90' lang='lat' dir='ltr'><strong>et</strong></span> <span class='ocrx_word' id='word_1_698' title='bbox 913 5201 1021 5254; x_wconf 80' lang='lat' dir='ltr'><strong>leve</strong></span> <span class='ocrx_word' id='word_1_699' title='bbox 1064 5198 1429 5254; x_wconf 68' lang='lat' dir='ltr'><strong>tribulationis</strong></span> <span class='ocrx_word' id='word_1_700' title='bbox 1459 5203 1674 5262; x_wconf 64' lang='lat' dir='ltr'><strong>nostra,</strong></span> <span class='ocrx_word' id='word_1_701' title='bbox 1702 5215 1870 5270; x_wconf 84' lang='lat' dir='ltr'><strong>supra</strong></span> 
     </span>
    </p>
   </div>
   <div class='ocr_carea' id='block_1_93' title="bbox 273 5271 1871 5340">
    <p class='ocr_par' dir='ltr' id='par_1_93' title="bbox 273 5271 1871 5340">
     <span class='ocr_line' id='line_1_94' title="bbox 273 5271 1871 5340; baseline 0.001 -15"><span class='ocrx_word' id='word_1_702' title='bbox 273 5273 559 5328; x_wconf 82' lang='lat' dir='ltr'><strong>modumin</strong></span> <span class='ocrx_word' id='word_1_703' title='bbox 575 5272 910 5327; x_wconf 78' lang='lat' dir='ltr'><strong>sublimitate</strong></span> <span class='ocrx_word' id='word_1_704' title='bbox 934 5274 1195 5325; x_wconf 78' lang='lat' dir='ltr'><strong>(eternum</strong></span> <span class='ocrx_word' id='word_1_705' title='bbox 1223 5271 1407 5339; x_wconf 70' lang='lat' dir='ltr'><strong>gloria</strong></span> <span class='ocrx_word' id='word_1_706' title='bbox 1426 5271 1637 5340; x_wconf 86' lang='lat' dir='ltr'><strong>pondus</strong></span> <span class='ocrx_word' id='word_1_707' title='bbox 1652 5274 1871 5340; x_wconf 85' lang='lat' dir='ltr'><strong>operari</strong></span> 
     </span>
    </p>
   </div>
   <div class='ocr_carea' id='block_1_94' title="bbox 274 5341 1866 5413">
    <p class='ocr_par' dir='ltr' id='par_1_94' title="bbox 274 5341 1866 5413">
     <span class='ocr_line' id='line_1_95' title="bbox 274 5341 1866 5413; baseline -0.001 -16"><span class='ocrx_word' id='word_1_708' title='bbox 274 5344 333 5397; x_wconf 84' lang='lat' dir='ltr'><strong>in</strong></span> <span class='ocrx_word' id='word_1_709' title='bbox 354 5345 509 5400; x_wconf 88' lang='lat' dir='ltr'><strong>nobis</strong></span> <span class='ocrx_word' id='word_1_710' title='bbox 530 5345 607 5411; x_wconf 87' lang='lat' dir='ltr'><strong>(ll</strong></span> <span class='ocrx_word' id='word_1_711' title='bbox 631 5344 749 5400; x_wconf 89' lang='lat' dir='ltr'><strong>Cor.</strong></span> <span class='ocrx_word' id='word_1_712' title='bbox 781 5341 864 5413; x_wconf 68' lang='grc' dir='ltr'><strong>ιν)</strong></span> <span class='ocrx_word' id='word_1_713' title='bbox 887 5359 900 5396; x_wconf 92' lang='lat'><strong>:</strong></span> <span class='ocrx_word' id='word_1_714' title='bbox 921 5341 1262 5413; x_wconf 82' lang='lat' dir='ltr'><strong>absittamen</strong></span> <span class='ocrx_word' id='word_1_715' title='bbox 1282 5345 1344 5396; x_wconf 89' lang='lat' dir='ltr'><strong>ut</strong></span> <span class='ocrx_word' id='word_1_716' title='bbox 1362 5341 1699 5398; x_wconf 86' lang='lat' dir='ltr'><strong>Christianus</strong></span> <span class='ocrx_word' id='word_1_717' title='bbox 1713 5342 1866 5397; x_wconf 89' lang='lat' dir='ltr'><strong>homo</strong></span> 
     </span>
    </p>
   </div>
   <div class='ocr_carea' id='block_1_95' title="bbox 270 5412 1861 5486">
    <p class='ocr_par' dir='ltr' id='par_1_95' title="bbox 270 5412 1861 5486">
     <span class='ocr_line' id='line_1_96' title="bbox 270 5412 1861 5486; baseline 0.001 -19"><span class='ocrx_word' id='word_1_718' title='bbox 270 5414 330 5467; x_wconf 80' lang='lat' dir='ltr'><strong>in</strong></span> <span class='ocrx_word' id='word_1_719' title='bbox 350 5416 523 5486; x_wconf 75' lang='lat' dir='ltr'><strong>seipse</strong></span> <span class='ocrx_word' id='word_1_720' title='bbox 545 5415 628 5469; x_wconf 81' lang='lat' dir='ltr'><strong>vel</strong></span> <span class='ocrx_word' id='word_1_721' title='bbox 650 5413 902 5483; x_wconf 74' lang='lat' dir='ltr'><strong>conﬁdat,</strong></span> <span class='ocrx_word' id='word_1_722' title='bbox 917 5413 999 5467; x_wconf 80' lang='lat' dir='ltr'><strong>vel</strong></span> <span class='ocrx_word' id='word_1_723' title='bbox 1025 5412 1309 5486; x_wconf 82' lang='lat' dir='ltr'><strong>glorietur,</strong></span> <span class='ocrx_word' id='word_1_724' title='bbox 1332 5417 1508 5486; x_wconf 79' lang='lat' dir='ltr'><strong>etnon</strong></span> <span class='ocrx_word' id='word_1_725' title='bbox 1535 5414 1594 5468; x_wconf 88' lang='lat' dir='ltr'><strong>in</strong></span> <span class='ocrx_word' id='word_1_726' title='bbox 1618 5414 1861 5480; x_wconf 85' lang='lat' dir='ltr'><strong>Domino,</strong></span> 
     </span>
    </p>
   </div>
   <div class='ocr_carea' id='block_1_96' title="bbox 268 5483 1864 5553">
    <p class='ocr_par' dir='ltr' id='par_1_96' title="bbox 268 5483 1864 5553">
     <span class='ocr_line' id='line_1_97' title="bbox 268 5483 1864 5553; baseline 0.003 -17"><span class='ocrx_word' id='word_1_727' title='bbox 268 5483 441 5552; x_wconf 58' lang='lat' dir='ltr'><strong>cujus&#39;</strong></span> <span class='ocrx_word' id='word_1_728' title='bbox 450 5489 611 5541; x_wconf 86' lang='lat' dir='ltr'><strong>tanta</strong></span> <span class='ocrx_word' id='word_1_729' title='bbox 628 5488 707 5539; x_wconf 88' lang='lat' dir='ltr'><strong>est</strong></span> <span class='ocrx_word' id='word_1_730' title='bbox 727 5499 855 5553; x_wconf 84' lang='lat' dir='ltr'><strong>erga</strong></span> <span class='ocrx_word' id='word_1_731' title='bbox 879 5497 1053 5538; x_wconf 87' lang='lat' dir='ltr'><strong>omnes</strong></span> <span class='ocrx_word' id='word_1_732' title='bbox 1077 5483 1311 5538; x_wconf 87' lang='lat' dir='ltr'><strong>homines</strong></span> <span class='ocrx_word' id='word_1_733' title='bbox 1338 5483 1567 5548; x_wconf 88' lang='lat' dir='ltr'><strong>bonitas,</strong></span> <span class='ocrx_word' id='word_1_734' title='bbox 1601 5488 1664 5540; x_wconf 91' lang='lat' dir='ltr'><strong>ut</strong></span> <span class='ocrx_word' id='word_1_735' title='bbox 1684 5499 1864 5540; x_wconf 88' lang='lat' dir='ltr'><strong>eorum</strong></span> 
     </span>
    </p>
   </div>
   <div class='ocr_carea' id='block_1_97' title="bbox 275 5554 1859 5627">
    <p class='ocr_par' dir='ltr' id='par_1_97' title="bbox 275 5554 1859 5627">
     <span class='ocr_line' id='line_1_98' title="bbox 275 5554 1859 5627; baseline 0.004 -20"><span class='ocrx_word' id='word_1_736' title='bbox 275 5555 399 5627; x_wconf 63' lang='lat' dir='ltr'><strong>gelit</strong></span> <span class='ocrx_word' id='word_1_737' title='bbox 427 5571 540 5612; x_wconf 84' lang='lat' dir='ltr'><strong>esse</strong></span> <span class='ocrx_word' id='word_1_738' title='bbox 575 5556 792 5618; x_wconf 89' lang='lat' dir='ltr'><strong>merita,</strong></span> <span class='ocrx_word' id='word_1_739' title='bbox 830 5569 952 5625; x_wconf 72' lang='lat' dir='ltr'><strong>qua</strong></span> <span class='ocrx_word' id='word_1_740' title='bbox 979 5557 1106 5609; x_wconf 85' lang='lat' dir='ltr'><strong>sunt</strong></span> <span class='ocrx_word' id='word_1_741' title='bbox 1133 5555 1302 5624; x_wconf 88' lang='lat' dir='ltr'><strong>ipsius</strong></span> <span class='ocrx_word' id='word_1_742' title='bbox 1334 5554 1496 5619; x_wconf 86' lang='lat' dir='ltr'><strong>dona,</strong></span> <span class='ocrx_word' id='word_1_743' title='bbox 1533 5563 1642 5613; x_wconf 87' lang='lat' dir='ltr'><strong>etc.</strong></span> <span class='ocrx_word' id='word_1_744' title='bbox 1687 5554 1859 5627; x_wconf 81' lang='lat' dir='ltr'><strong>(Cone.</strong></span> 
     </span>
    </p>
   </div>
   <div class='ocr_carea' id='block_1_98' title="bbox 277 5623 865 5692">
    <p class='ocr_par' dir='ltr' id='par_1_98' title="bbox 277 5623 865 5692">
     <span class='ocr_line' id='line_1_99' title="bbox 277 5623 865 5692; baseline 0.002 -13"><span class='ocrx_word' id='word_1_745' title='bbox 277 5623 422 5679; x_wconf 65' lang='grc' dir='ltr'><strong>Μ.</strong></span> <span class='ocrx_word' id='word_1_746' title='bbox 445 5641 575 5683; x_wconf 83' lang='lat' dir='ltr'><strong>sess.</strong></span> <span class='ocrx_word' id='word_1_747' title='bbox 607 5628 661 5692; x_wconf 82' lang='lat'><strong>6,</strong></span> <span class='ocrx_word' id='word_1_748' title='bbox 685 5640 732 5680; x_wconf 77' lang='grc' dir='ltr'><strong>ο.</strong></span> <span class='ocrx_word' id='word_1_749' title='bbox 758 5623 865 5692; x_wconf 68' lang='grc' dir='ltr'><strong>ίϐ)ῖ</strong></span> 
     </span>
    </p>
   </div>
   <div class='ocr_carea' id='block_1_99' title="bbox 336 5694 1864 5770">
    <p class='ocr_par' dir='ltr' id='par_1_99' title="bbox 336 5694 1864 5770">
     <span class='ocr_line' id='line_1_100' title="bbox 336 5694 1864 5770; baseline 0.002 -18"><span class='ocrx_word' id='word_1_750' title='bbox 336 5696 363 5726; x_wconf 68' lang='grc'>⁸</span> <span class='ocrx_word' id='word_1_751' title='bbox 381 5697 553 5770; x_wconf 60' lang='lat' dir='ltr'><strong>Natat</strong></span> <span class='ocrx_word' id='word_1_752' title='bbox 573 5695 842 5770; x_wconf 65' lang='lat' dir='ltr'><strong>praecipua</strong></span> <span class='ocrx_word' id='word_1_753' title='bbox 873 5701 935 5770; x_wconf 90' lang='lat' dir='ltr'><strong>et_</strong></span> <span class='ocrx_word' id='word_1_754' title='bbox 949 5694 1184 5770; x_wconf 77' lang='lat' dir='ltr'><strong>maxime</strong></span> <span class='ocrx_word' id='word_1_755' title='bbox 1219 5695 1411 5770; x_wconf 81' lang='lat' dir='ltr'><strong>usitata</strong></span> <span class='ocrx_word' id='word_1_756' title='bbox 1436 5696 1615 5770; x_wconf 84' lang='lat' dir='ltr'><strong>media</strong></span> <span class='ocrx_word' id='word_1_757' title='bbox 1642 5712 1864 5770; x_wconf 87' lang='lat' dir='ltr'><strong>compa-</strong></span> 
     </span>
    </p>
   </div>
   <div class='ocr_carea' id='block_1_100' title="bbox 265 5764 1856 5842">
    <p class='ocr_par' dir='ltr' id='par_1_100' title="bbox 265 5764 1856 5842">
     <span class='ocr_line' id='line_1_101' title="bbox 265 5764 1856 5842; baseline 0.004 -21"><span class='ocrx_word' id='word_1_758' title='bbox 265 5764 453 5824; x_wconf 67' lang='lat' dir='ltr'><strong>nudae</strong></span> <span class='ocrx_word' id='word_1_759' title='bbox 497 5774 556 5826; x_wconf 89' lang='lat' dir='ltr'><strong>et</strong></span> <span class='ocrx_word' id='word_1_760' title='bbox 574 5764 990 5826; x_wconf 57' lang='lat' dir='ltr'><strong>’conservandte</strong></span> <span class='ocrx_word' id='word_1_761' title='bbox 1024 5766 1288 5842; x_wconf 61' lang='lat' dir='ltr'><strong>&quot;puritatis</strong></span> <span class='ocrx_word' id='word_1_762' title='bbox 1336 5775 1394 5825; x_wconf 92' lang='lat' dir='ltr'><strong>et</strong></span> <span class='ocrx_word' id='word_1_763' title='bbox 1437 5764 1813 5828; x_wconf 73' lang='lat' dir='ltr'><strong>sanctimoniae</strong></span> <span class='ocrx_word' id='word_1_764' title='bbox 1842 5790 1856 5828; x_wconf 92' lang='lat'><strong>:</strong></span> 
     </span>
    </p>
   </div>
   <div class='ocr_carea' id='block_1_101' title="bbox 1972 3225 3581 3302">
    <p class='ocr_par' dir='ltr' id='par_1_101' title="bbox 1972 3225 3581 3302">
     <span class='ocr_line' id='line_1_102' title="bbox 1972 3225 3581 3302; baseline -0.002 -17"><span class='ocrx_word' id='word_1_765' title='bbox 1972 3225 2139 3302; x_wconf 74' lang='lat' dir='ltr'><strong>quem</strong></span> <span class='ocrx_word' id='word_1_766' title='bbox 2177 3233 2417 3302; x_wconf 80' lang='lat' dir='ltr'><strong>Joannes</strong></span> <span class='ocrx_word' id='word_1_767' title='bbox 2448 3229 2736 3302; x_wconf 80' lang='lat' dir='ltr'><strong>Cassianus</strong></span> <span class='ocrx_word' id='word_1_768' title='bbox 2760 3237 2923 3300; x_wconf 89' lang='lat' dir='ltr'><strong>atque</strong></span> <span class='ocrx_word' id='word_1_769' title='bbox 2954 3227 3182 3302; x_wconf 80' lang='lat' dir='ltr'><strong>comites</strong></span> <span class='ocrx_word' id='word_1_770' title='bbox 3205 3225 3325 3298; x_wconf 90' lang='lat' dir='ltr'><strong>ejus</strong></span> <span class='ocrx_word' id='word_1_771' title='bbox 3357 3225 3581 3302; x_wconf 85' lang='lat' dir='ltr'><strong>presby-</strong></span> 
     </span>
    </p>
   </div>
   <div class='ocr_carea' id='block_1_102' title="bbox 1974 3295 3579 3371">
    <p class='ocr_par' dir='ltr' id='par_1_102' title="bbox 1974 3295 3579 3371">
     <span class='ocr_line' id='line_1_103' title="bbox 1974 3295 3579 3371; baseline -0.002 -16"><span class='ocrx_word' id='word_1_772' title='bbox 1974 3295 2080 3371; x_wconf 39' lang='lat' dir='ltr'><strong>tjeri</strong></span> <span class='ocrx_word' id='word_1_773' title='bbox 2108 3301 2474 3371; x_wconf 87' lang='lat' dir='ltr'><strong>Massilienses</strong></span> <span class='ocrx_word' id='word_1_774' title='bbox 2512 3295 2872 3371; x_wconf 73' lang='lat' dir='ltr'><strong>impegeruni,</strong></span> <span class='ocrx_word' id='word_1_775' title='bbox 2900 3295 3310 3371; x_wconf 80' lang='lat' dir='ltr'><strong>perfectionem</strong></span> <span class='ocrx_word' id='word_1_776' title='bbox 3344 3295 3579 3371; x_wconf 53' lang='lat' dir='ltr'><strong>{quidem</strong></span> 
     </span>
    </p>
   </div>
   <div class='ocr_carea' id='block_1_103' title="bbox 1974 3367 3567 3442">
    <p class='ocr_par' dir='ltr' id='par_1_103' title="bbox 1974 3367 3567 3442">
     <span class='ocr_line' id='line_1_104' title="bbox 1974 3367 3567 3442; baseline -0.001 -18"><span class='ocrx_word' id='word_1_777' title='bbox 1974 3369 2172 3442; x_wconf 64' lang='lat' dir='ltr'><strong>divina:</strong></span> <span class='ocrx_word' id='word_1_778' title='bbox 2200 3369 2391 3442; x_wconf 69' lang='lat' dir='ltr'><strong>gratiae</strong></span> <span class='ocrx_word' id='word_1_779' title='bbox 2416 3367 2768 3442; x_wconf 76' lang='lat' dir='ltr'><strong>ascribentes,</strong></span> <span class='ocrx_word' id='word_1_780' title='bbox 2793 3367 3015 3442; x_wconf 70' lang='lat' dir='ltr'><strong>in_itium</strong></span> <span class='ocrx_word' id='word_1_781' title='bbox 3046 3384 3183 3425; x_wconf 85' lang='lat' dir='ltr'><strong>vero</strong></span> <span class='ocrx_word' id='word_1_782' title='bbox 3211 3383 3324 3442; x_wconf 71' lang='lat' dir='ltr'><strong>seu</strong></span> <span class='ocrx_word' id='word_1_783' title='bbox 3341 3367 3567 3442; x_wconf 73' lang='lat' dir='ltr'><strong>inchoa-</strong></span> 
     </span>
    </p>
   </div>
   <div class='ocr_carea' id='block_1_104' title="bbox 1969 3437 3569 3496">
    <p class='ocr_par' dir='ltr' id='par_1_104' title="bbox 1969 3437 3569 3496">
     <span class='ocr_line' id='line_1_105' title="bbox 1969 3437 3569 3496; baseline -0.002 -1"><span class='ocrx_word' id='word_1_784' title='bbox 1969 3440 2179 3496; x_wconf 91' lang='lat' dir='ltr'><strong>tionem</strong></span> <span class='ocrx_word' id='word_1_785' title='bbox 2204 3437 2437 3495; x_wconf 69' lang='lat' dir='ltr'><strong>&#39;nostra:</strong></span> <span class='ocrx_word' id='word_1_786' title='bbox 2490 3438 2774 3495; x_wconf 87' lang='lat' dir='ltr'><strong>voluntati.</strong></span> <span class='ocrx_word' id='word_1_787' title='bbox 2838 3438 3003 3495; x_wconf 90' lang='lat' dir='ltr'><strong>Unde</strong></span> <span class='ocrx_word' id='word_1_788' title='bbox 3057 3453 3212 3494; x_wconf 90' lang='lat' dir='ltr'><strong>error</strong></span> <span class='ocrx_word' id='word_1_789' title='bbox 3270 3437 3569 3494; x_wconf 87' lang='lat' dir='ltr'><strong>Massilien-</strong></span> 
     </span>
    </p>
   </div>
   <div class='ocr_carea' id='block_1_105' title="bbox 1972 3507 3568 3581">
    <p class='ocr_par' dir='ltr' id='par_1_105' title="bbox 1972 3507 3568 3581">
     <span class='ocr_line' id='line_1_106' title="bbox 1972 3507 3568 3581; baseline -0.001 -15"><span class='ocrx_word' id='word_1_790' title='bbox 1972 3511 2113 3567; x_wconf 90' lang='lat' dir='ltr'><strong>sium</strong></span> <span class='ocrx_word' id='word_1_791' title='bbox 2150 3518 2206 3567; x_wconf 91' lang='lat' dir='ltr'><strong>et</strong></span> <span class='ocrx_word' id='word_1_792' title='bbox 2240 3508 2800 3581; x_wconf 85' lang='lat' dir='ltr'><strong>Semipelagianorum</strong></span> <span class='ocrx_word' id='word_1_793' title='bbox 2835 3508 3014 3581; x_wconf 87' lang='lat' dir='ltr'><strong>dictus</strong></span> <span class='ocrx_word' id='word_1_794' title='bbox 3052 3517 3155 3576; x_wconf 86' lang='lat' dir='ltr'><strong>est,</strong></span> <span class='ocrx_word' id='word_1_795' title='bbox 3193 3507 3342 3581; x_wconf 90' lang='lat' dir='ltr'><strong>quod</strong></span> <span class='ocrx_word' id='word_1_796' title='bbox 3385 3509 3568 3581; x_wconf 80' lang='lat' dir='ltr'><strong>aliqua</strong></span> 
     </span>
    </p>
   </div>
   <div class='ocr_carea' id='block_1_106' title="bbox 1973 3524 3566 3653">
    <p class='ocr_par' dir='ltr' id='par_1_106' title="bbox 1973 3524 3566 3653">
     <span class='ocr_line' id='line_1_107' title="bbox 1973 3524 3566 3637; baseline -0.001 -71"><span class='ocrx_word' id='word_1_797' title='bbox 1973 3526 2113 3567; x_wconf 67' lang='lat' dir='ltr'><strong>suum</strong></span> <span class='ocrx_word' id='word_1_798' title='bbox 2150 3524 2206 3567; x_wconf 88' lang='lat' dir='ltr'><strong>et</strong></span> <span class='ocrx_word' id='word_1_799' title='bbox 2240 3524 2800 3637; x_wconf 55' lang='lat' dir='ltr'><strong>semipelaglanorum</strong></span> <span class='ocrx_word' id='word_1_800' title='bbox 2835 3524 3014 3591; x_wconf 78' lang='lat' dir='ltr'><strong>uictus</strong></span> <span class='ocrx_word' id='word_1_801' title='bbox 3052 3524 3342 3637; x_wconf 47' lang='lat' dir='ltr'><strong>eszeguou</strong></span> <span class='ocrx_word' id='word_1_802' title='bbox 3385 3524 3566 3581; x_wconf 75' lang='lat' dir='ltr'><strong>aliqua</strong></span> 
     </span>
     <span class='ocr_line' id='line_1_108' title="bbox 1973 3578 3566 3653; baseline -0.001 -16"><span class='ocrx_word' id='word_1_803' title='bbox 1973 3590 2183 3653; x_wconf 87' lang='lat' dir='ltr'><strong>tantum</strong></span> <span class='ocrx_word' id='word_1_804' title='bbox 2209 3588 2451 3653; x_wconf 70' lang='lat' dir='ltr'><strong>exparte</strong></span> <span class='ocrx_word' id='word_1_805' title='bbox 2471 3596 2501 3653; x_wconf 82' lang='lat' dir='ltr'><strong>a</strong></span> <span class='ocrx_word' id='word_1_806' title='bbox 2562 3580 2758 3653; x_wconf 77' lang='lat' dir='ltr'><strong>Pelagii</strong></span> <span class='ocrx_word' id='word_1_807' title='bbox 2783 3579 3124 3653; x_wconf 26' lang='lat' dir='ltr'><strong>haeressm‘ac</strong></span> <span class='ocrx_word' id='word_1_808' title='bbox 3226 3588 3342 3653; x_wconf 10' lang='lat' dir='ltr'><strong>erret</strong></span> <span class='ocrx_word' id='word_1_809' title='bbox 3367 3599 3387 3653; x_wconf 79' lang='lat'><strong>_:</strong></span> <span class='ocrx_word' id='word_1_810' title='bbox 3415 3578 3566 3653; x_wconf 90' lang='lat' dir='ltr'><strong>quod</strong></span> 
     </span>
    </p>
   </div>
   <div class='ocr_carea' id='block_1_107' title="bbox 1971 3650 3569 3709">
    <p class='ocr_par' dir='ltr' id='par_1_107' title="bbox 1971 3650 3569 3709">
     <span class='ocr_line' id='line_1_109' title="bbox 1971 3650 3569 3709; baseline -0.001 -1"><span class='ocrx_word' id='word_1_811' title='bbox 1971 3652 2027 3708; x_wconf 91' lang='lat' dir='ltr'><strong>in</strong></span> <span class='ocrx_word' id='word_1_812' title='bbox 2052 3653 2195 3709; x_wconf 89' lang='lat' dir='ltr'><strong>notis</strong></span> <span class='ocrx_word' id='word_1_813' title='bbox 2222 3650 2668 3709; x_wconf 58' lang='lat' dir='ltr'><strong>ad&#39;collationem</strong></span> <span class='ocrx_word' id='word_1_814' title='bbox 2692 3650 2916 3707; x_wconf 76' lang='lat' dir='ltr'><strong>tertiam</strong></span> <span class='ocrx_word' id='word_1_815' title='bbox 2948 3650 3216 3709; x_wconf 88' lang='lat' dir='ltr'><strong>decimam</strong></span> <span class='ocrx_word' id='word_1_816' title='bbox 3248 3650 3452 3707; x_wconf 78' lang='lat' dir='ltr'><strong>clarius</strong></span> <span class='ocrx_word' id='word_1_817' title='bbox 3475 3666 3569 3707; x_wconf 84' lang='lat' dir='ltr'><strong>ex-</strong></span> 
     </span>
    </p>
   </div>
   <div class='ocr_carea' id='block_1_108' title="bbox 1972 3720 3573 3796">
    <p class='ocr_par' dir='ltr' id='par_1_108' title="bbox 1972 3720 3573 3796">
     <span class='ocr_line' id='line_1_110' title="bbox 1972 3720 3573 3796; baseline -0.002 -16"><span class='ocrx_word' id='word_1_818' title='bbox 1972 3723 2275 3796; x_wconf 83' lang='lat' dir='ltr'><strong>plicabitur.</strong></span> <span class='ocrx_word' id='word_1_819' title='bbox 2305 3724 2408 3796; x_wconf 80' lang='lat' dir='ltr'><strong>Hic</strong></span> <span class='ocrx_word' id='word_1_820' title='bbox 2435 3730 2649 3796; x_wconf 75' lang='lat' dir='ltr'><strong>tantum</strong></span> <span class='ocrx_word' id='word_1_821' title='bbox 2684 3730 2904 3796; x_wconf 81' lang='lat' dir='ltr'><strong>notasse</strong></span> <span class='ocrx_word' id='word_1_822' title='bbox 2927 3720 3222 3796; x_wconf 71' lang='lat' dir='ltr'><strong>suffecerit,</strong></span> <span class='ocrx_word' id='word_1_823' title='bbox 3266 3722 3573 3796; x_wconf 83' lang='lat' dir='ltr'><strong>Massilien-</strong></span> 
     </span>
    </p>
   </div>
   <div class='ocr_carea' id='block_1_109' title="bbox 1971 3791 3569 3866">
    <p class='ocr_par' dir='ltr' id='par_1_109' title="bbox 1971 3791 3569 3866">
     <span class='ocr_line' id='line_1_111' title="bbox 1971 3791 3569 3866; baseline -0.004 -14"><span class='ocrx_word' id='word_1_824' title='bbox 1971 3791 2058 3852; x_wconf 70' lang='lat' dir='ltr'><strong>ses</strong></span> <span class='ocrx_word' id='word_1_825' title='bbox 2085 3794 2310 3852; x_wconf 90' lang='lat' dir='ltr'><strong>clericos</strong></span> <span class='ocrx_word' id='word_1_826' title='bbox 2341 3794 2414 3866; x_wconf 88' lang='lat' dir='ltr'><strong>(in</strong></span> <span class='ocrx_word' id='word_1_827' title='bbox 2451 3793 2654 3866; x_wconf 81' lang='lat' dir='ltr'><strong>quibus</strong></span> <span class='ocrx_word' id='word_1_828' title='bbox 2694 3792 2983 3866; x_wconf 75' lang='lat' dir='ltr'><strong>Cassianus</strong></span> <span class='ocrx_word' id='word_1_829' title='bbox 3018 3791 3325 3866; x_wconf 80' lang='lat' dir='ltr'><strong>habebatur</strong></span> <span class='ocrx_word' id='word_1_830' title='bbox 3369 3791 3569 3866; x_wconf 64' lang='lat' dir='ltr'><strong>praeci-</strong></span> 
     </span>
    </p>
   </div>
   <div class='ocr_carea' id='block_1_110' title="bbox 1973 3861 3567 3937">
    <p class='ocr_par' dir='ltr' id='par_1_110' title="bbox 1973 3861 3567 3937">
     <span class='ocr_line' id='line_1_112' title="bbox 1973 3861 3567 3937; baseline -0.004 -17"><span class='ocrx_word' id='word_1_831' title='bbox 1973 3870 2156 3936; x_wconf 90' lang='lat' dir='ltr'><strong>puus),</strong></span> <span class='ocrx_word' id='word_1_832' title='bbox 2186 3861 2436 3937; x_wconf 84' lang='lat' dir='ltr'><strong>quamvis</strong></span> <span class='ocrx_word' id='word_1_833' title='bbox 2449 3861 2977 3937; x_wconf 71' lang='lat' dir='ltr'><strong>alioquicstholicos</strong></span> <span class='ocrx_word' id='word_1_834' title='bbox 3004 3869 3062 3917; x_wconf 92' lang='lat' dir='ltr'><strong>et</strong></span> <span class='ocrx_word' id='word_1_835' title='bbox 3090 3861 3380 3937; x_wconf 75' lang='lat' dir='ltr'><strong>religiosos</strong></span> <span class='ocrx_word' id='word_1_836' title='bbox 3400 3861 3567 3937; x_wconf 72' lang='lat' dir='ltr'><strong>viros,</strong></span> 
     </span>
    </p>
   </div>
   <div class='ocr_carea' id='block_1_111' title="bbox 1974 3927 3566 4009">
    <p class='ocr_par' dir='ltr' id='par_1_111' title="bbox 1974 3927 3566 4009">
     <span class='ocr_line' id='line_1_113' title="bbox 1974 3927 3566 4009; baseline -0.004 -19"><span class='ocrx_word' id='word_1_837' title='bbox 1974 3927 2160 4009; x_wconf 75' lang='lat' dir='ltr'><strong>tamen</strong></span> <span class='ocrx_word' id='word_1_838' title='bbox 2177 3927 2296 4009; x_wconf 69' lang='lat' dir='ltr'><strong>s&#39;ub_</strong></span> <span class='ocrx_word' id='word_1_839' title='bbox 2310 3934 2533 4009; x_wconf 81' lang='lat' dir='ltr'><strong>nomine</strong></span> <span class='ocrx_word' id='word_1_840' title='bbox 2562 3927 2833 4009; x_wconf 70' lang='lat' dir='ltr'><strong>catholico</strong></span> <span class='ocrx_word' id='word_1_841' title='bbox 2873 3932 3018 3987; x_wconf 89' lang='lat' dir='ltr'><strong>visos</strong></span> <span class='ocrx_word' id='word_1_842' title='bbox 3040 3946 3169 4009; x_wconf 68' lang='lat' dir='ltr'><strong>esse</strong></span> <span class='ocrx_word' id='word_1_843' title='bbox 3196 3927 3420 3999; x_wconf 68' lang='lat' dir='ltr'><strong>l’elagio</strong></span> <span class='ocrx_word' id='word_1_844' title='bbox 3452 3927 3566 4009; x_wconf 67' lang='lat' dir='ltr'><strong>ha:-</strong></span> 
     </span>
    </p>
   </div>
   <div class='ocr_carea' id='block_1_112' title="bbox 1974 4000 3570 4084">
    <p class='ocr_par' dir='ltr' id='par_1_112' title="bbox 1974 4000 3570 4084">
     <span class='ocr_line' id='line_1_114' title="bbox 1974 4000 3570 4084; baseline -0.004 -25"><span class='ocrx_word' id='word_1_845' title='bbox 1974 4006 2146 4060; x_wconf 90' lang='lat' dir='ltr'><strong>retico</strong></span> <span class='ocrx_word' id='word_1_846' title='bbox 2179 4004 2490 4084; x_wconf 72' lang='lat' dir='ltr'><strong>suffragari,</strong></span> <span class='ocrx_word' id='word_1_847' title='bbox 2524 4000 3182 4084; x_wconf 62' lang='lat' dir='ltr'><strong>quodgratiamgnidem</strong></span> <span class='ocrx_word' id='word_1_848' title='bbox 3208 4000 3570 4084; x_wconf 72' lang='lat' dir='ltr'><strong>necessariam</strong></span> 
     </span>
    </p>
   </div>
   <div class='ocr_carea' id='block_1_113' title="bbox 1976 4072 3573 4222">
    <p class='ocr_par' dir='ltr' id='par_1_113' title="bbox 1976 4072 3573 4222">
     <span class='ocr_line' id='line_1_115' title="bbox 1977 4072 3568 4144; baseline -0.003 -16"><span class='ocrx_word' id='word_1_849' title='bbox 1977 4082 2331 4142; x_wconf 88' lang='lat' dir='ltr'><strong>agnoscerent</strong></span> <span class='ocrx_word' id='word_1_850' title='bbox 2359 4072 2441 4129; x_wconf 48' lang='lat' dir='ltr'><strong>‘ad</strong></span> <span class='ocrx_word' id='word_1_851' title='bbox 2482 4072 2867 4144; x_wconf 76' lang='lat' dir='ltr'><strong>perfectionem</strong></span> <span class='ocrx_word' id='word_1_852' title='bbox 2907 4072 3172 4127; x_wconf 87' lang='lat' dir='ltr'><strong>virtutum</strong></span> <span class='ocrx_word' id='word_1_853' title='bbox 3204 4076 3260 4125; x_wconf 88' lang='lat' dir='ltr'><strong>et</strong></span> <span class='ocrx_word' id='word_1_854' title='bbox 3304 4076 3568 4124; x_wconf 67' lang='lat' dir='ltr'><strong>aeternam</strong></span> 
     </span>
     <span class='ocr_line' id='line_1_116' title="bbox 1976 4138 3573 4222; baseline -0.003 -25"><span class='ocrx_word' id='word_1_855' title='bbox 1976 4141 2287 4222; x_wconf 71' lang='lat' dir='ltr'><strong>fslicitatem</strong></span> <span class='ocrx_word' id='word_1_856' title='bbox 2311 4139 2758 4222; x_wconf 87' lang='lat' dir='ltr'><strong>consequendam</strong></span> <span class='ocrx_word' id='word_1_857' title='bbox 2769 4139 3266 4222; x_wconf 50' lang='lat' dir='ltr'><strong>Quemadmodum</strong></span> <span class='ocrx_word' id='word_1_858' title='bbox 3283 4138 3573 4222; x_wconf 71' lang='lat' dir='ltr'><strong>Cassianus</strong></span> 
     </span>
    </p>
   </div>
   <div class='ocr_carea' id='block_1_114' title="bbox 1979 4208 3573 4282">
    <p class='ocr_par' dir='ltr' id='par_1_114' title="bbox 1979 4208 3573 4282">
     <span class='ocr_line' id='line_1_117' title="bbox 1979 4208 3573 4282; baseline -0.001 -14"><span class='ocrx_word' id='word_1_859' title='bbox 1979 4211 2067 4268; x_wconf 90' lang='lat' dir='ltr'><strong>hic</strong></span> <span class='ocrx_word' id='word_1_860' title='bbox 2094 4211 2297 4280; x_wconf 89' lang='lat' dir='ltr'><strong>docet),</strong></span> <span class='ocrx_word' id='word_1_861' title='bbox 2343 4227 2458 4282; x_wconf 81' lang='lat' dir='ltr'><strong>non</strong></span> <span class='ocrx_word' id='word_1_862' title='bbox 2492 4208 2679 4282; x_wconf 75' lang='lat' dir='ltr'><strong>tamen</strong></span> <span class='ocrx_word' id='word_1_863' title='bbox 2716 4211 2788 4265; x_wconf 88' lang='lat' dir='ltr'><strong>ad</strong></span> <span class='ocrx_word' id='word_1_864' title='bbox 2813 4208 3043 4282; x_wconf 79' lang='lat' dir='ltr'><strong>in_itium</strong></span> <span class='ocrx_word' id='word_1_865' title='bbox 3073 4208 3487 4282; x_wconf 84' lang='lat' dir='ltr'><strong>justiticationis</strong></span> <span class='ocrx_word' id='word_1_866' title='bbox 3517 4216 3573 4266; x_wconf 90' lang='lat' dir='ltr'><strong>et</strong></span> 
     </span>
    </p>
   </div>
   <div class='ocr_carea' id='block_1_115' title="bbox 1978 4279 3571 4363">
    <p class='ocr_par' dir='ltr' id='par_1_115' title="bbox 1978 4279 3571 4363">
     <span class='ocr_line' id='line_1_118' title="bbox 1978 4279 3571 4363; baseline -0.001 -25"><span class='ocrx_word' id='word_1_867' title='bbox 1978 4283 2187 4363; x_wconf 76' lang='lat' dir='ltr'><strong>salutis.</strong></span> <span class='ocrx_word' id='word_1_868' title='bbox 2223 4279 2496 4363; x_wconf 77' lang='lat' dir='ltr'><strong>Dieebant</strong></span> <span class='ocrx_word' id='word_1_869' title='bbox 2525 4279 2671 4336; x_wconf 91' lang='lat' dir='ltr'><strong>enim</strong></span> <span class='ocrx_word' id='word_1_870' title='bbox 2695 4294 2767 4363; x_wconf 70' lang='lat' dir='ltr'><strong>ex</strong></span> <span class='ocrx_word' id='word_1_871' title='bbox 2793 4279 2953 4363; x_wconf 74' lang='lat' dir='ltr'><strong>nebis</strong></span> <span class='ocrx_word' id='word_1_872' title='bbox 2981 4279 3229 4363; x_wconf 41' lang='lat' dir='ltr'><strong>aut.</strong></span> <span class='ocrx_word' id='word_1_873' title='bbox 3255 4294 3571 4363; x_wconf 79' lang='lat' dir='ltr'><strong>p_osse__esse</strong></span> 
     </span>
    </p>
   </div>
   <div class='ocr_carea' id='block_1_116' title="bbox 1979 4350 3568 4436">
    <p class='ocr_par' dir='ltr' id='par_1_116' title="bbox 1979 4350 3568 4436">
     <span class='ocr_line' id='line_1_119' title="bbox 1979 4350 3568 4436; baseline -0.001 -27"><span class='ocrx_word' id='word_1_874' title='bbox 1979 4352 2131 4436; x_wconf 75' lang='lat' dir='ltr'><strong>initia</strong></span> <span class='ocrx_word' id='word_1_875' title='bbox 2154 4352 2410 4436; x_wconf 68' lang='lat' dir='ltr'><strong>quaedam</strong></span> <span class='ocrx_word' id='word_1_876' title='bbox 2434 4351 2599 4436; x_wconf 58' lang='lat' dir='ltr'><strong>bona;</strong></span> <span class='ocrx_word' id='word_1_877' title='bbox 2624 4350 2919 4436; x_wconf 46' lang='lat' dir='ltr'><strong>voluntatis</strong></span> <span class='ocrx_word' id='word_1_878' title='bbox 2934 4350 3155 4436; x_wconf 44' lang='lat' dir='ltr'><strong>esselis</strong></span> <span class='ocrx_word' id='word_1_879' title='bbox 3179 4350 3385 4436; x_wconf 71' lang='lat' dir='ltr'><strong>viribus</strong></span> <span class='ocrx_word' id='word_1_880' title='bbox 3413 4351 3568 4436; x_wconf 78' lang='lat' dir='ltr'><strong>liberi</strong></span> 
     </span>
    </p>
   </div>
   <div class='ocr_carea' id='block_1_117' title="bbox 1978 4422 3572 4509">
    <p class='ocr_par' dir='ltr' id='par_1_117' title="bbox 1978 4422 3572 4509">
     <span class='ocr_line' id='line_1_120' title="bbox 1978 4422 3572 4509; baseline 0 -30"><span class='ocrx_word' id='word_1_881' title='bbox 1978 4422 2197 4509; x_wconf 65' lang='lat' dir='ltr'><strong>arbitrii</strong></span> <span class='ocrx_word' id='word_1_882' title='bbox 2225 4423 2431 4509; x_wconf 78' lang='lat' dir='ltr'><strong>absque</strong></span> <span class='ocrx_word' id='word_1_883' title='bbox 2464 4423 2575 4509; x_wconf 68' lang='lat' dir='ltr'><strong>ulla</strong></span> <span class='ocrx_word' id='word_1_884' title='bbox 2603 4423 2777 4509; x_wconf 65' lang='lat' dir='ltr'><strong>gratia</strong></span> <span class='ocrx_word' id='word_1_885' title='bbox 2820 4422 3018 4482; x_wconf 87' lang='lat' dir='ltr'><strong>Christi</strong></span> <span class='ocrx_word' id='word_1_886' title='bbox 3053 4423 3279 4509; x_wconf 52' lang='lat' dir='ltr'><strong>intefius</strong></span> <span class='ocrx_word' id='word_1_887' title='bbox 3314 4432 3572 4506; x_wconf 76' lang='lat' dir='ltr'><strong>movente</strong></span> 
     </span>
    </p>
   </div>
   <div class='ocr_carea' id='block_1_118' title="bbox 1977 4494 3566 4579">
    <p class='ocr_par' dir='ltr' id='par_1_118' title="bbox 1977 4494 3566 4579">
     <span class='ocr_line' id='line_1_121' title="bbox 1977 4494 3566 4579; baseline 0 -28"><span class='ocrx_word' id='word_1_888' title='bbox 1977 4494 2585 4579; x_wconf 69' lang='lat' dir='ltr'><strong>et_excitante,_quibus</strong></span> <span class='ocrx_word' id='word_1_889' title='bbox 2609 4494 2970 4579; x_wconf 74' lang='lat' dir='ltr'><strong>inciperemus</strong></span> <span class='ocrx_word' id='word_1_890' title='bbox 3000 4496 3135 4554; x_wconf 91' lang='lat' dir='ltr'><strong>velle</strong></span> <span class='ocrx_word' id='word_1_891' title='bbox 3167 4495 3305 4553; x_wconf 91' lang='lat' dir='ltr'><strong>bene</strong></span> <span class='ocrx_word' id='word_1_892' title='bbox 3331 4494 3566 4579; x_wconf 66' lang='lat' dir='ltr'><strong>operari,</strong></span> 
     </span>
    </p>
   </div>
   <div class='ocr_carea' id='block_1_119' title="bbox 1978 4565 3569 4641">
    <p class='ocr_par' dir='ltr' id='par_1_119' title="bbox 1978 4565 3569 4641">
     <span class='ocr_line' id='line_1_122' title="bbox 1978 4565 3569 4641; baseline -0.001 -17"><span class='ocrx_word' id='word_1_893' title='bbox 1978 4565 2132 4641; x_wconf 73' lang='lat' dir='ltr'><strong>velle</strong></span> <span class='ocrx_word' id='word_1_894' title='bbox 2162 4565 2423 4641; x_wconf 69' lang='lat' dir='ltr'><strong>converti,</strong></span> <span class='ocrx_word' id='word_1_895' title='bbox 2467 4565 2665 4641; x_wconf 29' lang='lat' dir='ltr'><strong>sanari-</strong></span> <span class='ocrx_word' id='word_1_896' title='bbox 2685 4565 2739 4622; x_wconf 78' lang='lat' dir='ltr'><strong>et</strong></span> <span class='ocrx_word' id='word_1_897' title='bbox 2775 4567 2969 4641; x_wconf 69' lang='lat' dir='ltr'><strong>salvari</strong></span> <span class='ocrx_word' id='word_1_898' title='bbox 3018 4586 3031 4622; x_wconf 87' lang='lat'><strong>:</strong></span> <span class='ocrx_word' id='word_1_899' title='bbox 3084 4582 3325 4641; x_wconf 74' lang='lat' dir='ltr'><strong>quorum</strong></span> <span class='ocrx_word' id='word_1_900' title='bbox 3370 4565 3569 4623; x_wconf 90' lang='lat' dir='ltr'><strong>intuitu</strong></span> 
     </span>
    </p>
   </div>
   <div class='ocr_carea' id='block_1_120' title="bbox 1973 4636 3568 4716">
    <p class='ocr_par' dir='ltr' id='par_1_120' title="bbox 1973 4636 3568 4716">
     <span class='ocr_line' id='line_1_123' title="bbox 1973 4636 3568 4716; baseline -0.004 -20"><span class='ocrx_word' id='word_1_901' title='bbox 1973 4637 2169 4716; x_wconf 77' lang='lat' dir='ltr'><strong>deinde</strong></span> <span class='ocrx_word' id='word_1_902' title='bbox 2195 4638 2367 4716; x_wconf 75' lang='lat' dir='ltr'><strong>gratia</strong></span> <span class='ocrx_word' id='word_1_903' title='bbox 2384 4640 2509 4716; x_wconf 33' lang='lat' dir='ltr'><strong>‘De_i</strong></span> <span class='ocrx_word' id='word_1_904' title='bbox 2536 4636 2696 4695; x_wconf 90' lang='lat' dir='ltr'><strong>nobis</strong></span> <span class='ocrx_word' id='word_1_905' title='bbox 2718 4636 3119 4716; x_wconf 70' lang='lat' dir='ltr'><strong>ceneederetur&#39;</strong></span> <span class='ocrx_word' id='word_1_906' title='bbox 3132 4638 3210 4716; x_wconf 91' lang='lat' dir='ltr'><strong>_ad</strong></span> <span class='ocrx_word' id='word_1_907' title='bbox 3244 4651 3568 4716; x_wconf 78' lang='lat' dir='ltr'><strong>premoven-</strong></span> 
     </span>
    </p>
   </div>
   <div class='ocr_carea' id='block_1_121' title="bbox 1970 4706 3572 4783">
    <p class='ocr_par' dir='ltr' id='par_1_121' title="bbox 1970 4706 3572 4783">
     <span class='ocr_line' id='line_1_124' title="bbox 1970 4706 3572 4783; baseline -0.004 -18"><span class='ocrx_word' id='word_1_908' title='bbox 1970 4709 2175 4783; x_wconf 36' lang='lat' dir='ltr'><strong>dosuet</strong></span> <span class='ocrx_word' id='word_1_909' title='bbox 2197 4706 2575 4783; x_wconf 62' lang='lat' dir='ltr'><strong>&#39;pertlciendos</strong></span> <span class='ocrx_word' id='word_1_910' title='bbox 2590 4779 2602 4783; x_wconf 88' lang='lat'>_</span> <span class='ocrx_word' id='word_1_911' title='bbox 2617 4717 2672 4765; x_wconf 89' lang='lat' dir='ltr'><strong>et</strong></span> <span class='ocrx_word' id='word_1_912' title='bbox 2694 4707 2793 4783; x_wconf 84' lang='lat' dir='ltr'><strong>_ad_</strong></span> <span class='ocrx_word' id='word_1_913' title='bbox 2815 4710 2984 4783; x_wconf 74' lang='lat' dir='ltr'><strong>tinem</strong></span> <span class='ocrx_word' id='word_1_914' title='bbox 3020 4706 3395 4783; x_wconf 78' lang='lat' dir='ltr'><strong>perducendos</strong></span> <span class='ocrx_word' id='word_1_915' title='bbox 3434 4706 3572 4783; x_wconf 78' lang='lat' dir='ltr'><strong>ejus-</strong></span> 
     </span>
    </p>
   </div>
   <div class='ocr_carea' id='block_1_122' title="bbox 1970 4773 3569 4853">
    <p class='ocr_par' dir='ltr' id='par_1_122' title="bbox 1970 4773 3569 4853">
     <span class='ocr_line' id='line_1_125' title="bbox 1970 4773 3569 4853; baseline -0.008 -17"><span class='ocrx_word' id='word_1_916' title='bbox 1970 4781 2121 4838; x_wconf 90' lang='lat' dir='ltr'><strong>modi</strong></span> <span class='ocrx_word' id='word_1_917' title='bbox 2169 4773 2396 4853; x_wconf 76' lang='lat' dir='ltr'><strong>cénatus</strong></span> <span class='ocrx_word' id='word_1_918' title='bbox 2450 4788 2526 4853; x_wconf 85' lang='lat' dir='ltr'><strong>et_</strong></span> <span class='ocrx_word' id='word_1_919' title='bbox 2551 4779 2639 4850; x_wconf 89' lang='lat' dir='ltr'><strong>pia</strong></span> <span class='ocrx_word' id='word_1_920' title='bbox 2678 4776 2967 4853; x_wconf 75' lang='lat' dir='ltr'><strong>desideria.</strong></span> <span class='ocrx_word' id='word_1_921' title='bbox 3014 4773 3361 4853; x_wconf 66' lang='lat' dir='ltr'><strong>_Unde__baac</strong></span> <span class='ocrx_word' id='word_1_922' title='bbox 3412 4778 3569 4853; x_wconf 69' lang='lat' dir='ltr'><strong>erant</strong></span> 
     </span>
    </p>
   </div>
   <div class='ocr_carea' id='block_1_123' title="bbox 1972 4838 3574 4920">
    <p class='ocr_par' dir='ltr' id='par_1_123' title="bbox 1972 4838 3574 4920">
     <span class='ocr_line' id='line_1_126' title="bbox 1972 4838 3574 4920; baseline -0.007 -13"><span class='ocrx_word' id='word_1_923' title='bbox 1972 4866 2171 4907; x_wconf 91' lang='lat' dir='ltr'><strong>eorum</strong></span> <span class='ocrx_word' id='word_1_924' title='bbox 2201 4851 2375 4920; x_wconf 87' lang='lat' dir='ltr'><strong>elogia</strong></span> <span class='ocrx_word' id='word_1_925' title='bbox 2408 4858 2466 4904; x_wconf 90' lang='lat' dir='ltr'><strong>et</strong></span> <span class='ocrx_word' id='word_1_926' title='bbox 2498 4838 2758 4920; x_wconf 63' lang='lat' dir='ltr'><strong>formula:</strong></span> <span class='ocrx_word' id='word_1_927' title='bbox 2792 4843 3054 4920; x_wconf 83' lang='lat' dir='ltr'><strong>loquendi</strong></span> <span class='ocrx_word' id='word_1_928' title='bbox 3084 4860 3098 4895; x_wconf 88' lang='lat'>:</span> <span class='ocrx_word' id='word_1_929' title='bbox 3130 4839 3357 4920; x_wconf 90' lang='lat' dir='ltr'><strong>in_itium</strong></span> <span class='ocrx_word' id='word_1_930' title='bbox 3384 4838 3574 4920; x_wconf 78' lang='lat' dir='ltr'><strong>salutis</strong></span> 
     </span>
    </p>
   </div>
   <div class='ocr_carea' id='block_1_124' title="bbox 1974 4913 3572 4992">
    <p class='ocr_par' dir='ltr' id='par_1_124' title="bbox 1974 4913 3572 4992">
     <span class='ocr_line' id='line_1_127' title="bbox 1974 4913 3572 4992; baseline -0.007 -15"><span class='ocrx_word' id='word_1_931' title='bbox 1974 4935 2093 4992; x_wconf 86' lang='lat' dir='ltr'><strong>esse</strong></span> <span class='ocrx_word' id='word_1_932' title='bbox 2119 4934 2200 4992; x_wconf 78' lang='lat' dir='ltr'><strong>ex_</strong></span> <span class='ocrx_word' id='word_1_933' title='bbox 2217 4913 2409 4992; x_wconf 69' lang='lat' dir='ltr'><strong>nobis;</strong></span> <span class='ocrx_word' id='word_1_934' title='bbox 2449 4913 3063 4992; x_wconf 44' lang='lat' dir='ltr'><strong>perfectionem—autem</strong></span> <span class='ocrx_word' id='word_1_935' title='bbox 3093 4925 3128 4992; x_wconf 85' lang='lat' dir='ltr'><strong>a_</strong></span> <span class='ocrx_word' id='word_1_936' title='bbox 3162 4913 3312 4992; x_wconf 74' lang='lat' dir='ltr'><strong>Deo;</strong></span> <span class='ocrx_word' id='word_1_937' title='bbox 3334 4913 3572 4992; x_wconf 80' lang='lat' dir='ltr'><strong>gratiam</strong></span> 
     </span>
    </p>
   </div>
   <div class='ocr_carea' id='block_1_125' title="bbox 1974 4978 3572 5055">
    <p class='ocr_par' dir='ltr' id='par_1_125' title="bbox 1974 4978 3572 5055">
     <span class='ocr_line' id='line_1_128' title="bbox 1974 4978 3572 5055; baseline -0.003 -12"><span class='ocrx_word' id='word_1_938' title='bbox 1974 4988 2079 5044; x_wconf 91' lang='lat' dir='ltr'><strong>Dei</strong></span> <span class='ocrx_word' id='word_1_939' title='bbox 2119 4987 2347 5042; x_wconf 88' lang='lat' dir='ltr'><strong>subinde</strong></span> <span class='ocrx_word' id='word_1_940' title='bbox 2370 4978 2407 5040; x_wconf 81' lang='lat' dir='ltr'><strong>a</strong></span> <span class='ocrx_word' id='word_1_941' title='bbox 2432 4978 2591 5055; x_wconf 78' lang='lat' dir='ltr'><strong>nobis</strong></span> <span class='ocrx_word' id='word_1_942' title='bbox 2621 4981 2928 5055; x_wconf 60' lang='lat' dir='ltr'><strong>praeveniri,</strong></span> <span class='ocrx_word' id='word_1_943' title='bbox 2969 4978 3213 5055; x_wconf 76' lang='lat' dir='ltr'><strong>nec&#39;dari</strong></span> <span class='ocrx_word' id='word_1_944' title='bbox 3246 4978 3572 5055; x_wconf 62' lang='lat' dir='ltr'><strong>nisi&#39;suapte</strong></span> 
     </span>
    </p>
   </div>
   <div class='ocr_carea' id='block_1_126' title="bbox 1973 5050 3568 5130">
    <p class='ocr_par' dir='ltr' id='par_1_126' title="bbox 1973 5050 3568 5130">
     <span class='ocr_line' id='line_1_129' title="bbox 1973 5050 3568 5130; baseline -0.003 -15"><span class='ocrx_word' id='word_1_945' title='bbox 1973 5063 2292 5130; x_wconf 83' lang='lat' dir='ltr'><strong>sponte,__et</strong></span> <span class='ocrx_word' id='word_1_946' title='bbox 2330 5054 2550 5130; x_wconf 80' lang='lat' dir='ltr'><strong>proprio</strong></span> <span class='ocrx_word' id='word_1_947' title='bbox 2594 5050 2774 5130; x_wconf 82' lang='lat' dir='ltr'><strong>motu_</strong></span> <span class='ocrx_word' id='word_1_948' title='bbox 2796 5050 3140 5130; x_wconf 53' lang='lat' dir='ltr'><strong>petentibus,</strong></span> <span class='ocrx_word' id='word_1_949' title='bbox 3176 5050 3568 5130; x_wconf 71' lang='lat' dir='ltr'><strong>quaerentibu,</strong></span> 
     </span>
    </p>
   </div>
   <div class='ocr_carea' id='block_1_127' title="bbox 1975 5122 3572 5270">
    <p class='ocr_par' dir='ltr' id='par_1_127' title="bbox 1975 5122 3572 5270">
     <span class='ocr_line' id='line_1_130' title="bbox 1975 5122 3572 5208; baseline -0.001 -25"><span class='ocrx_word' id='word_1_950' title='bbox 1975 5122 2566 5207; x_wconf 68' lang='lat' dir='ltr'><strong>p&#39;ulsantibus&#39;absque</strong></span> <span class='ocrx_word' id='word_1_951' title='bbox 2607 5122 2816 5198; x_wconf 69' lang='lat' dir='ltr'><strong>praevia</strong></span> <span class='ocrx_word' id='word_1_952' title='bbox 2857 5122 2959 5179; x_wconf 92' lang='lat' dir='ltr'><strong>Dei</strong></span> <span class='ocrx_word' id='word_1_953' title='bbox 3006 5122 3249 5208; x_wconf 72' lang='lat' dir='ltr'><strong>moliens</strong></span> <span class='ocrx_word' id='word_1_954' title='bbox 3286 5133 3346 5180; x_wconf 86' lang='lat' dir='ltr'><strong>et</strong></span> <span class='ocrx_word' id='word_1_955' title='bbox 3385 5124 3572 5207; x_wconf 67' lang='lat' dir='ltr'><strong>gratia:</strong></span> 
     </span>
     <span class='ocr_line' id='line_1_131' title="bbox 1975 5193 3571 5270; baseline -0.001 -16"><span class='ocrx_word' id='word_1_956' title='bbox 1975 5198 2540 5270; x_wconf 66' lang='lat' dir='ltr'><strong>adjutorlo;_nostros</strong></span> <span class='ocrx_word' id='word_1_957' title='bbox 2562 5202 2793 5270; x_wconf 75' lang='lat' dir='ltr'><strong>conatus</strong></span> <span class='ocrx_word' id='word_1_958' title='bbox 2829 5204 2887 5252; x_wconf 90' lang='lat' dir='ltr'><strong>et</strong></span> <span class='ocrx_word' id='word_1_959' title='bbox 2913 5193 3123 5251; x_wconf 90' lang='lat' dir='ltr'><strong>labores</strong></span> <span class='ocrx_word' id='word_1_960' title='bbox 3151 5202 3339 5252; x_wconf 78' lang='lat' dir='ltr'><strong>irritos</strong></span> <span class='ocrx_word' id='word_1_961' title='bbox 3369 5203 3424 5252; x_wconf 89' lang='lat' dir='ltr'><strong>et</strong></span> <span class='ocrx_word' id='word_1_962' title='bbox 3449 5211 3571 5253; x_wconf 83' lang='lat' dir='ltr'><strong>lna-</strong></span> 
     </span>
    </p>
   </div>
   <div class='ocr_carea' id='block_1_128' title="bbox 2267 5226 3571 5263">
    <p class='ocr_par' dir='ltr' id='par_1_128' title="bbox 2267 5226 3571 5263">
     <span class='ocr_line' id='line_1_132' title="bbox 2267 5226 3571 5263; baseline -0.001 -10"><span class='ocrx_word' id='word_1_963' title='bbox 2267 5226 2282 5263; x_wconf 63' lang='grc' dir='ltr'>ᾖ</span> <span class='ocrx_word' id='word_1_964' title='bbox 2322 5226 2540 5253; x_wconf 68' lang='grc' dir='ltr'><strong>ιιυδιιυδ</strong></span> <span class='ocrx_word' id='word_1_965' title='bbox 2562 5226 2793 5254; x_wconf 69' lang='grc' dir='ltr'><strong>υυιιαιυδ</strong></span> <span class='ocrx_word' id='word_1_966' title='bbox 2829 5226 2887 5252; x_wconf 68' lang='grc' dir='ltr'><strong>τι</strong></span> <span class='ocrx_word' id='word_1_967' title='bbox 2913 5226 3123 5251; x_wconf 71' lang='grc' dir='ltr'><strong>ιαυυιτο</strong></span> <span class='ocrx_word' id='word_1_968' title='bbox 3151 5226 3339 5252; x_wconf 72' lang='grc' dir='ltr'>ιιιιιυδ</span> <span class='ocrx_word' id='word_1_969' title='bbox 3369 5226 3424 5252; x_wconf 65' lang='grc' dir='ltr'><strong>τι</strong></span> <span class='ocrx_word' id='word_1_970' title='bbox 3451 5226 3571 5253; x_wconf 70' lang='lat' dir='ltr'><strong>Illa&quot;</strong></span> 
     </span>
    </p>
   </div>
   <div class='ocr_carea' id='block_1_129' title="bbox 1974 5266 3573 5339">
    <p class='ocr_par' dir='ltr' id='par_1_129' title="bbox 1974 5266 3573 5339">
     <span class='ocr_line' id='line_1_133' title="bbox 1974 5266 3573 5339; baseline 0.001 -14"><span class='ocrx_word' id='word_1_971' title='bbox 1974 5266 2073 5326; x_wconf 78' lang='lat' dir='ltr'><strong>nes</strong></span> <span class='ocrx_word' id='word_1_972' title='bbox 2094 5282 2232 5335; x_wconf 82' lang='lat' dir='ltr'><strong>esse,</strong></span> <span class='ocrx_word' id='word_1_973' title='bbox 2255 5266 2356 5325; x_wconf 89' lang='lat' dir='ltr'><strong>nisi</strong></span> <span class='ocrx_word' id='word_1_974' title='bbox 2383 5282 2416 5323; x_wconf 90' lang='lat' dir='ltr'><strong>a</strong></span> <span class='ocrx_word' id='word_1_975' title='bbox 2454 5269 2572 5339; x_wconf 87' lang='lat' dir='ltr'><strong>Deo</strong></span> <span class='ocrx_word' id='word_1_976' title='bbox 2594 5267 2918 5339; x_wconf 82' lang='lat' dir='ltr'><strong>adiuventur</strong></span> <span class='ocrx_word' id='word_1_977' title='bbox 2939 5273 2996 5322; x_wconf 92' lang='lat' dir='ltr'><strong>et</strong></span> <span class='ocrx_word' id='word_1_978' title='bbox 3028 5276 3484 5339; x_wconf 86' lang='lat' dir='ltr'><strong>promoveantur;</strong></span> <span class='ocrx_word' id='word_1_979' title='bbox 3515 5277 3573 5327; x_wconf 86' lang='lat' dir='ltr'><strong>et</strong></span> 
     </span>
    </p>
   </div>
   <div class='ocr_carea' id='block_1_130' title="bbox 1973 5337 3570 5411">
    <p class='ocr_par' dir='ltr' id='par_1_130' title="bbox 1973 5337 3570 5411">
     <span class='ocr_line' id='line_1_134' title="bbox 1973 5337 3570 5411; baseline 0.001 -14"><span class='ocrx_word' id='word_1_980' title='bbox 1973 5339 2057 5397; x_wconf 90' lang='lat' dir='ltr'><strong>his</strong></span> <span class='ocrx_word' id='word_1_981' title='bbox 2080 5339 2519 5399; x_wconf 87' lang='lat' dir='ltr'><strong>similia.Contra</strong></span> <span class='ocrx_word' id='word_1_982' title='bbox 2550 5337 2692 5411; x_wconf 84' lang='lat' dir='ltr'><strong>hanc</strong></span> <span class='ocrx_word' id='word_1_983' title='bbox 2704 5337 3321 5411; x_wconf 61' lang='lat' dir='ltr'><strong>opinionem&#39;imprimis</strong></span> <span class='ocrx_word' id='word_1_984' title='bbox 3359 5343 3426 5411; x_wconf 82' lang='grc' dir='ltr'><strong>ι).</strong></span> <span class='ocrx_word' id='word_1_985' title='bbox 3458 5344 3570 5398; x_wconf 79' lang='lat' dir='ltr'><strong>Au-</strong></span> 
     </span>
    </p>
   </div>
   <div class='ocr_carea' id='block_1_131' title="bbox 2048 5408 3571 5484">
    <p class='ocr_par' dir='ltr' id='par_1_131' title="bbox 2048 5408 3571 5484">
     <span class='ocr_line' id='line_1_135' title="bbox 2048 5408 3571 5484; baseline 0.001 -16"><span class='ocrx_word' id='word_1_986' title='bbox 2048 5411 2243 5484; x_wconf 87' lang='lat' dir='ltr'><strong>stinus,</strong></span> <span class='ocrx_word' id='word_1_987' title='bbox 2284 5417 2485 5484; x_wconf 63' lang='lat' dir='ltr'><strong>prater</strong></span> <span class='ocrx_word' id='word_1_988' title='bbox 2523 5410 2662 5484; x_wconf 70' lang='lat' dir='ltr'><strong>alios</strong></span> <span class='ocrx_word' id='word_1_989' title='bbox 2704 5408 2873 5466; x_wconf 88' lang='lat' dir='ltr'><strong>libros</strong></span> <span class='ocrx_word' id='word_1_990' title='bbox 2913 5415 2972 5467; x_wconf 90' lang='lat' dir='ltr'><strong>et</strong></span> <span class='ocrx_word' id='word_1_991' title='bbox 3005 5408 3289 5484; x_wconf 13' lang='lat' dir='ltr'><strong>tractatus,</strong></span> <span class='ocrx_word' id='word_1_992' title='bbox 3312 5410 3571 5470; x_wconf 83' lang='lat' dir='ltr'><strong>adversus</strong></span> 
     </span>
    </p>
   </div>
   <div class='ocr_carea' id='block_1_132' title="bbox 2017 5481 3572 5558">
    <p class='ocr_par' dir='ltr' id='par_1_132' title="bbox 2017 5481 3572 5558">
     <span class='ocr_line' id='line_1_136' title="bbox 2017 5481 3572 5558; baseline -0.001 -19"><span class='ocrx_word' id='word_1_993' title='bbox 2017 5482 2251 5558; x_wconf 75' lang='lat' dir='ltr'><strong>elagium</strong></span> <span class='ocrx_word' id='word_1_994' title='bbox 2285 5481 2490 5558; x_wconf 73' lang='lat' dir='ltr'><strong>editos,</strong></span> <span class='ocrx_word' id='word_1_995' title='bbox 2522 5481 2782 5558; x_wconf 80' lang='lat' dir='ltr'><strong>ultimum</strong></span> <span class='ocrx_word' id='word_1_996' title='bbox 2829 5495 2970 5558; x_wconf 76' lang='lat' dir='ltr'><strong>opus</strong></span> <span class='ocrx_word' id='word_1_997' title='bbox 3007 5482 3572 5558; x_wconf 77' lang='lat' dir='ltr'><strong>compesuit,_rogatu</strong></span> 
     </span>
    </p>
   </div>
   <div class='ocr_carea' id='block_1_133' title="bbox 1972 5551 3573 5636">
    <p class='ocr_par' dir='ltr' id='par_1_133' title="bbox 1972 5551 3573 5636">
     <span class='ocr_line' id='line_1_137' title="bbox 1972 5551 3573 5636; baseline -0.004 -26"><span class='ocrx_word' id='word_1_998' title='bbox 1972 5551 2166 5636; x_wconf 72' lang='lat' dir='ltr'><strong>Hilafii</strong></span> <span class='ocrx_word' id='word_1_999' title='bbox 2188 5553 2612 5636; x_wconf 63' lang='lat' dir='ltr'><strong>Arelstensiset</strong></span> <span class='ocrx_word' id='word_1_1000' title='bbox 2648 5551 2901 5636; x_wconf 66' lang='lat' dir='ltr'><strong>Prosperi</strong></span> <span class='ocrx_word' id='word_1_1001' title='bbox 2922 5551 3249 5636; x_wconf 64' lang='lat' dir='ltr'><strong>_Regie_nsis,</strong></span> <span class='ocrx_word' id='word_1_1002' title='bbox 3283 5551 3573 5636; x_wconf 48' lang='lat' dir='ltr'><strong>episcepof</strong></span> 
     </span>
    </p>
   </div>
   <div class='ocr_carea' id='block_1_134' title="bbox 1970 5594 3571 5702">
    <p class='ocr_par' dir='ltr' id='par_1_134' title="bbox 1970 5594 3571 5702">
     <span class='ocr_line' id='line_1_138' title="bbox 1970 5594 3571 5702; baseline -0.006 -20"><span class='ocrx_word' id='word_1_1003' title='bbox 1970 5594 2116 5683; x_wconf 60' lang='lat' dir='ltr'><strong>r‘i‘iﬁ‘</strong></span> <span class='ocrx_word' id='word_1_1004' title='bbox 2126 5594 3057 5702; x_wconf 55' lang='grc' dir='ltr'><strong>’ἱῖ’ὀέιῖῖῖεζξ”ἥι›”τὶιᾶιξᾙῆἆίῖῑὲ</strong></span> <span class='ocrx_word' id='word_1_1005' title='bbox 3093 5594 3571 5702; x_wconf 56' lang='grc' dir='ltr'><strong>Ιῗιῗέᾶθξξὶηθῷρθ</strong></span> 
     </span>
    </p>
   </div>
   <div class='ocr_carea' id='block_1_135' title="bbox 1967 5690 3571 5766">
    <p class='ocr_par' dir='ltr' id='par_1_135' title="bbox 1967 5690 3571 5766">
     <span class='ocr_line' id='line_1_139' title="bbox 1967 5690 3571 5766; baseline -0.009 -12"><span class='ocrx_word' id='word_1_1006' title='bbox 1967 5705 2309 5766; x_wconf 88' lang='lat' dir='ltr'><strong>sanctorum,</strong></span> <span class='ocrx_word' id='word_1_1007' title='bbox 2332 5704 2389 5754; x_wconf 93' lang='lat' dir='ltr'><strong>et</strong></span> <span class='ocrx_word' id='word_1_1008' title='bbox 2411 5690 2647 5753; x_wconf 82' lang='lat' dir='ltr'><strong>alterum</strong></span> <span class='ocrx_word' id='word_1_1009' title='bbox 2672 5694 2743 5754; x_wconf 85' lang='lat' dir='ltr'><strong>de</strong></span> <span class='ocrx_word' id='word_1_1010' title='bbox 2774 5696 2931 5752; x_wconf 89' lang='lat' dir='ltr'><strong>Bono</strong></span> <span class='ocrx_word' id='word_1_1011' title='bbox 2969 5691 3397 5766; x_wconf 70' lang='lat' dir='ltr'><strong>perseverantiae.</strong></span> <span class='ocrx_word' id='word_1_1012' title='bbox 3429 5690 3571 5757; x_wconf 85' lang='lat' dir='ltr'><strong>Qui-</strong></span> 
     </span>
    </p>
   </div>
   <div class='ocr_carea' id='block_1_136' title="bbox 1969 5759 3573 5828">
    <p class='ocr_par' dir='ltr' id='par_1_136' title="bbox 1969 5759 3573 5828">
     <span class='ocr_line' id='line_1_140' title="bbox 1969 5759 3573 5828; baseline -0.011 -3"><span class='ocrx_word' id='word_1_1013' title='bbox 1969 5767 2075 5827; x_wconf 90' lang='lat' dir='ltr'><strong>bus</strong></span> <span class='ocrx_word' id='word_1_1014' title='bbox 2101 5759 2394 5827; x_wconf 84' lang='lat' dir='ltr'><strong>efticaciter</strong></span> <span class='ocrx_word' id='word_1_1015' title='bbox 2430 5766 2619 5828; x_wconf 87' lang='lat' dir='ltr'><strong>docuit</strong></span> <span class='ocrx_word' id='word_1_1016' title='bbox 2642 5766 2858 5827; x_wconf 89' lang='lat' dir='ltr'><strong>nullum</strong></span> <span class='ocrx_word' id='word_1_1017' title='bbox 2887 5759 3006 5825; x_wconf 71' lang='lat' dir='ltr'><strong>esse</strong></span> <span class='ocrx_word' id='word_1_1018' title='bbox 3032 5762 3255 5820; x_wconf 85' lang='lat' dir='ltr'><strong>initium</strong></span> <span class='ocrx_word' id='word_1_1019' title='bbox 3284 5759 3445 5814; x_wconf 75' lang='lat' dir='ltr'><strong>bonae</strong></span> <span class='ocrx_word' id='word_1_1020' title='bbox 3473 5767 3573 5809; x_wconf 82' lang='lat' dir='ltr'><strong>vo-</strong></span> 
     </span>
    </p>
   </div>
  </div>
