4012 6192
351 4386 357 4395 ο
445 4352 739 4407 humanum
763 4354 1013 4407 meritum
1044 4353 1248 4404 malum
1273 4366 1378 4404 non
1406 4351 1687 4404 dubitatur
1717 4365 1828 4404 esse

419 321 517 375 451

1760 297 2039 356 ιοΑΝΝιε
2075 294 2379 353 CASSIANI

3625 288 3736 344 452

420 459 536 502 non
583 453 817 514 operum
856 449 1074 511 sperare
1120 447 1181 490 se
1222 429 1455 498 merito,
1498 426 1595 485 sed
1640 422 2014 483 misericordia
2041 424 2096 488 Α
2123 419 2352 488 dantes,
2388 433 2462 475 ne
2651 415 2841 474 omnia
2874 410 3073 514 morbo
3105 412 3229 514 hoc
3248 410 3478 514 inilante
3513 424 3739 469 evacua-

422 535 646 594 Domini
684 529 1124 606 proclamahant,
1161 523 1302 580 nihil
1340 521 1443 578 sibi
1483 518 1554 577 de
1589 526 1744 576 tanta
1783 518 2018 574 circum-

420 630 700 705 spectione
740 624 923 682 cordis
975 622 1214 678 aliorum
1267 612 1680 688 comparatione
1725 613 2023 679 donantes,

418 702 623 797 quippe
652 718 744 791 qui
777 717 919 773 hanc
951 714 1272 785 ipsam‘non
1308 724 1425 766 sum
1460 705 1775 773 industriae,
1808 705 1909 797 sed
1935 702 2027 797 di-

423 794 563 871 v—inaa
611 810 802 884 gratia:
848 803 1225 871 ascribebant;
1276 816 1379 859 nec
1425 798 1761 857 blandientes
1808 794 1914 854 sibi
1956 794 2025 853 de

422 905 744 962 inferiorum
791 915 854 956 ac
898 896 1216 971 tepidorum
1260 893 1618 966 negligentia,
1658 890 1756 949 sed
1781 897 2025 947 contem-

421 998 667 1071 platione
702 995 889 1068 potius
926 992 1178 1055 illorum,
1218 1002 1360 1061 quos
1395 1002 1519 1043 vere
1552 992 1775 1059 peccato
1808 997 2022 1050 carere,

417 1102 585 1166 atque
633 1093 692 1148 in
742 1103 911 1161 regno
962 1086 1233 1142 caelorum
1282 1084 1396 1155 iam
1440 1088 1643 1138 aeterna
1688 1076 2026 1137 beatitudine

421 1184 630 1259 perfrui
681 1188 978 1248 noverant,
1026 1176 1395 1233 humilitatem
1440 1180 1759 1246 perpetuam
1805 1168 2030 1242 conqui-

420 1278 650 1341 rebant,
692 1283 855 1345 atque
897 1273 973 1328 ita
1010 1274 1035 1304 ⁸
1078 1267 1511 1325 consideratione
1549 1265 1651 1322 hac
1687 1272 1743 1321 et
1778 1262 2029 1320 elationis

422 1370 640 1426 ruinam
690 1366 895 1439 pariter
950 1361 1324 1429 declinabant,
1371 1367 1428 1416 et
1463 1373 1573 1431 quo
1615 1356 1901 1413 tenderent
1941 1354 2028 1411 vel

417 1460 571 1533 quod
626 1458 877 1516 dolerent
929 1470 1172 1528 semper,
1193 1452 1540 1509 inveniebant
1597 1470 1611 1507 :
1672 1449 2031 1522 intelligentes

420 1552 748 1624 semetipsos
775 1550 846 1607 ad
875 1549 1032 1605 illam
1065 1547 1358 1620 puritatem
1388 1543 1572 1601 cordis
1589 1558 1758 1615 quam
1775 1542 2030 1614 cupiunt,

420 1647 720 1703 obsistente
748 1643 925 1700 carnis
951 1642 1190 1708 sarcina,
1224 1639 1503 1712 pervenire
1531 1652 1644 1693 non
1674 1651 1851 1710 posse.

1010 1782 1255 1838 CAPUT
1297 1780 1452 1835 XVI.

420 1922 539 1978 Non
559 1931 710 1987 posse
731 1932 822 1970 nos
852 1918 968 1969 sine
992 1912 1363 1987 misericordia
1383 1914 1435 1987 ei
1462 1915 1484 1964 i

504 1980 679 2060 ipsum
713 1988 942 2041 laborem
976 1984 1288 2050 obtinenda
1299 1981 1651 2052 perfectionis
1680 1980 1943 2067 accedere.

494 2117 667 2189 Igitur
713 2111 1017 2171 secundum
1056 2109 1380 2165 traditiones
1417 2116 1474 2164 et
1518 2106 1888 2163 institutiones
1934 2120 2035 2163 eo—

420 2225 550 2265 rum
584 2207 661 2263 sic
694 2207 765 2263 ad
800 2221 923 2262 eam
950 2204 1205 2260 festinare
1233 2200 1517 2269 debemus,
1540 2199 1781 2273 jejuniis,
1816 2198 2031 2271 vigiliis,

417 2298 795 2365 orationibus,
836 2294 1153 2351 contritioni
1191 2291 1372 2350 cordis
1414 2299 1470 2347 et
1519 2292 1768 2363 corporis
1807 2305 2031 2363 operam

2127 528 2277 571 mus.
2301 515 2430 569 Non
2450 512 2628 569 solum
2650 522 2890 583 namque
2909 506 3084 581 ipsam
3104 504 3501 579 perfectionem
3518 513 3739 577 oportet

2128 605 2350 663 credere
2373 612 2561 661 nostra
2596 602 2859 661 industria
2886 614 2995 658 nos
3025 598 3109 657 vel
3146 596 3335 654 labore
3369 605 3566 653 nostro
3608 612 3737 671 pos-

2130 699 2306 759 sidere
2339 713 2449 757 non
2475 712 2666 770 posse,
2686 694 2785 754 sed
2807 710 2879 752 ne
2903 693 3026 752 hac
3049 693 3165 765 ipsa
3190 689 3411 765 quidem
3439 706 3565 763 quae
3592 691 3740 750 illius

2131 806 2448 852 exercemus
2486 790 2732 859 obtentu,
2772 788 2830 846 id
2856 797 2969 855 est,
2995 786 3212 844 labores
3242 792 3581 858 conatusque
3607 800 3737 843 nos-

2132 895 2250 946 tros
2287 902 2354 944 ac
2392 884 2573 944 studia
2592 926 2609 953 ,
2638 883 2754 941 sine
2791 875 2819 915 δ
2859 881 3064 939 divinae
3104 878 3460 954 protectionis
3499 878 3734 949 auxilio,

2133 979 2607 1055 inspirationisque
2641 976 2761 1051 ejus
2804 984 2863 1033 et
2909 973 3286 1049 castigationis
3332 980 3499 1045 atque
3536 971 3736 1030 exhor-

2134 1074 2358 1133 tationis
2394 1072 2566 1146 gratia
2608 1084 2768 1144 posse
2793 1068 3081 1142 perﬁcere,
3112 1081 3281 1140 quam
3312 1064 3516 1122 scilicet
3551 1064 3740 1123 cordi-

2133 1169 2237 1226 bus
2257 1167 2462 1224 nostris
2498 1164 2580 1222 vel
2618 1179 2714 1237 per
2742 1162 2915 1220 alium
2951 1160 3123 1228 solet,
3145 1159 3229 1217 vel
3256 1174 3352 1232 per
3376 1159 3738 1233 semetipsum

2133 1277 2238 1319 nos
2263 1262 2508 1330 visitans,
2538 1260 2832 1316 clementer
2857 1254 3166 1313 infundere.

2706 1370 2947 1426 CAPUT
2986 1367 3166 1424 XVII.

2145 1480 2465 1536 Testimonia
2492 1478 2732 1540 diversa,
2754 1476 2945 1545 quibus
2970 1473 3237 1529 euidenter
3258 1456 3584 1545 ostenditur,
3603 1471 3743 1526 nihil

2208 1564 2361 1620 posse
2383 1564 2508 1612 nos,
2548 1548 2691 1618 quod
2723 1544 2796 1601 ad
2827 1546 3055 1601 salutem
3088 1547 3329 1598 nostram
3346 1544 3609 1612 pertinet,
3630 1545 3743 1598 sine

2210 1619 2482 1691 adjutorio
2511 1621 2609 1675 Dei
2631 1619 2897 1689 perﬁcere.

2212 1741 2233 1767 ο
2253 1732 2538 1788 Postremo
2562 1728 2781 1787 instruit
2805 1729 3016 1784 Auctor
3040 1726 3233 1783 salutis
3257 1733 3462 1784 nostra;
3480 1724 3609 1798 quid
3639 1740 3745 1782 nos

2060 1854 2108 1917 Β
2141 1830 2393 1898 Oporteat
2438 1824 2495 1880 in
2540 1821 2764 1917 singulis
2784 1819 3110 1917 quibusque
3151 1833 3287 1917 quae:
3312 1818 3578 1893 gerimus,
3622 1833 3743 1875 non

1483 1911 1811 1986 inspiratione
1953 1907 2027 1963 ad

2152 1917 2303 1975 nodo
2331 1917 2564 1986 sentire,
2590 1913 2687 1973 sed
2725 1914 2887 1971 etiam
2930 1911 3200 1969 conﬁteri.
3231 1915 3344 1971 Non
3364 1928 3577 1984 possum
3611 1928 3740 1982 ego,

2139 2011 2344 2083 inquit,
2382 2026 2419 2064 a
2446 2025 2529 2066 me
2568 2012 2683 2079 ipso
2721 2010 2898 2077 facere
2933 2007 3264 2095 quidquam;
3294 2009 3450 2063 Pater
3477 2010 3661 2061 autem
3684 2008 3745 2060 in

2139 2120 2225 2159 me
2266 2117 2503 2166 manens,
2534 2104 2648 2173 ipse
2670 2104 2810 2171 facit
2835 2116 2996 2172 opera
3020 2103 3192 2167 (Joan.
3230 2098 3377 2169 xrv).
3403 2098 3501 2155 ille
3535 2114 3599 2154 ex
3630 2113 3748 2171 per-

2141 2211 2278 2254 sona
2312 2194 2557 2251 hominis
2602 2194 2866 2267 assumpti
2888 2192 3019 2250 dicit
3046 2192 3180 2249 nihil
3198 2208 3231 2249 a
3261 2191 3561 2265 semetipso
3586 2204 3744 2264 posse

2138 2305 2199 2347 se
2241 2288 2450 2357 facere;
2490 2297 2548 2346 et
2584 2302 2686 2379 pos
2723 2287 2864 2344 cinis
2904 2297 2960 2346 et
3000 2294 3173 2358 terra,
3210 2276 3240 2320 ἀ
3277 2287 3333 2343 in
3374 2286 3461 2344 his
3507 2303 3634 2360 qua:
3674 2285 3744 2344 ad

1526 2443 1779 2498 ALARDI
1820 2441 2044 2497 GAZEI
2082 2440 2647 2497 COMMENTARIUS.

391 2652 395 2657 ,
438 2592 588 2662 quod
630 2590 904 2662 debuimus
944 2589 1147 2662 facere,
1187 2588 1430 2662 fecimus.
1472 2583 1700 2662 Videtur
1712 2590 1923 2662 _autem
1959 2582 2047 2639 hic

443 2654 928 2738 {ductoralludere
969 2657 1075 2738 illis
1111 2656 1290 2711 verbis
1318 2655 1562 2738 A_pos“to.li
1604 2654 1673 2738 ad
1712 2658 1882 2738 Rom.
1921 2668 2043 2738 ιιι-ξ

442 2731 786 2801 Stipendium
808 2730 1015 2801 peccati
1028 2742 1206 2801 mors;
1231 2724 1537 2801 gratia_Dei
1565 2728 1678 2801 rita
1699 2730 1929 2791 aeterna;
1948 2724 2045 2780 ubi

445 2795 550 2856 vita
591 2795 949 2855 aeterna—non
986 2797 1187 2854 dicitur
1224 2796 1555 2868 stipendium
1597 2795 1869 2868 bonorum
1909 2809 2038 2866 ope-

442 2886 604 2937 rum,
653 2869 795 2926 sicut
832 2883 985 2924 mors
1038 2876 1243 2925 aeterna
1296 2865 1493 2938 dicitur
1541 2865 1871 2938 stipendium
1922 2865 2045 2936 pec-

443 2942 569 2998 cati.
596 2936 776 2997 Unde
826 2939 1089 3011 colligunt
1128 2936 1369 3011 heretici
1398 2936 1894 3011 poperajjustorum
1935 2950 2048 3011 non

443 3026 563 3068 esse
591 3011 872 3066 meritoria
901 3006 1026 3065 vita:
1057 3016 1275 3065 aeterna:
1304 3006 1469 3073 (Vide
1492 3006 1740 3062 Bellarm.
1766 3007 1860 3061 lib.
1883 3020 1953 3061 ιιι
1983 3006 2050 3061 de

441 3084 872 3159 Justiﬁcatione).
904 3082 1075 3159 At_D.
1112 3078 1449 3159 Apgustjnus
1477 3077 1622 3159 illius
1644 3076 1931 3159 sementim
1962 3091 2048 3131 ra-

443 3148 650 3208 tionem
678 3151 952 3222 explicans
975 3149 1044 3204 ita
1063 3148 1258 3222 scribit
1276 3151 1605 3222 (Epist.5(_)5)
1633 3166 1645 3201 :
1674 3149 1807 3222 Vita
1825 3153 2046 3215 retenta,

482 3239 566 3278 uae
590 3225 646 3277 in
671 3220 774 3292 ﬁne
795 3223 907 3276 sine
932 3223 1038 3289 ﬁne
1059 3220 1362 3282 habebitur,
1394 3223 1445 3292 et
1480 3220 1599 3274 ideo
1626 3220 1833 3292 meritis

551 3289 696 3349 tibus
707 3292 978 3358 redditur;
992 3296 1169 3345 tamen
1179 3292 1307 3359 quia
1319 3290 1504 3344 eadem
1517 3292 1709 3344 merita
1719 3290 1916 3359 quibus
1930 3289 2050 3344 red-

442 3366 595 3420 ditur
613 3379 717 3418 non
735 3380 770 3417 α
787 3362 939 3416 nobis
950 3366 1117 3432 parta
1134 3365 1260 3416 sunt
1268 3376 1366 3431 per
1383 3365 1622 3415 nostram
1639 3362 2043 3429 sufﬁcientiam,

441 3436 535 3491 sed
555 3438 615 3489 in
636 3434 787 3488 nobis
804 3436 953 3500 facta
969 3448 1067 3502 per
1094 3434 1351 3500 gratiam,
1373 3434 1535 3486 etiam
1555 3434 1675 3502 ipsa
1705 3433 1888 3501 gratia
1904 3446 2037 3485 nun

441 3511 694 3574 cupatur,
711 3520 813 3558 non
832 3505 897 3558 ob
916 3503 1090 3566 aliud,
1107 3505 1220 3556 nisi

441 3573 578 3644 quia
606 3576 940 3644 meritisnon
961 3574 1146 3644 datur,
1160 3573 1262 3644 sed
1285 3575 1419 3642 quia
1441 3573 1575 3644 data
1594 3576 1719 3627 sunt
1736 3576 1786 3644 et
1804 3574 1936 3644 ipsa
1945 3586 2044 3626 me-

443 3641 555 3699 rita
584 3645 776 3713 quibus
795 3643 979 3697 datur.
1004 3644 1071 3698 Et
1088 3641 1229 3697 infra
1263 3641 1440 3699 {Cum
1462 3643 1693 3697 dixisset
1712 3642 2041 3711 Apostolus:

441 3714 782 3785 Stipendium
798 3715 1004 3785 peccati
1018 3728 1159 3769 mors
1183 3718 1278 3785 est,
1301 3716 1422 3785 quis
1450 3728 1555 3767 non
1582 3714 2047 3785 congruentissima

444 3790 496 3840 et
520 3783 892 3854 consequenter
910 3784 1228 3839 additurum
1245 3784 1530 3853 judicaret
1553 3801 1569 3837 :
1593 3783 1930 3852 Stipendium
1948 3798 2046 3836 au-

445 3861 550 3912 tem
579 3856 816 3926 justitiw
860 3857 975 3909 vita
1014 3860 1235 3910 (eterna.
1272 3856 1409 3911 Nam
1447 3855 1586 3908 sicut
1622 3855 2047 3926 meritopeceati

446 3924 724 3997 tamquam
748 3926 1074 3997 stipendium
1091 3926 1311 3980 debetur
1324 3938 1482 3988 mors,
1504 3926 1597 3997 ita
1610 3926 1797 3997 merito
1808 3924 2043 3995 justitia'

446 3994 723 4069 tamquam
749 3994 1076 4069 stipendium
1099 3998 1215 4050 rita
1236 3999 1462 4069 φιδίτια-ρ
1494 3994 1599 4052 Sed
1626 3995 1806 4069 beatus
1825 3996 2044 4069 Aposto-

446 4069 529 4125 lus
555 4066 814 4123 ddcersus
827 4068 1107 4122 elationem
1127 4066 1539 4135 uigilantissime
1561 4067 1823 4129 militans,
1844 4068 2044 4136 stipen-

443 4141 618 4204 dium,
641 4141 842 4210 inquit,
855 4139 1062 4210 peccati
1078 4153 1238 4193 mors.
1258 4140 1412 4194 Recte
1433 4138 1785 4209 stipendium,
1811 4139 1944 4210 quia
1961 4137 2044 4192 de-

444 4211 617 4273 betur,
660 4208 793 4280 quia
834 4208 991 4278 digne
1021 4210 1359 4273 retribuitur,
1385 4211 1518 4279 quia
1557 4210 1746 4264 merito
1774 4208 2040 4263 redditur.

447 4281 648 4337 Deinde
665 4281 957 4351 nejustitia
976 4281 1042 4335 de
1064 4281 1297 4335 humano
1315 4295 1369 4335 se
1390 4280 1663 4335 extolleret
1679 4282 1887 4341 merito,
1908 4280 2043 4333 sicut

1850 4363 2045 4419 Ρεοοα-

1850 3233 2046 3288 μηνοε-

447 4427 583 4486 tum,
605 4439 763 4479 nona
784 4423 1052 4478 contrario
1066 4422 1255 4473 retulit
1278 4420 1457 4473 dicens
1479 4438 1495 4472 :
1521 4418 1855 4487 Stipendium
1869 4418 2042 4487 justi-

443 4496 535 4549 tiw
557 4497 674 4568 vita
692 4489 1032 4568 cetei1_ia;se_c_l
1053 4490 1252 4568 gratia,
1269 4490 1468 4568 inquit,
1490 4490 1591 4542 Dei
1607 4490 1717 4568 pitu
1731 4494 1947 4568 (eterna.
1973 4489 2044 4542 Et

447 4579 639 4621 rursus
661 4565 714 4619 in
752 4562 942 4616 eadem
977 4556 1218 4625 Epistola
1251 4574 1263 4610 :
1297 4558 1339 4611 Ο
1367 4557 1547 4618 homo,
1568 4559 1619 4610 si
1639 4562 1955 4626 accepturus
1987 4572 2039 4611 es

441 4638 611 4691 vitam
621 4629 1137 4696 azternam,justitice
1152 4626 1368 4695 quidem
1382 4626 1711 4695 stipendium
1720 4631 1820 4689 est,
1834 4628 1928 4681 sed
1940 4628 2044 4682 tibi

436 4708 623 4775 gratia
634 4696 1755 4775 est,cuigratia_estipsajustitia..Tibienim
1765 4701 2040 4775 tamquam

436 4766 619 4832 debita
634 4766 965 4832 redderetur,
979 4770 1030 4823 si
1037 4784 1106 4822 ea:
1125 4773 1176 4823 te
1195 4768 1295 4822 tibi
1309 4770 1441 4822 esset
1450 4766 1675 4837 justitia
1695 4769 1784 4822 cui
1800 4766 2037 4825 debetur.

2152 2581 2461 2654 humilitate
2501 2595 2626 2654 quae
2656 2582 2874 2654 propria
2916 2580 3130 2654 ignorat
3144 2577 3347 2654 merita
3365 2617 3382 2645 ,
3410 2585 3531 2634 tum
3559 2578 3746 2650 quod,

2152 2661 2374 2725 propter
2401 2650 2836 2725 incertitudiném
2872 2650 3104 2724 prbpriaa
3135 2650 3367 2725 justitia'.
3402 2655 3459 2725 et
3495 2665 3748 2725 perseve-
3846 2685 3863 2693 -

2153 2720 2356 2805 initiati
2374 2738 2544 2805 usque
2568 2722 2624 2805 in
2650 2722 2844 2805 tinem,
2871 2720 3047 2805 totam
3064 2720 3230 2805 suam
3258 2720 3514 2805 fiduciam
3547 2720 3601 2805 in
3633 2721 3748 2778 sola

2152 2794 2252 2850 Dei
2282 2789 2656 2849 misericordia
2676 2789 3023 2849 collocarent.
3046 2795 3119 2847 At
3140 2807 3252 2847 non
3279 2789 3401 2847 ideo
3425 2791 3616 2847 merita
3635 2807 3747 2848 non

2152 2860 2453 2935 habebant,
2499 2863 2625 2935 quia
2666 2863 3001 2935 meritagsua
3045 2878 3159 2919 non
3210 2862 3602 2935 agnoscebant;
3647 2878 3749 2920 nec

2155 2934 2276 2990 ideo
2300 2933 2499 3005 futura:
2517 2933 2649 3005 rita}
2677 2934 3007 3005 stipendium
3028 2949 3138 2989 non
3154 2933 3510 3005 acceperunt,
3532 2934 3651 3004 quia
3681 2949 3749 2990 ex

2157 3005 2261 3077 Dei
2313 3002 2687 3061 misericordia
2723 3002 3238 3077 acceperunt.___Vide
3282 3002 3578 3077 concilium
3622 3005 3749 3077 Tri-

2156 3075 2304 3133 dent.
2340 3090 2473 3132 sese.
2504 3090 2595 3145 vr,
2616 3090 2735 3147 cap.
2773 3073 2871 3143 16;
2898 3074 2996 3147 ubi
3022 3073 3307 3147 diligenter
3324 3083 3381 3131 et
3406 3075 3580 3147 meriti
3607 3075 3748 3147 ratio

2158 3147 2424 3221 explicata
2458 3154 2576 3215 est,
2601 3144 2964 3221 etjuomodo
3001 3144 3351 3221 vita—interna
3378 3144 3542 3219 gratia
3582 3146 3747 3221 simul

2152 3227 2209 3280 et
2228 3216 2445 3275 merces
2485 3232 2610 3274 vere
2636 3216 2868 3286 dicatur,
2902 3216 3214 3287 expositum
3248 3235 3261 3271 :
3292 3223 3348 3271 et
3382 3216 3590 3272 canone
3616 3217 3747 3273 item

2157 3295 2224 3349 16
2242 3289 2484 3361 ejusdem
2504 3303 2637 3361 sess.
2662 3287 2733 3344 ita
2751 3287 3062 3361 decernitur
3089 3306 3102 3342 :
3124 3289 3187 3344 Si
3204 3290 3330 3357 quis
3357 3288 3748 3361 dixeritjustos

2152 3378 2259 3419 non
2270 3359 2467 3416 debere
2474 3375 2575 3430 pro
2592 3360 2739 3413 bonis
2752 3359 3002 3429 operibus
3013 3374 3133 3427 qua
3148 3361 3205 3412 in
3226 3362 3333 3415 Deo
3351 3360 3562 3425 fuerint
3577 3362 3746 3426 facta,

2153 3436 2457 3503 exspectare
2473 3435 2525 3485 et
2546 3445 2763 3503 sperare
2781 3435 3045 3503 (sternam
3048 3430 3454 3503 retributionem
3472 3445 3506 3482 a
3529 3433 3641 3503 Deo
3646 3445 3752 3498 per

1312 3493 1369 3556 ia
1394 3493 1757 3575 gratis'datur
1776 3521 1793 3555 ε
1816 3502 2044 3575 mineo
2081 3493 2125 3556 C
2155 3493 2270 3575 ejus
2302 3493 2750 3575 misericordiam,
2781 3506 2832 3575 ei
2852 3503 2978 3556 Iesu
3014 3500 3217 3575 Christi
3236 3493 3753 3575 ineritum,_si_b'ene

2147 3571 2375 3645 agendo,
2393 3576 2443 3626 et
2461 3571 2648 3645 dicina
2665 3571 2926 3645 mandata
2943 3571 3306 3645 custodiendo,
3326 3585 3493 3640 usque
3510 3572 3567 3623 in
3589 3573 3752 3640 linem

2146 3642 2608 3717 perseperauerint
2616 3681 2636 3708 ,
2666 3642 3072 3717 anathemdsit.

2222 3718 2249 3747 ι
2285 3710 2584 3784 Triplicem_
2605 3719 2761 3784 notat
2788 3711 3312 3784 considerationem,
3333 3725 3436 3781 qua
3466 3709 3754 3784 humilitas

2151 3780 2406 3857 paratur;
2426 3790 2488 3857 _et
2539 3781 2792 3857 elationis
2829 3781 3137 3857 periculum
3181 3780 3491 3857 declinatur.
3558 3781 3754 3857 Prima

2151 3850 2234 3912 est
2258 3851 2618 3925 consideratio
2657 3850 2845 3925 gratiae
2869 3851 3071 3925 divinae
3090 3895 3106 3920 ,
3135 3867 3238 3923 qua
3267 3850 3321 3907 id
3360 3865 3553 3925 sumus
3573 3851 3757 3925 Aquod

2150 3940 2371 3997 sumus,
2400 3931 2456 3981 et
2493 3922 2608 3979 sine
2630 3920 2736 3995 qua
2766 3920 2903 3997 nihil
2927 3920 3219 3997 possumus
3244 3920 3386 3997 quod
3416 3920 3489 3977 ad
3510 3920 3756 3997 salutem

2153 3996 2457 4076 pertineat;
2500 3992 2668 4076 quam
2725 3992 3000 4076 rationem
3038 3992 3754 4076 _hic.__priecipuemincplcat

2154 4063 2378 4125 Auctor.
2424 4063 2671 4122 Secunda
2718 4070 2920 4121 nostrae
2960 4063 3376 4130 imbecillitatis,
3426 4063 3648 4119 vilitatis
3697 4070 3754 4120 et

2151 4138 2412 4203 miserim,
2439 4145 2559 4192 tum
2599 4136 2656 4190 in
2690 4135 2899 4206 anima,
2927 4143 3054 4206 tum
3081 4136 3136 4190 in
3168 4150 3426 4206 corpore,
3448 4150 3572 4205 quae
3599 4141 3751 4206 tanta

2150 4218 2266 4286 esi,
2309 4215 2371 4286 ut
2405 4214 2698 4286 utrumque
2725 4205 2857 4261 nihil
2886 4204 3135 4286 gideatur
3172 4204 3322 4286 alidd
3360 4204 3535 4286 quam
3568 4204 3749 4286 omnis

2151 4275 2391 4335 miserias
2415 4284 2469 4332 et
2491 4275 2620 4331 mali
2645 4275 2855 4348 lacuna.
2888 4279 2948 4332 In
2971 4290 3172 4348 corpus
3196 4276 3347 4348 enim
3363 4275 3558 4348 inﬂuit,
3568 4275 3752 4348 omnis

2151 4348 2370 4427 miseria
2428 4346 2752 4427 cprporalis,
2806 4348 2868 4427 in
2894 4345 3153 4427 animum
3197 4347 3390 4427 dm_uis_
3428 4345 3743 4427 spiritualis.

2150 4418 2314 4475 Unde
2339 4415 2544 4489 merito'
2555 4417 2785 4489 quisque
2805 4417 2907 4473 sibi
2931 4417 3081 4474 dicat
3103 4416 3232 4473 illud
3265 4415 3626 4489 Ecclesiastici
3654 4431 3695 4489 ιι
3728 4435 3744 4472 :

2153 4489 2299 4556 Quid
2351 4486 2641 4557 superbis,
2664 4486 2810 4543 terra
2850 4493 2902 4546 et
2946 4491 3117 4544 cinis?
3137 4489 3315 4543 Tertia
3344 4486 3744 4554 consideratio,

2189 4556 2479 4631 uritatis’et
2509 4556 2868 4631 perfectionis
2895 4559 3190 4631 beatiorum;
3222 4559 3543 4631 spirituum,
3572 4557 3749 4631 _omni

2171 4629 2271 4712 abe
2316 4627 2537 4702 peccati
2569 4629 2874 4687 carentium
2919 4637 2974 4687 et
3017 4627 3270 4687 beatiﬁca'
3305 4629 3517 4686 visione
3565 4627 3750 4685 fruen-

2148 4709 2312 4756 tium.

2219 4764 2246 4803 δ
2273 4774 2364 4844 En
2395 4770 2562 4828 habes
2592 4778 2827 4842 quatuor
2866 4770 3068 4829 divinae
3104 4771 3293 4844 gratia
3328 4770 3590 4844 subsidia,
3624 4770 3749 4843 qui-

437 4839 1360 4935 Ficffn‘l“.Pndiglfi‘luﬁai‘i’i
1394 4836 2041 4935 “9199195991.?”
2068 4872 2119 4935 ι)
2148 4839 2252 4898 bus
2281 4836 2626 4935 remees
2654 4836 3148 4935 nomenve}
3175 4844 3324 4899 ωειο
3364 4841 3560 4935 “erit
3578 4836 3749 4935 ἐξιεῖ

442 4916 607 4993 tuisse
642 4908 990 4993 _Apostoluni
1002 4919 1149 4993 recte
1180 4909 1362 4993 dicere
1402 4908 1427 4965 ε’
1445 4908 1795 4993 gtipendium_
1810 4908 2040 4993 justiiiaa
2068 4908 2119 4935 υ
2151 4921 2327 4993 vocat,
2357 4920 2413 4970 et
2437 4913 2506 4969 ad
2535 4912 2743 4993 bonurn
2788 4914 3021 4993 excitat,
3050 4921 3108 4993 e_t
3132 4915 3189 4970 in
3215 4929 3282 4969 eo
3322 4912 3647 4993 corroborat
3687 4919 3751 4967 et

441 4984 546 5054 vita
589 4979 822 5054 atter‘na,
855 4983 993 5054 sicut
1025 4983 1159 5039 dixit
1201 4979 1583 5054 :Stipendium
1603 4979 1829 5054 peccati
1840 4997 2035 5054 mors;

440 5052 537 5110 sed
564 5051 801 5110 noluisse
830 5052 908 5109 sic
937 5052 1118 5109 dicere
1154 5053 1224 5109 ad
1258 5051 1538 5111 vitandum
1567 5051 1814 5110 elationis
1839 5052 2037 5110 huma-

440 5140 528 5205 pge
557 5124 977 5205 periculumlet
1012 5140 1081 5180 ne
1107 5124 1231 5205 quis
1253 5124 1596 5205 existimaret.
1619 5123 1692 5180 ita
1717 5140 1819 5181 nos
1845 5140 1912 5181 ex
1938 5140 2037 5205 no-

442 5196 527 5269 bis
556 5194 753 5253 habere
768 5195 1057 5269 jusiitiam,
1088 5194 1227 5269 sicut
1244 5210 1308 5250 ex
1330 5195 1491 5251 nobis
1511 5194 1775 5269 habemus
1799 5204 2033 5267 peccata.

442 5268 632 5339 Itaque
664 5265 830 5341 gratia
849 5265 1054 5341 dicitur
1087 5265 1193 5341 vita
1222 5273 1460 5341 asterna,
1488 5281 1599 5341 non
1639 5265 1767 5341 quia
1799 5265 1913 5341 non
1953 5273 2038 5322 est

441 5335 653 5394 meices
666 5335 885 5402 'meriti,
915 5336 995 5393 vel
1031 5336 1365 5408 stipendium
1399 5335 1629 5392 Christo,
1654 5335 2031 5408 militantium,

437 5408 533 5492 sed
553 5408 682 5492 quia
711 5417 767 5464 et
793 5409 915 5492 ipsa.
933 5406 1422 5492 meriia_habemiis
1449 5422 1513 5461 ex
1539 5406 1738 5492 gratia,
1759 5413 1814 5461 et
1842 5421 2034 5492 non?!

441 5476 603 5537 nobis
628 5480 743 5536 sine
780 5476 966 5552 gratia.
1002 5478 1106 5552 Ad
1127 5477 1273 5552 hunc
1301 5476 1719 5552 igitur_modum
1757 5477 1927 5552 sancti
1958 5477 2033 5534 illi

440 5546 817 5619 anachoretaa',
854 5559 908 5605 et
935 5564 1058 5606 vere
1094 5546 1556 5614 humiles'corde,
1595 5547 1856 5619 quos_hic
1886 5563 2037 5604 com-

440 5623 666 5680 mendat
704 5617 1026 5691 CaSsianus,
1060 5636 1186 5676 cum
1225 5617 1811 5691 intelliget-enimeritis
1846 5627 2034 5691 nostra

438 5708 555 5750 non
594 5710 713 5751 esse
737 5711 801 5751 ex
838 5686 1023 5761 nobis,
1046 5691 1141 5749 sed
1164 5706 1229 5747 ex
1254 5691 1352 5747 Dei
1377 5686 1567 5764 g'ratia,
1591 5686 1938 5764 ideol'uturze
1960 5690 2036 5746 vi-

435 5773 513 5848 tai
533 5765 800 5848 stipendia
828 5779 941 5848 non
974 5760 1305 5847 expperum
1341 5760 1570 5848 suorum
1579 5760 1943 5848 .mgrito,_sed
1964 5777 2034 5818 ex

432 5833 809 5896 misericordia
836 5835 1062 5894 Domini
1092 5833 1314 5908 sperare
1338 5848 1395 5891 se
1427 5833 1808 5907 pradicabant,
1827 5840 1946 5890 tum
1966 5848 2034 5891 ex

2150 4983 2443 5059 conﬁrmat
2473 5003 2489 5059 :_
2515 4999 2641 5055 qua:
2665 4983 2828 5041 etiam
2866 4984 3145 5059 sigillatim
3174 4984 3417 5057 sequenti
3457 4983 3637 5053 capite
3673 4996 3748 5039 ex

2151 5055 2337 5111 multis
2377 5056 2718 5111 Psalmorum
2747 5055 3023 5113 versiculis
3062 5055 3466 5111 commemorat
3490 5062 3547 5109 et
3588 5067 3750 5109 com-

2991 5125 3238 5196 rophetaa
3267 5124 3516 5196 exemplo
3558 5123 3749 5196 divina

2149 5126 2464 5200 mendat,u_t
2499 5126 2656 5200 tanti
2673 5126 2823 5200 regis
2852 5136 2911 5200 et

3110 5197 3260 5253 umili
3285 5205 3340 5253 et
3367 5195 3530 5269 grato
3558 5195 3750 5252 animo

2148 5211 2274 5270 erga
2302 5212 2404 5253 nos
2432 5195 2690 5253 beneﬁcia
2716 5195 2773 5253 ei
2793 5195 3032 5254 subsidia

2144 5282 2522 5341 agnoscamus.

2144 5416 2156 5422 _
2214 5338 2595 5422 °.Plana“sunt
2620 5338 2710 5422 hic
2731 5338 2915 5422 omnia
2952 5339 3042 5420 pia
3069 5347 3126 5397 et
3155 5338 3414 5397 salutaria
3442 5337 3749 5394 documen-

2141 5416 2218 5473 ta,
2250 5408 2390 5465 lectu
2420 5409 2729 5483 dignissima
2753 5417 2808 5466 et
2832 5408 3002 5481 praxi.

2211 5468 2241 5511 ἀ
2270 5480 2538 5563 Doctrina
2589 5488 2673 5562 esi
2718 5479 3007 5563 catholica,
3054 5481 3389 5563 voiuiitatem
3437 5478 3751 5563 humanam

2142 5564 2238 5626 seu
2274 5550 2504 5626 liberum
2524 5551 2763 5626 hominis
2786 5551 3072 5626 arbitrium
3091 5551 3230 5609 nihil
3257 5552 3489 5626 possein
3509 5550 3599 5607 his
3616 5565 3749 5626 qua

2141 5621 2210 5678 ad
2243 5621 2510 5704 pietatem
2520 5631 2627 5704 _et__
2656 5621 3493 5704 salutemupertingnifabsque
3536 5621 3749 5704 auiilio

2141 5694 2331 5764 gratiae
2368 5694 2467 5750 Dei
2487 5694 2825 5762 (Bellarmin.
2867 5694 2963 5750 lib.
2999 5709 3066 5751 vr
3093 5695 3159 5750 de
3187 5696 3378 5753 Gratia
3402 5694 3461 5750 ’c.
3495 5700 3574 5762 4).
3603 5695 3748 5764 Qum

2142 5763 2406 5838 sententia
2445 5764 2760 5838 simpliciter
2783 5770 2851 5838 _et
2880 5765 3170 5838 absolute,
3196 5774 3259 5822 ut
3297 5780 3397 5838 par
3438 5774 3546 5838 est,
3590 5763 3744 5820 intel-

2143 5833 2311 5904 lecta,
2349 5850 2463 5892 non
2498 5833 2677 5893 solum
2706 5834 3027 5909 Pelagianos
3063 5833 3510 5906 barreticos,'sed
3544 5842 3602 5892 et
3640 5847 3744 5891 eos
