4012 6192
280 303 383 357 453

846 300 935 355 DE
971 296 1449 356 C(ENOBIORUM
1484 296 1726 352 INSTIT.
1770 296 1887 352 LIB.

1996 300 2051 352 ll.
2098 329 2163 340 —
2204 301 2293 356 DE
2329 300 2595 359 SPlRlTU
2635 305 3020 364 SUPERBIzE.

3484 322 3588 377 454

284 433 534 483 nostram
554 423 786 481 salutem
810 423 1107 496 pertint,
1132 421 1468 479 arbitramur
1493 435 1595 477 nos
1607 419 1878 493 adiutorio
1905 423 1960 487 Α
1984 421 2128 478 torio
2171 438 2448 496 superare,
2477 425 2726 485 dicamus
2757 449 2769 484 :
2795 434 2858 487 In
2886 436 2937 487 te
2972 435 3210 490 inimicos
3231 441 3441 495 nostros
3468 457 3590 497 ven-

287 515 513 574 Domini
552 529 666 572 non
711 518 905 587 egeret
944 513 1242 572 Discamus
1290 513 1472 585 itaque
1511 520 1567 569 et
1608 528 1742 580 nos,
1781 527 1879 585 per

287 606 501 682 singula
526 615 777 666 nostram
810 608 977 665 simul
1005 606 1382 664 inﬁrmitatem
1410 614 1468 663 et
1494 606 1639 662 illius
1663 604 1878 677 adjuto-

280 707 361 764 ria
399 704 697 763 sentientes
710 748 726 773 ,
776 703 1023 777 quotidie
1062 702 1403 776 proclamare
1443 717 1575 758 cum
1618 700 1822 757 sanctis
1862 720 1876 757 :

282 800 555 872 Impulsus
566 803 811 854 versatus
830 813 946 854 sum
958 800 1020 853 ut
1032 797 1299 866 caderem,
1321 801 1371 852 et
1386 798 1641 853 Dominus
1654 797 1883 866 suscepit

284 913 386 953 me.
415 894 698 952 Fortitudo
716 909 833 949 mea
856 898 907 948 et
931 894 1174 948 laudatio
1200 908 1318 948 mea
1335 895 1610 955 Dominus,
1636 895 1689 946 et
1707 893 1882 959 factus

276 996 361 1048 est
381 992 522 1046 mihi
536 993 597 1045 in
610 992 838 1045 salutem
858 990 1031 1057 (Psal.
1056 1002 1223 1045 cxvu
1236 991 1281 1057 ).
1304 989 1390 1054 Et,
1407 989 1529 1045 Nisi
1551 988 1683 1057 quia
1702 987 1879 1040 Domi.

284 1099 392 1141 nus
421 1068 641 1155 adjuvit
678 1099 787 1147 me,
812 1083 982 1153 paulo
1004 1084 1182 1137 minus
1208 1083 1542 1137 habitaverat
1572 1082 1630 1134 in
1668 1080 1880 1146 inferno

275 1179 469 1233 anima
503 1192 643 1231 mea.
677 1177 742 1233 Si
776 1176 1033 1239 dicebam,
1079 1176 1256 1231 Motus
1294 1178 1371 1229 est
1396 1188 1491 1243 pes
1513 1187 1680 1235 meus,
1718 1174 1879 1226 mise-

276 1272 522 1327 ricordia
533 1276 647 1335 tua,
665 1268 1215 1339 Domine,’adjuvabat
1222 1284 1320 1323 me.
1334 1268 1634 1325 Secundum
1643 1267 1882 1330 multitu-

280 1365 469 1452 dinem
496 1364 739 1419 dolorum
782 1378 1017 1418 meorum
1044 1364 1104 1417 in
1139 1362 1292 1417 corde
1331 1376 1462 1424 meo,
1507 1360 1880 1415 consolationes

279 1450 390 1515 tua:
414 1457 826 1528 lwtiﬁcaverunt
845 1458 1082 1511 animam
1112 1470 1284 1511 meam
1302 1456 1323 1523 (
1340 1455 1540 1509 Psalm.
1561 1455 1760 1518 xcm).
1788 1450 1881 1507 Vi-

276 1550 473 1607 dentes
509 1548 671 1604 etiam
697 1563 794 1604 cor
820 1555 1073 1604 nostrum
1111 1547 1170 1602 in
1197 1547 1399 1603 timore
1428 1545 1655 1601 Domini
1683 1553 1739 1600 et
1777 1560 1876 1617 pa-

278 1644 464 1701 tientia
487 1641 758 1710 roborari,
776 1640 1030 1698 dicamus
1060 1664 1072 1696 ;
1095 1642 1166 1695 Et
1183 1642 1362 1707 factus
1389 1643 1468 1695 est
1493 1642 1751 1694 Dominus
1779 1641 1879 1708 ﬁr-

286 1742 612 1795 mamentum
622 1752 815 1804 meum,
829 1740 881 1790 et
894 1734 1085 1789 eduxit
1095 1750 1178 1789 me
1189 1736 1250 1788 in
1261 1734 1551 1788 latitudine
1567 1736 1676 1797 (Ps.
1696 1747 1775 1788 xv
1784 1732 1873 1803 ιι).

1990 516 2270 573 tilabimus
2305 535 2490 583 cornu,
2530 526 2582 577 et
2605 526 2662 577 in
2689 527 2898 581 nomine
2936 532 3027 583 tuo
3068 545 3375 599 spernemus
3420 537 3591 591 insur-

1990 612 2170 676 gentes
2215 612 2275 664 in
2302 613 2472 667 nobis.
2529 617 2645 672 Non
2680 619 2822 671 optim
2870 621 2925 673 in
2955 636 3083 676 arcu
3110 639 3222 678 meo
3261 628 3506 695 sperabo,
3539 634 3591 685 et

1990 703 2209 771 gladius
2223 721 2371 761 meus
2394 722 2499 763 non
2521 710 2751 764 sdlvabit
2764 726 2864 766 me.
2887 713 3122 770 Salvasti
3145 710 3283 772 enim
3294 734 3388 775 nos
3404 722 3471 775 de
3490 725 3587 790 af-

1987 795 2296 862 ﬂigentibus
2310 803 2483 865 nos,et
2496 800 2734 856 odientes
2754 817 2845 857 nos
2864 806 3583 886 confudisti(Psalm.xun).

1989 887 2096 942 Sed
2123 891 2289 944 etiam
2314 894 2663 961 pracinmisti
2698 909 2781 949 me
2807 898 3014 952 virtute
3046 901 3120 954 ad
3148 901 3357 966 bellum,
3390 911 3441 960 et
3465 923 3590 979 sup-

1984 981 2254 1049 plantasti
2267 998 2441 1039 omnes
2463 987 2799 1054 insurgentes
2819 990 2877 1043 in
2899 1006 2983 1045 me
3004 994 3193 1048 subtus
3208 1012 3308 1050 me.
3326 1001 3396 1053 Et
3415 1003 3593 1058 inimi-

1990 1089 2075 1129 cos
2097 1092 2236 1131 meos
2257 1076 2458 1133 dedisti
2473 1081 2610 1135 mihi
2632 1081 2873 1148 dorsum,
2905 1089 2957 1138 et
2973 1086 3269 1144 obedientes
3289 1108 3372 1147 me
3388 1094 3596 1165 disper-

1987 1168 2181 1222 didisti
2204 1169 2380 1241 (Psal.
2408 1171 2601 1241 xvu).
2626 1173 2732 1229 Sed
2758 1189 2859 1230 nec
2882 1177 3052 1233 armis
3076 1182 3278 1237 nostris
3302 1199 3462 1254 posse
3490 1204 3593 1247 nos

1987 1260 2201 1316 vincere
2237 1261 2551 1334 cogitantes,
2603 1264 2847 1323 dicamus
2895 1287 2909 1323 z
2950 1271 3315 1339 Apprehende
3349 1292 3505 1333 arma
3540 1286 3593 1336 et

1983 1360 2214 1425 scutum,
2246 1363 2298 1412 et
2324 1374 2554 1429 exsurge
2579 1363 2633 1415 in
2660 1362 2999 1432 adjutorium
3026 1369 3164 1434 mei;
3195 1370 3443 1436 Effunde
3466 1373 3591 1439 fra-

1985 1464 2176 1514 meam,
2201 1455 2251 1505 et
2272 1453 2521 1507 conclude
2551 1448 2807 1512 adversus
2838 1473 2920 1513 eos
2945 1461 3043 1528 qui
3053 1468 3447 1531 persequuntur
3470 1481 3587 1534 me;

1984 1541 2071 1597 dic
2088 1546 2282 1598 anima:
2310 1560 2459 1614 mese,
2480 1548 2641 1602 Salus
2663 1553 2756 1603 tua
2776 1566 2871 1619 ego
2901 1567 3019 1607 sum
3047 1553 3225 1624 (Psal.
3244 1571 3373 1614 xxx
3384 1562 3501 1625 tv).
3518 1565 3590 1617 Et

1985 1639 2213 1706 posuisti
2238 1643 2299 1692 ut
2323 1655 2507 1695 arcum
2528 1658 2724 1697 (ereum
2747 1646 2966 1700 brachia
2996 1664 3133 1712 mea,
3161 1656 3212 1704 et
3233 1652 3436 1708 dedisti
3454 1657 3593 1710 mihi

1984 1733 2359 1798 protectionem
2395 1734 2590 1788 salutis
2621 1740 2747 1800 tum,
2782 1742 2833 1791 et
2862 1738 3088 1794 dextera
3117 1746 3210 1796 tua
3248 1749 3478 1814 suscepit
3510 1764 3592 1801 me

278 1832 575 1891 Scientiam
604 1843 824 1902 quoque
852 1824 1101 1901 profectu
1126 1842 1354 1898 operum
1391 1826 1750 1899 intelligentes
1774 1839 1875 1881 no-
1912 1837 1960 1899 Β
1995 1824 2175 1894 (Psal.
2214 1840 2350 1882 xvn
2378 1826 2426 1896 ).
2465 1828 2607 1895 Quia
2634 1846 2725 1885 nec
2749 1837 2935 1901 patres
2964 1838 3138 1889 nostri
3180 1839 3237 1891 in
3274 1840 3455 1907 gladio
3498 1856 3593 1898 suo
3680 1840 3683 1843 ’

277 1925 363 1982 bis
390 1922 600 1998 augeri,
625 1921 872 1978 dicamus
896 1941 909 1977 :
935 1922 1206 1989 Quoniam
1230 1924 1290 1975 tu
1316 1921 1588 1974 illuminas
1611 1919 1879 1973 lucernam
1982 1919 2339 1988 possederunt
2374 1924 2595 1987 terram,
2626 1927 2677 1978 et
2723 1924 2999 1981 brachium
3028 1944 3207 1983 eorum
3234 1947 3339 1986 non
3367 1935 3596 1991 salvavit

179 2017 182 2021 ’
284 2035 475 2087 meam,
507 2018 726 2072 Domine
765 2018 903 2071 Deus
930 2029 1099 2078 meus,
1129 2015 1384 2069 illumina
1425 2014 1669 2068 tenebras
1699 2027 1876 2079 meas;

278 2115 540 2186 quoniam
558 2114 617 2166 in
642 2115 691 2166 te
712 2111 917 2181 eripior
933 2126 967 2163 a
983 2109 1294 2169 tentatione,
1316 2110 1367 2161 et
1386 2108 1444 2159 in
1461 2108 1561 2160 Deo
1575 2120 1686 2160 meo
1707 2108 1879 2160 trans-

278 2206 503 2277 gredior
526 2220 741 2260 murum
767 2203 937 2272 (Ibid.
955 2200 1005 2272 ).
1044 2199 1188 2256 Dein
1223 2198 1519 2254 sentientes
1556 2196 1724 2252 etiam
1744 2212 1879 2252 nos-

288 2299 558 2371 metipsos
590 2294 972 2353 fortitudinem
1012 2291 1322 2348 tolerantia:
1358 2289 1712 2360 conquisisse,
1746 2290 1878 2346 etin

279 2390 497 2449 semita
532 2389 792 2446 virtutum
820 2386 1036 2443 facilius
1063 2400 1128 2440 ac
1156 2384 1274 2441 sine
1300 2383 1485 2439 labore
1511 2382 1692 2455 dirigi,
1724 2380 1876 2439 dica-

284 2502 446 2545 mus:
478 2488 619 2542 Deus
641 2487 739 2555 qui
766 2483 1057 2555 prwcingis
1084 2496 1166 2536 me
1190 2483 1414 2543 virtute,
1447 2483 1498 2534 et
1527 2479 1762 2549 posuisti
1784 2480 1884 2532 im-

282 2583 608 2637 maculatum
635 2580 781 2634 viam
808 2593 979 2632 meam
1000 2592 1017 2627 :
1040 2577 1145 2643 Qui
1166 2576 1376 2645 perﬁcis
1391 2573 1550 2643 pedes
1576 2588 1714 2628 meos
1742 2576 1884 2627 tam-

281 2690 444 2746 quam
464 2674 627 2741 cervi,
671 2676 721 2726 et
743 2654 904 2741 super
931 2669 1137 2725 excelsa
1165 2672 1405 2723 statuens
1430 2682 1515 2721 me
1554 2684 1570 2719 :
1599 2667 1704 2733 Qui
1735 2666 1883 2720 doces

282 2782 475 2823 manus
528 2780 675 2821 meas
715 2764 789 2818 ad
815 2764 1067 2834 prcelium
1112 2759 1337 2831 (Ibid).
1389 2757 1682 2815 Consecuti
1718 2756 1883 2811 etiam

277 2859 690 2925 discretionem,
753 2872 861 2928 qua
915 2854 1157 2912 roborati
1214 2852 1493 2926 possimus
1543 2849 1883 2929 adversarios

280 2962 502 3011 nostros
538 2950 759 3018 elidere,
796 2949 1194 3022 proclamemus
1231 2947 1302 3005 ad
1332 2951 1509 3003 Deum
1537 2964 1552 2999 :
1582 2945 1883 3014 Disciplina

283 3051 382 3101 tua
403 3046 638 3101 correxit
663 3060 744 3098 me
764 3045 822 3096 in
844 3046 1022 3112 ﬁnem,
1051 3047 1103 3097 et
1123 3043 1412 3111 disciplina
1431 3045 1525 3095 tua
1544 3042 1662 3109 ipsa
1676 3054 1758 3092 me
1780 3037 1881 3092 do-

280 3141 440 3196 cebit.
474 3139 740 3196 Dilatasti
764 3152 973 3205 gressus
1018 3151 1157 3191 meos
1188 3136 1374 3191 subtus
1406 3151 1509 3197 me,
1546 3138 1598 3189 et
1626 3149 1732 3187 non
1755 3137 1882 3189 sunt

1987 2027 2090 2075 eos,
2116 2013 2211 2067 sed
2241 2013 2467 2068 dextera
2496 2019 2591 2070 tua
2618 2020 2669 2071 et
2707 2018 2982 2074 brachium
3011 2026 3163 2076 tuum
3191 2030 3243 2079 et
3264 2026 3609 2084 illuminatio-

1984 2106 2162 2162 vultus
2191 2111 2291 2170 tui,
2323 2111 2576 2177 quoniam
2601 2112 2977 2181 complacuisti
2995 2116 3053 2168 in
3079 2119 3153 2171 eis
3180 2116 3360 2188 (Psal.
3387 2120 3591 2193 xum).

1988 2199 2276 2255 Postremo
2331 2201 2582 2258 universa
2630 2201 2892 2260 beneﬁcia
2946 2206 3062 2277 ejus
3108 2223 3237 2264 cum
3284 2212 3590 2282 gratiarum

1987 2292 2203 2349 actione
2239 2301 2421 2350 mente
2454 2294 2683 2357 sollicita
2720 2292 3131 2369 perlustrantes,
3160 2316 3325 2374 super
3355 2302 3441 2360 his
3477 2320 3591 2362 om-

1987 2385 2184 2455 nibus,
2241 2386 2391 2459 quod
2428 2383 2510 2444 ve'l
2559 2391 2952 2463 pugnavimus,
3005 2394 3088 2449 vel
3138 2395 3590 2456 illuminationem

1989 2478 2246 2549 scientiae,
2277 2480 2360 2537 vel
2388 2481 2724 2554 disciplinam
2751 2484 3096 2544 discretionis
3120 2487 3190 2543 ab
3219 2504 3283 2544 eo
3311 2493 3589 2550 consecuti

1989 2587 2200 2639 sumus,
2239 2572 2320 2628 vel
2348 2572 2497 2644 quod
2523 2576 2640 2632 suis
2664 2591 2767 2632 nos
2794 2579 2960 2634 armis
2996 2580 3270 2650 instruxit,
3300 2592 3355 2638 et
3381 2584 3592 2642 virtutis

1989 2663 2205 2735 cingulo
2249 2667 2637 2735 communivit,
2668 2667 2749 2722 vel
2787 2668 2935 2738 quod
2979 2669 3327 2727 inimicorum
3367 2684 3589 2732 nostro-

1991 2770 2117 2810 rum
2140 2755 2301 2812 nobis
2330 2755 2560 2828 praebuit
2592 2757 2842 2826 dorsum,
2865 2767 2919 2815 et
2943 2761 3131 2828 tribuit
3155 2763 3413 2818 virtutem
3434 2781 3589 2821 com-

1990 2848 2272 2906 minuendi
2297 2865 2391 2906 eos
2415 2858 2475 2906 ut
2513 2850 2791 2923 pulverem
2822 2860 2946 2909 ante
2974 2852 3165 2910 faciem
3200 2856 3367 2925 venti,
3402 2856 3591 2914 intimo

1988 2941 2169 2999 cordis
2193 2941 2390 3000 affectu
2422 2944 2720 3002 clamemus
2750 2945 2819 3003 ad
2848 2962 2974 3003 eum
3000 2964 3013 3002 :
3045 2949 3282 3017 Diligam
3309 2954 3387 3018 te,
3410 2955 3589 3007 Domi-

1989 3051 2072 3100 ne,
2103 3039 2274 3093 virtus
2302 3054 2436 3102 mea,
2466 3041 2724 3094 Dominus
2739 3043 3142 3109 ﬁrmamean
3162 3058 3336 3111 meum
3365 3047 3415 3098 et
3440 3046 3591 3113 refu-

1990 3133 2139 3200 gium
2183 3137 2380 3195 meum,
2421 3137 2471 3187 et
2513 3134 2775 3189 liberator
2797 3149 2967 3197 meus,
3014 3138 3153 3190 Deus
3193 3152 3341 3192 meus
3369 3138 3593 3208 adjutor

276 3236 567 3301 inﬁrmata
610 3232 840 3298 vestigia
870 3245 989 3284 mea
1010 3230 1025 3300 (
1049 3230 1190 3285 Ibid.
1209 3228 1250 3298 ).
1290 3230 1364 3283 Et
1388 3228 1518 3298 quia
1556 3226 1735 3281 taliter
1761 3241 1886 3282 sum
1921 3232 1965 3294 C
1993 3239 2160 3287 meus,
2178 3229 2229 3279 et
2255 3227 2477 3294 sperabo
2500 3227 2560 3280 in
2583 3242 2721 3290 eum,
2742 3234 3009 3296 protector
3028 3230 3243 3287 meus'et
3269 3247 3432 3288 cornu
3454 3235 3591 3289 salu-

278 3324 584 3381 roboratus
608 3321 832 3378 scientia
863 3327 959 3377 tua
985 3329 1148 3392 atque
1178 3320 1410 3387 virtute,
1436 3317 1671 3374 inferam
1707 3317 1883 3374 conﬁ-

277 3420 479 3478 denter
504 3431 566 3474 ea
602 3431 729 3488 quae
754 3423 1076 3489 sequuntur,
1115 3421 1172 3470 et
1197 3412 1376 3470 dicam
1406 3434 1419 3469 :
1464 3416 1754 3482 Persequar
1782 3415 1883 3467 ini-

285 3515 444 3568 micos
467 3526 628 3575 meos,
658 3514 710 3566 et
732 3508 1173 3587 comprehendam
1220 3508 1362 3570 illos,
1405 3512 1458 3562 et
1484 3518 1588 3561 non
1610 3510 1885 3562 convertar

283 3607 444 3663 donec
462 3606 732 3677 deﬁciant.
760 3606 1037 3662 Conteram
1064 3604 1181 3659 illos
1204 3618 1296 3658 nec
1311 3605 1567 3673 poterunt
1592 3605 1740 3656 stare
1758 3619 1776 3654 :
1800 3616 1885 3655 ca-

285 3700 412 3756 dent
441 3701 629 3756 subtus
652 3700 817 3771 pedes
843 3714 982 3754 meos
1011 3697 1180 3769 (Ibid.
1199 3695 1238 3769 ).
1272 3697 1519 3752 Rursum
1550 3692 1883 3750 inﬁrmitatis

288 3802 487 3850 nostra:
518 3808 822 3862 memores,
847 3808 953 3849 nec
988 3807 1148 3865 posse
1179 3806 1284 3847 nos
1317 3798 1435 3845 tam
1461 3788 1689 3844 acerbos
1713 3787 1875 3843 vitio-

295 3900 416 3941 rum
436 3884 621 3942 hostes
642 3883 820 3956 fragili
847 3898 1007 3939 carne
1028 3879 1399 3938 circumdatos
1422 3880 1538 3934 sine
1560 3879 1707 3935 illius
1731 3879 1883 3952 adju-

1994 3318 2061 3371 tis
2098 3324 2246 3379 mete,
2285 3322 2337 3370 et
2357 3324 2628 3388 susceptor
2654 3335 2819 3384 meus,
2868 3322 3097 3379 laudans
3126 3327 3375 3381 invocabo
3399 3330 3592 3384 Domi-

1991 3423 2143 3470 num,
2176 3413 2229 3463 et
2251 3410 2320 3462 ab
2360 3411 2587 3466 inimicis
2622 3414 2748 3467 meis
2776 3414 2955 3468 salvus
2973 3431 3061 3471 ero
3089 3416 3207 3487 (Ps.
3237 3407 3422 3489 xvri).

2551 3550 2797 3609 CAPUT
2823 3554 3029 3611 XVIII.

1992 3674 2148 3742 Quod
2171 3689 2277 3729 non
2305 3675 2475 3731 solum
2502 3676 2563 3730 in
2586 3679 2835 3734 naturali
2860 3682 3157 3738 conditione
3173 3726 3190 3747 ,
3224 3687 3317 3741 sed
3344 3690 3505 3743 etiam
3531 3691 3589 3742 in

2063 3747 2385 3816 quotidiana
2413 3747 2827 3817 dispensatione,
2852 3754 2950 3806 Dei
2977 3757 3161 3821 gratia
3190 3760 3519 3813 muniamur.

2062 3881 2088 3911 ⁸
2113 3881 2245 3934 Non
2287 3878 2469 3935 solum
2494 3895 2595 3951 pro
2633 3879 2717 3935 his
2755 3881 2805 3936 ei
2837 3882 3043 3953 gratias
3084 3882 3410 3951 referentes,
3443 3887 3595 3956 quod

1382 3975 1637 4030 ALARDI
1672 3977 1900 4033 GAZ/EI
1935 3977 2493 4034 COMMENTARIUS.

292 4075 386 4147 ειυί
419 4073 742 4155 Passieno?
774 4066 1899 4155 emus?!29?..139Einifefbﬁ“99fvz
2006 4069 2403 4155 ᾼτὲρξὶεεηῑιω
2441 4069 2742 4155 secundum
2761 4080 3034 4155 ,εειηροτε
3070 4073 3266 4155 reicis
3312 4090 3493 4148 ρθρωι
3535 4086 3599 4134 ιιι

290 4138 424 4200 ὅθι-θ
450 4138 579 4213 visi'
599 4149 750 4204 sunt,
791 4141 849 4213 in
876 4138 1073 4213 quibus
1113 4138 1702 4213 cassianus,_Faustns_
1724 4145 1781 4192 et
1801 4138 1900 4213 _alii
2005 4138 2210 4213 dictum
2251 4147 2362 4213 est,
2401 4140 2663 4213 adversus
2700 4138 2954 4213 reliquias
2992 4138 3405 4213 Pelagianorum
3452 4138 3593 4205 c'ele-

291 4211 667 4269 Massilienses
688 4206 1005 4281 presbyteri,
1038 4206 1324 4281 manifeste
1342 4206 1606 4281 conlutat.
1631 4207 1897 4281 Hienim,

2006 4207 2246 4272 bratum,
2281 4206 2337 4260 in
2379 4207 2535 4277 cujus
2571 4222 2779 4262 canone
2804 4206 3036 4280 septimo
3066 4206 3184 4267 ha'ac
3208 4210 3514 4274 habentur:
3537 4221 3600 4277 Si

287 4292 355 4341 ιη
377 4283 592 4355 dictum
622 4276 724 4355 esi.
756 4276 907 4355 balia.
929 4279 1105 4351 aliqua
1131 4278 1415 4355 desideria,
1444 4278 1662 4355 ίιιειίυῳ
1689 4276 1817 4355 ﬁdei
1844 4276 1900 4334 et
2004 4276 2468 4355 queremur-9%:
2487 4279 2720 4355 vim
2742 4276 2932 4355 δοηιῑπι
2956 4283 3180 4352 aliquod
3203 4286 3345 4355 αιιοά
3362 4276 3598 4346 adsciu-

289 4353 625 4424 dilectionis,
657 4348 1073 4424 dispositionem
1100 4348 1168 4405 ad
1197 4350 1453 4424 gratiam,
1482 4357 1539 4405 et
1560 4349 1665 4424 alia
1698 4349 1755 4406 id
1796 4363 1897 4422 ge-

291 4442 415 4495 nus,
451 4439 519 4480 ex
552 4420 699 4480 bono
740 4420 950 4478 natura:
979 4422 1097 4478 sine
1120 4420 1336 4490 speciali
1366 4420 1728 4492 praveniente
1806 4420 1894 4476 ra-

291 4496 363 4552 tia
398 4494 605 4553 Christi
629 4493 812 4549 haberi
838 4507 996 4553 posse
1036 4490 1421 4553 praedicabant.
1453 4493 1522 4547 Et
1549 4500 1732 4549 tamen
1758 4436 1892 4547 gas-

290 4499 363 4552 tia
398 4499 605 4553 Christi
629 4499 812 4549 haberi
838 4507 996 4564 posse
1036 4499 1421 4564 praedicabant.
1454 4499 1522 4547 Et
1549 4500 1732 4549 tamen
1758 4499 1892 4547 Cas-

290 4566 618 4644 sianus_hoc
666 4565 786 4621 loco
820 4563 1018 4644 acriter
1048 4561 1397 4644 reprehendit
1430 4563 1688 4644 eosqni,
1716 4562 1773 4617 in
1808 4561 1893 4619 his

290 4653 414 4711 quae
442 4638 512 4693 ad
543 4635 774 4693 salutem
817 4642 1067 4690 nostram
1098 4631 1392 4705 pertinent,
1434 4631 1767 4689 arbitrantur
1788 4649 1894 4690 nos

290 4708 571 4781 adjutorio
614 4702 843 4781 Domini
885 4717 1207 4781 nonegere.
1260 4704 1397 4773 Quae
1434 4702 1541 4758 sibi
1583 4703 1894 4781 nullatenus

287 4774 668 4844 consentiunt,
708 4777 752 4832 si
776 4775 855 4832 sic
894 4774 1264 4845 intelligantur;
1308 4781 1371 4828 ut
1394 4780 1596 4845 sonant
1621 4782 1677 4845 e_t
1705 4780 1768 4829 ut
1792 4774 1893 4845 de-

289 4850 424 4906 bent
459 4842 701 4920 intelligi.
739 4848 912 4927 Porro
944 4842 1198 4927 in_hnjus
1229 4842 1497 4927 doctrina:
1523 4843 1893 4927 nqnﬁrmatio-

288 4930 422 4991 nem
466 4914 666 4991 prater
688 4918 814 4991 alia
851 4925 972 4991 tum
1007 4914 1350 4991 Scripturae_,_
1380 4921 1498 4991 tum
1671 4915 1894 4991 Patrum

288 4982 630 5063 testimonia
651 4989 777 5063 alibi
810 4982 1211 5063 producgndé,
1226 4983 1508 5063 suffecerit
1549 4982 1637 5038 hic
1669 4983 1896 5063 paucula

288 5054 584 5119 dumtaxat
599 5052 886 5117 delibasse.
922 5064 979 5114 1°
1006 5055 1313 5115 Concilium
1342 5052 1896 5110 Africanum'ducen-

290 5141 481 5205 torum
501 5130 917 5205 quatuordecim
946 5129 1347 5205 episcoporum
1369 5142 1415 5205 an
1444 5122 1898 5205 sedejpostolica

289 5194 696 5276 approbatum,
738 5200 896 5276 cujns
935 5194 1426 5276 decretnmaefert
1463 5197 1522 5276 Sa.
1567 5196 1799 5276 Prosper
1837 5194 1899 5276 in

289 5264 652 5346 responsione
684 5264 770 5328 'ad
802 5264 1066 5346 'Capitula
1121 5268 1429 5346 Ggllorum.
1483 5267 1617 5346 Cum
1633 5264 1901 5346 __ducentis

292 5334 709 5415 qudtuordecim
753 5334 1426 5415 sacerdotibus,'quorum
1475 5337 1900 5415 constitutionem

296 5409 483 5471 contra
503 5418 745 5470 inimicos
762 5417 956 5483 gratia:
973 5415 1072 5468 Dei
1090 5409 1229 5467 totus
1247 5411 1478 5466 mundus
1497 5409 1780 5483 amplenrus
1799 5411 1897 5471 est,

296 5490 480 5541 veraci
497 5480 853 5557 professione,
878 5483 1319 5554 quemadmodum
1348 5484 1582 5557 ipsorum
1608 5480 1766 5557 hath
1792 5493 1903 5557 ser-

304 5570 415 5618 mo,
441 5552 681 5612 dicamus
716 5552 951 5625 gratiam
973 5558 1071 5612 Dei
1093 5569 1191 5626 per
1214 5557 1388 5610 Iesum
1412 5552 1684 5626 Christum
1715 5552 1900 5607 Domi-

306 5640 445 5679 num
470 5624 731 5690 nostrum,
779 5640 883 5681 non
929 5624 1113 5682 solum?
1141 5626 1216 5681 ad
1257 5624 1687 5695 cognoscendam,
1715 5637 1899 5695 verum

302 5697 472 5751 etiam
503 5700 577 5754 ad
600 5697 907 5766 faciendam
929 5696 1205 5767 justitiam
1230 5693 1330 5751 nos
1358 5711 1460 5767 per
1485 5699 1637 5749 actus
1661 5693 1900 5767 singulos

303 5768 574 5838 adjuvare
590 5764 609 5837 ξ
627 5771 708 5823 ita
728 5773 790 5822 ut
812 5771 923 5823 sine
933 5764 1037 5823 illa
1058 5769 1196 5823 nihil
1208 5783 1345 5822 verte
1358 5764 1662 5838 sanctisque
1674 5764 1900 5838 pietatis

303 5833 516 5905 habere,
537 5833 793 5911 cogitare,
810 5840 1002 5904 dicere,
1021 5854 1181 5909 agere
1197 5839 1483 5909 valeamus.
1506 5833 1897 5892 2°_Concilium

2005 4354 2110 4425 tem
2127 4350 2502 4425 pertinetpitaa
2521 4353 2735 4425 (sternis
2748 4354 2977 4421 cogitare
2992 4350 3092 4410 aut
3102 4350 3288 4425 eligere

2000 4422 2204 4501 ﬁrmat,
2218 4427 2343 4486 etc.,
2355 4421 2607 4501 htefetioo
2623 4422 3071 4501 falliturspiritu.
3099 4432 3157 4482 3°
3258 4421 3596 4501 Augustinus

1834 4506 1892 4566 s_-
1922 4498 1973 4561 ι)
2000 4491 2419 4566 Pelagi_anorum
2449 4492 2801 4566 impugnator
2835 4491 3152 4566 acerrimus,
3179 4499 3271 4556 lib.
3302 4491 3381 4558 ιιυ
3399 4513 3593 4561 contra

2000 4561 2339 4642 duas—Epist:
2377 4561 2652 4642 Pelagian.
2705 4583 2718 4620 :
2759 4568 3041 4642 Liberum,
3068 4561 3273 4642 inquit,
3312 4574 3596 4630 arbitrium

1999 4634 2232 4719 didmus
2256 4635 2333 4719 ad
2371 4636 2495 4719 bene
2532 4634 2783 4719 beateque
2808 4640 3092 4719 vivendum
3262 4634 3458 4709 valere,
3488 4647 3599 4698 nisi

1996 4707 2120 4775 ipsa
2148 4708 2393 4761 voluntas
2416 4707 2642 4762 hominis
2665 4710 2765 4763 Dei
2783 4712 2965 4777 gratia
2981 4711 3157 4775 fuerit
3185 4712 3427 4770 liberata,
3442 4707 3509 4764 ἐι
3523 4713 3599 4765 ad

2000 4791 2150 4830 omne
2161 4778 2356 4831 bonum
2366 4779 2611 4843 actionis,
2625 4780 2901 4840 sermonis,
2919 4780 3260 4843 cogitationis
3279 4778 3516 4831 advicta.
3533 4781 3599 4832 Et

2002 4844 2094 4900 lib.
2119 4848 2188 4901 de
2232 4846 2554 4901 Prmdestin.
2586 4847 2770 4900 Sanct.
2810 4861 2911 4913 cap
2957 4859 3007 4898 ιι
3053 4862 3064 4896 :
3097 4844 3249 4909 Quod
3286 4847 3477 4900 attinet
3525 4848 3599 4902 ad

1996 4917 2255 4987 pietatem
2270 4920 2321 4968 et
2340 4915 2671 4987 religionem,
2700 4928 2807 4987 non
2828 4927 3017 4987 sumus
3033 4914 3358 4987 sufﬁcientes
3375 4920 3600 4987 cogitare

2002 4982 2216 5060 aliquid
2231 4984 2391 5060 quasi
2394 4998 2471 5060 ea;
2484 4983 2657 5060 nobis,
2670 4986 2722 5036 et
2738 4997 2887 5060 nemo
2906 4982 3018 5037 sibi
3035 4985 3338 5060 sufﬁcitnad
3351 4982 3599 5060 incipim-

2004 5053 2251 5132 dum_v_el
2277 5052 2659 5132 perﬁciendum
2682 5053 3047 5132 quodcumque
3070 5052 3202 5128 opus
3242 5058 3450 5132 bonum.

2075 5132 2101 5158 ι
2140 5121 2534 5208 Yide‘quibus
2563 5121 2633 5177 de
2664 5122 2829 5208 rebus
2872 5121 3058 5208 gratia:
3094 5121 3445 5208 'quo_tidiana_a
3476 5135 3595 5191 Deo

2006 5191 2249 5264 agendae.
2278 5189 2365 5247 Ad
2405 5189 2547 5248 hanc
2572 5189 3175 5276 gratiarum'actionefn
3206 5203 3322 5257 Deo
3351 5189 3593 5261 referen-

2006 5263 2135 5343 dam
2172 5262 2566 5343 frequentaret
2604 5279 2855 5343 impense
2895 5265 3143 5343 hortatur
3172 5274 3479 5343 Apostolus.
3509 5277 3596 5334 Ad

2009 5333 2204 5413 Ephes.
2226 5333 2314 5413 ‘v_:
2336 5336 2575 5413 gratias,
2602 5335 2808 5413 inquit,
2826 5341 3204 5413 agite_semper
3222 5333 3326 5413 pro
3351 5333 3596 5404 omnibus

2009 5408 2075 5480 in
2091 5408 2302 5480 nomine
2333 5408 2548 5480 Domini
2584 5410 2756 5462 nostri
2776 5411 2899 5463 Iesu
2942 5408 3161 5480 Christi,
3191 5408 3295 5471 Deo
3329 5422 3381 5472 et
3417 5421 3591 5474 Patri.

2008 5477 2287 5556 _Ubi__du_m
2326 5478 2402 5533 ait
2432 5493 2536 5548 pro
2567 5480 2839 5556 omnibus,
2861 5495 2994 5556 _non
3037 5477 3152 5556 tam
3189 5501 3444 5556 personas
3482 5489 3598 5543 vult

2004 5547 2249 5632 intelligi,
2291 5547 2456 5620 quam
2483 5564 2568 5605 res
2608 5549 2783 5632 ipsas,
2804 5548 2881 5632 _id
2909 5559 3013 5618 est,
3044 5547 3595 5632 bona'quaecumque,

2006 5626 2061 5702 et
2100 5620 2493 5702 cujuscnmque
2514 5620 3366 5702 generisatqueprdiuis,Lquaa
3401 5640 3458 5681 se
3486 5620 3594 5702 ha;

2007 5690 2135 5764 bere
2169 5690 2555 5764 intelligerent;
2598 5691 2761 5764 Quod
2797 5690 3141 5750 manifestius
3180 5690 3285 5750 alia
3332 5696 3595 5764 sententia

2006 5761 2319 5833 declaratJ
2340 5760 2580 5818 Thessal.
2613 5760 2646 5815 ὗ
2669 5783 2681 5820 :
2709 5767 2771 5820 In
2795 5766 3040 5820 omnibus
3066 5768 3271 5833 gratias
3294 5768 3467 5833 agite.
3483 5761 3596 5833 Qui

2006 5832 2152 5888 enim
2188 5831 2315 5889 dicit
2356 5835 2415 5888 in
2442 5836 2713 5899 omnibus,
2742 5834 2811 5893 de
2836 5836 3000 5891 rebus
3034 5829 3094 5889 se
3141 5833 3287 5902 loqui
3328 5829 3598 5897 signiﬁcat

3305 4374 3458 4429 posse
3477 4378 3596 4418 con-
3706 4406 3713 4411 .
