4012 6192
390 292 494 346 455

1732 279 2011 339 JOANNIS
2046 281 2355 339 CASSIANI

3588 286 3696 339 456

391 412 476 469 vel
501 411 850 470 rationabiles
874 425 979 468 nos
1013 407 1284 476 condidit,
1321 406 1404 463 vel
1441 390 1605 463 liberi
1633 404 1845 463 arbitrii
1884 423 1987 479 po-
2015 410 2069 473 Α
2099 406 2216 479 ejus
2257 404 2455 463 visitati
2501 403 2860 462 saluberrime
2899 403 3248 477 castigamur,
3286 397 3315 435 ³³
3342 401 3493 476 quod
3521 403 3591 461 ab
3633 421 3703 464 eo

393 513 589 563 testate
627 504 878 572 donavit,
921 503 1006 560 vel
1048 499 1306 574 baptismi
1344 497 1571 571 largitus
1616 506 1699 555 est
1738 498 1989 571 gratiam,
2094 514 2516 573 nonnumquam
2546 499 2710 556 etiam
2736 497 2889 555 inviti
2914 496 3187 554 trahimur
3205 494 3277 553 ad
3307 496 3568 567 salutem,
3598 514 3703 571 po-

391 598 476 655 vel
525 598 814 655 scientiam
866 595 999 668 legis
1045 591 1491 665 adjutoriumque
1547 591 1841 659 concessit;
1897 590 1993 648 sed

391 693 559 749 etiam
593 706 690 762 pro
725 689 814 746 his
842 703 965 760 quae
1012 700 1141 758 erga
1169 700 1275 742 nos
1297 683 1614 757 quotidiana
1651 684 1770 758 ejus
1804 685 1995 758 provi-

391 783 573 842 dentia
602 779 961 837 conferuntur
991 797 1005 834 :
1036 776 1185 850 quod
1211 775 1423 833 scilicet
1447 776 1516 833 ab
1554 762 1995 834 adversariorum

390 893 492 933 nos
519 874 732 931 insidiis
760 873 954 929 liberat
967 896 999 941 ,ι
1020 870 1169 944 quod
1193 878 1522 944 cooperatur
1543 870 1701 927 nobis
1736 878 1799 927 ut
1820 870 1998 927 carnis

390 968 516 1024 vitia
543 981 800 1037 superare
847 965 1121 1038 possimus
1138 1007 1152 1034 ,
1195 963 1344 1036 quod
1372 980 1403 1021 a
1432 964 1686 1037 periculis
1712 980 1817 1022 nos
1835 965 1996 1021 etiam

388 1061 706 1136 ignorantes
728 1058 991 1131 protegit;
1021 1056 1169 1129 quod
1198 1073 1229 1113 a
1256 1057 1410 1129 lapsu
1434 1058 1639 1129 peccati
1664 1057 1991 1126 communit,

389 1152 538 1226 quod
566 1151 787 1224 adjuvat
812 1165 919 1206 nos
946 1157 1002 1205 et
1038 1149 1337 1217 illuminat,
1359 1156 1420 1205 ut
1447 1148 1627 1220 ipsum
1662 1148 1993 1220 adjutorium

390 1255 641 1302 nostrum
666 1250 722 1314 (ι
749 1241 899 1316 quod
932 1256 1042 1297 non
1079 1240 1224 1297 aliud
1265 1239 1491 1312 quidam
1534 1239 1879 1312 interpretari
1901 1256 1997 1297 vo-

391 1337 513 1393 lunt
539 1350 704 1407 quam
731 1333 934 1406 legem)
962 1331 1258 1405 intelligere
1281 1340 1336 1388 et
1361 1346 1657 1405 agnoscere
1690 1332 1992 1401 valeamus,

392 1429 539 1502 quod
574 1445 674 1502 pro
701 1426 1044 1500 negligentiis
1072 1425 1393 1497 delictisque
1419 1425 1623 1482 nostris
1663 1424 1784 1497 ejus
1819 1425 1998 1497 inspi-

397 1524 605 1581 ratione
662 1522 891 1579 latenter
935 1537 1062 1578 cum
1108 1520 1433 1594 pungimur,
1481 1519 1631 1593 quod
1687 1519 1998 1592 dignatione

2099 602 2304 650 stremo
2331 594 2454 665 quia
2478 593 2659 664 ipsum
2681 592 2917 649 liberum
2942 589 3228 647 arbitrium
3253 599 3527 661 nostrum,
3552 593 3705 666 quod

2103 686 2395 759 proclivius
2413 685 2587 743 fertur
2600 684 2672 742 ad
2686 685 2836 754 vitia,
2857 684 2927 743 ad
2946 683 3233 741 meliorem
3252 682 3439 757 dirigit
3458 684 3699 761 frugem,

2102 787 2158 835 et
2184 778 2538 835 ad'virtutum
2558 777 2701 834 viam
2723 776 3093 850 instigationis
3110 791 3224 833 sua:
3243 774 3551 835 visitatione
3569 794 3707 837 con-

2104 880 2346 943 torquet.

2679 962 2922 1020 CAPUT
2958 963 3120 1029 XIX.

2104 1066 2257 1135 Quod
2297 1066 2407 1121 hac
2437 1064 2570 1133 ﬁdes
2606 1065 2677 1120 ab
2713 1066 2957 1133 antiquis
3003 1064 3257 1119 Patribus
3295 1065 3369 1119 sit
3393 1065 3604 1122 tradita
3636 1068 3705 1123 de

2736 1136 2921 1211 gratia
2949 1136 3069 1189 Dei.

2180 1242 2353 1297 °Haec
2393 1248 2477 1297 est
2512 1241 2727 1312 proprie
2765 1254 2892 1312 erga
2922 1242 3102 1296 Deum
3144 1238 3444 1309 humilitas,
3464 1239 3585 1297 huic
3608 1250 3700 1298 est

2104 1331 2609 1404 antiquissimorum
2653 1334 2877 1388 Patrum
2921 1331 3132 1387 sincera
3175 1331 3342 1399 ﬁdes,
3380 1346 3504 1404 qua:
3533 1346 3705 1404 penes

2102 1441 2443 1483 successores
2472 1439 2665 1481 eorum
2695 1425 3021 1482 intemerata
3058 1439 3205 1481 nunc
3230 1439 3404 1497 usque
3425 1423 3701 1500 perdurat.

2105 1519 2205 1577 Cui
2240 1518 2364 1575 ﬁdei
2411 1507 2439 1551 ά
2485 1519 2716 1575 virtutes
2756 1516 3096 1590 apostolicae,
3147 1532 3271 1589 quae
3295 1521 3698 1590 jsmpenumero

1496 1671 1753 1726 ALARDI
1790 1671 2011 1726 (ΞΑΖᾸΞΙ
2052 1668 2614 1726 COMMENTARIUS.

389 1796 578 1879 utique
594 1796 787 1879 bonis,
822 1804 877 1851 et
907 1794 1093 1879 deﬁhis
1128 1793 1469 1879 nihil‘excipi
1506 1794 1800 1879 permittit.
1840 1797 1987 1879 Itur—

388 1866 570 1924 sus’ad
589 1867 799 1922 Coloss.
824 1881 899 1922 ιιι
920 1884 935 1932 ;
965 1867 1125 1923 Omne
1148 1867 1513 1936 quodcumque
1530 1866 1716 1933 facitis
1734 1868 1794 1920 in
1810 1867 1983 1929 verbo,

2095 1795 2262 1850 boves
2297 1792 2437 1850 trahi
2480 1793 2676 1861 solent,
2706 1790 2823 1862 sed,
2858 1800 2922 1848 ut
2962 1791 3156 1862 statim,
3184 1790 3446 1862 explicat,
3479 1797 3540 1850 In
3567 1798 3696 1849 vin—

2093 1867 2222 1920 culis
2272 1866 2572 1920 charitatis.
2604 1863 2789 1935 Trahi,
2813 1861 3084 1935 Siquidem
3130 1861 3380 1932 dicimur,
3418 1864 3585 1935 etiam
3626 1865 3687 1921 in

389 1943 488 1993 aut
532 1940 590 1992 in
622 1953 805 2008 opere,
832 1939 1009 1992 omnia
1051 1939 1108 1992 in
1144 1933 1355 1992 nomine
1394 1933 1613 1993 Domini
1647 1939 1820 1991 nostri
1848 1939 1986 2008 VJesu
2093 1937 2374 2008 communi
2404 1951 2511 1992 usu
2539 1934 2821 2008 loquendi,
2850 1933 2961 1989 non
2989 1933 3173 2008 solum
3196 1948 3321 1989 cum
3348 1934 3592 2008 cogimur
3625 1944 3688 1991 et

389 2011 606 2072 Christi,
634 2003 841 2077 gratias
868 2013 1081 2077 agentes
1112 2010 1218 2063 Deo
1244 2012 1294 2062 et
1312 2008 1470 2078 _Patri
1485 2008 1781 2078 peripsum.
1825 2007 1990 2063 Com-
2015 2013 2062 2075 Β
2095 2006 2459 2078 impellimur,
2498 2004 2595 2078 sed
2610 2003 2793 2061 ctiam
2833 2020 2962 2078 cum
3001 2003 3234 2078 dicimur
3275 2012 3350 2078 et_
3371 2003 3690 2078 invitamur,

387 2076 648 2136 mendant
668 2076 1019 2148 idipsum’SS.
1044 2080 1253 2133 Patres.
1271 2076 1693 2148 Chrysostomus
1713 2077 1901 2133 homil.
1917 2082 1987 2133 26

389 2151 447 2206 in
465 2149 789 2205 Matthaaum
826 2149 1148 2218 :Apostolus
1179 2149 1353 2202 dicit:
1385 2148 1541 2205 Grati
1559 2152 1738 2203 estote.
1770 2150 1987 2218 Optima

386 2223 587 2291 quippe
616 2220 975 2288 beneﬁciorum
1007 2222 1178 2273 custos
1208 2221 1286 2273 est
1313 2220 1569 2273 memoria
1603 2218 1983 2290 beneﬁciorum,

391 2296 442 2346 et
483 2294 743 2360 perpetua
773 2291 1077 2358 gratiarum
1113 2291 1390 2357 confessio.
1422 2291 1714 2358 Propterea
1742 2294 1792 2344 et
1832 2306 1987 2346 reve-

388 2362 560 2415 renda
579 2377 642 2415 ac
660 2361 931 2414 salutaria
951 2360 1048 2413 illa
1064 2360 1325 2428 mysteria
1344 2375 1466 2429 qua:
1485 2362 1543 2413 in
1563 2362 1710 2414 omni
1730 2364 1864 2415 certe
1885 2364 1985 2417 Ec-

387 2433 555 2486 clesite
579 2432 985 2500 congregatione
1019 2430 1370 2491 celebramus,
1410 2430 1853 2501 eucharistia,id
1880 2437 1981 2501 est,

381 2499 692 2571 gratiarum
705 2502 845 2555 actio
859 2504 1221 2572 nuncupatur.
1244 2499 1578 2572 Augustinus
1598 2499 1654 2555 in
1672 2499 1985 2572 Soliloquiis

386 2588 509 2643 cap.
545 2575 610 2627 18
647 2591 660 2627 :
702 2572 980 2634 Recolam,
1010 2570 1205 2641 inquit,
1244 2570 1318 2624 ad
1340 2570 1565 2626 mentem
1608 2587 1781 2625 meam
1804 2570 1985 2627 omnia

390 2645 548 2706 bona,
588 2643 840 2705 Domine,
871 2650 992 2710 qua:
1018 2643 1197 2707 fecisti
1224 2642 1365 2695 mihi
1397 2657 1431 2693 a
1460 2640 1743 2709 juventute
1769 2658 1886 2697 mea
1926 2646 1983 2697 in

383 2716 531 2768 omni
542 2715 657 2767 vita
680 2728 817 2766 mea.
842 2713 959 2767 Scio
983 2726 1213 2781 namque
1236 2711 1381 2780 quod
1397 2712 1735 2781 ingratitudo
1753 2714 1984 2768 multum

384 2784 487 2837 tibi
512 2784 814 2853 displiceat,
838 2798 959 2852 qua:
979 2786 1058 2837 est
1078 2782 1247 2836 rudia:
1277 2783 1438 2837 totius
1462 2782 1601 2836 mali
1615 2784 1905 2853 spiritalis,
1931 2788 1982 2839 et

384 2798 485 2837 itm
512 2798 814 2853 displiceat,
838 2798 959 2852 qua:
979 2798 1058 2837 est
1078 2798 1247 2836 raatac
1277 2798 1438 2837 tonus
1462 2798 1597 2836 man
1615 2798 1905 2907 Sgll‘ualts,
1931 2798 1982 2839 et

384 2859 570 2909 ventus
592 2854 817 2923 quidam
840 2854 1129 2915 desiccans,
1162 2855 1213 2907 et
1243 2867 1406 2907 urens
1444 2867 1596 2907 omne
1663 2869 1843 2920 onum,
1891 2856 1982 2909 ob-

382 2930 596 2979 struens
620 2927 825 2991 fontem
839 2923 1219 2978 misericordia:
1243 2926 1350 2977 tuae
1368 2936 1531 2991 super
1553 2924 1848 2989 hominem;
1873 2940 1984 2993 qua

393 2999 443 3049 et
469 2995 617 3047 mala
632 2995 755 3062 jam
790 2999 1003 3048 mortua
1025 2995 1295 3062 oriuntur,
1325 2996 1376 3062 et
1401 2994 1527 3045 viva
1544 2993 1667 3061 jam
1693 3009 1853 3062 opera
1876 3010 1987 3049 mo—

396 3060 648 3147 tiun'tur.‘
671 3065 738 3117 Et
759 3062 859 3145 lib:
876 3062 943 3117 de
978 3061 1182 3147 Spiritu
1205 3060 1486 3147 etrLrit‘tera‘
1504 3060 1622 3144 cap.
1663 3060 1737 3117 ll-
1757 3080 1776 3147 ε
1807 3064 1992 3147 Cultus

405 3135 498 3188 Dei
512 3135 570 3185 in
587 3133 682 3186 hoc
704 3135 940 3186 mamime
965 3134 1285 3186 constitutus
1304 3134 1401 3198 est,
1426 3136 1489 3185 ut
1509 3135 1695 3187 anima
1722 3133 1774 3188 ei
1794 3150 1899 3189 non
1919 3138 1992 3191 sit

398 3204 625 3271 ingrata
651 3221 667 3256 :
694 3202 838 3256 unde
851 3204 910 3255 in
934 3204 1050 3271 ipso
1067 3203 1341 3257 verissimo
1365 3206 1416 3257 et
1437 3204 1712 3275 singulari
1734 3208 1962 3275 sacriﬁci

2095 2072 2266 2133 imino
2289 2072 2493 2133 etcum
2515 2077 2788 2147 voluptate
2807 2075 3093 2147 allicimur.
3122 2075 3184 2131 Id
3211 2072 3575 2147 pulcherrime
3595 2072 3690 2131 do;

2094 2156 2181 2203 cet
2220 2151 2289 2204 D.
2318 2145 2672 2218 Augustinus
2694 2154 2855 2218 tract.
2885 2149 2957 2218 26
2998 2145 3053 2201 in
3080 2145 3384 2218 Joannem,
3419 2145 3694 2216 explicans

2094 2217 2375 2290 quomodo
2397 2216 2554 2273 Pater
2570 2217 2764 2290 trahat
2774 2216 3022 2290 homines
3042 2216 3109 2272 ad
3135 2216 3414 2272 Christum
3442 2237 3454 2269 :
3487 2219 3689 2286 Magna

2094 2287 2290 2358 gratia:
2313 2289 2719 2351 commendatio,
2752 2287 2942 2359 inquit,
2971 2302 3123 2342 nemo
3146 2290 3312 2351 venit,
3333 2290 3447 2342 nisi
3464 2292 3688 2343 tractus.

2098 2361 2240 2428 Quid
2264 2362 2350 2415 hic
2376 2361 2625 2422 dicimus,
2648 2361 2890 2426 fratres?
2913 2360 2977 2416 Si
2993 2360 3260 2413 trahimur
3295 2359 3369 2412 ad
3395 2360 3692 2423 Christum,

2094 2446 2217 2499 ergo
2260 2432 2420 2484 inviti
2450 2431 2741 2492 credimus,
2784 2445 2903 2498 ergo
2944 2430 3196 2484 violentia
3231 2429 3539 2497 adhibetur,
3581 2445 3695 2484 non

2094 2501 2335 2555 voluntas
2372 2503 2650 2555 excitatur.
2700 2504 2911 2556 Intrare
2958 2501 3240 2556 quisquam
3276 2500 3543 2553 ecclesiam
3593 2515 3695 2556 no-

2092 2515 2335 2555 vomntas
2372 2515 2650 2555 excitatur.
2700 2515 2911 2556 intrare
2958 2515 3240 2569 quisquam
3276 2515 3543 2553 ecclesmm
3589 2515 3699 2569 po-

2093 2576 2197 2625 test
2248 2572 2452 2638 nolens,
2497 2571 2741 2626 accedere
2767 2571 2842 2625 ad
2884 2572 3056 2625 altare
3091 2574 3263 2641 potest
3292 2570 3470 2624 nolens
3495 2612 3512 2632 ,
3546 2572 3700 2625 acci-

2087 2657 2217 2712 pere
2256 2644 2651 2712 Sacramentum
2680 2646 2872 2712 potest
2890 2640 3113 2707 nolens,‘
3149 2640 3354 2695 credere
3382 2656 3489 2694 non
3519 2644 3703 2709 potest

2094 2710 2202 2767 nisi
2234 2714 2429 2767 volens.
2462 2714 2533 2767 Et
2559 2710 2699 2767 infra
2728 2731 2742 2766 :
2771 2710 2946 2769 Nolite
2974 2713 3206 2780 cogitare
3230 2713 3461 2765 invitum
3486 2712 3632 2765 trahi
3675 2730 3696 2765 :

2094 2784 2334 2838 trahitur
2357 2784 2572 2837 animus
2601 2788 2652 2838 et
2675 2798 2887 2851 amore;
2910 2798 3001 2837 nec
3031 2784 3229 2837 timere-
3244 2782 3513 2843 debemus,
3534 2797 3600 2836 ne
3622 2783 3700 2837 ab

2094 2854 2424 2921 hominibus,
2452 2855 2552 2923 qui
2578 2854 2741 2908 verba
2767 2852 3126 2923 perpendunt,
3150 2857 3201 2907 et
3217 2869 3251 2906 a
3280 2853 3440 2907 rebus
3463 2854 3702 2908 matr-une

2094 2924 2298 2978 divinis
2326 2927 2517 2980 remoti
2549 2929 2696 2987 sunt,
2731 2927 2789 2979 in
2817 2926 2911 2979 hoc
2947 2925 3359 2993 Scripturarum
3389 2928 3701 2978 sanctarum

2101 2996 2395 3063 evangelico
2430 2995 2586 3049 verbo
2625 2994 3103 3064 reprehendamur,
3151 2998 3202 3049 et
3241 2993 3460 3048 dicatur
3487 2994 3633 3049 nobis
3678 3014 3698 3049 :

2102 3065 2368 3132 Quomodo
2412 3066 2681 3120 voluntate
2717 3065 2898 3133 credo,
2929 3066 2981 3119 si
2995 3065 3227 3131 trahor?
3261 3068 3377 3134 Ego
3422 3065 3556 3133 dico,
3591 3080 3703 3135 pa-

2100 3151 2221 3189 rum
2249 3141 2328 3191 est
2350 3137 2624 3191 voluntate
2644 3138 2743 3199 ire,
2770 3138 2928 3190 etiam
2956 3135 3227 3204 voluptate
3264 3136 3514 3190 traheris.
3547 3135 3700 3202 Quid

1956 3209 1994 3260 io
2102 3208 2243 3261 enim
2267 3211 2345 3261 est
2374 3208 2523 3262 trahi
2547 3207 2854 3277 voluptate?
2882 3207 3147 3262 Delectare
3166 3208 3225 3277 in
3247 3207 3489 3273 Domino,
3508 3210 3557 3260 et
3584 3205 3701 3260 da-

398 3274 620 3348 pomino
660 3275 763 3348 Deo
792 3276 972 3328 nostro
1007 3275 1220 3348 gratius
1250 3287 1408 3348 (igere
1446 3273 1813 3332 admonemur.
1854 3273 1994 3333 Vide
2102 3277 2179 3332 bit
2199 3279 2304 3333 tibi
2324 3279 2605 3348 petitiones
2626 3273 2803 3332 cordis
2820 3279 2921 3332 tui.
2941 3280 3011 3333 Et
3034 3276 3279 3346 quedam
3301 3278 3543 3347 voluptas
3570 3291 3699 3332 cor-

396 3346 471 3400 D.
506 3343 842 3399 Bernardum
873 3358 1041 3399 serm.
1066 3348 1136 3399 52
1173 3342 1227 3398 in
1254 3343 1491 3400 Cantica.

2100 3348 2207 3411 dis,
2240 3351 2330 3403 cui
2349 3350 2509 3418 panis
2546 3349 2717 3403 dulcis
2755 3351 2832 3402 est
2860 3348 2950 3401 ille
2976 3348 3218 3402 celestis.
3250 3350 3419 3403 Porro
3451 3350 3503 3402 si
3520 3351 3696 3417 poeta

342 3446 355 3453 ς
396 3392 443 3488 ί
458 3392 842 3488 ίιῑέιξέίεῆῖόῐ
873 3392 1679 3488 Ῑιέὲῖέὶίξόἐῖιᾷᾧῖζᾘᾷιοωω
1725 3416 1991 3488 sententia
2028 3392 2072 3456 (ἶ
2102 3392 2716 3475 ἆέἓὲνῖἱίεῗὶἓΐῗῇἆὶῖέἶ
3152 3392 3694 3487 animus";

395 3482 678 3570 iuit,_non'r
691 3485 829 3570 alio.
850 3500 975 3570 no_s_
996 3485 1100 3567 Dei
1132 3482 1619 3570 aulilip‘jndigere
1666 3502 1834 3570 quam
1878 3487 1993 3570 lege
2100 3490 2474 3570 cessitas,_se_d_
2496 3491 2772 3570 voluptas;
2810 3482 2931 3570 non
2944 3482 3220 3570 obligatio,
3251 3482 3353 3570 sed.
3374 3488 3696 3570 delectanbi

395 3568 492 3609 seu
518 3554 653 3624 legis
669 3554 894 3627 notitia,
916 3555 1173 3610 Meminit
1194 3557 1264 3609 D.
1296 3554 1846 3627 Hieronymus'libro
1878 3554 1992 3627 pri-

393 3639 490 3697 mo
510 3633 703 3679 contra
720 3624 1034 3697 Pelagianos
1048 3640 1167 3697 cap,
1194 3629 1250 3692 9,
1259 3633 1320 3697 et
1344 3624 1398 3697 in
1417 3624 1812 3697 Ieremiaacap.
1828 3624 1983 3683 xiv.

395 3696 715 3767 D._qu_oque
748 3693 1088 3767 Augustinus
1110 3693 1208 3750 lib.
1242 3694 1309 3751 de
1342 3695 1531 3767 Gratia
1564 3693 1775 3767 Christi
1796 3706 1989 3753 contra

395 3764 703 3837 Pelagium,
761 3764 905 3821 inter
961 3765 1061 3821 alia
1112 3786 1124 3821 :
1169 3769 1381 3836 Ipsum,
1446 3764 1650 3837 inquit,
1715 3768 1989 3824 auxilium

398 3836 651 3907 (gratiae)
674 3852 779 3905 quo
800 3838 1208 3907 possibilitatem
1230 3836 1536 3908 naturalem
1552 3837 1804 3907 perhibet
1828 3839 1988 3908 adju-

392 3908 541 3970 vari,
571 3909 631 3961 in
658 3908 770 3976 lege
788 3909 1064 3963 constituit
1081 3912 1243 3978 atque
1265 3907 1507 3963 doctrina
1536 3924 1701 3978 quam
1719 3909 1869 3964 nobis
1892 3907 1987 3977 fa-

395 3982 539 4032 tetur
552 3980 715 4032 etiam
731 3979 944 4048 Spiritu
960 3980 1205 4033 revelari.
1228 3980 1297 4034 Et
1314 3993 1504 4034 rursus
1521 3987 1711 4034 contra
1729 3979 1949 4036 eosdem
1969 3998 1983 4036 :

392 4050 616 4117 Legant,
643 4048 738 4115 ait,
765 4053 817 4103 et
836 4050 1161 4118 intelligant,
1179 4051 1497 4104 intueantur
1522 4054 1574 4104 et
1585 4051 1869 4117 fateantur
1882 4068 1988 4107 non

393 4120 506 4188 lege
536 4124 699 4190 atque
730 4119 973 4176 doctrina
997 4122 1279 4176 insonante
1305 4121 1622 4187 forinsecus,
1653 4122 1748 4175 sed
1770 4124 1988 4178 interna

391 4195 554 4259 atque
571 4193 794 4255 occulta,
823 4192 1069 4247 mirabili
1087 4195 1248 4262 atque
1269 4192 1555 4258 ineffabili
1575 4196 1838 4261 potestate
1865 4209 1986 4263 ope-

393 4264 512 4313 rari
535 4264 694 4315 Deum
716 4263 777 4316 in
796 4264 1044 4319 cordibus
1070 4262 1341 4318 hominum
1357 4304 1376 4325 ,
1402 4278 1508 4318 non
1526 4264 1698 4318 solum
1726 4278 1878 4319 veras
1894 4262 1987 4319 ire-

392 4330 697 4392 relationes,
716 4332 810 4387 sed
837 4336 1001 4387 etiam
1020 4335 1342 4389 voluntates.

462 4392 685 4473 "_Inviti
714 4401 1011 4473 trahimur,
1050 4415 1161 4457 non
1199 4402 1346 4473 quod
1385 4403 1635 4473 nolentes
1673 4411 1770 4459 aut
1808 4405 1982 4460 coacti

390 4470 703 4545 credamus,
720 4481 818 4527 aut
834 4472 1131 4545 diligamus
1152 4470 1337 4545 Betim
1352 4474 1370 4537 (
1391 4470 1510 4528 haec
1530 4472 1680 4528 enim
1699 4473 1983 4545 implicant

389 4542 870 4598 contradictionem
892 4540 963 4609 ),'
988 4540 1083 4597 sed
1104 4540 1249 4612 quia
1304 4544 1455 4612 Deus
1511 4558 1577 4598 ex
1639 4540 1976 4610 nolentibus,

387 4612 682 4669 rebellibus
722 4620 779 4667 et
801 4610 1249 4679 contumacibus,
1288 4610 1531 4667 volentes
1577 4620 1633 4667 et
1667 4612 1980 4672 obedientes

386 4683 565 4741 reddit
602 4691 724 4739 tum
757 4682 991 4748 externis
1031 4680 1289 4753 objectis,
1327 4680 1661 4753 terroribus,
1701 4683 1975 4753 periculis,

387 4754 889 4826 exhortationibus;
913 4762 1041 4826 tum
1071 4751 1346 4826 praecipue
1388 4751 1599 4809 interna
1638 4751 1884 4810 motione
1924 4751 1978 4812 et

386 4826 556 4899 gratia
579 4842 678 4883 sua
716 4825 946 4891 efﬁcaci,
976 4825 1083 4896 qua
1107 4825 1271 4880 corda
1294 4825 1565 4899 hominum
1590 4827 1668 4881 sic
1690 4840 1979 4899 congrum-

386 4896 468 4967 t‘er
491 4898 730 4966 ipsorum
750 4899 1040 4966 affectibus
1058 4901 1229 4953 movet
1250 4912 1314 4952 ac
1327 4896 1538 4959 suadet,
1560 4901 1623 4952 ut
1634 4898 1978 4967 persuadeat,

387 4965 464 5035 ait
490 4968 560 5019 D.
592 4968 932 5035 Augustinus
958 4971 1068 5035 (De
1094 4968 1406 5024 Prcedestin.
1435 4969 1618 5025 Sanct.
1635 4965 1693 5023 7c.
1717 4972 1812 5035 8).
1846 4971 1981 5026 Tra-

385 5032 577 5115 himur
600 5032 746 5115 ergo
776 5035 925 5115 inviti
951 5032 1161 5115 nonin
1187 5053 1372 5115 sensu
1401 5039 1729 5115 composito,
1764 5032 1859 5097 sed
1898 5040 1978 5097 di-

386 5104 527 5177 viso,
557 5110 619 5177 ut
653 5104 953 5177 laquunl_ur
989 5105 1271 5162 dialectici.
1314 5108 1437 5177 Quo
1460 5104 1625 5166 etiam
1669 5104 1832 5166 sensu
1860 5118 1980 5167 orat

383 5175 625 5231 Ecclesia
657 5174 739 5231 in"
753 5174 989 5245 quadam
1029 5182 1255 5241 secreta,
1287 5174 1359 5232 ut
1384 5181 1525 5233 Deus
1555 5186 1771 5236 nostras
1814 5183 1977 5237 etiam

383 5246 602 5315 rebelles
622 5246 697 5301 ad
712 5244 1071 5315 se’compellat
1092 5248 1362 5315 propitius
1390 5249 1707 5312 voluntates,
1736 5258 1790 5305 et
1812 5252 1978 5308 Lucae

382 5327 493 5388 xiv
507 5314 649 5388 dixit
662 5314 931 5388 Dominus
945 5329 1104 5388 servo
1127 5334 1140 5370 :
1158 5314 1425 5386 Compelle
1439 5320 1666 5388 intrare.
1685 5322 1823 5388 Quae
1833 5335 1972 5377 com-

380 5384 589 5457 pulsiq,
635 5401 746 5457 non
792 5384 1098 5441 violentiam
1145 5395 1251 5457 aut
1277 5384 1683 5456 necessitatem,
1708 5384 1816 5445 sed
1858 5389 1976 5448 dili-

381 5456 598 5533 gentem
644 5456 1127 5533 veliementemque
1168 5456 1611 5533 adhortationem
1660 5458 1971 5533 signiﬁcat,

381 5527 585 5603 vulgari
605 5527 790 5604 _modo
835 5527 1110 5601 loquendi,
1142 5543 1251 5600 quo
1286 5528 1542 5604 compelli
1571 5527 1970 5604 nosrgdicimus,

380 5599 511 5675 cum
540 5599 885 5675 vehementer
907 5599 1176 5675 rogamur
1214 5608 1269 5675 et
1300 5599 1611 5675 invitamur.
1644 5600 1732 5657 Sic
1765 5599 1972 5675 Sponsa

379 5669 438 5725 in
466 5671 701 5727 Canticis
723 5680 843 5728 orat
869 5670 885 5743 (
915 5669 1068 5729 Cant.
1100 5672 1159 5743 ι)
1188 5690 1200 5727 :
1236 5673 1409 5727 Trahe
1435 5688 1518 5727 me
1541 5677 1663 5743 post
1682 5677 1750 5742 te,
1789 5669 1970 5732 curre-

376 5759 494 5799 mus
523 5746 580 5798 in
604 5744 817 5799 odorem
845 5747 1233 5812 unguentorum
1260 5748 1512 5813 tuorum;
1541 5752 1595 5801 et
1617 5746 1740 5801 Ose.
1771 5762 1835 5802 x1
1869 5766 1881 5801 :
1910 5752 1971 5804 In

378 5817 606 5874 vinculis
624 5816 803 5874 Adam
833 5816 1051 5871 traham
1079 5830 1162 5871 eos
1177 5855 1197 5885 ,
1228 5814 1284 5872 id
1308 5822 1419 5886 est,
1444 5831 1555 5874 non
1583 5816 1664 5887 vi,
1690 5818 1969 5889 quomodo

2099 3564 2298 3627 quanto
2336 3561 2537 3626 fortius
2564 3575 2658 3614 nos
2691 3560 2866 3614 dicere
2892 3560 3139 3615 debemus
3159 3560 3308 3614 trahi
3332 3559 3589 3613 hominem
3608 3559 3698 3613 ad

2099 3630 2362 3698 Christum
2375 3672 2392 3692 ,
2424 3632 2521 3698 qui
2544 3630 2835 3685 delectatur
2852 3632 3176 3698 sempiterna
3193 3632 3343 3684 vita?
3371 3631 3586 3685 Rursus
3606 3627 3699 3685 in-

2095 3697 2177 3753 fra
2213 3718 2225 3754 :
2263 3697 2492 3756 Romam
2527 3701 2757 3759 viridem
2792 3697 3023 3757 ostendis
3063 3703 3177 3763 ovi,
3216 3706 3269 3755 et
3301 3702 3474 3754 trahis
3505 3701 3697 3767 illam;

2094 3785 2248 3826 nuces
2278 3786 2442 3840 puero
2469 3772 2927 3835 demonstrantur,
2962 3776 3014 3827 et
3053 3771 3297 3827 trahitur.
3327 3772 3390 3825 Et
3408 3778 3532 3839 post
3550 3784 3700 3840 pau-

2094 3856 2162 3896 ca
2192 3859 2206 3894 :
2229 3842 2291 3898 Si
2310 3857 2430 3911 ergo
2457 3844 2585 3906 ista,
2614 3858 2735 3912 qua:
2762 3844 2904 3897 inter
2932 3843 3147 3899 delicias
3174 3845 3223 3896 et
3246 3840 3545 3910 voluptates
3567 3844 3699 3895 ter-

2093 3927 2248 3967 renas
2267 3914 2575 3968 revelantur
2596 3914 2922 3980 amantibus,
2955 3914 3193 3975 trahunt,
3211 3926 3314 3966 non
3343 3912 3510 3966 trahit
3527 3925 3698 3966 reve-

2096 3983 2237 4039 latus
2273 3983 2514 4041 Christus
2549 4000 2584 4038 a
2616 3987 2812 4040 Patre?
2841 3984 2983 4050 Quid
3007 3986 3147 4040 enim
3180 3984 3376 4050 fortius
3412 3980 3699 4037 desiderat

2092 4057 2275 4109 anima
2302 4071 2465 4126 quam
2500 4057 2817 4111 veritatem?
2844 4058 3122 4111 Hactenus
3147 4052 3506 4126 Augustinus.

2116 4152 2119 4155 ι
2164 4133 2186 4160 ο
2215 4122 2518 4204 Humilitas
2552 4140 2679 4204 erga
2713 4127 2896 4204 Deum
2928 4132 3047 4193 est,
3088 4122 3696 4204 Dei-beneﬁcia‘agno-

2093 4208 2266 4269 scere,
2304 4203 2359 4251 et
2395 4211 2496 4269 pro
2532 4194 2848 4269 eis'gratias
2885 4210 3066 4269 agere,
3100 4194 3298 4269 divinae
3327 4194 3595 4269 voluntaii
3621 4208 3694 4269 se

2094 4264 2582 4339 subjicere;'quod
2618 4264 2898 4338 apostolus
2922 4264 3125 4322 Petrus
3161 4264 3292 4322 dicit
3337 4286 3351 4320 :
3392 4264 3698 4339 Humiliari

2090 4337 2191 4409 sub
2213 4337 2621 4409 potentiimanu
2647 4337 2749 4409 Βρί
2787 4338 3021 4406 (IPetri
3050 4340 3135 4409 1A),
3162 4344 3220 4409 et
3260 4344 3485 4409 propter
3504 4337 3693 4409 Deum

2090 4404 2258 4478 etiam
2299 4406 2632 4478 hominibus,
2670 4407 2727 4464 id
2759 4404 2862 4475 est,
2909 4404 3316 4478 superioribus,
3358 4404 3691 4478 utDei_mi~

2086 4475 2276 4550 nistris
2313 4484 2366 4550 et
2411 4476 2815 4550 instrumentis,
2857 4475 3025 4550 caput
3058 4475 3394 4550 submittere.
3415 4477 3524 4550 __D._
3549 4476 3694 4550 Ber-

2089 4546 2290 4619 nardus
2316 4547 2372 4602 in
2409 4548 2647 4619 quodam
2675 4546 2943 4605 sermone'
2974 4567 2987 4603 :
3035 4551 3236 4611 Totius,
3278 4547 3474 4619 inquit,
3504 4547 3695 4619 humi-

2087 4616 2259 4673 litatis
2295 4616 2504 4674 sumina
2540 4623 2597 4674 in
2643 4636 2700 4675 eo
2748 4620 2964 4675 videtur
3005 4622 3310 4683 consistere,
3348 4616 3401 4674 si
3432 4618 3688 4674 voluntas

2084 4693 2268 4744 nostra
2288 4690 2487 4745 divinae
2515 4693 2533 4755 (
2560 4694 2622 4745 ut
2648 4691 2876 4759 dignum
2893 4694 2971 4745 est
2988 4693 3009 4755 )
3025 4689 3264 4759 subjecta
3289 4692 3364 4744 sit
3390 4689 3688 4751 voluntati,

2008 4767 2058 4830 1)
2086 4762 2350 4831 sicutjait
2387 4762 2648 4830 Propheta
2683 4780 2699 4815 :
2734 4764 2916 4819 Nonne
2951 4764 3057 4816 Deo
3085 4761 3319 4829 subjecta
3357 4762 3463 4814 erit
3493 4760 3689 4831 anima

2088 4845 2205 4885 mea
2233 4830 2453 4901 (Psalm.
2497 4833 2670 4896 LXI)?
2698 4833 2816 4888 Scio
2851 4832 3065 4900 quidem
3105 4836 3405 4889 creaturam
3440 4830 3689 4899 omnem,

2088 4902 2236 4969 velit,
2276 4903 2431 4966 nolit,
2462 4902 2752 4971 subjectam
2781 4917 2891 4957 esse
2929 4903 3184 4959 Creatori.
3229 4901 3335 4958 Sed
3369 4918 3404 4954 a
3432 4904 3687 4955 creatura

2089 4974 2349 5027 rationali
2371 4973 2676 5028 voluntaria
2700 4973 2956 5042 subjectio
2970 4975 3256 5042 queeritur,
3286 4976 3348 5027 ut
3374 4972 3682 5042 voluntarie

2086 5045 2343 5112 sacriﬁcet
2390 5045 2639 5107 Domino,
2688 5047 2740 5098 et
2784 5041 3094 5113 conﬁteatur
3128 5045 3340 5099 nomini
3378 5041 3517 5111 ejus,
3563 5055 3690 5097 non

2087 5116 2216 5181 quia
2244 5114 2487 5169 terribile
2516 5119 2567 5169 et
2603 5119 2865 5178 sanctum,
2896 5129 3000 5169 non
3036 5116 3168 5184 quia
3203 5115 3559 5184 omnipotens;
3580 5113 3690 5168 sed

2084 5186 2215 5251 quia
2249 5186 2438 5239 bonum
2459 5189 2554 5240 est.
2586 5186 2664 5240 At
2688 5201 2808 5241 vero
2834 5183 3204 5254 subiectionem
3226 5183 3382 5240 istam
3412 5183 3688 5252 triplicem

2084 5269 2194 5310 esse
2229 5271 2430 5313 necesse
2469 5259 2565 5319 est,
2596 5260 2658 5309 ut
2698 5257 2843 5326 quod
2878 5253 3074 5311 certum
3114 5259 3193 5310 est
3228 5258 3394 5310 Deum
3434 5253 3692 5326 velle,_3’d

2082 5340 2177 5379 nos
2214 5328 2434 5381 velimus
2473 5324 2723 5395 mnnino;
2756 5332 2807 5383 et
2833 5326 2977 5397 quod
3021 5329 3221 5382 certum
3250 5331 3328 5381 est
3372 5341 3487 5381 eum
3513 5324 3687 5387 nolle,

2081 5396 2332 5451 similiter
2359 5413 2689 5453 emsecremur
2708 5402 2758 5452 et
2785 5396 2879 5453 nos
2910 5416 2926 5451 :
2952 5397 3097 5467 quod
3122 5401 3301 5453 autem
3321 5399 3573 5451 incertum
3598 5400 3691 5450 est

2080 5470 2263 5520 utrum
2290 5469 2439 5532 velit,
2470 5474 2566 5523 aut
2602 5469 2757 5532 nolit,
2787 5484 2955 5539 neque
2986 5468 3210 5523 velimus
3248 5484 3317 5523 ea:
3348 5470 3471 5528 toto,
3500 5479 3688 5534 neque

2076 5539 2295 5605 penitus
2314 5554 2416 5593 non
2440 5541 2686 5595 velimus.
2719 5541 2799 5595 lta
2822 5541 2895 5594 D.
2922 5539 3255 5595 Bernardus.

2151 5607 2185 5683 d_
2215 5607 2275 5663 Id
2305 5616 2387 5664 est
2414 5610 2689 5683 miracula
2723 5609 2857 5683 viris
2882 5610 3194 5683 apostolicis
3233 5607 3416 5681 digna,
3444 5614 3682 5683 θερμο-

2079 5677 2348 5735 stolorum
2376 5681 2668 5737 virtutibus
2696 5696 2758 5737 ac
2787 5677 3059 5738 miraculis
3085 5677 3468 5737 consentanea.
3506 5679 3683 5734 Para-

2080 5749 2322 5821 phrastes
2342 5753 2503 5823 paulo
2532 5751 2818 5809 dilucidius
2848 5772 2864 5808 :
2896 5754 3026 5810 Cum
3054 5753 3184 5823 ﬁdei
3208 5754 3409 5823 certum
3432 5750 3684 5805 testimo-

2076 5823 2231 5885 nium
2240 5822 2525 5894 perhibent
2540 5824 2998 5897 apostolicttsz'gna
3012 5822 3113 5896 per
3130 5826 3337 5880 sanctos
3360 5822 3689 5891 frequenter
