4042 6198
342 229 449 282 457

928 222 1017 277 DE
1053 220 1534 279 C(ENOBIORUM
1572 222 1815 279 INSTIT.
1855 224 1981 281 LIB.
2026 226 2137 281 Xll.
2177 254 2250 267 —
2290 226 2377 281 DE
2415 225 2683 284 SPIRITU
2724 229 3100 287 SUPERBLE.

3568 242 3670 297 458

340 367 444 425 per
465 365 562 408 eos
588 346 955 404 manifestatae
990 356 1140 417 sunt,
1174 363 1289 403 non
1319 346 1498 403 solum
1524 346 1671 420 apud
1702 363 1823 418 nos,
1858 348 1953 405 sed
1982 353 2035 415 Α
2062 349 2259 405 Filium
2303 350 2636 422 cogitatione
2666 351 2836 424 impia
2871 351 3295 426 blasphemasse.
3338 358 3500 415 Unde
3543 376 3668 432 per-

341 445 510 502 etiam
533 440 680 515 apud
704 439 949 497 inﬁdeles
982 448 1036 495 et
1066 438 1400 509 incredulos,
1434 439 1806 498 indubitatum
1834 450 1951 499 tes-

342 536 634 595 timonium
661 533 921 591 reddunt.
952 533 1057 604 Qui
1086 522 1393 605 simplicem
1420 533 1755 606 piscatorum
1785 535 1951 594 ﬁdem

344 636 401 691 in
448 632 616 689 corde
661 630 897 704 simplici
944 629 1261 697 retinentes,
1306 645 1419 685 non
1461 645 1583 686 eam
1627 632 1955 703 syllogismis

339 726 644 786 dialecticis
699 733 755 781 et
808 723 1054 780 Tulliana
1104 721 1363 781 facundia
1415 724 1609 797 spiritu
1654 741 1952 798 concepere

341 818 646 883 mundano,
690 816 789 875 sed
833 816 1214 889 experimento
1250 818 1379 874 vitae
1426 817 1672 885 sincerae,
1721 828 1953 892 actuque

342 913 663 987 purissimo,
693 910 1032 967 correctione
1071 925 1291 982 quoque
1328 910 1614 979 vitiorum,
1658 920 1713 968 et
1747 916 1828 979 (ut
1856 928 1953 968 ve-

341 1008 462 1065 rius
509 1006 765 1075 dixerim)
815 1005 872 1059 in
916 1005 1034 1076 ipsa
1074 1003 1433 1076 perfectionis
1477 1006 1650 1061 inesse
1697 1015 1952 1062 naturam

342 1100 574 1159 oculatis
601 1099 817 1157 indiciis
854 1096 1334 1170 deprehenderunt
1379 1117 1392 1153 :
1427 1097 1542 1153 sine
1572 1113 1678 1169 qua
1708 1113 1808 1155 nec
1838 1099 1951 1171 pie-

344 1205 431 1252 tas
459 1196 521 1251 in
546 1198 746 1261 Deum,
776 1208 877 1249 nec
906 1191 1165 1263 purgatio
1196 1190 1473 1259 vitiorum,
1513 1207 1613 1248 nec
1637 1192 1952 1250 emendatio

345 1305 593 1357 morum,
631 1303 732 1344 nec
770 1286 1035 1342 virtutum
1064 1284 1465 1348 consummatio
1514 1284 1718 1357 poterit
1756 1282 1953 1358 appre-

346 1382 538 1439 bendi.

940 1470 1180 1527 CAPUT
1216 1469 1353 1525 XX.

452 1582 529 1635 De
546 1592 603 1633 eo
628 1578 728 1647 qui
738 1578 964 1646 propter
991 1570 1375 1647 blasphemiam
1399 1574 1823 1630 immundissimo

849 1644 1078 1716 spiritui
1096 1644 1336 1699 traditus
1357 1649 1452 1699 est.

415 1754 554 1812 Novi
573 1750 871 1826 quemdam
899 1749 965 1807 de
993 1749 1223 1806 fratrum
1248 1764 1504 1816 numero,
1536 1764 1702 1821 quem
1729 1750 1941 1806 utinam
1972 1761 2019 1822 Β
2056 1748 2437 1820 ignominiosae
2481 1747 2649 1804 fuerit
2681 1748 2912 1804 traditus
2965 1749 3202 1821 passioni

344 1848 581 1905 minime
610 1847 857 1910 scissem,
896 1841 1163 1914 siquidem
1203 1850 1329 1913 post
1367 1840 1487 1898 haec
1530 1852 1556 1878 α
1603 1841 1811 1899 ordinis
1842 1844 1951 1899 mei

344 1941 520 2016 gradu
560 1955 619 1997 se
660 1953 852 2011 passus
902 1944 987 1992 est
1033 1935 1393 2007 praigravari;
1424 1935 1516 2007 qui
1570 1934 1949 2008 probatissimo

348 2034 573 2092 cuidam
618 2046 814 2089 senum
853 2030 987 2086 vitio
1029 2030 1210 2085 carnis
1238 2030 1596 2102 semetipsum
1626 2030 1948 2102 gravissimo

349 2126 637 2185 confessus
665 2133 747 2180 est
773 2123 1109 2195 impugnari;
1150 2138 1281 2177 nam
1309 2131 1501 2178 contra
1541 2139 1704 2179 usum
1734 2132 1947 2181 natura:

350 2218 631 2276 desiderio
660 2216 893 2289 patiendi
919 2216 1096 2288 magis
1109 2231 1278 2287 quam
1300 2214 1568 2272 inferendi
1590 2216 1945 2289 ignominiam

326 2309 685 2368 .intolerabili
716 2316 853 2366 mstu
890 2308 1126 2365 libidinis
1159 2308 1422 2364 urebatur
1454 2327 1467 2361 :
1497 2316 1616 2364 tum
1648 2308 1803 2364 illum
1831 2311 1857 2344 ι’
1887 2317 1949 2365 ut

348 2399 649 2473 spiritalem
694 2414 987 2471 verumque
1028 2396 1327 2463 medicum,
1371 2399 1693 2455 interiorem
1745 2409 1765 2435 ε
1816 2415 1946 2455 cau-

343 2510 470 2552 sam
515 2493 688 2548 morbi
735 2492 896 2565 hujus
935 2502 991 2548 et
1028 2492 1297 2563 originem
1337 2493 1588 2563 protinus
1632 2491 1947 2565 pervidisse.

344 2586 454 2657 Qui
501 2585 739 2658 graviter
773 2584 1048 2655 suspirans
1087 2602 1100 2638 :
1144 2584 1523 2658 Nequaquam,
1567 2584 1666 2653 ait,
1709 2592 1823 2639 tam
1852 2600 1952 2640 ne-

345 2693 517 2751 quam
539 2676 755 2749 spiritui
779 2676 995 2732 tradite
1020 2674 1293 2732 Dominus
1321 2676 1679 2747 permisisset,
1721 2676 1826 2732 nisi
1849 2677 1951 2732 ali-

348 2771 481 2845 quid
512 2770 946 2843 blasphemasses
970 2770 1027 2825 in
1046 2784 1198 2825 eum.
1226 2769 1348 2839 Quo
1374 2769 1463 2825 ille
1486 2776 1793 2841 comperto,
1824 2785 1956 2825 con-

348 2863 531 2921 festim
570 2859 805 2935 procidit
833 2860 902 2917 ad
938 2860 1100 2932 pedes
1128 2860 1247 2933 ejus
1272 2861 1329 2915 in
1358 2868 1587 2930 terram,
1626 2876 1954 2933 summaque

351 2956 721 3016 admiratione
745 2954 1052 3027 perculsus,
1078 2962 1357 3025 tamquam
1398 2972 1429 3011 a
1458 2957 1573 3011 Deo
1602 2970 1828 3012 cernens
1861 2971 1952 3011 ar-

352 3065 493 3106 cana
534 3049 619 3105 sui
651 3046 885 3119 pectoris
914 3044 1204 3119 patefacta,
1249 3045 1529 3103 confessus
1567 3054 1652 3102 est
1680 3049 1734 3103 in
1768 3048 1871 3103 Dei
1898 3062 1956 3104 se

2058 444 2307 514 spicuum
2355 451 2440 499 est
2482 459 2607 500 eum
2639 445 2731 517 qui
2778 446 3046 517 superbire
3090 447 3288 518 spiritu
3333 450 3663 524 possidetur,

2059 537 2143 593 vel
2186 537 2281 609 qui
2323 538 2379 593 in
2410 541 2589 595 Deum
2631 538 2983 611 blasphemus
3021 542 3224 613 existit,
3261 551 3548 617 tamquam
3577 548 3669 619 qui

2059 633 2264 705 irroget
2298 631 2371 687 illi
2406 631 2665 704 injuriam
2712 648 2743 689 a
2782 649 2892 706 quo
2938 636 3191 707 puritatis
3228 638 3495 709 speranda
3539 649 3669 698 sunt

2061 725 2222 793 dona,
2265 724 2612 797 perfectionis
2652 727 2962 799 integritate
3001 727 3219 801 privari,
3264 739 3319 786 et
3357 733 3668 791 sanctiﬁca-

2061 817 2270 875 tionem
2302 817 2645 874 castimoniae
2672 834 2783 875 non
2803 821 3027 876 mereri.

2645 921 2890 977 CAPUT
2917 925 3083 979 XXI.

2240 1019 2561 1087 Exemplum
2578 1021 2700 1072 Jones
2717 1022 2856 1087 regis
2877 1022 3047 1082 Juda,
3066 1037 3170 1088 quo
3190 1023 3489 1077 ostenditur

2355 1089 2492 1157 quid
2511 1092 2734 1157 propter
2760 1091 3069 1158 superbiam
3095 1096 3366 1146 meruerit.

2134 1189 2398 1259 Legimus
2426 1188 2534 1245 tale
2563 1188 2770 1260 aliquid
2799 1189 3254 1261 Paralipomenon
3273 1192 3412 1248 libro
3441 1212 3452 1247 :
3484 1195 3508 1229 (³
3535 1198 3666 1253 Joas

2062 1281 2213 1338 enim
2244 1297 2335 1337 rex
2365 1281 2507 1337 Juda
2536 1291 2745 1353 septem
2778 1284 3048 1337 annorum‘
3077 1281 3147 1336 ab
3181 1281 3375 1338 Joiada
3413 1285 3667 1353 pontifice

2063 1376 2264 1430 ascitus
2303 1375 2362 1429 in
2403 1390 2653 1447 regnum,
2702 1383 2865 1447 atque
2907 1375 2964 1429 in
3007 1375 3283 1443 omnibus,
3326 1376 3509 1447 quoad
3534 1378 3668 1434 vixit

2064 1476 2402 1523 memoratus
2430 1466 2696 1539 pontifex,
2725 1467 3045 1523 testimonio
3075 1468 3372 1538 Scriptura:
3420 1468 3668 1526 laudatus

2063 1570 2162 1617 est.
2184 1564 2267 1618 De
2295 1577 2405 1632 quo
2433 1569 2555 1633 post
2583 1562 2795 1618 obitum
2824 1561 3037 1618 Joiadae
3063 1562 3191 1618 audi
3222 1562 3356 1634 quid
3381 1564 3666 1635 Scriptura

2062 1662 2482 1723 commemorat,
2542 1664 2597 1711 et
2654 1655 3122 1728 quemadmodum
3178 1656 3351 1712 elatus
3406 1659 3661 1728 superbia

3275 1770 3287 1804 :
3366 1753 3659 1819 Postquam

2059 1846 2239 1897 autem
2276 1843 2415 1897 abiit
2454 1843 2669 1906 Joiada,
2701 1843 2936 1912 ingressi
2968 1846 3093 1897 sunt
3124 1846 3395 1913 principes
3426 1845 3569 1899 Juda
3608 1849 3659 1901 et

2058 1944 2080 1971 ο
2114 1937 2477 1991 adorarerunt
2515 1953 2709 2005 regem.
2744 1940 2856 2008 Qui
2887 1939 3143 1992 delinitus
3182 1940 3449 2009 obsequiis
3481 1955 3665 1996 eorum

2056 2032 2343 2100 acquievit,
2379 2033 2429 2084 et
2461 2029 2865 2098 dereliquerunt
2900 2032 3155 2099 templum
3183 2034 3399 2085 Domini
3424 2034 3524 2087 Dei
3550 2047 3659 2102 pa-

2056 2129 2200 2178 trum
2236 2138 2477 2186 suorum,
2504 2124 2907 2191 servieruntque
2929 2123 3060 2176 lucis
3086 2127 3136 2176 et
3156 2124 3581 2192 sculptibilibus,
3610 2130 3661 2180 et

2056 2218 2207 2283 facta
2236 2221 2314 2272 est
2338 2218 2421 2271 ira
2440 2231 2636 2284 magna
2656 2218 2841 2269 contra
2868 2214 3067 2269 Iudam
3092 2219 3143 2269 et
3169 2217 3467 2293 Jerusalem
3488 2231 3658 2286 prop-

2060 2312 2142 2362 ter
2161 2309 2255 2363 hoc
2264 2312 2537 2379 peccatum
2559 2309 2637 2375 (ll
2663 2310 3009 2373 Par.xx1v).
3033 2308 3101 2361 Et
3121 2312 3244 2377 post
3263 2322 3435 2377 pauca
3464 2328 3476 2363 :
3507 2308 3665 2364 Cum-

2058 2418 2160 2472 que
2192 2404 2431 2458 evolutus
2456 2406 2589 2457 esset
2618 2417 2815 2465 annus,
2843 2402 3083 2457 ascendit
3109 2404 3293 2456 contra
3316 2417 3437 2456 eum
3460 2406 3662 2458 exerci-

2061 2500 2147 2549 tus
2168 2496 2362 2563 Syria,
2389 2498 2637 2565 venitque
2660 2498 2718 2550 in
2744 2494 2942 2550 Iudam
2971 2499 3021 2549 et
3056 2496 3375 2562 Jerusalem,
3412 2501 3465 2551 et
3487 2498 3661 2552 inter-

2060 2590 2189 2655 fecit
2214 2593 2426 2643 cunctos
2458 2590 2729 2658 principes
2762 2589 2977 2658 populi,
3006 2593 3170 2658 atque
3198 2591 3512 2645 universam
3530 2606 3653 2661 prce

2062 2680 2188 2734 dam
2216 2682 2476 2735 miserunt
2514 2682 2633 2748 regi
2664 2684 3001 2735 Damascum.
3033 2684 3105 2736 Et
3138 2682 3426 2745 certefcum
3448 2700 3667 2753 permo-

2062 2772 2215 2827 dicus
2233 2774 2459 2826 venisset
2494 2787 2745 2827 numerus
2769 2774 3045 2841 Syrorum,
3072 2774 3308 2828 tradidit
3326 2776 3586 2831 Dominus
3607 2779 3665 2830 in

2062 2878 2257 2918 manus
2285 2878 2462 2918 eorum
2491 2866 2763 2934 inﬁnitam
2802 2866 3223 2934 multitudinem,
3254 2883 3311 2922 eo
3347 2868 3491 2937 quod
3517 2869 3668 2924 dere-

2065 2958 2343 3026 liquissent
2368 2959 2654 3013 Dominum
2692 2963 2862 3014 Deum
2896 2964 3118 3029 patrum
3143 2976 3379 3015 suorum.
3405 2963 3469 3015 In
3502 2961 3521 2996 τ
3541 2965 3665 3018 Joas
3760 2956 3767 2963 ’

2064 3066 2272 3121 quoque
2289 3052 2645 3119 ignominiosa
2676 3067 2956 3107 exercuere
2968 3052 3202 3121 judicia,
3234 3058 3285 3108 et
3305 3054 3555 3111 abeuntes
3572 3055 3636 3110 di
3638 3086 3666 3096 -

1450 3178 1703 3232 ALARDI
1744 3180 1969 3234 ΕΑΖᾸΞΙ
2007 3178 2567 3235 COMMENTARIUS.

353 3293 620 3365 exhibita,
646 3306 751 3346 non
774 3292 946 3346 solum
980 3292 1130 3361 apud
1159 3305 1273 3353 nos,
1304 3292 1398 3346 sed
1417 3293 1579 3346 etiam
1602 3293 1751 3362 apud
1783 3294 1954 3347 incre-
1986 3299 2031 3362 (ζ
2058 3300 2333 3365 peccatum
2368 3296 2604 3362 incipiat
2636 3298 2847 3362 peccato
2891 3296 3177 3349 cumulare.
3227 3297 3508 3351 Peccatum
3545 3311 3668 3365 ergo

357 3363 532 3418 dulos.

428 3443 455 3469 ⁸
482 3435 705 3505 _Nempe
754 3431 1061 3505 sacerdotii,
1116 3446 1228 3505 qu_o
1288 3430 1610 3505 Casianum
1679 3432 1956 3505 initiatum

354 3503 504 3575 apud
544 3502 835 3561 Massiliam
880 3502 1143 3560 scribunt
1166 3502 1579 3575 Gennadiusiet
1619 3502 1956 3575 Trithemius

356 3574 498 3646 (Lib.
520 3580 632 3643 χι),
664 3575 804 3632 unde
829 3575 1156 3648 et_superius_
1172 3577 1325 3644 (Cap.
1363 3578 1451 3643 17)
1478 3574 1616 3648 dixit
1639 3574 1954 3648 se_episcopi

355 3644 558 3702 manus
597 3662 711 3702 non
755 3644 995 3717 potuisse
1027 3644 1274 3717 evadere,
1305 3660 1374 3702 ne
1415 3644 1831 3717 scilicetdab'eo
1860 3644 1955 3702 or-

356 3716 654 3788 dinaretur.
690 3715 855 3774 Unde
878 3716 1148 3788 colligitur
1172 3732 1298 3788 eum
1324 3731 1435 3787 pra:
1473 3715 1788 3788 humilitate
1812 3732 1955 3788 quo-

357 3785 653 3859 dammodo
670 3788 906 3843 invitum
922 3785 1091 3859 fuisse
1105 3785 1418 3859 ordinatum
1438 3806 1450 3841 :
1474 3785 1954 3859 quemadmodum

358 3858 427 3914 de
451 3859 769 3915 Pauliniano
799 3861 856 3915 S.
886 3856 1422 3928 Hieronymiifratre‘
1452 3856 1569 3911 a'se
1597 3856 1845 3913 ordinato
1867 3874 1955 3914 re-

357 3928 486 4002 fert,
517 3931 574 3985 S.
594 3928 936 4002 Epiphanius
953 3928 1010 3982 in
1037 3925 1268 4002 epistola
1296 3925 1366 4002 ad
1392 3926 1661 4002 Joannem
1686 3927 1957 4002 Hieroso-

358 3993 784 4069 lymitanum,’et
799 4006 867 4054 de
889 4000 945 4069 S.
964 3993 1272 4069 Augustino
1296 3993 1645 4047 Possidiusin
1667 3995 1782 4064 ejus
1806 3997 1953 4051 Vita.

360 4065 651 4143 Perperam
672 4065 807 4143 vero
835 4065 1149 4143 Dionysius,
1186 4070 1242 4117 et
1264 4076 1331 4143 egi
1367 4077 1467 4118 suo
1477 4077 1685 4143 _sensu,
1708 4079 1824 4143 non
1848 4071 1960 4143 A_u—

357 4132 550 4210 ctoris,
581 4141 686 4195 nisi
713 4132 998 4193 mendum'
1016 4135 1090 4189 sit
1117 4133 1174 4210 in
1203 4132 1439 4210 codice:
1472 4136 1843 4210 Pragrauari,
1872 4137 1961 4191 in-

355 4212 497 4283 quit,
529 4204 584 4266 se
607 4222 822 4283 passu_s_
838 4210 915 4261 est
930 4204 1678 4283 posterioriordinisgradu.
1712 4207 1960 4283 Praegra-

353 4274 471 4338 ἤδῆ
517 4274 741 4358 ιιιιιέιιιι
769 4276 827 4358 id
999 4274 1233 4358 ‘onerari
1275 4274 1404 4358 dicit
1448 4275 1737 4358 Qassianus
1768 4274 1957 4358 gradu

350 4349 670 4414 sacerdotii,
710 4347 855 4403 forte
890 4346 1018 4403 illud
1057 4355 1306 4418 spectans
1341 4346 1535 4402 Jacobi
1566 4346 1811 4417 apostoli
1834 4363 1910 4404 ιιι
1944 4368 1956 4403 :

353 4423 537 4481 Nolite
570 4421 753 4490 plures
784 4420 1034 4490 magistri
1057 4419 1199 4488 ﬁeri,
1237 4418 1456 4490 scientes
1493 4420 1753 4490 quoniam
1781 4420 1960 4489 majus

346 4487 622 4563 judicium
651 4487 896 4563 sumitis;
922 4488 1010 4545 Sic
1038 4487 1103 4563 et
1130 4491 1200 4543 D.
1224 4487 1597 4563 Hieronymus
1620 4487 1957 4560 clericatum,

353 4559 470 4620 non
493 4562 779 4627 honorem,
806 4560 902 4617 sed
929 4575 1067 4632 opus
1087 4559 1477 4632 interpretatur
1500 4559 1666 4630 epist.
1696 4562 1786 4615 62.

430 4636 456 4669 ι’
485 4632 844 4702 Manuscripti
876 4630 1122 4687 nonnulli
1149 4630 1372 4701 legunt:
1408 4632 1477 4684 Ut
1508 4631 1853 4699 spiritualem
1879 4635 1957 4687 vi-

359 4720 503 4767 rum,
530 4705 893 4772 medicumque
916 4703 1243 4756 interiorem.

432 4785 455 4810 °
488 4776 778 4833 Monemur
809 4773 915 4828 hoc
933 4773 1061 4828 loco
1088 4778 1372 4843 peccatum
1394 4786 1569 4827 unum
1590 4785 1967 4843 smpenumero

358 4860 590 4901 causam
616 4858 737 4901 esse
790 4844 1013 4900 alterius
1058 4840 1263 4914 peccati
1295 4842 1367 4911 (S.
1405 4843 1586 4914 Thom.
1629 4840 1749 4914 7112,
1789 4859 1841 4913 q.
1875 4851 1966 4913 87,

368 4933 426 4971 ιι.
463 4920 548 4984 2);
583 4922 636 4969 et
668 4914 817 4986 quod
846 4914 974 4986 inde
1007 4912 1272 4984 sequitur,
1310 4912 1566 4984 quaedam
1595 4913 1673 4969 sic
1698 4912 1815 4969 esse
1842 4912 1967 4986 pec?-

363 4994 510 5053 cata,
546 4992 609 5041 ut
644 4984 811 5041 etiam
838 4984 949 5041 sint
987 4998 1163 5053 poenae
1202 4990 1569 5055 peccatorum,
1602 4999 1732 5040 cum
1770 4984 1966 5055 pecca-

366 5066 489 5113 tum
515 5055 852 5127 subsequens
871 5070 1044 5127 poena
1056 5054 1128 5109 sit
1145 5053 1520 5127 praecedentis.
1545 5053 1965 5127 Namiquemad-

364 5127 597 5184 modum
625 5124 717 5182 hic
744 5124 1081 5198 blasphemia
1110 5125 1191 5198 vel
1214 5125 1468 5198 superbia
1489 5140 1649 5182 causa
1670 5124 1777 5181 fuit
1800 5126 1965 5198 luxu-

365 5199 490 5267 riae,
532 5199 608 5253 ita
654 5194 880 5269 luxuria'
921 5211 1082 5269 paena
1130 5194 1483 5269 blasphemia}
1521 5204 1617 5252 aut
1664 5197 1959 5269 superbiae.

362 5265 511 5325 Hinc
540 5273 612 5325 D.
640 5265 943 5340 Gregorius
970 5267 1121 5340 hom.
1150 5265 1441 5323 undecima
1470 5267 1524 5322 in
1577 5265 1916 5324 Ezechielem
1950 5286 1962 5322 :

366 5344 668 5403 Peccatum,
716 5339 912 5410 inquit,
953 5339 1097 5409 quod
1129 5353 1229 5409 per
1260 5340 1636 5409 per-nitentium
1663 5341 1967 5394 citius,"no-n

369 5412 594 5476 deletur,
633 5416 731 5466 aut
762 5416 1035 5481 peccatum
1072 5414 1169 5476 est,
1210 5414 1306 5464 aut
1344 5426 1509 5465 causa
1540 5413 1769 5481 peccati,
1806 5411 1970 5465 simul

373 5486 421 5535 et
442 5498 599 5551 pana
623 5483 846 5553 peccati.
888 5484 1048 5539 Omne
1077 5482 1213 5536 enim
1238 5481 1381 5551 quod
1408 5484 1565 5551 prius
1592 5484 1965 5546 committitur,

364 5557 752 5630 peccatum_es_t
782 5571 798 5606 :
838 5554 930 5609 sed
956 5556 1017 5630 si
1045 5553 1547 5630 dtitw_pwttitendo
1578 5569 1684 5630 non
1714 5555 1966 5630 tergitur,

359 5624 520 5691 justo
558 5624 767 5692 judicio
819 5627 1144 5693 omnipotens
1196 5627 1336 5679 Deus
1390 5624 1686 5693 obligatam
1734 5625 1969 5693 peccatis

1995 4669 2045 4732 D

2065 3366 2210 3434 quod
2232 3366 2560 3434 pamitentice
2577 3365 2806 3418 (amento
2818 3380 2923 3419 non
2941 3366 3197 3431 diluitur,
3206 3371 3480 3433 peccatum
3504 3368 3669 3421 simul

2065 3440 2144 3490 est
2171 3440 2227 3490 et
2264 3450 2427 3489 causa
2460 3437 2686 3505 peccati,
2719 3436 2849 3503 quia
2887 3450 2955 3489 ea:
2982 3436 3083 3507 illo
3115 3438 3292 3507 oritur
3322 3437 3463 3491 unde
3490 3436 3669 3492 adhuc

2059 3508 2356 3577 peccatoris
2404 3507 2619 3559 animus
2663 3507 2867 3560 arctius
2908 3506 3185 3574 obligetur.
3210 3506 3505 3561 Peccatum
3546 3522 3667 3561 vero

2064 3578 2208 3647 quod
2236 3592 2305 3631 ea:
2325 3580 2538 3647 peccato
2561 3578 2821 3645 sequitur,
2842 3581 3114 3645 peccatum
3143 3579 3306 3631 simul
3329 3582 3407 3632 est
3434 3581 3485 3632 et
3505 3594 3669 3648 pana

2060 3650 2289 3718 peccati,
2336 3650 2486 3717 quia,
2539 3652 2862 3702 accrescente
2905 3649 3157 3710 caecitate,
3202 3664 3271 3702 ea:
3312 3650 3669 3704 retributione

2060 3721 2262 3788 prioris
2285 3721 2454 3788 culpa:
2468 3722 2777 3787 generatur,
2798 3722 2863 3771 ut
2880 3721 3043 3787 quasi
3055 3719 3178 3787 jam
3196 3721 3306 3773 sint
3320 3721 3379 3773 in
3396 3723 3668 3788 peccatore

2065 3790 2337 3859 supplicia
2360 3793 2483 3859 ipsa
2508 3791 2831 3843 incrementa
2870 3790 3145 3859 vitiorum.
3184 3790 3321 3859 Haec
3349 3788 3664 3859 Gregorius.

2065 3858 2397 3916 Aé’deinde
2444 3858 2607 3915 docet
2648 3873 3067 3929 nonnumquam
3113 3858 3247 3925 ﬁeri,
3298 3862 3358 3911 ut
3398 3858 3570 3911 unum
3615 3866 3671 3929 et

2066 3929 2225 4001 idem,
2259 3937 2563 4001 peccatum,
2597 3935 2655 3983 et
2696 3928 3000 4001 peccatum
3026 3928 3116 3995 sit,
3150 3937 3205 3982 et
3235 3942 3404 4001 poena
3434 3928 3667 4001 peccati,

2067 4000 2231 4070 simul
2260 3996 2328 4055 'et
2352 4015 2529 4070 causa
2554 3996 2793 4070 peccati.
2843 3997 3006 4070 Quod
3046 4006 3101 4052 et
3139 3996 3328 4053 multis
3372 3996 3667 4069 Scriptura
3773 4022 3781 4032 ν

2066 4069 2390 4124 testimoniis
2418 4078 2475 4123 et
2504 4069 2769 4138 exemplis
2787 4069 3096 4138 conﬁrmat.

2138 4138 2166 4173 ά
2198 4138 2373 4193 Filiu
2411 4137 2701 4209 Ochosiae’,
2743 4137 2840 4191 ﬁlii
2883 4140 3092 4209 Joram,
3136 4137 3238 4209 iilii
3276 4137 3557 4209 Josaphat.
3592 4140 3667 4194 ιν

2070 4211 2205 4279 Reg.
2234 4223 2327 4275 χι,
2349 4216 2404 4263 et
2432 4210 2479 4279 ll
2502 4207 2735 4278 Paralip.
2769 4220 2928 4279 xxiv.
2953 4206 3081 4279 Ruit
3106 4208 3248 4279 alter
3271 4206 3671 4279 Joas‘tempore

2069 4276 2234 4350 paulo
2273 4278 2541 4350 posterior
2580 4276 2899 4350 rex—Israel,
2949 4276 3006 4332 id
3037 4287 3140 4345 est,
3171 4278 3359 4334 decem
3400 4276 3667 4347 tribu—um,

2070 4347 2161 4421 qui
2183 4347 2289 4405 hoc
2308 4348 2486 4404 adhuc
2510 4347 2798 4420 superstite
2810 4362 3035 4419 regnare
3051 4350 3239 4422 coepit,
3262 4351 3336 4405 IV
3366 4352 3503 4424 Reg.
3528 4364 3666 4420 xm,

2072 4428 2128 4476 et
2148 4422 2199 4475 ll
2227 4420 2458 4476 Paralin.
2489 4434 2633 4476 xxv.

2072 4428 2128 4476 et
2148 4428 2199 4475 Π
2227 4428 2458 4476 Parant).
2489 4434 2633 4476 XXV.

2152 4436 2199 4475 ιι
2268 4436 2398 4475 aran
2447 4436 2527 4475 .x
2578 4436 2633 4475 v.

2141 4499 2163 4526 °
2319 4436 2692 4563 Ηίἕιοιιξιιιιιε
2737 4490 2792 4546 in
2834 4489 3239 4563 Quwstionibus
3275 4490 3558 4549 Hebraicis
3601 4492 3672 4550 ad

2067 4562 2215 4619 hunc
2247 4562 2429 4618 locum
2456 4562 2740 4618 annotavit
2771 4583 2783 4617 :
2821 4562 3201 4617 Adoraverunt
3224 4580 3343 4618 eum
3374 4569 3434 4617 ut
3468 4569 3667 4628 Deum;

2072 4640 2123 4689 et
2151 4636 2439 4704 acquievit,
2468 4650 2647 4688 eorum
2667 4635 2930 4704 obsequiis
2958 4635 3232 4704 delinitus,
3257 4639 3319 4687 ut
3343 4649 3407 4704 se_
3422 4639 3482 4686 ut
3502 4638 3672 4687 Deum

2075 4706 2175 4760 coli
2198 4702 2544 4775 permitteret.
2568 4706 2705 4773 Quae
2733 4703 2971 4775 Cassiani
3001 4703 3159 4775 dictis
3184 4702 3533 4775 conveniunt.

2148 4775 2167 4809 ί
2197 4770 2331 4832 Haec
2374 4774 2563 4830 itidem
2596 4770 2670 4828 D.
2716 4773 3089 4842 Hieronymus
3129 4771 3202 4842 ita
3231 4770 3620 4842 interpretatur
3654 4787 3666 4823 :

2076 4848 2353 4900 Facientes
2380 4847 2567 4899 incum
2592 4840 2949 4919 ignominiosa.
2970 4840 3327 4919 judicia,sipe
3339 4841 3469 4919 quia
3492 4844 3674 4919 turpes

2079 4919 2136 4968 in
2161 4931 2280 4969 eum
2303 4929 2386 4967 res
2415 4909 2653 4981 egerunt,
2686 4913 2796 4965 sive
2818 4913 2945 4979 quia
2968 4909 3342 4978 interﬁcientes
3371 4911 3506 4979 ﬁlios
3535 4909 3668 4981 ejus,

2078 4988 2151 5039 im
2153 4999 2379 5054 propera
2387 4980 2514 5037 bant
2526 4984 2575 5037 ei
2587 4982 2754 5054 scelus
2765 4981 2909 5054 quod
2930 4982 2983 5033 in
3000 4980 3313 5054 Zachariam
3327 4980 3674 5052 perpetrare-

2076 5050 2285 5119 rat-‘(Ih
2332 5057 2536 5125 Quaest.
2586 5053 2748 5125 Hebr.
2792 5052 2888 5125 ubi
2908 5052 3128 5125 supra).
3170 5050 3674 5125 Prioremﬁsensum

2076 5133 2297 5181 secutus
2341 5121 2430 5180 hic
2469 5124 2763 5180 Cassianus
2782 5121 3049 5195 signiﬁcat
3073 5137 3259 5195 regem
3285 5125 3447 5179 Joam
3477 5123 3548 5180 ob
3576 5138 3675 5179 su-

2078 5196 2323 5269 perbiam
2350 5203 2406 5269 et
2433 5194 2806 5269 arrogantiam
2838 5192 2912 5269 e9
2947 5192 3188 5269 miseria:
3217 5192 3522 5269 devenisse,
3548 5202 3673 5269 uta

2078 5264 2225 5349 Syris
2253 5264 2587 5349 hominibus
2609 5265 2838 5349 impuris
2871 5264 3019 5349 fmda
3056 5273 3108 5319 et
3150 5265 3521 5349 ignominiosa
3547 5265 3675 5349 libi-

2077 5336 2205 5395 dine
2242 5338 2593 5411 pollueretur.
2640 5336 2914 5411 Josephus
2958 5344 3145 5411 tamen
3180 5336 3235 5391 et
3261 5336 3355 5392 alii
3391 5337 3523 5411 nihil
3564 5337 3676 5394 tale

2078 5407 2535 5476 commemorant,
2564 5407 2658 5465 sed
2679 5407 3266 5480 tantummodo_Joam_
3288 5409 3678 5480 gravissimum

2078 5480 2367 5553 incurrisse
2392 5480 2737 5553 languorem,
2769 5487 2824 5534 et
2861 5494 2891 5534 a
2921 5479 3034 5535 suis
3060 5476 3227 5534 fuisse
3252 5476 3674 5553 interemptum;

2076 5567 2178 5608 nec
2215 5551 2360 5609 aliud
2402 5548 2578 5609 Graeci
2607 5550 2950 5621 interpretes,
2992 5564 3160 5621 quam
3203 5569 3215 5604 :
3263 5551 3347 5602 καὶ
3377 5548 3503 5621 μετᾶ
3535 5548 3682 5611 Ἰωὰς

2080 5622 2315 5689 ἔποιησαν
2351 5624 2589 5693 χρήματα
2620 5621 2845 5694 (Ioseph.
2873 5622 2968 5676 lib.
2997 5635 3062 5677 1x
3091 5622 3371 5690 Antiquit.
3402 5638 3444 5678 c.
3477 5626 3530 5676 8.
3560 5621 3687 5679 Sui-

362 5697 597 5766 mentem
619 5699 781 5750 etiam
805 5701 862 5751 in
890 5695 1103 5766 culpam
1126 5695 1352 5749 alteram
1366 5697 1636 5765 permittit
1663 5695 1875 5758 cadere,
1909 5700 1973 5750 ut
2080 5695 2179 5749 das
2202 5698 2231 5749 1
2246 5695 2372 5750 'erbo
2399 5698 2565 5763 Joas).

367 5765 473 5835 qui
503 5765 676 5835 ﬂendo
713 5772 763 5822 et
793 5765 1101 5836 corrigendo
1136 5766 1310 5822 noluit
1339 5766 1606 5823 mundare
1641 5768 1785 5838 quod
1816 5768 1968 5835 fecit,

585 5855 850 5913 ΡΔτιιοι..
890 5855 1100 5911 XLIX.

3332 5858 3398 5907 15
