4012 6192
368 240 474 293 459

371 454 541 512 Vides
563 468 731 526 quam
774 450 1053 524 ﬂagitiosis
1075 465 1138 506 ac
1173 442 1415 505 sordidis
1455 443 1801 517 passionibus
1837 441 1983 499 tradi

371 555 652 606 mereatur
693 545 981 617 superbia?
1025 541 1133 612 Qui
1171 541 1320 597 enim
1369 539 1542 594 elatus
1577 535 1882 609 arrogantia
1919 549 1984 596 ut

369 644 554 698 Deum
565 656 623 697 se
635 653 825 712 passus
835 646 917 694 est
925 635 1164 700 adorari,
1182 643 1207 670 ι
1217 633 1428 692 tradita
1435 649 1482 696 r,
1494 628 1800 688 secundum
1815 631 1986 701 Apos'

374 733 574 801 tolum,
591 735 647 788 in
657 732 936 802 passiones
953 727 1269 798 ignominia:
1289 727 1412 782 etin
1438 725 1728 796 reprobum
1747 739 1982 792 sensum,

375 832 438 882 ut
456 829 715 896 patiatur
743 838 808 878 ea
826 839 948 892 quce
975 838 1081 876 non
1109 821 1428 876 conveniunt
1452 819 1622 891 (Rom.
1656 818 1717 889 1).
1744 821 1812 874 Et
1831 816 1980 888 quia,

375 917 588 975 dicente
609 915 918 986 Scriptura,
939 915 965 949 δ
1005 913 1316 970 immundus
1347 917 1422 968 est
1452 912 1604 982 apud
1621 916 1788 967 Deum
1813 909 1983 966 omnis

375 1012 473 1082 qui
502 1011 713 1066 exultat
729 1025 819 1066 cor
833 1025 992 1064 suum
1025 1005 1293 1080 (Prorerb.
1327 1020 1450 1072 va,
1479 1020 1585 1060 sec.
1617 1006 1732 1072 70),
1763 1002 1863 1059 iste
1887 999 1980 1072 qui

375 1103 588 1160 tumida
614 1101 796 1158 cordis
835 1100 1068 1157 elatione
1091 1099 1318 1154 inﬂatus
1342 1104 1445 1166 est,
1479 1095 1810 1168 turpissima
1841 1107 1980 1149 con-

373 1197 580 1256 fusioni
623 1195 860 1252 traditur
911 1191 1276 1260 deludendus,
1333 1198 1394 1248 ut
1433 1189 1752 1246 humiliatus
1795 1187 1980 1244 taliter

374 1289 600 1348 sentiret
638 1287 991 1358 semetipsum
1033 1300 1152 1342 esse
1191 1284 1274 1340 vel
1315 1282 1670 1341 immunditia
1709 1281 1890 1346 carnis
1925 1287 1980 1338 et

375 1382 701 1440 conscientia
764 1381 998 1453 impura:
1054 1378 1320 1450 passionis
1377 1375 1768 1444 immundum,
1829 1373 1982 1447 quod

378 1477 548 1534 animi
597 1477 686 1534 sui
734 1476 990 1533 noluerat
1041 1474 1279 1531 elatione
1333 1472 1560 1542 sentire,
1608 1479 1663 1528 et
1710 1479 1772 1527 ut
1807 1468 1987 1526 carnis

378 1569 738 1645 ignominiosa
767 1569 1021 1640 contagio
1066 1565 1396 1639 patefaceret
1422 1564 1833 1621 immunditiam
1863 1579 1986 1619 cor-

377 1663 462 1721 dis
489 1663 618 1734 'ejus
657 1661 950 1728 occultam,
989 1675 1158 1731 quam
1201 1657 1473 1730 superbiae
1499 1656 1643 1713 malo
1701 1664 1988 1712 contraxe-

377 1763 481 1821 rat,
508 1769 572 1809 ac
604 1751 892 1808 manifesta
939 1751 1242 1823 pollutione
1269 1749 1522 1822 corporis
1547 1748 1632 1804 sui
1663 1748 1986 1821 probaretur
2017 1747 2066 1809 B

378 1847 652 1919 impurus,
682 1845 772 1916 qui
810 1859 908 1916 per
935 1843 1229 1901 elationem
1263 1841 1484 1916 spiritus
1526 1841 1738 1898 factum
1778 1855 1839 1900 se
1873 1857 1986 1898 non

379 1939 646 1998 sentiebat
665 1936 1038 1995 immundum.

1601 177 1612 184 ἰ
1711 223 1991 281 JOANNIS
2027 221 2331 279 CASSIANI

369 361 628 416 miserunt
655 373 772 414 eum
799 359 857 412 in
887 357 1237 427 languoribus
1271 355 1488 423 magnis
1520 352 1590 422 (Il
1611 353 1742 406 Par.
1771 352 1970 416 xxxv).
2002 353 2056 416 Α

3576 215 3686 270 460

2655 341 2896 399 CAPUT
2923 340 3119 396 XXII.

2097 441 2315 498 Omnem
2335 438 2575 494 ariimam
2595 433 3049 561 προςῗὲἒέΜὶ
3059 429 3428 502 spiritualibus
3439 429 3699 499 nequitiis

2612 555 2616 559 .
2668 539 2676 549 -
2709 524 2728 561 ι
2954 520 3064 559 am.

2612 555 2616 559 .
2668 539 2676 549 -
2709 520 3064 561 iuuaenaam.

2163 605 2374 675 Quibus
2404 602 2690 660 manifeste
2724 599 2989 675 probatur
3017 612 3239 655 omnem
3265 597 3530 663 animam,
3571 611 3701 668 quae

2089 699 2360 773 superbiae
2406 697 2574 756 fuerit
2600 707 2828 766 tumore
2868 687 3136 768 possessa,
3177 701 3199 728 ο
3244 689 3698 748 intellectualibus

2090 793 2259 866 Syris,
2301 791 2356 849 id
2403 798 2506 860 est,
2558 789 2814 861 nequitiis
2851 783 3220 862 spiritualibus
3256 782 3422 851 tradi,
3463 798 3698 856 eamque

2091 885 2432 958 passionibus
2461 883 2642 940 carnis
2677 881 2904 950 involvi,
2933 881 2960 917 ά
3000 888 3061 937 ut
3098 877 3296 936 saltem
3324 877 3472 934 vitiis
3504 877 3702 934 humi-

2087 980 2217 1036 liata
2250 978 2502 1046 terrenis,
2537 974 2881 1033 immundam
2910 988 2968 1030 se
2995 972 3282 1030 carnaliter
3309 971 3690 1044 pollutamque

2089 1077 2408 1144 cognoscat,
2435 1084 2560 1142 qua:
2598 1077 2788 1140 tepore
2817 1065 3018 1122 mentis
3049 1072 3230 1121 erecta
3257 1063 3605 1120 immundam
3631 1079 3692 1120 se

2087 1163 2142 1220 in
2176 1170 2470 1236 conspectu
2513 1161 2610 1218 Dei
2648 1176 2745 1234 per
2772 1159 3067 1218 elationem
3093 1155 3275 1214 cordis
3312 1155 3572 1213 effectam
3603 1157 3700 1212 in-

2086 1256 2326 1330 telligere
2339 1263 2464 1312 ante
2489 1271 2601 1310 non
2629 1253 2804 1326 potuit
2833 1273 2846 1309 :
2880 1268 2992 1326 quo
3016 1251 3098 1308 vel
3121 1251 3200 1308 sic
3225 1249 3540 1307 humiliatus
3567 1251 3699 1323 quis

2088 1367 2121 1408 a
2164 1351 2392 1424 pristino
2434 1357 2625 1421 tepore
2662 1346 2925 1416 discedat,
2955 1355 3012 1402 et
3053 1345 3352 1420 ignominia
3387 1345 3694 1403 carnalium

2091 1445 2406 1518 passionum
2447 1441 2692 1516 dejectus
2731 1449 2895 1514 atque
2944 1440 3232 1509 confusus,
3281 1437 3353 1495 ad
3393 1438 3694 1512 spiritalem

2090 1537 2366 1596 fervorem
2411 1536 2667 1609 deinceps
2717 1535 3071 1608 semetipsum
3117 1533 3394 1592 ardentius
3439 1533 3699 1590 conferre

2094 1630 2332 1690 festinet.

2646 1702 2889 1759 CAPUT
2930 1699 3136 1756 XXIII.

2096 1797 2246 1865 Quod
2265 1797 2526 1868 perfectio
2567 1798 2788 1866 attingi,
2827 1793 2965 1920 nisi;
2975 1794 3298 1849 humilitatis
3339 1795 3555 1858 virtute,
3587 1809 3698 1849 non

2796 1880 2940 1920 pass:
2971 1905 2984 1920 .

2791 1880 2984 1937 possu.

2159 1959 2454 2016 Evidenter
2495 1961 2682 2032 itaque
2722 1965 3060 2014 monstratur
3103 1964 3126 1994 °
3169 1972 3280 2014 non
3312 1971 3465 2030 posse
3492 1971 3693 2029 quem-

1479 2103 1736 2159 ALARDI
1773 2103 1999 2158 GAZIEI
2035 2102 2598 2158 COMMENTARIUS.

453 2233 480 2264 ³
504 2227 907 2300 Accommodat
918 2228 1240 2300 sententiam
1262 2227 1514 2300 Apostoli
1529 2227 1597 2284 ad
1611 2230 1780 2300 Rom.
1795 2243 1817 2284 1
1839 2243 1984 2300 cap.,

426 2315 494 2372 ua
522 2299 883 2372 philosophos
917 2299 1144 2372 gentiles
1171 2298 1246 2372 ad,
1271 2298 1580 2372 superbiam
1607 2307 1662 2372 et
1700 2298 1988 2372 ingratitu-

426 2318 494 2357 ua
522 2318 883 2371 pDIIOSOPIIOS
917 2318 1144 2369 gentiles
1171 2318 1240 2355 aa
1271 2318 1580 2370 superatam
1607 2318 1662 2354 ει
1700 2318 1984 2372 ψει-διηυ-

381 2318 569 2441 ginem
603 2369 757 2434 ἀίοιῐ,
795 2385 858 2425 ac
895 2369 1054 2425 tertio
1077 2369 1275 2441 repetit
1305 2385 1335 2424 a
1372 2371 1490 2425 Deo
1521 2370 1749 2424 traditos
1785 2370 1984 2436 fuisse,

387 2451 447 2494 ιο
466 2443 527 2496 in
553 2440 825 2496 desideria
858 2441 1032 2496 cordis
1057 2440 1239 2496 eorum
1272 2443 1329 2494 in
1353 2441 1784 2506 immunditiam;
1821 2446 1882 2496 2°
1925 2443 1986 2495 in

381 2513 652 2582 passiones
677 2514 1001 2582 ignominia,
1022 2510 1078 2568 id
1105 2519 1206 2577 est,
1228 2511 1285 2566 in
1315 2511 1723 2582 passiones,seu
1741 2510 1987 2568 libidines

381 2581 794 2654 ignominiosae.
817 2581 1178 2638 dedecorosas
1191 2581 1698 2652 etinfamitcplenas
1713 2600 1730 2648 ;
1746 2581 1906 2636 tertio
1927 2584 1986 2636 in

379 2652 666 2722 reprobum
693 2668 923 2722 sensum,
953 2659 1017 2706 ut
1035 2654 1276 2718 facerent
1310 2668 1370 2706 ea
1389 2668 1629 2722 quxnon
1649 2655 1981 2708 conveniunt.

385 2721 831 2794 QuogmodoAdicit
857 2723 1017 2794 .loam
1035 2736 1224 2794 regem
1249 2721 1560 2794 arrogantia
1579 2722 1786 2794 elatum
1806 2737 1837 2777 a
1866 2723 1986 2778 Deo

380 2789 642 2864 traditum
669 2789 836 2847 fuisse
865 2793 924 2847 in
941 2789 1232 2864 passibnes
1260 2789 1576 2864 ignominiae
1610 2793 1755 2864 etin
1793 2807 1984 2864 repro-

378 2861 516 2918 bum
545 2866 898 2935 sensum._At
939 2861 1099 2935 longe
1141 2861 1307 2935 aliter
1334 2879 1502 2935 quam
1527 2863 1619 2935 _il|i
1652 2861 1978 2934 philosophi.

379 2935 526 3004 Nam
571 2932 647 2988 illi
687 2932 872 2989 traditi
913 2931 1062 2990 sunt'
1077 2941 1137 2989 ut
1175 2931 1418 3004 facerent
1454 2931 1696 2988 volentes
1723 2940 1780 2989 et
1817 2931 1982 3004 spon-

379 3002 529 3084 tanei
573 3018 712 3084 qua;
737 3003 1380 3084 non.-.conven_iu_t_1t,_‘ltic
1425 3018 1556 3084 very
1599 3011 1667 3084 _ut
1709 3002 1984 3084 pateretur

380 3073 552 3130 etiam
585 3071 807 3130 invitus.
834 3073 1213 3145 Illostradidit
1239 3075 1388 3145 Deus
1422 3073 1479 3145 i_n
1504 3071 1678 3145 foedas
1695 3071 1980 3145 cupidita-

379 3151 488 3210 tes,
512 3159 625 3200 non
655 3143 1142 3214 protrudendogaut
1166 3143 1519 3214 impellendo,
1546 3143 1643 3200 sed
1679 3143 1982 3200 deserendo

377 3222 440 3270 et
477 3213 852 3286 subtrahendo
905 3213 1166 3270 auxilium
1214 3213 1405 3286 gratia:
1448 3229 1587 3275 suae,
1639 3215 1794 3286 juxta
1842 3215 1980 3272 illud

374 3285 516 3355 psal.
563 3300 725 3340 Lxxx
773 3302 788 3340 :
828 3286 1026 3341 Dimisi
1063 3300 1146 3340 eos
1183 3285 1471 3340 secundum
1500 3286 1769 3341 desideria
1803 3287 1980 3342 cordis

379 3370 585 3419 eorum,
615 3357 774 3412 ibunt
793 3357 852 3410 in
876 3356 1342 3412 adinventionibus
1368 3359 1519 3423 suis;
1541 3357 1706 3412 Joam
1735 3371 1862 3412 vero
1897 3373 1979 3414 re-

373 3439 526 3502 gem,
573 3441 648 3502 ex_
688 3427 1280 3502 sententia_A_uct_oris,
1325 3427 1555 3484 tradidit
1599 3427 1655 3482 in
1706 3427 2010 3502 passiones'

383 3495 700 3570 ignominia:
773 3511 885 3570 non
907 3565 920 3570 _
957 3495 1334 3570 defendendo
1372 3506 1447 3570 et_
1483 3495 1821 3570 protegendo
1894 3499 1980 3570 ip-

377 3576 503 3617 sum
532 3563 603 3617 ab
643 3565 878 3636 impuris
907 3565 1154 3638 hostium
1195 3563 1558 3638 illusionibus,
1607 3563 1675 3623 υῐ
1705 3563 1982 3638 pateretur

378 3646 443 3687 ea
465 3647 590 3704 quin
619 3635 740 3707 non
755 3635 1088 3707 conveniunt
1114 3653 1139 3707 :_
1157 3636 1252 3707 ubi
1277 3636 1598 3707 conjunctio
1621 3635 1822 3707 utnon
1848 3654 1977 3694 cau-

377 3701 523 3788 sam,
557 3701 668 3788 sed
707 3712 964 3788 eventum
1004 3705 1291 3778 signiﬁcat,
1341 3701 1809 3779 quemadmodum
1845 3708 1975 3766 alibi
2015 3774 2022 3788 ι

380 3776 1019 3928 ῗωδρῖηιίξὲξξῐξὲἑῗάελ
1045 3848 1393 3928 Quicumque,
1425 3847 1632 3928 inquit,
1651 3850 1846 3905 tribuit
1869 3852 1983 3928 sibi

379 3914 574 3968 bonum
590 3917 736 3986 quod
751 3914 910 3984 facit,
943 3920 1154 3974 etiamsi
1176 3914 1314 3974 nihil
1330 3920 1466 3974 mali
1490 3914 1706 3976 {videtur
1727 3923 1977 3977 manibus

379 3987 624 4061 epm'ari,
647 3986 772 4061 jam
799 3989 976 4043 cordis
1009 3991 1367 4044 innocentiam
1394 3991 1666 4061 perdidit,
1705 3993 1766 4046 in
1793 4008 1898 4061 quo
1925 4007 1980 4048 se

378 4056 626 4125 largitori
665 4058 920 4114 donorum
960 4061 1219 4128 praetulit.
1256 4064 1328 4118 Et
1362 4056 1480 4117 ideo
1524 4063 1684 4117 talem
1725 4056 1982 4118 Conditor

376 4141 510 4204 suus
541 4128 908 4204 abominatur,
948 4134 1010 4184 ut
1041 4146 1228 4204 reum,
1247 4147 1405 4201 quem
1432 4133 1548 4204 suis
1579 4147 1689 4188 esse
1719 4133 1978 4204 beneﬁciis

377 4201 769 4285 contemplatur
783 4203 1074 4285 ingratum.
1096 4202 1258 4285 (VIide
1284 4218 1452 4285 supra
1477 4203 1551 4285 ad
1568 4219 1684 4285 cap.
1718 4205 1797 4285 6._)

447 4275 474 4356 ξ
495 4268 976 4356 Quemadmodum
1009 4268 1114 4356 rex:
1138 4274 1269 4329 Joas
1299 4268 1458 4356 siris
1495 4268 1728 4356 traditus
1753 4268 1977 4356 legitur,

377 4349 474 4402 per
501 4351 641 4406 quos
678 4343 806 4394 vitia
857 4350 914 4396 et
939 4351 1154 4412 peccata
1195 4343 1487 4400 manifesta
1531 4353 1587 4400 et
1621 4345 1801 4416 turpia
1823 4343 1980 4416 sym-

376 4403 558 4493 bolice
585 4406 959 4493 designantur,
986 4412 1094 4493 vel_
1114 4413 1336 4493 maligni
1365 4414 1608 4493 spiritus,
1646 4431 1786 4493 quos
1825 4424 1979 4493 vocat

377 4474 551 4556 Syros
589 4474 1000 4556 intellectuales,
1048 4488 1103 4536 et
1139 4474 1445 4556 spiritualés
1492 4474 1787 4556 nequiiias,
1835 4487 1979 4542 sicut

380 4544 680 4614 Apostolus
710 4551 1027 4670 sgn‘ritualia
1068 4544 1404 4632 nequitiwjn
1432 4544 1721 4611 cxlesiibus
1764 4544 1975 4628 (Ephes.

380 4619 493 4670 vr).
526 4615 670 4670 Nam
755 4635 905 4670 urus.
956 4629 1051 4670 aut
1089 4623 1276 4670 Suria-
1314 4632 1698 4670 mternmtatnr
1741 4627 1971 4670 minatis,

380 4628 493 4672 γι).
526 4628 670 4672 nam

380 4619 493 4741 νιέ.
526 4619 672 4699 Nam
715 4619 905 4689 Syrus,
956 4629 1051 4676 aut
1089 4619 1276 4691 Suria,
1314 4621 1698 4696 interpretatur
1741 4619 1970 4695 subtilis,

378 4701 445 4770 _v_e
477 4683 796 4770 decipiens,
827 4691 906 4746 vel
923 4691 1248 4770 _maledictio
1278 4709 1468 4770 eorum
1499 4712 1513 4750 :
1544 4696 1814 4768 ejusmodi
1835 4699 1970 4770 epi—

376 4756 668 4838 thetatam
699 4760 1064 4838 daemonibus,
1093 4779 1259 4837 quam
1294 4765 1434 4838 vitiis
1467 4756 1591 4838 apte
1617 4756 1971 4826 conveniunt.

451 4829 478 4866 ιι
506 4831 695 4911 Multis
722 4835 984 4911 exemplis
1001 4829 1176 4908 jam'a
1202 4835 1396 4911 mundi
1427 4829 1652 4896 excrdio
1669 4839 1974 4911 probatum

372 4909 476 4968 est,
489 4910 724 4980 tantum
764 4907 974 4962 malum
1007 4907 1140 4967 esse
1166 4907 1498 4980 superbiam,
1526 4919 1588 4966 ut
1616 4907 1838 4968 adeam
1873 4927 1971 4968 cu-

370 4969 599 5050 randam
629 4973 947 5047 plerumque
993 4969 1276 5049 permittat
1311 4982 1454 5037 Deus
1487 4969 1774 5038 hominem
1814 4998 1972 5040 ruere

370 5038 872 5126 iugaliapeccata;
897 5038 1197 5126 praesertim
1243 5051 1607 5126 ignominiosa
1635 5061 1704 5126 iet
1741 5038 1976 5111 dedecoQ

371 5123 520 5197 rosa,
551 5118 634 5197 ut‘,
666 5118 848 5186 agnita
872 5129 969 5197 sua
998 5119 1242 5197 miseria,
1267 5118 1605 5197 humilietur.
1632 5125 1973 5197 Depeccatis

368 5181 1024 5274 gavioribusjgeneratim
1052 5187 1106 5244 id
1133 5181 1371 5248 aﬂirmat
1398 5181 1964 5275 D..Augusti'nuslib.

369 5263 483 5320 λης
515 5249 584 5305 de
611 5254 772 5310 Cmt.
807 5257 904 5310 Dei
927 5270 1046 5320 cap.
1079 5263 1143 5316 13
1175 5278 1190 5316 :
1218 5263 1428 5320 Audeo.
1472 5274 1668 5320 mouit.
1693 5266 1866 5320 dicere
1889 5281 1964 5320 su-

369 5271 477 5303 Juv
511 5271 584 5331 με
611 5271 772 5310 um.
807 5271 904 5310 uel
927 5271 1046 5326 cap.
1079 5271 1143 5316 13
1175 5278 1190 5316 :
1218 5271 1428 5326 Audeo,
1472 5271 1668 5335 inquit,
1693 5271 1866 5320 dicere
1889 5281 1971 5321 su-

359 5318 543 5404 perbis
563 5336 672 5376 esse
708 5325 842 5404 utile
877 5327 1063 5404 cadere
1085 5332 1396 5404 inialiquod
1423 5339 1672 5404 apertum
1713 5337 1971 5402 manifes-

375 5393 596 5477 tumque
608 5399 904 5477 peccatum,
927 5399 1084 5477 unde
1094 5403 1201 5477 sibi
1224 5393 1565 5474 displiceant,
1607 5405 1715 5477 qui
1713 5405 1836 5477 jam
1863 5393 1973 5461 sibi

357 5461 622 5546 placenda
638 5465 956 5546 ceciderant.
973 5470 1256 5546 Salubrius
1273 5461 1413 5546 enim
1433 5461 1754 5546 Petrussibi
1772 5475 1967 5546 displi-

365 5536 477 5616 cuit
495 5536 899 5616 quandoﬁevit,
924 5556 1087 5610 quam
1109 5545 1220 5600 sibi
1232 5545 1436 5614 placuit
1461 5545 1680 5616 quando
1705 5536 1970 5616 praesum-

354 5609 494 5692 με,
529 5609 638 5692 lloc
665 5609 801 5692 dicit
837 5615 890 5666 et
914 5609 1064 5692 sacer
1079 5609 1321 5685 psalmus
1353 5636 1370 5672 :
1394 5609 1564 5692 Imple
1586 5609 1756 5692 facias
1785 5633 1965 5676 eorum

360 5686 692 5758 ignominia,
727 5686 786 5758 et
821 5688 1071 5758 quaerent
1103 5701 1290 5742 nomen
1324 5686 1498 5752 tuum,
1529 5691 1750 5746 Domine
1791 5693 1961 5758 (Psal.

360 5747 596 5822 LXXXI).
627 5751 692 5809 1d
710 5757 808 5822 est,
828 5747 898 5813 'ut
921 5758 981 5811 tu
1021 5756 1098 5813 eis
1133 5759 1350 5830 placeas
1379 5747 1744 5830 quaerentibus
1778 5747 1967 5821 nomen

2013 3255 2063 3318 C

2097 2233 2272 2292 tuum,
2288 2231 2387 2298 qui
2401 2229 2513 2283 sibi
2521 2228 2840 2298 placuerant
2854 2225 3141 2296 quaerendo
3159 2239 3338 2298 suum.
3361 2225 3447 2298 De
3465 2231 3699 2298 peccato

2094 2308 2282 2355 autem
2295 2294 2544 2354 luxuria?
2579 2294 2916 2368 peculiariter
2951 2311 3014 2352 ac
3041 2295 3324 2368 speciatim
3359 2294 3699 2368 idemidocet

2093 2372 2382 2440 Cassianus
2401 2370 2504 2425 hoc
2535 2365 2760 2440 locoLet
2787 2371 2858 2422 D.
2877 2365 3178 2440 Gregorius
3205 2365 3296 2422 lib.
3324 2381 3476 2440 nxvi
3505 2367 3692 2422 Mora-

2095 2439 2232 2496 lium
2266 2455 2385 2510 cap.
2419 2445 2508 2507 I2,
2529 2437 2620 2494 ubi
2651 2438 2728 2493 ait
2758 2458 2772 2491 :
2798 2439 2986 2510 Multis
3001 2437 3422 2510 'sxpesuperbia
3449 2437 3700 2510 luxuria

2095 2507 2450 2566 seminarium
2479 2513 2622 2578 fuit;
2641 2512 2770 2578 quia
2781 2509 2912 2563 dum
2927 2524 3011 2564 eos
3023 2507 3248 2578 spiritus
3266 2509 3426 2576 quasi
3431 2510 3489 2560 in
3507 2507 3696 2563 altum

2095 2583 2291 2644 erexit,
2321 2597 2446 2636 caro
2469 2583 2527 2634 in
2549 2583 2750 2649 inﬁmis
2786 2582 2987 2635 mersit.
3017 2583 3118 2635 Hic
3143 2581 3278 2633 enim
3313 2580 3466 2648 prius
3491 2584 3696 2649 secreto

2096 2653 2392 2717 elevantur,
2411 2652 2506 2706 sed
2514 2648 2856 2721 postmodum
2871 2651 3088 2720 publice
3099 2654 3354 2704 corruunt
3374 2668 3389 2715 ;
3407 2650 3537 2718 quia
3559 2648 3697 2721 dum

2095 2723 2316 2778 occultis
2356 2719 2712 2776 intumescunt
2747 2719 2979 2776 motibus
3007 2721 3196 2784 cordis,
3246 2722 3447 2790 apertis
3493 2719 3700 2776 cadunt

2095 2793 2334 2863 lapsibus
2362 2795 2618 2863 corporis.
2643 2795 2748 2856 Sic,
2778 2795 2854 2847 sic
2891 2793 3026 2846 elati
3031 2792 3187 2863 justa
3207 2791 3446 2863 fuerant
3463 2791 3698 2845 retribu-

2093 2861 2232 2918 tione
2249 2861 2516 2931 feriendi;
2541 2868 2602 2918 ut
2619 2865 2749 2934 quia
2776 2861 3129 2934 mmerbiendo
3156 2877 3212 2916 se
3228 2861 3530 2934 hominibus
3552 2877 3698 2934 prae-

2091 2935 2298 3000 ferunt,
2343 2933 2670 2988 luxunfando
2707 2949 2873 3003 usque
2899 2933 2973 2988 ad
2989 2933 3357 3002 jumentorum
3379 2933 3700 2988 similitudi-

2091 3019 2209 3058 nem
2243 3005 2614 3059 devolvuntur.
2655 3007 2822 3060 Homo
2851 3006 3049 3074 quippe
3071 3019 3190 3058 cum
3223 3005 3286 3056 in
3317 3003 3513 3058 honore
3536 3008 3694 3072 esset,

2089 3090 2196 3129 non
2227 3075 2520 3138 intellexit;
2551 3079 2894 3145 comparatus
2915 3079 2993 3128 est
3005 3075 3272 3143 jumentis
3291 3075 3693 3144 insipientibus,

2089 3149 2141 3200 et
2171 3147 2368 3200 similis
2391 3147 2574 3217 [actus
2602 3143 2680 3200 est
2705 3147 2820 3200 illis
2857 3143 3017 3217 (Psal.
3052 3145 3288 3217 unm).
3521 3147 3697 3217 scien-

2090 3219 2180 3270 tia:
2198 3219 2336 3271 enim
2362 3215 2483 3272 illos
2511 3218 2567 3271 in
2587 3218 2758 3271 altum
2777 3215 2957 3286 penna
2978 3215 3376 3282 sublevaverat;
3401 3216 3465 3270 de
3489 3216 3694 3285 quibus

2089 3288 2296 3343 Paulus
2346 3288 2572 3343 dicebat.
2624 3289 2763 3356 Quia
2790 3303 2907 3342 cum
2932 3289 3295 3354 cognouissent
3337 3289 3524 3350 Deum,
3579 3302 3692 3342 non

2087 3360 2228 3413 sicut
2249 3363 2417 3415 Deum
2461 3360 2910 3428 gloriﬁcaverunt,
2943 3362 3042 3412 aut
3065 3359 3273 3426 gratias
3310 3361 3553 3426 egerunt,
3591 3359 3688 3414 sed

2087 3433 2416 3484 evanuerunt
2449 3432 2506 3484 in
2528 3429 2939 3497 cogitationibus
2961 3429 3076 3482 suis
3105 3431 3277 3494 (Rom.
3308 3433 3372 3495 ι).
3415 3429 3690 3496 Quomodo

2089 3504 2269 3554 autem
2297 3501 2356 3554 in
2369 3499 2739 3568 jumentorum
2765 3504 2864 3554 aut
2890 3499 3182 3568 plusquam
3207 3499 3565 3569 jumentorum
3598 3514 3694 3554 vo-

2089 3570 2347 3640 luptatem
2373 3571 2704 3633 deciderunt,
2719 3571 2902 3625 subdit
2929 3571 3142 3624 dicens:
3178 3569 3426 3624 Tradidit
3453 3573 3693 3626 eosDeus

2087 3641 2145 3694 in
2173 3640 2442 3695 desideria
2473 3641 2647 3695 cordis
2685 3643 2790 3704 sui,
2835 3643 2895 3695 in
2930 3640 3352 3695 immunditiam.
3401 3642 3530 3696 Ecce
3563 3657 3694 3697 caro

2087 3713 2274 3782 mersit
2287 3713 2674 3794 quosOsuperba
2689 3714 2913 3794 scientia
2931 3711 3426 3794 sublepavitgatque
3445 3711 3590 3794 inde
3588 3713 3692 3768 sub

2085 3795 2142 3836 se
2169 3781 2438 3851 prostrati
2463 3781 2610 3862 sunt,
2642 3783 2783 3838 unde
2798 3797 2960 3852 super
2980 3797 3036 3837 se
3062 3785 3142 3864 ire
3163 3781 3500 3862 videbuntur.
3534 3783 3689 3862 Hac-

2087 3859 2248 3933 tenus
2285 3851 2598 3933 Gregorius.
2642 3852 2912 3933 Eundem
2951 3851 3252 3933 doctrinam
3290 3851 3688 3933 9313339)“!!-

2085 3929 2224 3978 strat
2273 3931 2331 3978 et
2365 3921 2659 3978 cdnﬁrmat
2705 3927 2778 3979 D.
2809 3923 3051 3980 Thomas
3103 3921 3185 3978 his
3230 3921 3574 3990 verbis’(2-2,
3621 3939 3685 3992 q.

2088 3997 2213 4056 162,
2242 4010 2298 4048 a.
2330 3999 2386 4062 6,
2419 3995 2494 4049 ad
2521 3999 2573 4058 3)
2607 4013 2620 4046 :
2653 3996 2802 4052 Sicut
2824 3997 2884 4049 in
2905 3994 3228 4064 syllogismis
3261 3992 3572 4048 ducenti-bus
3598 3995 3680 4050 ad

2083 4065 2430 4136 impossibile,
2476 4067 2800 4136 quandoque
2843 4066 3045 4134 aliquis
3083 4065 3408 4120 convincitur
3443 4079 3545 4134 per
3591 4064 3695 4121 hoc

2089 4135 2234 4204 quod
2255 4136 2460 4190 dicitur
2485 4135 2560 4190 ad
2579 4135 2946 4191 inconreniens
2977 4137 3153 4204 magis
3194 4136 3579 4202 manifestum;
3608 4137 3690 4191 ita

2090 4208 2252 4260 etiam
2279 4207 2355 4260 ad
2375 4207 2781 4262 convincendum
2798 4206 3109 4276 superbiam
3129 4207 3402 4260 hominum
3420 4207 3560 4262 Deus
3588 4207 3688 4261 ali-

2089 4291 2222 4345 quos
2249 4279 2431 4346 punit,
2451 4280 2771 4346 permittens
2804 4293 2886 4333 eos
2910 4292 3065 4332 ruere
3089 4279 3147 4331 in
3171 4281 3390 4346 peccata
3418 4277 3684 4340 carnalia,

2088 4362 2210 4415 quae
2235 4349 2338 4402 etsi
2350 4349 2458 4400 sint
2479 4350 2711 4411 minora,
2737 4353 2913 4406 tamen
2939 4349 3365 4414 manifestioran
3397 4348 3687 4418 turpitudi-

2085 4431 2204 4471 nem
2226 4421 2509 4472 continent.
2545 4419 2692 4473 Unde
2711 4421 2946 4474 Isidorus
2965 4418 3098 4473 dicit
3110 4419 3206 4472 lib.
3221 4418 3287 4473 de
3303 4419 3522 4475 Summo
3540 4421 3685 4475 Bono

2089 4487 2226 4552 (Lib.
2251 4501 2300 4542 ιι
2335 4503 2382 4541 c.
2407 4491 2522 4556 2t),
2549 4489 2709 4544 Omni
2723 4492 2852 4546 vitio
2869 4491 3186 4545 deteriorem
3215 4504 3326 4544 esse
3353 4489 3685 4560 superbiam,

2084 4573 2177 4613 seu
2207 4563 2495 4628 propterea
2519 4561 2664 4629 quod
2682 4576 2716 4614 a
2745 4563 2969 4615 summis
2988 4562 3234 4630 personis
3257 4564 3308 4614 et
3314 4563 3511 4630 primis
3533 4575 3686 4616 assu~

754 4635 906 4708 grus,
937 4629 1067 4708 qaut
1089 4623 1276 4708 Syria,
1314 4621 1698 4708 interpretatur
1741 4621 1975 4708 subtilis,
2005 4645 2058 4708 D
2084 4621 2272 4708 mitur,
2303 4621 2396 4685 seu
2423 4621 2564 4708 quod
2579 4632 2643 4708 de
2661 4621 3066 4708 opere_justi_tiw
3103 4621 3396 4708 etvirtu'tis
3413 4633 3682 4708 exoritur,

2085 4701 2368 4770 minusque
2386 4703 2543 4772 culpa
2558 4703 2671 4772 ejus
2689 4701 2936 4758 sentitur.
2959 4703 3204 4758 Luxuria
3223 4717 3346 4756 vero
3361 4704 3542 4757 carnis
3563 4703 3684 4757 ideo

2083 4772 2335 4827 notabilis
2349 4787 2470 4844 omn
2477 4773 2592 4828 ibus
2617 4778 2714 4837 est,
2729 4777 2982 4843 quoniam
2995 4774 3179 4829 statim
3195 4787 3297 4842 per
3312 4788 3368 4828 se
3386 4775 3567 4844 turpis
3581 4779 3681 4844 est,

2083 4846 2134 4897 et
2177 4847 2374 4904 tamen,
2416 4843 2756 4914 dispensante
2781 4849 2908 4912 Deo,
2947 4844 3202 4914 superbia
3236 4845 3412 4898 minor
3448 4843 3546 4899 est.
3575 4843 3686 4900 Sed

2082 4915 2180 4982 qui
2193 4914 2464 4970 detinetur
2471 4913 2717 4985 superbia
2727 4957 2740 4977 ,
2752 4920 2802 4970 et
2812 4932 2916 4970 non
2924 4913 3105 4982 sentit,
3124 4913 3332 4969 labitur
3340 4916 3401 4968 in
3413 4916 3590 4970 carnis
3601 4915 3685 4968 lu-

2083 4987 2326 5054 xuriam,
2346 4990 2409 5040 ut
2420 5001 2521 5056 per
2539 4987 2675 5041 hanc
2692 4987 3007 5041 humiliatus
3021 5003 3055 5040 a
3071 4986 3380 5056 confusione
3397 4987 3678 5053 exsurgat.

2081 5057 2172 5128 Ea:
2196 5072 2297 5126 quo
2321 5055 2482 5112 etiam
2501 5062 2660 5128 patet
2683 5059 2920 5126 gravitas
2942 5055 3226 5128 superbia.
3248 5057 3399 5128 Sicut
3416 5058 3555 5110 enim
3571 5069 3685 5128 me-

2083 5126 2234 5182 dicus
2261 5130 2473 5198 sapiens
2500 5126 2560 5183 in
2587 5129 2878 5184 remedium
2906 5126 3130 5198 majoris
3169 5127 3344 5181 morbi
3361 5128 3580 5198 patitur
3602 5127 3686 5180 in-

2079 5199 2296 5266 ﬁrmum
2320 5197 2381 5253 in
2419 5199 2665 5254 leviorem
2700 5201 2941 5255 morbum
2972 5197 3229 5268 incidere;
3267 5200 3346 5252 ita
3367 5197 3542 5253 etiam
3568 5213 3687 5268 pec-

2081 5273 2262 5324 catum
2299 5271 2565 5340 superbia:
2593 5273 2814 5339 gravius
2843 5285 2952 5326 esse
2987 5267 3290 5325 ostenditur
3321 5285 3390 5324 ex
3427 5269 3524 5324 hoc
3565 5267 3688 5338 ipse

2080 5340 2226 5408 quod
2245 5355 2348 5411 pro
2367 5341 2482 5410 ejus
2520 5343 2754 5398 remedio
2790 5345 2931 5399 Deus
2948 5340 3226 5412 permittit
3267 5355 3422 5396 ruere
3443 5340 3698 5396 homines

2080 5411 2146 5464 in
2167 5410 2282 5464 alia
2305 5417 2544 5464 peccatu.

2079 5411 2146 5464 in
2167 5411 2282 5464 alia
2301 5417 2544 5480 peccatu.

2150 5487 2172 5515 ε
2195 5477 2638 5540 Fundamentum
2667 5482 2814 5540 enim
2837 5483 3085 5541 omnium
3109 5483 3374 5542 virtutum
3389 5487 3470 5537 est
3493 5477 3695 5536 humi-

2078 5549 2224 5632 litas,
2269 5558 2332 5632 ut
2369 5552 2510 5632 inira
2551 5553 3216 5632 dicetur_plen_ius_(Cap.
3261 5559 3373 5632 at).
3410 5549 3576 5610 Unde
3611 5555 3692 5632 ρ.

2079 5623 2378 5694 Gregorius
2427 5643 2439 5679 :
2473 5627 2582 5694 Qui
2621 5629 2736 5682 sine
2771 5623 3081 5684 humilitate
3111 5623 3339 5684 virtutes
3376 5627 3692 5693 congregat,

2113 5697 2242 5772 nasi
2252 5696 2350 5772 qui
2363 5697 2716 5772 pulcer-emptu
2727 5703 3132 5772 uentumportat
3151 5703 3330 5770 (Hom.
3347 5703 3378 5754 7
3395 5697 3453 5752 in
3470 5697 3690 5766 Evang.

2099 5767 2171 5823 ib.
2200 5766 2270 5824 de
2287 5766 2459 5828 Grad.
2485 5769 2716 5840 nume.)
