4012 6192
346 247 428 302 461
900 247 990 302 DE
1026 245 1507 303 C(ENOBIORUM
1543 245 1792 302 INSTIT.
1832 247 1959 304 LIB.
2001 249 2113 304 XII.
2153 277 2225 290 —
2261 249 2351 304 DE
2387 249 2656 308 SPlRITU
2695 252 3073 312 SUPERBl/E.

3533 265 3640 320 462

343 386 492 443 quam
521 370 880 444 perfectionis
902 371 1075 428 ﬁnem
1121 387 1187 428 ac
1215 371 1472 446 puritatis
1495 373 1760 446 attingere
1781 414 1798 442 ,
1825 373 1932 430 nisi
1958 379 2012 441 Α
2039 374 2395 432 solummodo
2419 377 2637 448 pulsare
2662 378 2822 448 solet,
2849 381 2943 452 qui
2961 423 2977 450 ,
3005 381 3233 438 devictis
3259 385 3634 456 superioribus

343 479 428 536 per
467 464 834 522 humilitatem
863 476 1118 537 IIveram,
1149 481 1315 539 quam
1357 466 1614 539 primitus
1655 465 1927 525 fratribus

213 634 226 642 .
341 556 572 626 reddens,
593 561 708 614 Deo
734 575 954 632 quoque
971 559 1027 614 in
1047 559 1414 630 penetralibus
1427 560 1610 618 cordis
1636 561 1925 629 exhibeat,

338 649 546 707 credens
559 649 676 707 sine
689 652 1027 722 protectione
1037 651 1153 724 ejus
1169 660 1334 726 atque
1347 654 1574 722 auxilio,
1593 669 1694 726 per
1707 654 1924 728 singula

335 742 424 800 sibi
450 751 735 800 momenta
755 742 960 814 delato,
981 745 1371 817 perfectionem
1395 763 1563 819 quam
1593 748 1743 820 cupit
1771 756 1828 806 et
1849 749 1918 806 ad

333 851 489 910 quam
509 852 839 910 magnopere
850 839 1022 896 currit
1035 855 1094 896 se
1115 841 1332 912 penitus
1345 841 1592 898 obtinere
1608 857 1722 898 non
1736 858 1916 915 posse.

874 934 1114 992 CAPUT
1168 937 1384 994 XXIV.

399 1025 535 1092 Quos
579 1027 848 1096 spiritalis
867 1029 1123 1098 superbia
1145 1031 1342 1099 pulset,
1369 1043 1560 1098 quosve
1585 1031 1845 1084 carnalis.

397 1119 693 1190 Hucusque
717 1117 786 1175 de
801 1119 828 1155 ¹³
842 1119 1066 1191 spiritali
1094 1121 1368 1192 superbia,
1393 1127 1503 1194 qua
1519 1121 1762 1178 diximus
1795 1137 1917 1195 per-

327 1210 498 1270 fectos
532 1227 778 1286 quosque
817 1214 1055 1286 pulsari,
1107 1223 1372 1286 quantum
1427 1217 1665 1273 tenuitas
1711 1216 1917 1289 ingenii

325 1305 499 1362 nostri
543 1303 868 1377 praevaluit,
923 1305 1164 1363 donante
1207 1309 1352 1378 Deo,
1403 1307 1606 1365 dixisse
1659 1307 1914 1370 sufficiat.

323 1397 476 1466 Quod
501 1397 774 1470 superbiae
797 1415 971 1469 genus
996 1415 1114 1456 non
1151 1401 1343 1458 multis
1367 1403 1653 1474 cognitum
1696 1419 1798 1460 nec
1822 1418 1920 1460 ex-

325 1499 533 1566 pertum
553 1500 658 1562 est,
681 1492 808 1566 quia
833 1508 933 1548 nec
957 1494 1141 1566 plures
1166 1493 1386 1552 student
1409 1493 1708 1568 perfectam
1729 1495 1916 1554 cordis

321 1585 716 1660 apprehendere
745 1587 1077 1660 puritatem,
1121 1597 1182 1646 ut
1205 1589 1274 1647 ad
1308 1589 1408 1647 hos
1447 1591 1764 1664 praeliorum
1788 1607 1918 1664 gra-

323 1680 420 1739 dus
452 1679 664 1738 valeant
686 1679 1005 1753 pervenire;
1035 1697 1136 1739 nec
1161 1682 1588 1755 praecedentium
1620 1683 1913 1753 vitiorum,

322 1791 550 1848 quorum
574 1775 633 1830 in
661 1774 883 1850 singulis
913 1775 1110 1834 libellis
1127 1785 1382 1834 naturam
1407 1777 1608 1850 pariter
1635 1777 1914 1834 remedia-
1946 1771 1996 1834 B

319 1884 422 1942 que
445 1867 834 1943 praemisimus,
861 1877 1192 1943 procuratur
1217 1869 1326 1928 ulla
1355 1871 1631 1944 purgatio.
1663 1871 1769 1929 Sed
1789 1871 1912 1928 illos

2037 466 2214 539 vitiis,
2245 467 2364 541 jam
2393 471 2794 542 propemodum
2839 483 2968 530 sunt
3009 474 3065 530 in
3091 475 3358 533 virtutum
3383 478 3623 536 culmine

2036 559 2309 620 collocati.
2339 563 2490 631 Quos
2521 565 2650 637 quia
2690 565 2845 636 lapsu
2867 568 3070 624 cameli
3098 569 3482 628 subtilissimus
3512 571 3618 630 ho-

2031 653 2131 711 stis
2156 671 2414 726 superare
2445 673 2557 713 non
2606 659 2816 730 quivit,
2849 661 3072 733 spiritali
3101 663 3257 720 ruina
3286 664 3517 738 dejicere
3565 682 3630 724 ac

2032 747 2381 820 supplantare
2405 759 2654 819 conatur,
2679 751 3065 824 perhancillos
3092 756 3358 814 universis
3383 767 3626 816 veterum

2032 840 2428 912 stipendiorum
2444 845 2652 902 meritis
2680 847 2856 904 multo
2881 847 3066 905 labore
3102 851 3349 920 quiesitis
3385 853 3616 923 spoliare

2032 934 2384 992 contendens.
2418 937 2687 993 Caeterum
2710 954 2812 994 nos
2835 941 2930 1011 qui
2955 941 3136 997 adhuc
3177 944 3404 1000 terrenis
3436 959 3627 1002 sumus

2029 1027 2370 1098 passionihus
2399 1029 2653 1100 involuti,
2678 1047 3022 1105 nequaquam
3060 1035 3166 1092 hoc
3207 1037 3378 1094 modo
3421 1046 3628 1096 tentare

2028 1120 2302 1194 dignatur,
2345 1123 2769 1192 sedcrassiore,
2797 1132 2880 1192 et,
2925 1134 2986 1182 ut
3026 1126 3098 1182 ita
3137 1127 3371 1184 dixerim
3423 1113 3630 1187 carnali

2027 1213 2261 1270 elatione
2296 1215 2624 1288 supplantat.
2663 1218 2734 1272 Et
2760 1215 2958 1274 idcirco
2981 1217 3049 1274 de
3077 1219 3210 1288 hac,
3240 1235 3345 1290 qua
3383 1223 3626 1280 maxime

2026 1325 2160 1378 nos,
2206 1327 2303 1368 seu
2341 1320 2544 1368 nostra;
2584 1327 2857 1369 mensurae
2913 1313 3199 1379 homines,
3246 1331 3311 1370 ac
3351 1317 3629 1389 praecipue

2019 1403 2304 1476 juniorum
2331 1407 2419 1462 vel
2443 1407 2821 1478 incipientium
2856 1417 3065 1465 mentes
3095 1409 3384 1480 periclitari
3420 1410 3635 1480 solent,.

2023 1498 2390 1554 necessarium
2417 1515 2544 1555 reor
2577 1499 2883 1556 secundum
2909 1502 3334 1573 promissionem
3377 1510 3622 1559 nostram

2024 1607 2198 1664 pauca
2221 1591 2556 1664 depromere.

2598 1685 2838 1742 CAPUT
2873 1687 3032 1742 XXV.

2379 1779 2675 1847 Descriptio
2698 1779 2935 1832 carnalis
2963 1779 3243 1848 superbiae.

2090 1873 2215 1928 Haec
2255 1869 2436 1942 igitur,
2481 1885 2644 1942 quam
2686 1868 2953 1938 diximus,
2982 1879 3003 1906 α
3051 1871 3285 1928 carnalis
3331 1870 3616 1944 superbia,

1405 2005 1660 2060 ALARDI
1697 2005 1926 2061 GAZA‘II
1964 2003 2526 2062 COMMENTARIUS.

389 2127 414 2156 ι
451 2123 569 2176 Non
595 2118 799 2186 ﬁctam,
831 2127 927 2175 aut
963 2117 1302 2186 simulatam,
1334 2118 1391 2175 id
1417 2129 1500 2177 est
1537 2121 1766 2187 nullam,
1805 2121 1902 2178 sed

317 2205 501 2246 veram
509 2232 522 2243 .
537 2191 825 2246 Humilitas
844 2193 986 2245 enim
993 2193 1166 2245 virtus
1177 2194 1255 2245 est
1273 2206 1380 2259 qua
1391 2194 1514 2261 quis
1524 2195 1806 2247 verissima
1815 2196 1903 2248 sui

321 2263 612 2332 cognitione
636 2261 740 2316 sibi
758 2263 868 2332 ipsi
885 2261 1095 2316 vilescit
1121 2261 1199 2332 ait
1224 2261 1292 2314 D.
1327 2262 1650 2318 Bernardus.
1685 2263 1819 2317 Hinc
1846 2271 1900 2318 et

318 2331 850 2404 D._Hieronymusin
869 2331 1108 2404 Epistula
1119 2331 1188 2404 ad
1202 2332 1521 2389 Caelantiam
1543 2337 1738 2403 (Epist.
1768 2336 1860 2397 14)
1883 2353 1894 2388 :

316 2402 494 2466 Nihil,
517 2401 689 2474 inquit
710 2443 726 2466 ,
767 2403 964 2472 habeas
1005 2403 1320 2459 humilitate
1348 2401 1722 2474 praestantius,
1757 2406 1902 2460 nihil

316 2474 622 2528 amabilius.
657 2476 782 2530 Haec
827 2479 905 2528 est
939 2477 1080 2528 enim
1117 2477 1395 2545 pracipua
1422 2477 1804 2538 conservatrix,
1850 2481 1902 2531 et

316 2547 474 2615 quasi
490 2549 668 2600 custos
687 2545 937 2614 quadam
973 2546 1240 2616 virtutum
1268 2549 1521 2602 omnium.
1553 2547 1806 2616 Nihilque
1823 2551 1901 2602 est

315 2616 454 2685 quod
473 2631 568 2671 nos
588 2618 670 2670 ita
693 2621 744 2670 et
763 2615 1063 2670 hominibus
1089 2620 1269 2684 gratos
1295 2622 1346 2672 et
1369 2622 1474 2674 Deo
1499 2618 1712 2683 faciat,
1737 2633 1901 2686 quam

313 2689 368 2742 si
382 2689 502 2742 vita:
523 2689 717 2741 merito
733 2689 925 2758 magni
943 2686 1249 2744 humilitate
1262 2690 1437 2758 inﬁmi
1448 2690 1619 2742 simus
1640 2707 1656 2754 ;
1678 2692 1901 2758 propter

312 2758 453 2830 quod
475 2760 757 2830 Scriptura
785 2757 919 2812 dicit
949 2775 966 2812 :
997 2759 1208 2826 Quanto
1235 2757 1464 2830 magnus
1493 2773 1566 2822 es,
1599 2757 1827 2813 humilia
1853 2763 1904 2814 te

310 2829 674 2912 in‘omnibus,‘
711 2832 761 2882 et
790 2843 972 2912 coram
1001 2833 1122 2885 Deo.
1141 2831 1637 2912 invenies‘gratiam
1667 2831 1894 2895 (Eccles.

305 2903 420 2964 ιιι).
434 2903 505 2956 Et
517 2901 772 2954 Dominus
788 2899 1028 2968 loquitur
1047 2915 1149 2968 per
1169 2899 1490 2972 prophetam
1514 2920 1526 2956 :
1549 2903 1724 2971 Super
1743 2917 1901 2972 quem

305 2969 477 3024 alium
493 2971 841 3042 requiescam,
869 2971 976 3024 nisi
992 2984 1156 3042 super
1179 2973 1454 3034 humilem,
1479 2977 1531 3027 et
1549 2975 1814 3042 quietum,
1847 2977 1900 3027 et

305 3043 617 3095 trementem
642 3040 806 3094 verba
837 3055 956 3093 mea
984 3039 1128 3110 (Esa.
1158 3048 1350 3109 LXVI)?
1385 3039 1764 3100 Verumtamen
1793 3045 1900 3098 hu—

299 3112 594 3192 militatem
608 3124 846 3192 sequere,
860 3124 966 3192 non
981 3126 1101 3192 qua
1116 3115 1417 3192 ostenditur
1435 3117 1604 3192 atque
1607 3115 1900 3168 simulatur

297 3186 465 3251 gestu
737 3184 834 3232 aut
857 3181 1039 3261 fracta
1060 3196 1178 3263 voce
1190 3182 1490 3244 verborum,
1508 3181 1604 3237 sed
1623 3198 1745 3251 qua:
1760 3199 1900 3252 puro

294 3250 510 3322 affectu
525 3248 697 3322 cordis
713 3251 1231 3322 exprimiturnhud
1239 3255 1467 3308 estenim
1477 3253 1730 3307 virtutem
1747 3253 1900 3307 habe-

295 3319 387 3390 re,
413 3319 574 3375 aliud
598 3322 821 3374 virtutis
849 3320 1279 3384 similitudinem,
1299 3323 1457 3377 aliud
1481 3327 1558 3377 est
1577 3338 1755 3378 rerum
1787 3338 1903 3376 um-

2007 2123 2240 2185 devenit,
2263 2137 2382 2177 cum
2404 2120 2668 2190 gaudium
2692 2119 2839 2190 quod
2851 2135 3062 2189 semper
3079 2121 3307 2189 appetit,
3329 2120 3613 2188 frequenti

2005 2195 2152 2248 videt
2179 2193 2493 2262 interpolari
2527 2194 2774 2258 tristitia,
2795 2207 2960 2261 quam
2983 2191 3049 2245 de
3071 2191 3218 2244 bonis
3237 2191 3459 2262 alterius
3478 2207 3610 2245 con-

2007 2264 2204 2328 trahit;
2244 2261 2528 2333 impatiens
2558 2278 2668 2317 sule
2703 2263 3128 2333 humiliation-is,
3149 2263 3316 2333 fugit,
3338 2261 3412 2315 ad
3440 2263 3608 2316 consi-

2009 2335 2141 2388 lium
2159 2331 2726 2402 falswconsolationis.
2758 2333 2919 2390 Illum
2957 2335 3054 2402 qui
3080 2331 3344 2401 ejusmodi
3377 2336 3476 2398 est,
3505 2336 3606 2386 aut

2005 2421 2320 2475 numquam,
2359 2408 2456 2460 aut
2477 2421 2599 2460 raro
2625 2408 2914 2473 gementem
2943 2404 3152 2464 audies,
3179 2407 3276 2456 aut
3302 2404 3606 2475 lacryman-

2009 2481 2112 2531 tem
2139 2472 2347 2531 videbis
2375 2495 2392 2530 :
2420 2479 2478 2530 in
2493 2472 2664 2544 signis
2684 2475 3012 2536 scurrilitas,
3037 2476 3095 2527 in
3122 2475 3304 2540 fronte
3329 2472 3601 2536 hilaritas,

2007 2548 2224 2601 vanitas
2242 2551 2469 2616 apparet
2489 2547 2550 2598 in
2569 2547 2794 2599 incessu.
2812 2548 3016 2616 Pronus
3031 2545 3105 2598 ad
3107 2544 3314 2616 jocum,
3335 2545 3518 2610 facilis
3540 2559 3604 2599 ac

2005 2613 2294 2686 promptus
2313 2613 2377 2670 in
2410 2619 2601 2686 risum.
2645 2617 2717 2669 Et
2744 2613 2904 2683 paulo
2936 2622 3059 2684 post
3093 2615 3218 2686 :7Ut
3247 2616 3602 2686 enimvesica

2011 2685 2222 2742 collecto
2250 2685 2478 2755 turgida
2500 2687 2676 2746 vento,
2693 2689 2994 2755 punctoque
3007 2685 3298 2752 perforata
3319 2685 3534 2750 exiguo,
3553 2687 3606 2737 si

2008 2759 2318 2830 stringitur,
2347 2757 2604 2830 crepitat,
2627 2755 2760 2809 dum
2796 2756 3131 2830 detumeseit,
3157 2757 3429 2830 ac_ventus
3456 2768 3606 2830 egre-

2008 2823 2506 2898 diens'non'passim
2525 2826 2748 2896 eﬂ’usus,
2769 2826 2862 2880 sed
2881 2827 3108 2898 strictim
3129 2825 3369 2898 emissus,
3394 2823 3608 2898 crebros

2006 2899 2267 2970 quosdam
2287 2895 2496 2954 sonitus
2513 2895 2730 2966 reddit;
2759 2898 2841 2970 sic
2853 2897 3141 2970 monachus
3159 2895 3256 2970 ubi
3273 2897 3424 2970 vanis
3442 2908 3602 2970 scur-

2007 2967 2306 3040 rilibusque
2325 2985 2414 3025 cor
2441 2984 2601 3023 suum
2620 2967 3036 3037 cogitationibus
3049 2967 3370 3040 impleverit,
3383 2968 3602 3040 propter

2008 3037 2352 3112 disciplinam
2362 3041 2568 3096 silentii
2585 3055 2690 3094 non
2709 3040 2981 3112 inveniens
3008 3042 3196 3112 ventus
3217 3037 3600 3112 vanitatisqua

2001 3107 2212 3181 plenius
2221 3113 2548 3181 egrediatur,
2565 3113 2704 3165 inter
2713 3111 2993 3179 angustias
3011 3110 3255 3181 faucium
3270 3123 3369 3181 per
3383 3107 3599 3162 cachin-

2008 3179 2103 3236 nos
2117 3179 2404 3237 excutitur.
2426 3182 2668 3248 Quartus
2679 3189 2760 3236 est
2773 3182 3063 3250 jactantia.
3096 3180 3201 3247 Qui
3223 3179 3296 3233 ad
3314 3179 3452 3250 hunc
3463 3193 3595 3246 gra-

2009 3251 2138 3322 dum
2156 3256 2420 3322 pervenit,
2467 3253 2656 3321 plenus
2694 3249 2787 3306 est
2799 3251 3151 3318 sermonibus,
3174 3250 3253 3304 ait
3281 3249 3430 3304 idem
3459 3252 3598 3303 Ber-

2007 3321 2234 3389 nardus,
2275 3328 2327 3376 et
2353 3326 2586 3376 coarctat
2615 3337 2734 3375 eum
2756 3323 2983 3390 spiritus
3009 3323 3153 3375 uteri
3177 3323 3280 3374 sui.
3319 3322 3511 3375 Esurit
3545 3323 3598 3374 et

302 3396 464 3450 bram
479 3393 666 3488 lsequi,
692 3391 850 3488 aliud
865 3393 1158 3488 veritatem.
1178 3393 1661 3488 dilultoﬂefgfmior
1677 3393 1890 3488 .illa‘es‘t
1932 3423 1977 3488 Ο
2007 3395 2127 3447 sitit
2157 3393 2432 3488 auditqres
2681 3407 2806 3488 spa‘s
2831 3391 3048 3488 jactftet
3081 3393 3365 3488 vanitates,
3399 3390 3598 3488 quibus

297 3463 582 3534 superbia,
601 3478 725 3533 quae
749 3463 846 3518 sub
859 3462 1182 3532 quibusdam
1203 3465 1527 3520 humilitatis
1540 3465 1714 3535 signis
1743 3465 1892 3520 latet.

296 3537 490 3594 Nescio
513 3538 657 3590 enim
681 3535 947 3604 quomodo
977 3537 1220 3606 turpiora
1253 3541 1381 3592 sunt
1403 3539 1556 3601 vitia,
1578 3551 1696 3591 cum
1718 3538 1896 3592 virtu-

297 3611 423 3662 tum
437 3608 606 3676 specie
632 3607 892 3662 celantur.

376 3679 404 3712 δ
426 3676 1004 3754 Spiritualissuperbia
1027 3677 1286 3754 Cassiano
1311 3697 1433 3754 quae
1462 3678 1694 3754 dicatur,
1716 3686 1771 3734 et
1797 3679 1890 3754 qui
1925 3727 1936 3738 .

294 3765 334 3806 a
378 3747 578 3823 carnali
599 3747 989 3823 distinguatur
1028 3748 1238 3823 dictum
1275 3747 1361 3823 est
1407 3766 1570 3823 supra
1611 3751 1764 3820 (Cap.
1811 3747 1888 3821 2),

297 3827 365 3876 et
391 3818 525 3893 satis
542 3817 710 3893 etiam
732 3817 1472 3893 ex'hoccapiteintelligiur.

375 3899 398 3926 ε
433 3891 718 3946 Carnalem
767 3889 1083 3958 superbiam
1114 3889 1402 3952 describit,
1442 3889 1663 3958 ejusque
1690 3889 1891 3958 gradus

286 3959 515 4033 aliquot
535 3967 801 4033 recenset.
826 3957 998 4033 _Cujus
1027 3959 1310 4033 occasione
1348 3972 1527 4028 operae
1549 3957 1784 4027 pretium
1812 3957 1890 4012 vi-

281 4026 488 4102 detur,
513 4039 677 4102 atque
713 4026 965 4102 instituto
1007 4033 1197 4102 nostro
1225 4026 1398 4102 plane
1426 4026 1853 4102 consentaneum
1877 4069 1893 4095 ,

277 4095 607 4179 duodecim
638 4096 848 4179 gradus
887 4095 1152 4179 supegbiaa
1189 4095 1632 4179 a‘DLIBeruai-do
1671 4111 1895 4179 enume-

269 4181 461 4242 ratos
499 4177 556 4225 et
575 4165 805 4242 totidem
835 4165 1156 4224 humilitatis
1191 4168 1486 4242 gradibus,
1513 4183 1651 4242 quos
1680 4169 1746 4224 D.
1789 4169 1896 4224 Be-

273 4241 560 4302 nedictus
588 4241 674 4302 (In
713 4254 757 4294 c.
789 4241 819 4294 3
847 4242 998 4309 Reg.)
1029 4253 1136 4309 non
1172 4239 1287 4296 tam
1325 4239 1696 4296 numerandos
1723 4255 1892 4309 quam

276 4309 678 4383 ascendendos
702 4308 988 4383 proponit,
1020 4308 1216 4383 directe
1243 4311 1524 4383 oppositos
1553 4310 1641 4367 hic
1669 4308 1890 4380 afferre,

277 4399 440 4457 quos
454 4382 600 4457 idem
621 4379 1033 4457 D._'Beijnardus
1059 4379 1416 4457 pulcherrime
1437 4383 1667 4454 explicat
1688 4379 1886 4455 (T-ract.

276 4453 410 4524 Q9).
446 4453 666 4510 Primus
694 4453 885 4524 itaque
903 4453 1180 4524 superbia:
1215 4454 1417 4524 gradus
1457 4453 1540 4511 est
1571 4453 1881 4524 curiasitas,

280 4521 472 4598 quam
495 4521 1015 4598 docethis‘indicii's
1053 4521 1379 4594 deprehendi
1407 4541 1420 4577 :
1453 4527 1517 4583 Si
1527 4526 1768 4598 videris,
1798 4521 1881 4581 in;

2004 3477 2156 3518 omne
2194 3463 2338 3534 quod
2356 3465 2520 3518 sentit
2541 3462 2820 3534 e/fundat,
2846 3463 3039 3532 quibus
3074 3463 3250 3532 qualis
3282 3465 3333 3518 et
3359 3466 3599 3534 quantus

2001 3537 2074 3590 sit
2093 3533 2402 3591 innotescat.
2426 3538 2643 3592 Inventa
2669 3538 2850 3588 autem
2873 3535 3138 3588 occasione
3165 3533 3433 3604 loquendi,
3456 3535 3508 3588 si
3527 3533 3598 3588 de

2002 3607 2196 3663 litteris
2228 3622 2398 3662 sermo
2415 3608 2680 3669 emoritur,
2702 3609 2879 3660 vetera
2891 3607 3246 3676 proferuntur
3266 3608 3318 3660 et
3329 3619 3486 3668 nova,
3504 3619 3598 3658 vo-

2001 3678 2117 3732 lant
2139 3680 2436 3742 sententia,
2480 3678 2638 3733 verba
2668 3682 2920 3731 resonant
2947 3677 3270 3745 ampullosa.
3319 3677 3594 3738 Praevenit

1998 3751 2444 3825 interrogantem,
2475 3765 2582 3825 non
2605 3749 2870 3825 quaerenti
2886 3747 3165 3825 respondet
3170 3765 3193 3825 ξ
3219 3749 3333 3825 ipse
3349 3746 3550 3825 quierit
3572 3785 3589 3805 ,

1997 3821 2114 3885 ipse
2143 3817 2321 3884 solvit,
2355 3825 2406 3876 et
2427 3817 2599 3875 verba
2612 3817 2961 3874 collocutoris
2985 3817 3299 3885 imperfecta
3317 3817 3594 3883 prwscin-

2038 3893 2102 3952 it,
2136 3899 2242 3946 etc.
2272 3891 2408 3946 Side
2427 3891 2899 3958 religioneagitur,
2921 3889 3106 3958 statim
3128 3887 3350 3958 visiones
3369 3886 3420 3958 et
3445 3897 3592 3958 som-

1998 3963 2094 4012 nia
2115 3963 2488 4029 proferuntur,
2532 3953 2640 4015 etc.
2681 3953 2918 4026 Quintus
2967 3955 3170 4028 gradus
3199 3953 3593 4029 singularitas,

2000 4025 2254 4097 qua—quis
2269 4031 2482 4098 aliquid
2505 4032 2622 4096 agit
2643 4025 2934 4096 singulare,
2955 4025 3053 4098 dut
3067 4025 3492 4098 singulariterse
3510 4038 3597 4098 ge:

1999 4094 2096 4164 rit,
2119 4094 2225 4167 quo
2249 4094 2420 4167 supra
2433 4094 2647 4153 caeteros
2670 4094 2978 4152 aestimetur.
3005 4095 3158 4167 Unde
3180 4109 3287 4149 non
3305 4095 3517 4167 sufﬁcit
3539 4094 3592 4146 ei

2001 4163 2148 4238 quod
2172 4163 2470 4224 communis
2497 4168 2816 4222 monasterii
2850 4166 3055 4238 Regula
3082 4169 3180 4220 aut
3203 4163 3473 4238 majorum
3501 4179 3586 4220 co-

2001 4235 2292 4294 hortantur
2307 4240 2570 4310 eccempla.
2585 4239 2689 4296 Nec
2699 4242 2872 4310 tamen
2887 4237 3072 4310 melior
3099 4251 3207 4292 esse
3224 4235 3404 4292 studet
3420 4251 3586 4307 quam

1999 4311 2178 4366 videri
2188 4330 2205 4376 ;
2221 4326 2326 4365 non
2339 4307 2526 4366 melius
2549 4312 2744 4378 vivere,
2759 4308 2852 4364 sed
2865 4307 3040 4363 videri
3055 4309 3228 4364 vivere
3243 4311 3420 4378 gestit,
3443 4324 3582 4379 qua-

2000 4385 2152 4438 tenus
2179 4382 2352 4438 dicere
2384 4383 2556 4454 possit
2586 4399 2604 4435 :
2635 4383 2753 4438 Non
2789 4395 2906 4454 sum
2933 4383 3074 4454 sicut
3107 4382 3286 4454 caeteri
3309 4381 3586 4454 hominum

1994 4455 2142 4520 (Luc.
2175 4451 2526 4522 xvm).—Plus
2557 4454 2666 4510 sibi
2685 4453 2963 4508 blanditur
2988 4452 3054 4508 de
3081 4467 3185 4508 uno
3202 4453 3415 4524 jejunio
3438 4451 3586 4523 quod

1991 4527 2198 4581 caeteris
2227 4526 2621 4596 prandentibus
2641 4526 2802 4593 facit,
2833 4540 2996 4596 quam
3027 4525 3078 4578 si
3113 4540 3232 4579 cum
3265 4526 3470 4579 cateris
3498 4538 3584 4576 se-

279 4595 444 4681 ῥιπὶς,
463 4597 795 4681 monachum
913 4611 1019 4666 quo
1036 4597 1190 4681 prius
1211 4597 1337 4681 bene
1368 4596 1686 4681 conﬁdebas,
1716 4599 1882 4652 oculis
1983 4601 2134 4681 ptem
2153 4595 2266 4681 dies
2285 4597 2577 4681 jejunarit.
2607 4595 2940 4681 Commodior
2957 4596 3067 4681 sibi
3080 4596 3582 4681 videtur-fundara-

283 4667 642 4739 a‘ncipientem
668 4668 886 4735 vagari,
903 4670 1070 4739 caput
1096 4671 1345 4729 erectum,
1369 4683 1529 4722 aures
1549 4667 1738 4722 habere
1765 4682 1884 4722 sus-

1985 4661 2230 4724 tiuncula
2247 4661 2558 4740 peculiaris,
2587 4683 2751 4740 quam
2766 4671 2878 4722 tota
2891 4665 3200 4740 psalmodia
3217 4663 3382 4715 unius
3397 4661 3586 4740 noctis,

271 4727 522 4812 pensas;
552 4754 620 4812 ea-
643 4727 1167 4792 mot'ibus'ert’erioris
1187 4727 1751 4812 ho_minis_interiorem
1783 4739 1883 4812 ho-
1911 4790 1961 4812 η
1991 4746 2047 4792 et
2073 4727 2270 4812 caetera
2300 4755 2452 4812 sane
2467 4727 2856 4812 pulcherrima.
2886 4727 3080 4812 Sextus
3113 4738 3198 4812 est
3239 4727 3586 4812 arroganfffl.

537 4790 877 4892 ίὶνέηξίιίάεὶιάη
890 4790 1194 4892 egressas?
1209 4790 1516 4892 ζεέέάιίςξιιξ
1561 4790 1653 4892 est
1675 4790 1883 4892 ea
1911 4790 1964 4852 θ
1989 4790 2099 4892 die
2107 4790 3341 4892 Ῑιῦίῖείπιὶιξῖξιῖίὲξιὲξ,ςξιδῐξξ,ἓξὲιὲθτ.ιέἔιίὶὶ
3349 4790 3414 4892 Ξῖ
3441 4807 3581 4892 Pii:

278 4883 498 4943 animi,
516 4879 781 4962 quatinon
809 4876 1072 4962 consistit,
1087 4877 1235 4950 quod
1247 4879 1368 4960 quis
1382 4879 1450 4960 sit
1472 4876 1885 4958 facilisadjudi-

277 4951 547 5008 candum
563 4951 630 5007 de
647 4950 881 5022 aliorum
905 4949 1082 5022 factis,
1098 4959 1154 5006 et
1173 4950 1242 5007 ad
1266 4949 1486 5022 quidvis
1503 4946 1885 5022 effutiendum,

1067 4991 1082 5014 ο
1099 4988 1154 5006 νυ
1173 4988 1242 5007 μυ
1266 4988 1422 5014 Ὶυιυν
1438 4988 1486 5005 ID
1503 4988 1885 5014 Vlluvlvuuuul’

274 5031 399 5080 etc.
422 5023 740 5086 Monachus,
767 5021 964 5092 inquit,
977 5023 1094 5091 qui,
1113 5024 1202 5076 sui
1214 5021 1510 5092 negligens,
1533 5021 1668 5073 alios
1684 5021 1886 5074 curiose

273 5095 698 5166 cﬁ-cumspicit;
723 5094 855 5166 dum
867 5092 1131 5166 quosdam
1146 5093 1372 5166 suspicit
1389 5092 1719 5166 superiores,
1730 5105 1884 5166 quos:

271 5165 434 5222 dam
463 5160 688 5235 despicit
709 5160 1008 5235 inferiores,
1031 5167 1083 5235 et
1109 5165 1165 5218 in
1192 5160 1317 5235 aliis
1339 5160 1555 5233 quidem
1577 5160 1730 5235 videt
1747 5161 1891 5235 quod

270 5237 530 5300 invidet,
552 5231 608 5290 in
629 5234 758 5290 aliis
781 5234 925 5304 quod
945 5234 1172 5300 irridet;
1196 5234 1322 5290 inde
1338 5231 1400 5304 fit
1422 5239 1484 5289 ut
1496 5249 1601 5305 pro
1626 5231 1890 5305 mobilita:

267 5312 336 5364 te
364 5309 653 5363 oculorum
677 5302 942 5374 levigatus
960 5307 1194 5368 animus,
1212 5302 1366 5360 modo
1375 5321 1475 5376 per
1493 5302 1798 5375 superbiam
1815 5302 1890 5376 ad

269 5379 422 5433 alta
441 5395 494 5434 se
515 5381 710 5448 erigat,
726 5376 882 5432 modo
894 5391 996 5448 per
1013 5376 1276 5432 invidiam
1295 5378 1353 5432 in
1375 5375 1491 5432 ima
1505 5376 1787 5448 demergat
1795 5393 1812 5440 ;
1828 5375 1888 5430 in

267 5451 478 5504 altero
497 5446 750 5518 nequam,
781 5449 840 5502 in
863 5447 1028 5502 altero
1053 5463 1246 5512 vanus,
1273 5450 1331 5503 in
1357 5452 1584 5518 utroque
1602 5446 1884 5518 superbus.

264 5518 530 5592 Tertius
553 5517 753 5591 gradus
777 5526 860 5575 est
888 5521 1072 5589 inepta
1095 5519 1287 5575 latitia
1301 5561 1313 5573 .
1327 5517 1614 5592 Proprium
1633 5517 1784 5592 enim
1809 5523 1894 5592 est

271 5587 669 5662 superborum
697 5587 1086 5662 lmtaqsem'per
1133 5587 1526 5662 appeterefet
1575 5588 1750 5646 tristia
1795 5587 1890 5662 de-

269 5659 503 5726 vit'are,
532 5663 683 5734 juxta
723 5659 858 5717 illud
888 5679 901 5715 :
926 5659 1028 5734 _Cor
1067 5659 1352 5734 stultorum
1378 5663 1475 5718 ubi
1507 5663 1703 5717 latitia
1723 5660 1887 5734 (Eccl.

272 5734 470 5804 xvn).
489 5731 634 5805 Unde
653 5736 711 5805 et
732 5732 1123 5805 monachusqui
1139 5733 1269 5789 duos
1269 5733 1392 5805 jam
1411 5734 1668 5804 superbiae
1687 5731 1892 5802 gradus

274 5804 594 5870 descendit,
624 5804 757 5862 dum
777 5817 880 5874 per
909 5804 1278 5862 curiositatem
1305 5805 1380 5862 ad
1417 5807 1593 5862 animi
1625 5805 1895 5861 levitatem

1993 4864 2317 4934 stantiorem
2347 4864 2590 4932 aestimat
2607 4864 2856 4938 scientia,
2887 4870 3103 4935 virtute,
3134 4864 3454 4938 prudentia,
3476 4873 3582 4938 etc.

1993 4952 2086 5016 Et,
2115 4957 2179 5002 ut
2205 4946 2279 5001 ait
2297 4943 2624 5016 Bernardu‘s,
2663 4942 2828 4998 credit
2856 4937 3418 5016 quod_audit,glaudat
3442 4937 3585 5016 quod

1995 5010 2135 5088 agit,
2165 5021 2216 5072 et
2245 5017 2379 5088 quid
2401 5013 2668 5088 intendat,
2691 5028 2797 5068 non
2823 5011 3090 5088 attendit;
3121 5012 3319 5088 quique
3347 5010 3411 5088 de
3438 5011 3587 5088 omni

1993 5081 2108 5142 alia
2135 5104 2194 5142 re
2217 5081 2338 5156 plus
2361 5085 2468 5156 sibi
2491 5084 2836 5155 creditquam
2860 5083 3006 5156 aliis,
3031 5081 3167 5156 dese
3181 5081 3289 5156 solo
3309 5082 3436 5152 plus
3455 5081 3582 5135 aliis

1996 5157 2170 5214 credit
2192 5155 2358 5228 quam
2385 5155 2516 5222 sibi;
2543 5161 2596 5210 et
2629 5156 2898 5228 quidquid
2922 5155 2989 5228 de
3022 5170 3077 5210 se
3108 5155 3390 5228 laudatum
3413 5168 3582 5228 agan

1995 5231 2156 5294 verit,
2177 5223 2284 5284 non
2302 5223 2752 5299 ignorantia—aut
2764 5223 3130 5299 benevolentia
3149 5223 3472 5299 laudatoris,
3490 5225 3584 5299 sed

1995 5303 2109 5358 suis
2159 5295 2372 5358 meritis
2419 5303 2742 5368 arroganter
2779 5298 3018 5368 ascribit.
3061 5295 3339 5368 Septimus
3383 5296 3585 5368 gradus

1991 5375 2364 5444 prasamptio,
2396 5367 2565 5444 quam
2587 5367 3076 5444 et_przeliden_tiam
3097 5367 3310 5444 vocant
3357 5367 3538 5444 Earini
3562 5407 3578 5434 ,

1998 5437 2106 5516 qua
2135 5437 2254 5516 quis
2283 5437 2723 5516 suae—industria:
2745 5449 2840 5516 aut
2875 5438 2988 5496 suis
3016 5437 3216 5495 viribus
3254 5439 3330 5516 i_t_a
3353 5437 3490 5504 fidit,
3521 5444 3583 5492 ut

1997 5509 2067 5572 ad
2096 5509 2280 5572 omnia
2299 5530 2360 5572 se
2394 5528 2580 5587 parem
2607 5511 2884 5587 existimet
2912 5518 2969 5587 et
2989 5525 3050 5566 ea
3074 5509 3428 5587 aggrediatur
3455 5521 3582 5587 quae

1999 5589 2139 5642 vires
2166 5587 2282 5659 ejus
2308 5576 2584 5659 superant.
2623 5585 2732 5652 Qui
2755 5585 2916 5650 enim,
2948 5576 3215 5659 inquiti).
3241 5576 3546 5659 Bernard'us
3566 5618 3582 5642 ,

1998 5659 2134 5714 alios
2165 5647 2223 5732 se
2260 5647 2559 5732 praecellere
2588 5647 2753 5732 putat
2772 5699 2808 5732 ,_
2829 5647 3089 5732 quomodo
3119 5666 3225 5705 non
3249 5649 3374 5732 plus
3401 5647 3492 5732 Ade
3511 5661 3584 5732 se

2002 5745 2165 5800 quam
2185 5729 2250 5784 de
2260 5719 2397 5784 aliis
2413 5719 2707 5800 pressu-mat
2726 5731 2755 5782 ?
2772 5719 2856 5784 PF
2857 5729 2992 5800 imus
3009 5727 3067 5778 in
3079 5719 3415 5800 conventibus
3428 5719 3580 5800 reg-

2001 5780 2444 5866 iisgraegiis-3
2455 5780 2993 5872 iii-sanabunt.
3013 5807 3118 5848 ποη
3135 5792 3346 5844 vocatus
3356 5780 3578 5838 md“
