4012 6192
446 276 548 329 463
1789 265 2068 323 JOANNIS
2104 265 2407 325 CASSIANI
3642 270 3749 325 464

446 413 573 454 cum
592 396 774 470 tepido
803 411 866 453 ac
893 394 1035 453 male
1073 402 1293 467 arrepto
1317 389 1735 450 renuntiationis
1772 389 2037 464 principio
2067 393 2121 456 Α
2146 404 2272 446 eum
2284 396 2500 446 tumore
2512 387 2582 445 ad
2608 402 2799 445 veram
2820 386 3020 444 Christi
3037 387 3401 471 humilitatem
3421 388 3753 448 descendere

449 491 504 548 in
530 489 783 548 monachi
814 488 1075 547 resederit
1105 495 1285 545 mente
1308 528 1324 557 ,
1350 486 1418 543 de
1446 484 1675 558 pristino
1699 499 1763 540 ac
1790 484 2040 542 saeculari
2148 498 2275 561 non
2294 483 2640 555 permittens,
2688 482 2938 555 primum
2980 481 3387 540 inobedientem
3425 497 3558 540 eum
3590 483 3746 543 reddi

1536 612 1794 668 ALARDI
1832 612 2063 667 GAZ/EI
2100 609 2658 666 COMMENTARIUS.

453 744 557 783 non
584 730 777 781 missus
806 741 860 779 se
890 725 1235 791 intromittit,
1269 724 1543 777 reordinat
1571 723 1851 783 ordinata,
1879 723 2048 791 reﬁcit

449 803 618 865 facta.
656 796 938 864 Quidquid
956 798 1071 865 ipse
1096 810 1202 849 non
1226 797 1431 861 fecerit,
1454 798 1552 848 aut
1579 794 1931 865 ordinauerit,
1956 808 2047 865 nec

451 863 587 922 recte
608 863 852 933 factum,
873 882 966 920 nec
976 863 1203 935 pulchre
1228 868 1503 920 existimat
1530 864 1861 919 ordinatum.
1888 863 2046 919 Judi-

458 943 543 993 cat
557 938 888 1007 judicantes,
919 936 1602 1006 prwjudiwtjudicaturis.
1628 936 1689 991 Si
1698 951 1817 989 cum
1839 939 2046 1007 tempus

457 1005 752 1069 advenerit,
768 1024 873 1074 non
890 1005 1266 1077 promoventur
1277 1008 1350 1060 ad
1361 1009 1686 1075 prioratum,
1706 1022 1862 1061 suum
1880 1005 2044 1060 abba-

458 1086 563 1135 tem
593 1083 689 1133 aut
709 1079 952 1132 invidum
973 1077 1207 1147 judicat,
1232 1082 1330 1131 aut
1357 1078 1652 1146 deceptum.
1686 1077 1839 1143 Quod
1872 1079 1923 1131 si
1941 1091 2045 1130 me-

458 1153 655 1205 diocris
677 1152 727 1202 ei
757 1151 945 1217 aliqua
985 1150 1210 1218 (functio
1242 1149 1323 1201 vel
1353 1150 1611 1217 ofﬁcium)
1632 1147 1927 1201 obedientia
1960 1148 2051 1200 in-

449 1223 643 1291 juncta
665 1221 854 1291 fuerit,
876 1220 1213 1291 indignatur,
1230 1223 1574 1291 aspernatur,
1591 1218 1864 1291 arbitrans
1878 1233 1932 1271 se
1951 1233 2055 1291 non

461 1288 569 1345 esse
610 1290 903 1344 minoribus
933 1290 1312 1358 occupandum,
1341 1291 1439 1358 qui
1463 1289 1537 1343 ad
1564 1288 1770 1357 majora
1798 1304 1853 1343 se
1892 1290 2053 1342 sentit

464 1363 726 1417 idoneum.
771 1360 1014 1415 Octavus
1047 1368 1130 1415 est
1177 1360 1418 1427 defensio
1462 1364 1815 1428 peccatorum.
1864 1360 2051 1415 Multis

458 1448 581 1485 vero
622 1431 790 1485 modis
813 1434 952 1499 fiunt
981 1433 1341 1485 excusationes
1372 1433 1427 1484 in
1467 1432 1714 1499 peccatis.
1758 1432 1874 1485 Aut
1910 1432 2050 1484 enim

460 1504 593 1557 dicit
611 1504 707 1570 qui
731 1516 784 1556 se
814 1506 1055 1563 excusat,
1077 1504 1196 1558 Non
1222 1504 1361 1569 feci;
1400 1506 1515 1564 aut,
1548 1503 1667 1555 Feci
1683 1502 1926 1569 quidem,
1958 1501 2053 1555 sed

462 1575 588 1628 bene
607 1574 744 1639 feci;
774 1577 871 1625 aut
890 1575 941 1625 si
966 1572 1124 1634 male,
1149 1587 1252 1625 non
1278 1573 1505 1626 multum
1530 1572 1694 1637 male;
1726 1576 1823 1624 aut
1842 1573 1894 1624 si
1914 1572 2053 1624 mul-

464 1649 577 1698 tum
602 1644 757 1705 male,
788 1658 893 1696 non
930 1643 1073 1695 mala
1104 1644 1415 1696 intentione.
1457 1644 1518 1698 Si
1541 1647 1718 1695 autem
1753 1646 1804 1695 et
1831 1642 1896 1695 de
1922 1640 2050 1704 illa,

459 1716 598 1768 sicut
623 1713 823 1775 Adam,
855 1718 905 1767 et
930 1717 1063 1774 Eva,
1094 1715 1444 1775 convincitur,
1479 1714 1657 1767 aliena
1686 1715 1929 1766 suasione
1957 1728 2054 1767 εω-

460 1800 646 1839 cusare
669 1799 723 1837 se
746 1785 959 1837 nititur.
987 1784 1177 1838 Nonus
1205 1790 1286 1838 est
1325 1783 1581 1837 simulata
1620 1784 1908 1849 confessio,
1936 1799 2056 1851 qua:

460 1856 631 1909 multo
661 1855 1013 1924 periculosior
1051 1858 1128 1908 est
1157 1870 1319 1923 quam
1352 1870 1555 1924 procax
1588 1859 1639 1908 et
1673 1854 1939 1907 obstinata
1966 1855 2057 1908 de-

460 1927 654 1993 fensio.
678 1926 939 1982 Nonnulli
960 1926 1103 1979 enim
1126 1940 1243 1978 cum
1256 1926 1321 1979 de
1344 1925 1709 1994 apertioribus
1728 1930 2052 1993 arguuntur,

460 2000 682 2052 scientes
725 1997 868 2065 quod
896 1998 946 2050 si
968 2011 1022 2050 se
1048 1996 1428 2062 defenderent,
1466 1996 1575 2049 sibi
1601 2010 1706 2049 non
1732 1997 2053 2059 crederetur,

460 2068 712 2123 subtilius
732 2046 1007 2119 inveniunt
1034 2046 1775 2133 argumentum'defensionis,
1798 2067 1959 2120 verba
1980 2046 2059 2120 re:
2090 2046 2138 2107 B

461 2137 779 2206 spondentes
812 2137 1003 2189 dolosa:
1049 2137 1409 2202 confessionis.
1452 2139 1549 2191 Est
1571 2139 1797 2206 quippe,
1830 2142 1892 2191 ut
1930 2139 2056 2192 scri-

458 2212 617 2275 ptum
661 2211 764 2268 est,
796 2208 895 2274 qui
924 2207 1169 2274 nequiter
1190 2207 1444 2260 humiliat
1467 2222 1541 2269 se,
1579 2211 1630 2261 et
1650 2209 1913 2262 interiora
1942 2208 2056 2277 ejus

456 2278 621 2346 plena
651 2281 778 2330 sunt
806 2277 925 2329 dolo
955 2277 1137 2341 (Eccli.
1172 2281 1311 2340 nx).
1348 2277 1543 2331 Vultus
1584 2277 1907 2341 demittitur,
1932 2295 2057 2348 pro-

460 2349 722 2402 sternitur
748 2362 956 2416 corpus,
990 2348 1204 2414 aliquas
1223 2348 1329 2401 sibi
1353 2348 1619 2415 lacrymas
1638 2352 1975 2417 extorquent,
2004 2352 2058 2403 si

458 2422 723 2488 possunt;
754 2433 928 2488 vocem
966 2419 1236 2486 suspiriis,
1266 2417 1423 2472 verba
1456 2418 1738 2486 gemitibus
1768 2421 2054 2473 interrum-

457 2486 616 2559 punt.
645 2490 712 2542 Et
740 2486 880 2543 infra
909 2506 925 2541 :
950 2488 1192 2545 Gloriosa
1220 2504 1302 2543 res
1321 2489 1617 2551 humilitas,
1647 2505 1757 2557 qua
1784 2491 1902 2558 ipsa
1922 2506 2051 2559 quo.

461 2576 564 2628 que
591 2560 846 2627 superbia
864 2559 1096 2628 palliare
1114 2573 1169 2611 se
1202 2562 1430 2628 appetit,
1460 2575 1525 2613 ne
1549 2560 1787 2614 vilescat.
1813 2560 1920 2615 Sed
1939 2562 2052 2615 haec

463 2632 567 2683 cito
586 2631 951 2696 tergiversatio
970 2646 1004 2681 a
1028 2629 1257 2698 praelato
1280 2630 1718 2698 deprehenditur,
1743 2632 1792 2684 si
1819 2631 1893 2684 ad
1916 2631 2052 2685 hanc

464 2699 748 2771 superbam
770 2700 1134 2753 humilitatem
1148 2714 1253 2771 non
1276 2700 1460 2754 leviter
1481 2701 1733 2768 ﬂectitur,
1753 2717 1857 2770 quo
1875 2704 2051 2771 magis

465 2770 766 2824 dissimulet
784 2772 1017 2840 culpam,
1040 2770 1368 2837 veldifferat
1380 2786 1613 2840 pcenam.
1642 2771 1807 2841 Cujus
1819 2774 1958 2826 enim
1973 2770 2051 2828 si-

465 2841 672 2895 mulata
699 2842 958 2907 confessio
984 2845 1062 2895 est
1088 2857 1199 2895 una
1220 2842 1304 2894 vel
1324 2842 1426 2896 levi
1452 2844 1790 2909 contumelia,
1821 2844 1903 2898 vel
1929 2845 2048 2897 exi—

462 2928 567 2980 gua
582 2928 740 2980 pcena
750 2914 1129 2980 interrogatus,
1138 2913 1258 2980 jam
1271 2913 1631 2967 humilitatem
1649 2914 1919 2982 singulare,
1927 2914 2051 2982 jam

464 2984 857 3036 simulationem
868 2982 1208 3037 dissimulare
1220 2998 1324 3036 non
1331 2987 1506 3052 potest
1525 3002 1541 3036 :
1556 2987 1881 3045 murmurat,
1903 2986 2050 3050 fren-

466 3053 583 3115 det,
610 3054 883 3119 irascitur,
913 3068 1003 3107 nec
1022 3054 1080 3106 in
1101 3056 1295 3121 quarto
1322 3058 1465 3107 stare
1491 3054 1842 3117 humilitatis,
1868 3055 1962 3109 sed
1990 3058 2048 3109 in

465 3139 663 3178 nonum
681 3124 943 3193 superbia
969 3123 1201 3191 gradum
1220 3125 1483 3179 corruisse
1495 3124 1779 3193 probatur,
1806 3132 1909 3180 etc.
1945 3127 2047 3181 De-

466 3194 643 3250 cimus
671 3202 751 3249 est
776 3194 1019 3265 rebellio,
1045 3208 1148 3264 qua
1177 3193 1549 3265 superioribus
1580 3194 1761 3250 renuit
1801 3194 2048 3265 obedire,

465 3272 561 3319 aut
588 3278 782 3320 eorum
808 3263 1076 3319 mandata
1099 3263 1424 3320 contemnit.
1467 3267 1752 3321 Frontosus
1770 3308 1786 3330 ,
1824 3266 2003 3336 inquit
2033 3263 2049 3336 ,

468 3350 594 3389 more
622 3340 671 3390 et
697 3336 978 3408 impudens
1002 3336 1181 3403 factus
1203 3338 1354 3391 tanto
1372 3336 1625 3404 deterius,
1647 3342 1849 3407 quanto
1873 3338 2055 3408 despe—

2155 718 2401 791 diuscule
2446 726 2720 774 exaratam
2766 733 2831 774 ac
2876 717 3207 791 delineatam
3238 716 3452 791 _lectori
3496 718 3752 791 religioso

2154 790 2420 845 exhibere
2444 829 2460 855 ,
2490 798 2545 844 et
2584 799 2879 860 utramque
2913 788 3195 860 nonnullis
3227 788 3527 860 Scriptum
3557 788 3626 846 et'
3651 792 3749 848 SS.

2158 863 2383 916 Patrum
2429 860 2621 929 elogiis
2669 859 2738 916 ad
2784 858 2929 915 latus
2966 858 3217 929 ascriptis
3265 858 3551 917 illustrare.
3594 863 3753 919 Prius

2157 932 2379 1003 itaque,
2403 929 2553 1003 quod
2576 932 2717 1003 ratio
2747 930 3020 1002 postulat,
3060 930 3268 1003 scalam
3292 929 3613 989 humilitatis
3640 933 3753 990 suis

2153 1000 2439 1059 duodecim
2480 1000 2763 1074 gradibus
2795 1016 2858 1056 ex
2885 1000 3149 1074 sententia
3193 1003 3257 1074 D.
3307 1003 3583 1059 Benedicti
3624 1020 3755 1061 con-

2159 1082 2395 1147 stantem
2443 1072 2829 1147 proponemus.
2884 1073 3086 1147 \[erum
3128 1072 3251 1147 quia
3303 1074 3469 1128 nimis
3518 1074 3752 1147 longum

2157 1142 2304 1218 foret
2329 1152 2384 1218 et
2427 1142 2763 1215 superﬂuum
2791 1142 3014 1218 eosdem
3042 1142 3259 1218 _gradus
3290 1159 3419 1199 cum
3454 1153 3571 1201 toto
3616 1142 3744 1218 cap.

2163 1214 2383 1287 septimi
2427 1212 2708 1287 contextu,
2748 1228 2859 1285 quo
2889 1229 2923 1287 ξι
2948 1214 3009 1268 D.
3042 1212 3332 1287 Benedicto
3368 1212 3752 1286 proponuntur

2162 1283 2604 1357 et'explicantur,
2636 1284 2724 1340 hic
2764 1283 3062 1357 ascribere,
3102 1283 3339 1357 breviter
3367 1283 3421 1341 et
3448 1283 3752 1345 summarie
3832 1325 3840 1331 ε

2162 1371 2257 1412 eos
2285 1355 2670 1427 annotabimus
2694 1396 2709 1422 ,
2753 1364 2876 1411 tum
2916 1355 3095 1427 verbis
3124 1356 3296 1427 ipsius
3334 1358 3407 1427 7D.
3443 1357 3749 1427 Benedicti,

2163 1436 2281 1500 tum
2311 1427 2430 1500 aliis
2462 1429 2527 1500 AS.
2560 1426 2809 1500 Thema}
2819 1425 3301 1500 _Aquinatis,'tum_
3316 1426 3552 1500 denique
3581 1425 3753 1487 versi;

2164 1498 2266 1570 bus
2291 1497 2505 1570 abbatis
2546 1496 2855 1570 Trithemii,
2890 1496 3005 1552 non
3034 1497 3375 1570 Spernendis,
3405 1496 3602 1570 quibus
3628 1515 3755 1559 eos-

2163 1568 2538 1643 demgastricte
2562 1577 2617 1625 et
2662 1568 2869 1643 poetice
2902 1568 3185 1643 expreSsit.
3216 1569 3326 1643 U_bi
3357 1568 3565 1643 tamen,
3608 1572 3757 1643 quod

2163 1640 2230 1695 ad
2280 1640 2340 1713 S1
2372 1638 2923 1713 'ihomam’attinet,
2970 1638 3296 1713 deprehendi
3348 1641 3469 1713 ejus
3514 1638 3753 1712 textum,

2163 1709 2344 1783 quoad
2383 1710 2527 1783 hunc
2573 1711 2757 1783 locum
2779 1751 2795 1778 ,
2848 1708 3137 1783 manifeste
3183 1708 3560 1783 depravatum.
3620 1708 3757 1770 Nam

2166 1780 2282 1852 ipse
2309 1780 2532 1852 quidem
2570 1780 2794 1837 eosdem
2820 1780 3022 1852 gradus
3059 1788 3114 1837 et
3142 1780 3335 1839 eodem
3363 1798 3599 1840 numero
3626 1800 3758 1840 cum

2167 1855 2238 1906 D.
2278 1852 2575 1909 Benedicto
2604 1859 2913 1927 enumerat.
2956 1867 3256 1927 eorumque
3284 1853 3544 1927 rationem
3584 1855 3758 1927 expli-

2164 1931 2285 1991 cat;
2313 1931 2373 1979 at
2386 1939 2511 1995 non
2534 1923 2750 1995 eodem
2781 1921 2993 1995 ordine,
3011 1922 3111 1995 sed
3138 1921 3295 1995 plane
3325 1924 3539 1980 inverso
3580 1921 3759 1982 etre-

2181 1994 2457 2067 trogrado.
2491 1993 2765 2067 Siquidem
2792 1993 3179 2051 duodecimum
3207 1995 3644 2067 nominatquem
3686 1998 3754 2053 D.

2168 2064 2494 2137 Benedictus
2528 2064 2800 2137 primum,
2838 2073 2895 2120 et
2922 2072 3146 2133 contra;
3184 2074 3238 2121 et
3273 2066 3355 2122 sic
3390 2064 3665 2137 deinceps,
3697 2076 3758 2124 ut

2164 2136 2346 2219 videre
2386 2144 2471 2191 est
2497 2143 2611 2217 tam
2640 2135 2695 2191 in
2727 2143 3077 2219 argumento“
3090 2137 3268 2219 prime
3297 2135 3619 2219 quaestionis
3639 2153 3751 2219 _no-

2164 2214 2292 2279 tata:
2338 2222 2505 2277 quam
2557 2206 2613 2262 in
2656 2206 2813 2277 corp.
2843 2206 2997 2261 artic.
3038 2206 3268 2279 Constat
3310 2206 3503 2279 itaque
3545 2215 3757 2265 textum

2168 2278 2286 2361 ejus
2313 2292 2433 2361 esse
2459 2286 2818 2361 corruptum“,
2848 2284 2967 2361 tam
3009 2278 3138 2361 quia
3174 2277 3465 2361 manifeste
3496 2288 3761 2361 repugnat

2168 2293 2286 2348 ejus
2313 2292 2433 2333 esse
2459 2292 2621 2333 corru
2661 2292 2780 2359 tum
2804 2318 2818 2344 ,
2848 2292 2967 2332 tum
3049 2294 3138 2359 una
3174 2292 3465 2359 mantteste
3496 2292 3757 2361 repugnat

2166 2348 2394 2419 Regula:
2437 2356 2495 2403 et
2537 2294 2715 2403 verius
2764 2349 2825 2402 D.
2870 2292 3175 2417 86083101],
3210 2348 3279 2405 de
3324 2350 3525 2419 quibus
3563 2357 3675 2419 agit
3701 2358 3757 2406 et

2162 2418 2518 2489 quaestionem
2545 2425 2727 2473 movet
2750 2421 2951 2485 (Tract.
2992 2422 3063 2475 59
3101 2420 3157 2473 in
3184 2418 3460 2488 Regulam)
3492 2438 3512 2473 :
3561 2418 3757 2476 Utrum

2162 2492 2529 2543 convenienter
2561 2490 2966 2557 distinguantur
2993 2490 3277 2545 secundum
3299 2493 3361 2546 B.
3400 2490 3755 2547 Benedictum

2160 2560 2435 2613 duodecim
2457 2560 2659 2629 gradus
2676 2561 3031 2614 humilitatis?
3054 2568 3172 2616 tum
3191 2559 3319 2629 quia
3338 2561 3581 2616 Joannes
3601 2563 3760 2617 Tur-

2163 2637 2517 2696 recrematus,
2547 2631 2888 2703 qui_textum
2915 2629 3069 2685 illum
3098 2631 3155 2687 S.
3184 2629 3415 2703 'I‘bomtc
3438 2646 3579 2703 pene
3609 2629 3758 2688 inte-

2163 2715 2322 2772 grum
2352 2700 2626 2772 transtulit
2651 2700 2706 2755 in
2742 2715 2906 2772 suum
2947 2701 3413 2772 commentarium
3429 2700 3459 2770 ,⁷
3475 2703 3755 2759 contrario

2164 2769 2482 2844 inodqiegit
2497 2779 2595 2844 ,et
2617 2771 2689 2827 ita
2710 2769 3067 2844 refert_verba
3095 2772 3160 2844 S._
3180 2769 3439 2844 Thema},
3460 2780 3522 2828 ut
3542 2788 3669 2844 cum
3688 2774 3755 2827 Ι).

2162 2838 2449 2968 Βρᾶιθᾶἰοῐῖ)
2478 2843 2637 2913 plane
2670 2841 3011 2898 conveniant.
3059 2840 3165 2899 Sed
3184 2843 3307 2915 jam
3344 2838 3427 2900 ad
3459 2843 3634 2900 scalas
3669 2859 3760 2899 ac-

2162 2927 2219 2967 cc
2261 2926 2445 2968 amus.

2159 2926 2420 2968 ccaamus
2430 2951 2445 2968 ο

2652 3024 2847 3066 εεΛιΑ
2891 3024 3258 3066 HUIILITA’I’IS
3269 3047 3283 3062 .

2231 3116 2373 3189 Duas
2390 3115 2599 3189 scalas,
2625 3115 2871 3189 religiose
2886 3116 3078 3189 lector,
3107 3115 3243 3171 mihi
3271 3123 3328 3189 et
3355 3115 3449 3189 tibi
3462 3130 3752 3189 propono,

2160 3185 2474 3243 rudiuscule
2514 3188 2639 3242 licet
2672 3185 2993 3255 fabricatas,
3028 3187 3260 3243 alteram
3288 3185 3632 3255 humilitatis,
3672 3185 3754 3243 al;

2161 3266 2337 3313 teram
2376 3258 2694 3330 superbiai,
2717 3258 2945 3313 alteram
2975 3273 3010 3330 ag
3037 3259 3103 3313 D.
3130 3256 3448 3330 Benedicto,
3470 3257 3699 3330 alteram
3722 3273 3757 3315 a

2165 3330 2227 3383 D.
2252 3327 2548 3397 Bernardo,
2570 3327 2785 3386 duobus
2801 3329 3045 3400 patronis
3056 3328 3261 3386 nostris
3286 3327 3605 3385 humilitatis
3625 3344 3757 3385 sua-

468 3408 641 3479 ratius
672 3408 727 3459 in
763 3399 1025 3479 decimum
1048 3408 1273 3475 gradum
1312 3422 1411 3476 per
1446 3399 1779 3464 rebellionem
1814 3399 2053 3479 conruit;
2086 3412 2130 3475 ρ
2163 3400 2676 3479 εοῐὶζξμετευρθΐῒρῖω
2691 3399 3760 3479 οεοέίδιιεᾲςεαεὶριᾷωίςευίειμετθωςιιθ

467 3476 664 3551 quique
688 3478 845 3551 prius
872 3477 1099 3551 latenter
1116 3493 1375 3551 arrogans
1414 3479 1619 3544 fratres
1644 3476 2052 3547 contempserat,

458 3547 586 3616 jam
597 3549 848 3616 patenter
870 3547 1195 3616 inobediens,
1226 3550 1389 3601 etiam
1414 3551 1729 3616 magistrum
1750 3553 2053 3606 contemnit.

473 3611 799 3686 Undecimus
816 3614 1081 3686 ,_libertas
1098 3617 1373 3685 peccandi,
1394 3611 1701 3686 per'quam
1730 3621 2019 3675 monachus
2038 3664 2052 3685 ,

467 3682 746 3757 expulsus,
775 3684 855 3738 vel
898 3682 1145 3756 egressus
1182 3686 1250 3741 de
1280 3682 1631 3756 monasterio,
1662 3704 1781 3743 cum
1807 3689 1931 3757 jam
1960 3682 2053 3747 nec

468 3756 788 3824 magistrum
808 3757 1012 3819 timeat,
1034 3772 1126 3811 nec
1152 3758 1359 3824 fratres
1377 3763 1697 3823 revereatur,
1730 3756 1882 3815 tanto
1901 3776 2047 3816 secu-

472 3828 583 3881 rius
607 3830 808 3899 quanto
828 3826 1050 3882 liberius
1069 3842 1170 3882 sua
1189 3828 1458 3884 desideria
1474 3831 1691 3899 implere
1734 3830 2046 3898 delectatur,

467 3913 501 3972 ᾳ
521 3898 713 3972 quibus
732 3900 787 3972 in
805 3902 1123 3972 menasteeio
1136 3900 1465 3972 tamepudore
1482 3898 1644 3972 quam
1660 3904 2048 3972 timoreprohi-

388 4034 395 4041 _
470 3970 714 4042 bebatur.
747 3968 989 4039 Denique
1012 3968 1387 4042 duodecimus
1408 3968 1605 4042 gradus
1624 3981 1706 4029 est
1734 3968 2050 4031 consuetudo

459 4041 737 4110 peccandi,
769 4055 898 4096 cum
932 4040 1075 4114 quis,
1119 4040 1564 4114 rejectopehitus
1607 4044 1703 4099 Dei
1741 4043 1959 4110 timore,
1995 4046 2052 4102 in

464 4126 629 4185 omne
657 4127 827 4185 genus
857 4112 1056 4183 peccati
1092 4127 1151 4169 se
1176 4112 1489 4185 praecipitat
1524 4112 1584 4185 et
1611 4114 1666 4170 in
1691 4131 1759 4172 eo
1807 4131 2050 4185 perseve-

464 4192 549 4238 rat
575 4183 681 4257 _(ut'
705 4184 881 4239 solent
916 4183 1212 4255 apostatze,
1238 4183 1942 4257 _qui'hic_describuntur),
1990 4202 2053 4243 ac

463 4252 701 4323 tandem
728 4268 907 4323 pravae
951 4252 1363 4312 consuetudinis
1408 4255 1597 4312 habitu
1624 4252 1951 4314 constrictus
1999 4258 2052 4313 iu

463 4318 805 4445 grotunddm
854 4324 1127 4379 malorum
1155 4325 1479 4382 devolvitur.
1519 4330 1835 4398 Postquam.
1878 4329 2056 4400 inquit

512 4389 796 4445 ernardus.
828 4393 1061 4445 terribili
1078 4397 1178 4445 Dei
1202 4394 1404 4445 iudicio
1431 4399 1610 4445 prima
1631 4401 1843 4445 ﬂanitia
1877 4400 2054 4445 imm.

512 4389 809 4469 ernardus,
828 4393 1061 4445 terribili
1078 4397 1178 4469 Dei
1192 4394 1404 4469 judicio
1427 4399 1610 4469 prima
1627 4389 1843 4467 ﬂagitia
1877 4389 2054 4469 impu-

464 4460 611 4536 nitas
636 4463 899 4536 sequitur,
928 4467 1159 4529 experta
1172 4460 1417 4536 voluptas
1427 4460 1658 4521 libenter
1677 4460 1970 4536 repetitur:
1982 4486 2055 4524 re-

457 4530 634 4608 petita
663 4530 974 4608 blanditur,
1006 4530 1427 4608 concupiscentia
1454 4530 1808 4601 ret‘ivisceiite,
1844 4530 2055 4608 sopitur

462 4602 621 4677 ratio,
657 4601 795 4670 ligat
816 4603 1163 4677 consuetudo,
1185 4604 1426 4657 trahitur
1444 4608 1610 4677 miser
1635 4608 1690 4660 in
1712 4601 2053 4677 profundum

459 4673 743 4747 malorum,
768 4671 1011 4747 traditur
1021 4676 1259 4747 captivus
1273 4676 1564 4744 tyrannidi
1573 4671 1850 4747 vitiorum,
1862 4684 1925 4734 ut
1938 4697 2054 4735 car-

458 4745 664 4799 nalium
682 4748 759 4799 ita
774 4746 1027 4813 voragine
1041 4745 1428 4800 desideriorum
1442 4745 1866 4817 absorptus,su¢e
1881 4755 2049 4807 ratio-

2163 3469 2421 3542 gradibus
2450 3469 2515 3525 ei:
2539 3470 2768 3527 adverso
2790 3469 3055 3596 oppositis
3081 3469 3402 3527 distinctam
3430 3491 3443 3526 :
3477 3469 3761 3553 illam,‘_ut

2163 3539 2545 3596 ascendamus.
2565 3550 2833 3596 erectam:
2901 3556 3023 3596 anc.
3054 3556 3123 3596 ne
3159 3540 3567 3596 descendamus.
3595 3541 3759 3596 dele-

2163 3539 2545 3613 ascendamus,
2565 3550 2799 3613 erectam
2817 3539 2845 3609 ;’
2864 3539 3023 3609 hanc,
3054 3556 3123 3597 ne
3159 3540 3567 3613 descendamus,
3595 3541 3759 3613 deje-

2162 3619 2307 3666 ctam
2345 3629 2358 3663 :
2392 3611 2542 3666 illam
2585 3612 2644 3667 in
2684 3612 2920 3679 caelum,
2957 3613 3186 3668 alteram
3229 3612 3287 3667 in
3313 3610 3587 3669 infernum
3632 3610 3757 3669 ten-

2162 3681 2387 3763 dentem
2400 3722 2425 3763 ._
2449 3684 2708 3763 Nostrum
2727 3691 2831 3751 est,
2853 3683 2899 3763 si
2920 3684 3039 3763 sani
3066 3698 3278 3763 sumus,
3292 3683 3502 3763 eligere
3519 3683 3755 3763 _bopum,

2159 3760 2214 3808 et
2244 3752 2541 3822 rcprobare
2578 3754 2805 3808 malum.
2853 3753 3013 3821 Quod
3048 3753 3178 3810 mihi
3211 3761 3265 3809 et
3288 3752 3402 3808 tibi
3416 3752 3556 3808 faxit
3581 3757 3751 3811 Deus.

2235 3824 2390 3879 Vidit
2414 3824 2575 3879 Jacob
2602 3825 2803 3878 scalam
2827 3829 3058 3880 stantem
3094 3839 3249 3895 super
3267 3828 3464 3877 terram
3499 3829 3553 3877 et
3600 3841 3763 3880 cacu-

2159 3910 2277 3948 men
2302 3896 2445 3950 illius
2470 3900 2693 3964 tangens
2724 3896 2940 3963 calum;
2969 3898 3182 3965 angelos
3209 3908 3413 3964 quoque
3440 3896 3540 3949 Dei
3562 3900 3762 3951 αεσξη-

2160 3966 2360 4029 dentes,
2385 3970 2435 4020 et
2464 3967 2830 4022 descendentes
2846 3983 2945 4038 per
2965 3982 3102 4031 eam,
3128 3972 3179 4022 et
3192 3967 3469 4023 Dominum
3495 3967 3762 4023 inritamen

2160 4038 2336 4100 scalae,
2361 4042 2464 4092 ctc.
2497 4039 2632 4093 Gen.
2662 4040 2751 4093 28.

2233 4107 2658 4180 DiBenedictus
2699 4112 2900 4180 (περι-’7
2933 4122 3047 4165 sua:
3088 4107 3307 4180 Regulae
3355 4127 3367 4163 :
3419 4107 3635 4164 Clamat
3660 4124 3761 4165 no-

2162 4177 2248 4251 bis
2273 4179 2453 4251 divina
2479 4177 2780 4251 Scriptura
2800 4178 2989 4234 dicens
3038 4199 3050 4233 :
3083 4177 3266 4236 Om'nis
3307 4181 3406 4249 qui
3433 4195 3489 4235 se
3515 4181 3755 4244 exultat,

2163 4250 2578 4317 humiliabitur;
2604 4250 2661 4305 et
2700 4252 2799 4319 qui
2819 4264 2872 4303 se
2900 4250 3155 4304 humiliat
3178 4292 3194 4318 ,
3233 4250 3584 4305 exaltabitur.
3614 4251 3757 4307 Cum

2164 4318 2281 4374 haec
2303 4334 2432 4391 ergo
2466 4319 2617 4387 dicit,
2648 4318 2889 4376 ostendit
2914 4319 3075 4376 nobis
3103 4336 3329 4377 omnem
3368 4321 3755 4377 exaltationem

2163 4404 2332 4460 genus
2351 4390 2472 4462 esse
2495 4391 2785 4462 superbia).
2817 4414 2841 4439 ι»
2865 4394 2934 4447 Et
2961 4390 3106 4448 infra
3136 4408 3151 4446 :
3184 4413 3211 4441 α
3242 4391 3429 4459 Unde,
3459 4391 3671 4455 fratres,
3703 4392 3753 4462 si

2162 4459 2395 4535 summae
2421 4459 2746 4535 humilitatis
2769 4462 3023 4518 volumus
3047 4462 3267 4535 culmen
3293 4463 3581 4535 attingere,
3596 4470 3651 4518 et
3676 4461 3753 4518 ad

2163 4531 2548 4606 exaltationem
2569 4532 2723 4606 illam
2753 4534 3039 4606 cmlestem
3063 4533 3154 4606 (ad
3194 4548 3361 4606 quam
3392 4531 3491 4606 per
3517 4548 3761 4606 praesen-

2162 4600 2231 4656 tis
2274 4602 2400 4676 vitae
2429 4601 2792 4676 humilitatem
2827 4600 3461 4676 ascenditur)_volumus
3501 4600 3760 4676 velociter

2163 4674 2471 4743 pervenire;
2521 4675 2729 4731 actibus
2752 4675 2955 4731 nostris
2991 4673 3446 4743 ascendentibus,
3475 4676 3618 4731 scala
3658 4674 3758 4730 illa

2161 4744 2413 4819 erigenda
2457 4753 2560 4819 est,
2605 4761 2728 4819 quas
2772 4747 2826 4802 iu
2870 4760 3069 4803 somno
3124 4745 3294 4819 {acob
3331 4747 3609 4819 apparuit;
3652 4760 3759 4817 per

458 4793 851 4888 ἦῖἐᾶἷῦὑὶἇιῦέ
871 4793 1320 4873 statstat-2i;
1341 4793 1864 4890 Zt'z‘éJIEIz'sprJn'E'ZTz
1881 4793 2046 4880 ἐἰὶἓὲἷὲ
2078 4793 2128 4856 Ι)
2158 4793 2338 4890 «ius;
2347 4793 2413 4871 ’έῖ
2448 4793 2837 4890 (ἱὲἐέεἶιᾶἷῃιῖᾳ
2870 4793 3318 4890 ξῖᾟξξθιιξιέἧῆε
3331 4793 3761 4890 ’ἕιῖἐὲῆίίὼὸιὶἰ

456 4903 572 4961 suo,
603 4891 718 4961 Non
735 4893 813 4944 est
835 4892 976 4945 Deus
1004 4889 1163 4959 (Psal.
1197 4896 1339 4956 xm).
1366 4892 1486 4945 Iam
1514 4889 1883 4961 indifferenter
1911 4894 2042 4949 libi-

457 4959 526 5035 tis
551 4973 651 5035 pro
675 4959 839 5035 licitis
863 4962 1067 5035 utitur;
1080 4961 1201 5035 jam
1229 4963 1435 5017 illicitis
1464 4959 1782 5033 cogitandis,
1808 4970 2044 5035 patran-

587 5029 973 5107 investigandis
1009 5027 1240 5107 animus,
1264 5049 1475 5107 manus,
1498 5027 1581 5089 vel
1600 5027 1771 5107 pedes
1787 5027 1893 5091 non
1910 5053 2042 5107 pro-

453 5099 726 5177 hibentur,
772 5106 875 5153 etc.
900 5100 1033 5177 Haec
1059 5099 1127 5156 de
1165 5102 1420 5177 gradibus
1438 5099 1709 5177 superbia
1728 5123 1793 5164 ex
1826 5110 1887 5162 D.
1910 5099 2041 5165 Ber-

446 5168 622 5247 naedo
666 5167 1000 5247 deprompta
1010 5210 1025 5247 ρ
1056 5183 1123 5225 ex
1153 5167 1262 5241 quo
1306 5167 2001 5234 itidcm‘Turrecrematus
2018 5218 2038 5247 ,

453 5238 787 5320 'Ijrithemius
835 5238 1022 5295 et'alii
1055 5238 1406 5320 acceperunt.
1433 5246 1641 5320 Caetera
1671 5248 1828 5320 _a_pud
1857 5238 2039 5320 ipsum

446 5306 883 5390 _videbitiectpr,
930 5324 1031 5366 nec
1070 5306 1268 5390 vidisse
1309 5315 1617 5386 paenitebit.
1644 5306 2037 5390 _Verum‘quo

445 5376 567 5457 haec
590 5376 902 5457 rudioribus
938 5381 1113 5452 magis
1142 5376 1456 5457 patescant,
1497 5393 1553 5440 et
1578 5386 1724 5442 velut
1761 5387 1817 5442 in
1849 5376 2035 5447 tabida

445 5448 656 5522 depicta
695 5450 891 5527 clarius
930 5448 1264 5527 spectentur,
1298 5464 1361 5527 et
1389 5448 1539 5527 quasi
1570 5456 1825 5514 manibus
1869 5468 2035 5517 attre-

2152 4886 2485 4942 strabantur.
2518 4888 2639 4943 Non
2684 4886 2830 4944 aliud
2863 4888 2981 4944 sine
3009 4887 3175 4944 dubio
3204 4886 3504 4944 descensus
3532 4887 3654 4953 ille,
3698 4893 3760 4943 et

2152 4972 2412 5031 ascensus
2452 4972 2483 5012 a
2524 4958 3091 5031 nobisﬂintelligitur,‘
3135 4958 3241 5015 nisi
3264 4958 3615 5031 pexaltatione
3631 4955 3760 5031 Ade-

2152 5026 2411 5084 scendere
2454 5037 2509 5084 et
2548 5028 2858 5086 humilitate
2897 5026 3210 5086 ascendere.
3254 5029 3410 5086 Scala
3455 5027 3767 5099 veroipsa

2150 5107 2352 5173 erecta,
2401 5108 2588 5173 nostra
2626 5109 2709 5157 est
2746 5102 2855 5173 vita
2901 5100 2959 5156 in
3014 5100 3252 5173 saculo,
3293 5116 3419 5173 quae
3458 5098 3767 5173 humiliato

2149 5169 2315 5245 corde
2348 5185 2389 5245 e_
2418 5171 2654 5245 Domino
2689 5171 2920 5245 erigitur
2974 5172 3045 5229 ad
3088 5169 3329 5229 caalum.‘
3368 5174 3560 5245 Latera
3600 5170 3765 5245 enirn

2148 5241 2309 5314 scala:
2337 5240 2571 5314 dicimus
2609 5240 2863 5299 nostrum
2894 5257 3038 5314 esse
3058 5257 3257 5314 corpus
3304 5251 3361 5298 et
3389 5243 3668 5314 animam,
3709 5241 3774 5297 in

2148 5312 2351 5394 quibus
2383 5312 2625 5394 diversos
2653 5315 2862 5394 gradus
2891 5312 3253 5394 humilitatis,
3274 5315 3366 5394 _vel
3408 5313 3769 5394 disciplinam,

2146 5383 2389 5439 evocatio
2437 5383 2619 5440 divina
2659 5383 3040 5442 'ascendendos
3083 5385 3333 5442 inseruit.
3379 5407 3405 5433 ιι
3449 5386 3519 5439 Et
3551 5383 3607 5438 in
3646 5383 3778 5439 fine

2145 5453 2339 5528 capitis
2385 5453 2702 5528 ejusdem):
2755 5475 2784 5510 «
2825 5458 2968 5528 Ergo
2993 5454 3091 5528 _bis
3127 5455 3382 5528 omnibus
3430 5453 3783 5528 humilitatis

443 5528 677 5599 ctentur,
706 5538 833 5599 cum
852 5522 1010 5599 juxta
1036 5522 1462 5599 Philosophum,
1495 5527 1751 5597 Opposita
1770 5530 1940 5599 juxta
1976 5548 2032 5589 se
2138 5522 2428 5599 gradibus'
2453 5526 2689 5599 ascensis
2710 5568 2724 5595 ,
2794 5522 3265 5599 moﬂachusmox
3287 5525 3379 5599 _ad
3426 5525 3774 5599 charitatem

439 5595 617 5669 posita
646 5595 817 5669 magis
839 5595 1161 5669 elucescant,
1188 5597 1362 5669 visum
1387 5606 1469 5653 est
1497 5595 1679 5669 opera:
1707 5595 2027 5659 et'instituti

439 5664 611 5737 nostri
642 5664 919 5737 geminam
947 5664 1034 5721 hic
1054 5666 1257 5737 scalam
1276 5708 1291 5734 ,
1317 5664 1551 5724 alteram
1572 5669 1818 5729 videlicet
1843 5672 2025 5730 humi-

326 5776 329 5779 ι
437 5732 625 5812 litatis,
646 5732 905 5812 alteram
926 5736 1224 5812 superbiae,
1255 5732 1381 5812 suis
1405 5738 1658 5812 gradibus
1697 5742 1928 5801 invicem
1970 5754 2025 5803 et

2136 5594 2238 5650 Dei
2270 5597 2580 5668 perveniet,
2633 5594 2814 5669 illam,
2846 5614 2973 5672 qua
3004 5596 3243 5672 perfecta
3278 5597 3423 5655 foras
3469 5597 3642 5654 mittit
3691 5595 3775 5654 ti-

2196 5704 2218 5728 *
2254 5704 2525 5769 Utriusque
2538 5706 2686 5757 scala:
2713 5744 2725 5767 ,
2748 5706 3038 5757 humilitatis
3064 5705 3254 5769 scilicet
3282 5707 3334 5769 et
3361 5705 3644 5769 superbiae,
3663 5706 3786 5758 ele-

2127 5769 2320 5832 gantem
2345 5767 2606 5832 picturam,
2631 5782 2776 5832 quam
2812 5768 2863 5832 in
2897 5783 2989 5819 sua
3019 5767 3492 5832 editioneexhibuit
3517 5767 3742 5822 eam
3762 5806 3782 5832 ,

438 5821 503 5863 ex
549 5806 775 5866 adverso
802 5806 1013 5866 collatis
1059 5816 1113 5867 et
1151 5806 1755 5882 oppositis'distinctam
1783 5856 1799 5887 ,
1839 5825 1896 5875 et
1921 5833 2019 5876 ru-
2125 5806 2863 5894 ἴῖὥὲέιᾟνιῖιῖἰᾶἶόὢὶἷι’ἰηίξ
2884 5806 3417 5897 ἕῖεἱτῖῖιὶἶιῖἷὶιῖἒὺἷξ
