4042 6198
343 291 444 345 467

1716 267 1991 326 JOANNIS
2027 263 2334 323 CASSIANI

3524 255 3635 311 468

342 409 629 468 concedit:
664 402 1202 464 etcumrenuntiatio
1217 398 1352 456 nihil
1377 396 1631 462 aliudsit,
1645 394 1750 450 nisi
1772 409 1926 450 mor-
1953 395 2008 458 Α
2035 389 2252 447 bantur.
2308 389 2480 459 Super
2531 383 2650 441 haec
2706 381 2870 456 igitur
2932 379 3084 436 initia
3140 377 3283 439 male
3330 376 3633 449 vitioseque

334 500 652 560 tiﬁcationis
689 508 744 556 et
776 498 951 555 crucis
995 495 1294 562 indicium,
1342 507 1445 548 nec
1488 488 1663 545 valeat
1689 487 1810 544 aliis
1851 486 1935 541 in-

337 597 526 654 choari
556 594 636 651 vel
661 606 991 664 consurgere
1019 587 1413 653 fundamentis,
1449 599 1615 656 quam
1641 590 1702 639 ut
1724 596 1784 638 se
1821 596 1935 637 non

335 690 519 746 solum
554 686 768 744 actibus
795 685 956 757 hujus
983 680 1176 738 mundi
1201 678 1510 751 spiritaliter
1530 675 1741 733 noverit
1768 676 1938 732 inter-

338 790 620 854 emptum,
657 792 851 835 verum
896 776 1064 832 etiam
1098 773 1452 847 corporaliter
1478 771 1724 845 quotidie
1752 770 1940 828 credat
1982 824 1997 835 ί

339 891 457 933 esse
505 872 872 940 moriturum;
908 886 938 927 e
967 869 1246 926 contrario
1290 867 1414 924 facit
1445 883 1572 924 eum
1612 867 1775 922 vitam
1811 881 1938 939 pe-

338 987 458 1031 rare
496 971 826 1042 longaevam,
863 966 1206 1023 inﬁrmitates
1248 964 1503 1037 proponit
1539 964 1588 1019 ei
1619 963 1857 1036 prolixas
1885 970 1942 1018 et

338 1065 561 1130 multas,
583 1062 967 1120 confusionem
996 1075 1215 1132 quoque
1241 1058 1436 1114 incutit
1475 1073 1539 1113 ac
1569 1056 1859 1128 pudorem.
1886 1055 1941 1111 Si

341 1158 524 1215 nudus
563 1156 812 1223 effectus,
851 1153 1040 1211 alienis
1087 1163 1139 1209 et
1164 1169 1278 1208 non
1322 1152 1556 1224 propriis
1602 1149 1946 1207 facultatibus

344 1246 575 1319 coeperit
595 1244 908 1308 sustentari,
928 1242 1220 1315 persuadet
1240 1242 1406 1297 etiam
1431 1240 1600 1297 multo
1616 1255 1735 1296 esse
1753 1238 1948 1294 melius

345 1335 558 1389 victum
588 1331 1086 1402 indumentumque
1115 1328 1216 1385 sibi
1237 1345 1333 1385 sua
1363 1330 1544 1402 potius
1584 1342 1746 1399 quam
1774 1327 1949 1381 aliena

322 1434 323 1437 ‘
348 1426 662 1483 substantia
690 1425 1010 1491 ministrari,
1047 1423 1346 1480 secundum
1370 1423 1500 1478 illud
1533 1421 1733 1478 scilicet
1763 1421 1779 1492 (
1806 1419 1951 1493 quod

351 1519 829 1592 quemadmodum
871 1518 1083 1574 dictum
1129 1517 1356 1584 sit,,tali
1409 1516 1738 1573 hebetudine
1777 1531 1841 1571 ac
1865 1523 1956 1569 te-

353 1628 488 1685 pore
519 1611 703 1668 cordis
745 1611 947 1677 obtusi,
975 1626 1043 1665 ne
1076 1609 1372 1682 intelligere
1400 1610 1619 1680 quidem
1666 1607 1951 1680 aliquando

353 1710 725 1776 potuerunt):
760 1706 979 1760 Beatius
1029 1710 1105 1759 est
1143 1708 1320 1772 magis
1363 1706 1494 1758 dare
1531 1721 1694 1773 quam
1719 1704 1955 1774 accipe-re

355 1799 515 1870 (Act.
541 1802 683 1864 xx).
710 1803 729 1864 (
756 1799 894 1853 Vide
917 1814 1083 1867 supra
1111 1799 1204 1851 lib.
1232 1813 1273 1853 Χ
1300 1815 1346 1852 c.
1382 1803 1512 1875 18.)

896 1892 1148 1947 .CAPUT
1185 1894 1402 1949 XXVI.

352 1988 509 2054 Quod
545 1987 685 2041 male
715 1988 988 2054 fundatus
1021 1987 1103 2112 adl
1136 1987 1449 2113 (getteriorem
1487 1991 1688 2042 statum
1719 1986 1958 2057 quotidie

910 2070 926 2081 ‘
980 2074 1080 2113 pro
1104 2075 1135 2111 a
1176 2074 1324 2112 aur.

910 2070 926 2081 ‘
977 2070 1324 2127 prolabatur.

424 2154 450 2184 ⁸
477 2151 597 2207 Tali
624 2151 792 2225 igitur
815 2148 1119 2207 difﬁdentia
1155 2150 1359 2207 mentis
1401 2150 1631 2219 obsessi,
1658 2159 1712 2206 et
1745 2166 1776 2207 a
1807 2151 1958 2207 scin-

359 2239 480 2298 tilla
507 2240 633 2298 ﬁdei
657 2242 681 2309 (
705 2256 812 2313 qua
854 2240 953 2296 visi
981 2239 1200 2296 fuerant
1234 2240 1287 2295 in
1316 2240 1632 2313 primordiis
1660 2255 1777 2297 sua:
1822 2256 1962 2297 con-

360 2330 629 2387 versionis
682 2329 927 2397 accensi)
990 2329 1254 2386 diabolica
1306 2329 1621 2385 infidelitate
1685 2329 1961 2400 revocati,

361 2413 390 2455 ἀ
429 2424 701 2495 incipiunt
739 2423 1024 2496 pecunias,
1074 2438 1211 2495 quas
1250 2432 1376 2478 ante
1416 2423 1724 2494 dispergere
1775 2436 1965 2494 coepe-

364 2525 490 2572 rant
510 2559 526 2584 ,
564 2517 878 2590 diligentius
903 2517 1213 2585 custodire,
1244 2524 1299 2574 et
1323 2531 1443 2585 eas,
1488 2517 1634 2573 velut
1662 2518 1753 2589 qui
1792 2517 1966 2573 semel

368 2611 684 2683 profligatae
728 2611 954 2668 ulterius
1001 2628 1254 2685 reparare
1295 2626 1408 2668 non
1455 2611 1698 2683 possint,
1744 2609 1967 2666 avaritia

374 2705 787 2763 vehementiore
835 2714 1157 2763 conservant
1187 2728 1199 2763 :
1247 2721 1374 2775 seu,
1417 2705 1566 2777 quod
1601 2713 1685 2762 est
1709 2704 1966 2773 deterius,

371 2814 434 2856 ea
481 2815 608 2871 quae
646 2801 797 2873 prius
852 2799 1196 2873 abjecerant,
1251 2805 1623 2866 resumentes;
1670 2797 1752 2854 vel
1792 2805 1968 2864 certe,

375 2889 523 2961 quod
571 2898 656 2946 est
702 2886 927 2946 tertium
964 2905 1028 2945 ac
1072 2888 1426 2946 deterrimum
1475 2886 1732 2960 nequitia:
1768 2901 1968 2958 genus,

372 2997 498 3053 quae
546 2996 650 3036 nec
700 2990 826 3037 ante
870 2982 1095 3053 quidem
1146 2980 1501 3052 possederant
1549 2987 1969 3052 congregantes,

375 3070 511 3126 nihil
550 3071 784 3142 amplius
826 3073 1026 3143 egressi
1063 3088 1094 3128 e
1122 3072 1323 3128 saeculo
1351 3088 1517 3145 quam
1539 3087 1743 3128 nomen
1781 3071 1972 3143 acqui-

2038 484 2282 549 fundata,
2336 495 2555 562 necesse
2587 487 2672 535 est
2704 485 2769 534 ut
2801 475 3053 533 universa
3088 473 3341 545 deinceps
3382 472 3647 528 vitiorum

2039 587 2310 636 structura
2339 581 2652 645 consurgat,
2694 586 2796 626 nec
2832 568 3131 641 quidquam
3156 565 3446 638 superponi
3471 566 3643 637 pessi-

2042 670 2149 727 mis
2175 669 2350 725 valeat
2387 664 2778 731 fundamentis,
2812 660 2918 718 uisi
2945 659 3093 732 quod
3130 658 3498 716 miserabilem
3531 659 3647 716 ani-

2043 780 2196 821 mam
2239 763 2397 819 ruina
2426 758 2741 832 lugubriore
2776 762 3105 828 prosternat.

2590 852 2828 908 CAPUT
2861 850 3104 905 XXVII.

2049 954 2332 1024 Expositio
2354 952 2631 1015 vitiorum,
2663 960 2783 1015 qua:
2802 960 2903 1069 pir
2915 942 3171 1067 ’morbum
3204 921 3471 1011 superbiae
3497 955 3652 1011 gone.

2746 1031 2847 1069 ran
2876 1031 2909 1068 u
2948 1054 2962 1068 .

2746 1031 2962 1069 rantur.

2121 1113 2345 1170 Talibus
2410 1108 2694 1182 siquidem
2752 1122 2909 1163 mens
2962 1103 3304 1178 passionibus
3351 1103 3650 1171 obdurata,

2054 1217 2216 1279 atque
2256 1225 2287 1263 a
2320 1203 2626 1264 detestabili
2660 1212 2849 1274 tepore
2889 1199 3181 1271 incipiens,
3221 1211 3440 1252 necesse
3474 1204 3558 1252 est
3590 1205 3660 1252 ut

2056 1301 2110 1357 in
2139 1299 2384 1357 deterius
2424 1296 2670 1370 quotidie
2712 1293 2986 1367 proﬁciat,
3023 1300 3080 1348 et
3123 1289 3392 1362 reliquam
3441 1304 3663 1361 quoque

2059 1396 2227 1451 vitam
2277 1407 2436 1448 suam
2473 1388 2808 1448 deformiore
2852 1387 2960 1443 ﬁne
3011 1383 3303 1442 concludat
3352 1404 3365 1439 :
3416 1382 3661 1455 dumque

2059 1486 2443 1560 cupiditatibus
2526 1483 2765 1555 pristinis
2828 1480 3165 1549 oblectatur,
3231 1492 3297 1533 ac
3357 1474 3659 1533 secundum

2060 1584 2419 1658 Apostolum,
2461 1587 2484 1616 °
2514 1580 2770 1653 sacrilega
2811 1576 3142 1652 pbilargyria
3192 1574 3455 1643 vincitur,
3495 1575 3523 1611 α
3585 1574 3659 1631 ita

2060 1679 2257 1737 eodem
2283 1675 2670 1750 pronuntiante
2692 1672 2761 1730 de
2790 1672 2878 1728 illa
2911 1690 2924 1726 :
2965 1687 3084 1742 quoe
3115 1673 3193 1725 est
3220 1669 3659 1732 simulacrorum,

2061 1777 2171 1829 sive
2199 1773 2468 1828 idolorum
2483 1770 2712 1826 semitas
2739 1767 2962 1837 (Ephes.
2988 1779 3060 1832 v;
3095 1764 3289 1822 Coloss.
3317 1778 3383 1819 ιιι
3406 1765 3445 1829 ).
3476 1763 3543 1817 Et
3568 1762 3664 1818 ite-

2064 1882 2188 1922 rum
2218 1886 2230 1921 :
2261 1865 2448 1922 Radix
2475 1866 2635 1926 enim,
2666 1860 2858 1933 inquit,
2880 1861 3119 1914 omnium
3147 1857 3413 1911 malorum
3441 1859 3519 1911 est
3547 1854 3668 1926 phi-

2064 1959 2320 2030 largyria,
2362 1960 2385 1989 ε
2414 1963 2477 2012 ut
2504 1968 2811 2026 numquam
2842 1951 3014 2024 possit
3041 1951 3097 2006 in
3126 1948 3291 2006 corde
3318 1964 3421 2005 suo
3448 1946 3667 2004 humili-

2064 2060 2237 2108 tatem
2274 2050 2476 2108 Christi
2502 2046 2807 2120 simplicem
2825 2060 3118 2117 veramque
3141 2047 3406 2115 suscipere
3428 2044 3487 2111 (Ι
3525 2046 3664 2099 Tim.

2068 2163 2128 2203 vr
2150 2150 2198 2213 ),
2244 2161 2368 2202 cum
2417 2143 2517 2199 sibi
2540 2141 2625 2199 vel
2651 2139 2722 2197 de
2759 2140 3039 2196 nobilitate
3084 2137 3351 2194 natalium
3379 2136 3667 2210 gloriatur,

2070 2240 2152 2296 vel
2178 2238 2404 2295 inflatur
2423 2237 2491 2294 de
2518 2234 2702 2292 saeculi
2728 2239 2924 2305 (quam
2950 2247 3203 2305 corpore,
3224 2247 3339 2288 non
3371 2238 3555 2287 mente
3573 2229 3672 2287 de-

2072 2332 2290 2402 seruit)
2329 2330 2615 2403 dignitate,
2637 2327 2718 2384 vel
2745 2326 2988 2400 pecuniis
3015 2341 3150 2398 quas
3171 2324 3241 2381 ad
3269 2325 3480 2381 ruinam
3510 2339 3673 2381 suam

2073 2431 2325 2490 retentat,
2373 2420 2677 2489 extollitur,
2722 2434 2818 2492 per
2862 2433 2984 2490 quae
3020 2419 3141 2490 jam
3191 2433 3299 2473 non
3342 2416 3671 2473 monasterii

2075 2515 2093 2550 ί
2119 2516 2314 2588 jugum
2344 2513 2607 2570 sustinere
2635 2520 2925 2568 contentus
2956 2519 3058 2579 est,
3104 2526 3214 2566 non
3248 2508 3471 2565 senioris
3506 2508 3673 2567 ullius

2075 2607 2278 2666 institui
2318 2606 2621 2678 disciplina.
2669 2605 2928 2677 Quisquis
2978 2605 3129 2661 enim
3174 2603 3441 2677 superbiae
3474 2603 3677 2661 morbo

2075 2703 2240 2761 fuerit
2290 2710 2614 2773 occupatus,
2672 2715 2784 2757 non
2834 2700 3019 2757 solum
3062 2700 3274 2755 nullam
3330 2698 3680 2772 subjectionis

2077 2806 2173 2854 aut
2207 2795 2529 2854 obedientiaa
2566 2796 2811 2869 regulam
2856 2794 3132 2851 custodire
3168 2793 3455 2866 dignatur,
3484 2809 3677 2850 verum

2077 2907 2147 2948 ne
2192 2892 2367 2964 ipsam
2395 2889 2619 2947 auribus
2649 2888 2875 2963 quidem
2903 2887 3017 2944 suis
3045 2885 3356 2943 doctrinam
3394 2884 3681 2958 perfectio-

2081 2984 2168 3040 nis
2194 2983 2434 3040 admittit
2482 3004 2495 3040 :
2546 2989 2872 3054 tantumque
2909 2981 3209 3038 concrescit
3250 2981 3307 3036 in
3351 2980 3515 3037 corde
3555 2980 3680 3053 ejus

2081 3072 2337 3144 spiritalis
2368 3071 2520 3128 verbi
2558 3069 2858 3137 fastidium,
2890 3078 2951 3126 ut
2979 3079 3007 3115 ε
3029 3086 3156 3127 cum
3196 3069 3338 3126 forte
3364 3071 3489 3127 talis
3518 3069 3684 3126 fuerit

375 3165 511 3220 sisse
544 3164 929 3221 tantummodo
965 3181 1028 3221 ac
1070 3165 1394 3222 vocabulum
1431 3164 1684 3222 monachi
1717 3181 1979 3237 compro-
2007 3153 2051 3215 C
2082 3166 2275 3222 oborta
2310 3164 2547 3233 collatio,
2578 3168 2687 3220 uno
2725 3164 2780 3219 in
2823 3163 2944 3220 loco
2972 3171 3114 3219 stare
3142 3163 3350 3218 nesciat
3376 3163 3489 3235 ejus
3516 3162 3680 3219 obtu-

1465 3293 1719 3348 ALARDI
1757 3293 1984 3347 GAZIEI
2021 3291 2580 3348 COMMENTARIUS.

380 3405 529 3479 illam
573 3422 679 3479 qua
716 3409 862 3465 venit
904 3409 1250 3467 ostenderet?
1299 3413 1446 3466 Dum
1487 3409 1739 3476 castella,
1790 3409 1977 3476 villas,

380 3478 565 3546 urbes,
590 3478 816 3552 fluvios,
851 3496 914 3537 ac
934 3489 1176 3543 montes,
1200 3497 1296 3552 per
1316 3495 1454 3551 quos
1475 3481 1769 3548 transierit,
1798 3481 1982 3552 nomi-

382 3555 716 3629 natasuum
760 3551 1082 3629 denuntians
1123 3551 1243 3613 iter,
1281 3560 1455 3629 tuum_
1487 3552 1584 3606 tibi
1633 3551 1978 3629 praenuntiat,

382 3619 458 3673 ita
491 3627 567 3692 ut
588 3621 777 3675 eadem
817 3622 931 3676 loca
968 3637 1264 3692 cognoscas
1300 3619 1524 3692 gerundo,
1571 3619 1696 3692 qua;
1733 3622 1820 3675 ille
1858 3636 1983 3690 per-

330 3752 339 3758 .
381 3689 595 3744 transiit
629 3691 905 3747 veniendo.
950 3695 1014 3747 In
1040 3689 1151 3747 hac
1190 3691 1437 3746 similiter
1461 3689 1647 3747 nostra
1673 3689 1983 3748 descensio-

384 3776 474 3833 ne,
498 3761 700 3833 gradus
727 3762 1063 3819 ascensorios
1085 3761 1316 3818 fortasse
1342 3762 1596 3833 reperies,
1626 3778 1765 3833 quos
1790 3778 1985 3818 ascen-

386 3831 564 3904 dendo
591 3833 787 3889 melius
809 3843 867 3889 tu
895 3833 947 3889 in
975 3842 1071 3891 tuo
1097 3833 1286 3902 corde,
1307 3831 1472 3904 quam
1502 3834 1558 3889 in
1582 3831 1774 3889 nostro
1801 3834 1985 3891 codice

384 3903 548 3975 leges.
580 3910 779 3960 Amen.
818 3930 842 3953 ιο

458 3977 728 4031 Dilatavit
776 3981 1024 4047 infernus
1072 3980 1314 4033 animam
1359 3991 1534 4040 suam,
1587 3980 1639 4031 et
1680 3979 1896 4047 aperuit
1929 3992 1985 4031 os

387 4061 546 4103 suum
607 4052 657 4101 ct
681 4049 994 4105 descendent
1013 4051 1179 4117 fortes
1208 4055 1259 4104 et
1279 4048 1550 4116 sublimes,
1574 4050 1898 4117 gloriosique
1916 4049 1988 4103 ad

390 4134 530 4173 eum.
587 4134 665 4173 sa.
694 4135 742 4174 v.

359 4143 371 4155 ⁸
390 4134 530 4173 eum.
562 4134 665 4174 188.
694 4135 742 4174 V.

460 4199 485 4225 ⁸
515 4190 814 4263 Dionysius
847 4212 859 4245 :
896 4193 1020 4247 Tali
1059 4195 1235 4262 igitur
1262 4194 1475 4248 desidia
1517 4193 1708 4245 multis
1753 4193 1903 4258 victi,
1939 4195 1990 4245 et

389 4263 713 4329 inﬁdelitate
735 4264 1004 4318 diabolica
1035 4267 1267 4319 revocati
1300 4282 1334 4318 a
1359 4264 1598 4320 scintilla
1624 4262 1772 4331 ﬁdei,
1795 4278 1903 4332 qua
1933 4263 1990 4315 in

386 4333 709 4399 primordiis
740 4348 851 4385 sua:
887 4339 1240 4390 conversionis
1269 4338 1358 4390 usi
1389 4337 1644 4402 fuerant,
1675 4338 1727 4387 et
1763 4334 1987 4395 accensi,

394 4402 684 4479 incipiunt,
714 4408 817 4454 etc.
859 4404 1075 4479 Spectat
1104 4404 1387 4479 hoc_caput
1415 4404 1764 4479 potissimum
1792 4403 1859 4479 ad
1883 4418 1989 4458 no-

397 4471 699 4541 vitios,_de
732 4471 967 4541 quorum
1002 4471 1338 4528 institutione
1371 4471 1432 4527 et
1472 4472 1757 4541 disciplina
1793 4474 1902 4528 late
1937 4480 1993 4527 et

396 4538 1049 4620 exgprofesso_’dissg'itu_r
1067 4550 1185 4597 toto
1209 4542 1344 4620 libro
1374 4538 1796 4620 quartoAharum
1827 4543 1992 4620 [gsti-

397 4609 698 4692 tutionum.
731 4609 866 4666 Vide
892 4615 963 4667 D.
996 4612 1335 4668 Bernardum
1365 4609 1531 4668 serm.
1564 4616 1633 4668 63
1658 4627 1820 4684 super
1847 4615 1994 4669 Can-

395 4690 501 4737 tica
511 4722 525 4736 .

288 4750 309 4761 “
470 4746 498 4784 δ
525 4755 663 4810 Tres
694 4752 897 4828 species
930 4752 1270 4828 philargyriae
1296 4754 1420 4828 alibi
1457 4753 1726 4826 expositas
1757 4753 1845 4811 hic
1867 4746 1994 4811 obi-

399 4831 483 4880 ter
510 4826 1001 4909 perstringittLib.
1176 4843 1219 4883 c.
1248 4827 1365 4909 l4_),
1396 4827 1611 4909 inquas
1627 4828 1830 4909 sepsim
1862 4841 1990 4909 mo.-

399 4896 592 4977 nachi,
625 4896 927 4977 praesertim
965 4898 1180 4977 novitii,
1221 4896 1379 4977 rudes
1426 4896 1787 4965 et‘carnales,
1821 4914 1853 4954 a
1884 4898 1995 4971 spi-

400 4969 506 5041 ritu
537 4969 804 5041 superbiaa
832 4970 1070 5041 superati
1102 4969 1483 5027 devolvuntur.

470 5038 503 5118 ᾖ
543 5036 971 5118 Ριιὶιίιι-ενιίδ-ξίιι
995 5041 1270 5118 monacho
1288 5042 1543 5113 sacrilega
1570 5039 1770 5118 dicitur
1797 5037 1994 5118 duplici

402 5110 635 5186 ratione,
683 5110 917 5186 generali
960 5118 1028 5186 et_
1059 5112 1287 5186 speciali
1328 5133 1340 5169 :
1385 5110 1651 5186 generali,
1698 5110 1996 5186 quamfhic

403 5179 665 5255 exprimit
689 5184 917 5245 Auctor,
937 5181 1063 5255 quia
1090 5179 1738 5255 secundum'Apostolum
1767 5183 1993 5255 (Coloss.

403 5261 513 5315 In;
541 5252 871 5325 Ephes_._nt)
900 5250 1253 5325 philargyria,
1286 5253 1399 5309 sive
1427 5250 1651 5309 avaritia
1673 5250 1995 5325 simulacro-

403 5331 551 5404 rum,
572 5322 691 5404 sive
711 5321 985 5404 idolorum
1008 5321 1350 5380 est'servitus
1366 5368 1382 5393 ,
1414 5325 1466 5381 id
1488 5332 1593 5404 est,
1615 5322 1821 5394 species
1845 5338 1998 5404 qum-

404 5386 537 5477 da'm'
570 5391 922 5477 idololatrias,
957 5408 1028 5477 eo
1056 5409 1249 5476 sensu,
1281 5386 1617 5477 quem‘alias
1646 5386 1997 5477 exposuimus

406 5456 571 5545 (_Lib.
595 5476 691 5545 v1.1.
711 5479 829 5545 cap.
861 5456 917 5531 7)
942 5482 959 5545 :_
969 5465 1125 5545 atqui
1165 5456 1346 5545 omnis
1367 5456 1999 5545 idolatriactjsupersli-

403 5534 483 5586 tio
534 5534 878 5607 sacrilegium
928 5534 1150 5592 dicitur.
1205 5536 1368 5595 Unde
1415 5534 1676 5607 sacriﬁcia
1724 5534 1998 5607 idolorum

404 5612 671 5661 vocantur
725 5606 792 5662 ab
835 5607 1157 5679 Augustino,
1186 5616 1242 5662 et
1286 5608 1404 5664 aliis
1443 5606 1694 5679 Patribus
1742 5606 1998 5679 sacrilega

401 5686 585 5751 saga,
643 5684 699 5751 et
745 5686 898 5749 pacta
930 5676 1078 5733 'cum
1129 5678 1477 5735 daemonibus
1528 5676 1785 5751 sacrilega
1843 5676 1998 5750 pacta

408 5742 634 5810 (SidOn.
661 5749 698 5803 l.
740 5742 836 5818 in,
863 5753 1021 5821 epist.
1067 5753 1240 5816 12;S.
1286 5751 1468 5805 Thom.
1508 5755 1623 5818 2-2,
1654 5742 1995 5821 q.'99,'a.3;

401 5820 600 5876 uetant.
648 5821 820 5877 divin.
850 5820 984 5880 Inst.
1011 5822 1107 5877 lib.
1148 5836 1199 5884 ι,
1231 5837 1274 5877 c.
1308 5825 1403 5891 2t;
1436 5821 1673 5892 August.
1717 5822 1811 5878 lib.
1846 5820 1966 5878 vui

2090 3411 2390 3477 Confessio.
2415 3425 2459 3464 c.
2489 3412 2576 3476 2);
2606 3406 2856 3479 speciali,
2888 3414 3154 3478 quatenus
3180 3420 3279 3476 per
3293 3419 3435 3479 eam
3453 3405 3685 3479 violatur

2088 3476 2278 3560 votum
2326 3476 2662 3560 paupertatis
2704 3476 3053 3560 monasticae,
3093 3491 3238 3560 quat
3252 3476 3477 3560 violatio
3517 3476 3681 3560 etiam

2091 3551 2160 3675 gd
2188 3547 2555 3675 1sgcrilegium
2607 3548 2826 3621 proprie
2873 3547 3085 3604 dictum
3109 3547 3382 3619 ‘pertinet,
3428 3555 3485 3602 ut
3522 3547 3685 3604 docet

2147 3665 2157 3675 .
2275 3635 2452 3675 omas.

2088 3625 2157 3676 D.
2188 3624 2452 3676 Thomas.

2159 3693 2186 3728 ά
2217 3690 2440 3747 Duobus
2488 3689 2544 3745 in
2587 3688 2721 3761 locis
2764 3688 2835 3761 ita
2873 3688 3245 3761 pronuntiavit
3285 3688 3578 3761 Apostolus
3614 3687 3685 3746 de

2090 3762 2333 3827 avaritia,
2362 3764 2597 3833 primum
2617 3760 2687 3815 ad
2713 3760 2975 3831 Ephesios
2994 3778 3027 3815 v
3050 3783 3061 3816 :
3087 3764 3278 3833 Scitote
3302 3760 3681 3828 intelligentes,

2092 3834 2234 3904 quod
2265 3832 2435 3888 omnis
2472 3834 2808 3900 fornicator,
2844 3832 3443 3904 aut_immundus,_aut
3473 3845 3684 3904 avarus

2095 3901 2118 3971 ξ
2134 3906 2276 3975 quod
2304 3909 2381 3959 est
2410 3904 2676 3959 idolorum
2698 3906 2928 3958 servitus
2950 3902 2966 3975 )
2985 3920 3091 3958 non
3110 3904 3268 3958 habet
3307 3901 3687 3975 Meditatem

2096 3972 2161 4030 in
2184 3992 2346 4046 regno
2384 3977 2585 4032 Christi
2602 3979 2652 4030 et
2687 3977 2800 4030 Dei.
2827 3972 2957 4030 Ubi'
2985 3977 3180 4032 Graece
3210 3993 3222 4028 :
3252 3972 3589 4046 πλεονέκτας,
3635 3973 3690 4046 ὃς

2099 4043 2260 4100 ἐστιν*
2288 4045 2674 4117 εἰδωλολάτρης,
2722 4060 2940 4117 avarus,
2993 4045 3087 4117 qui
3128 4052 3211 4101 est
3247 4043 3560 4117 idololatra,
3603 4043 3688 4117 vel

2098 4120 2368 4175 idolorum
2392 4114 2588 4173 cultor.
2624 4120 2814 4189 Itaque
2844 4114 3056 4189 videtur
3084 4124 3271 4189 noster
3296 4116 3577 4189 interpres
3608 4114 3689 4170 le-

2093 4191 2235 4260 gisse
2252 4189 2538 4245 articulum
2558 4185 2815 4260 neutrum
2835 4189 2869 4260 β
2890 4202 2986 4260 pro
3012 4188 3085 4254 ὃς,
3105 4196 3160 4242 et
3180 4185 3572 4260 εἰδωλφλαέρεῑαν
3586 4200 3687 4260 pro

2096 4257 2479 4329 ἐίδωλολάτρης.
2502 4261 2710 4313 lterum
2726 4257 2795 4313 ad
2814 4257 3171 4314 Colossenses
3189 4273 3279 4326 ιιι,
3302 4257 3398 4314 ubi
3423 4259 3498 4314 ait
3522 4277 3534 4311 ε
3558 4259 3693 4313 Mor-

2097 4335 2292 4401 tiﬁcate
2307 4331 2540 4384 membra
2557 4334 2752 4392 vestra,
2770 4333 3029 4401 quassant
3041 4344 3203 4401 super
3216 4334 3436 4392 terram,
3459 4330 3693 4396 fornica-

2096 4406 2309 4468 tionem,
2329 4401 2748 4462 immunditiam,
2773 4400 3070 4463 libidinem,
3086 4402 3559 4470 concupiscentiam
3577 4414 3691 4470 mag

2099 4474 2205 4526 lam
2226 4477 2276 4526 et
2294 4472 2612 4537 avaritiam,
2643 4486 2764 4537 qua:
2787 4476 2865 4525 est
2877 4468 3284 4526 simulacrorum
3302 4474 3551 4526 servitus.
3578 4468 3693 4526 Ubi

2101 4543 2313 4609 Graece,
2343 4540 2427 4593 καὶ
2469 4539 2559 4606 τὴν
2608 4539 2916 4606 πλεονεξίαν,
2956 4542 3060 4608 ἥτις
3105 4542 3229 4604 ἔςτὶν
3278 4540 3689 4611 εἰδωλολατρεῐα.

2101 4615 2225 4682 Quo
2256 4620 2485 4683 utroque
2502 4613 2626 4684 loco
2639 4612 2948 4684 notandum
2969 4628 3079 4669 non
3103 4613 3288 4670 haberi
3314 4612 3617 4684 φιλάργυρον
3641 4620 3697 4667 et

1938 4740 1957 4763 ν.
2021 4701 2071 4763 D
2100 4684 2460 4763 φιλαργυρίαν)
2491 4692 2554 4763 u_t.
2582 4683 2796 4763 videtur
2826 4683 3154 4763 hic_Auct_or
3182 4684 3413 4740 innuere
3435 4683 3531 4763 aut
3559 4697 3697 4763 sup-

2102 4753 2331 4827 ponere,
2356 4753 2455 4811 sed
2488 4754 2790 4827 πλεογέχτην
2816 4763 2872 4810 et
2890 4754 3199 4821 πλεονεξίαν,
3219 4770 3342 4827 quae
3369 4754 3591 4827 quidem
3614 4753 3695 4809 la-

2099 4826 2207 4899 tius
2237 4834 2439 4899 patent,
2478 4834 2541 4899 ut
2567 4826 2698 4882 alias
2732 4827 2941 4899 dictum
2971 4835 3077 4899 est.
3115 4826 3570 4899 Sedfquialsaape
3594 4839 3695 4897 pro

2100 4897 2294 4955 iisdem
2329 4897 2683 4968 accipiuntur,
2726 4897 2932 4955 idcirco
2970 4897 3087 4955 haec
3111 4897 3360 4955 confudit
3386 4897 3692 4968 Cassianus.

2099 4972 2305 5097 Elateia
2337 4966 2635 5096 ip)_etasdem
2656 4968 2952 5025 sententias
2973 4971 3223 5041 Apostoli
3242 4968 3370 5025 alibi
3399 4976 3589 5026 notata
3612 4966 3697 5022 vi—

2140 5056 2232 5097 ere
2280 5057 2361 5096 ice
2403 5058 2415 5095 ι
2448 5082 2460 5095 .

2140 5056 2232 5097 ere
2261 5049 2460 5096 licebit.

2172 5115 2197 5145 ε
2220 5115 2350 5168 Mss.
2382 5110 2619 5182 habent,
2659 5117 2714 5164 et
2742 5108 2936 5166 melius
2967 5131 2982 5166 :
3029 5114 3336 5181 Numquam
3364 5114 3559 5182 potest,
3589 5115 3695 5165 etc.

2103 5185 2247 5265 Nam
2272 5188 2333 5238 ut
2357 5180 2644 5265 redundat,
2662 5189 2723 5265 _et
2747 5196 2967 5263 sensum
2988 5180 3291 5265 suspendit,
3315 5180 3699 5265 _v.el_obscurat.

2175 5254 2195 5289 τ
2218 5257 2458 5326 Apparet
2481 5252 2567 5326 hic
2594 5251 2967 5326 solacismus,
2997 5251 3101 5310 nisi
3124 5252 3483 5326 subaudiatur
3508 5266 3703 5326 super-

2106 5327 2202 5381 bus
2223 5319 2461 5396 vél'quid
2483 5323 2661 5380 simile
2689 5341 2707 5396 _:
2746 5338 2874 5379 cum
2899 5319 3015 5379 nan
3041 5325 3376 5396 praecesserit
3397 5323 3541 5379 aliud
3563 5319 3699 5378 sub—

2103 5394 2426 5460 stantivuin,
2468 5409 2577 5466 quo
2614 5394 2880 5466 referatur
2914 5394 3215 5466 contentus,
3246 5396 3368 5463 nisi,
3398 5408 3541 5466 mens
3561 5406 3703 5463 pas-

2104 5467 2342 5538 sionibus
2366 5464 2652 5538 obdurata,
2678 5465 2834 5522 initio
2854 5481 2975 5536 cap.
3003 5466 3150 5522 Vidit
3170 5465 3278 5523 hoc
3299 5464 3705 5538 paraphrastes,

2104 5537 2197 5619 qui
2240 5536 2363 5592 aliis
2409 5536 2807 5619 verbisnusus;
2850 5534 2968 5595 Non
3002 5534 3316 5608 acquiescit,
3359 5534 3558 5609 inquit,
3582 5534 3706 5605 jam

2096 5610 2293 5679 jugum
2318 5610 2634 5679 monasterii
2654 5610 2934 5665 sustinere.

2175 5689 2202 5724 ε
2230 5680 2509 5752 Frequens
2538 5678 2630 5735 hic
2661 5679 2868 5752 mentio
2910 5677 3698 5752 Collationumspiritualium,

2106 5765 2229 5823 quae
2250 5750 2393 5808 inter
2411 5759 2617 5823 veteres
2636 5750 2937 5823 monachos
2955 5751 3131 5823 etiam,
3149 5751 3208 5806 in
3221 5750 3518 5823 solitudine
3538 5764 3706 5823 agen-

2107 5819 2189 5879 tes
2214 5820 2398 5879 haberi
2427 5822 2623 5879 solitae.
2664 5825 2750 5880 De
2772 5822 2973 5894 quibus
2998 5837 3098 5879 suo
3124 5822 3246 5879 loco
3265 5821 3547 5895 agendum
3573 5819 3705 5878 erit.
