4042 6198
387 325 498 380 469

962 323 1052 378 DE
1089 321 1567 381 CCENOBIORUM
1603 325 1847 382 INSTIT.
1895 327 2022 383 LIB.
2063 328 2174 383 XII.
2214 357 2286 369 —
2323 329 2413 384 DE
2451 329 2722 388 SPIRITU
2761 333 3146 394 SUPERBIIE.

3625 349 3729 404 470

388 455 523 517 tus;
547 445 641 504 sed
659 445 769 503 huc
795 445 1029 518 illucque
1047 447 1296 522 stupidus
1318 448 1732 508 circumferatur
1755 451 1997 517 intuitus,
2029 458 2081 521 Α
2107 469 2207 510 cur
2234 454 2303 510 ab
2322 469 2389 511 eo
2417 455 2488 511 sit
2525 455 2582 512 in
2609 455 2912 517 humilitate
2953 471 3294 535 praeventus,
3323 467 3542 540 gravius
3579 469 3728 530 indi-

391 543 663 600 aliorsum
692 548 749 598 et
782 539 837 597 in
874 540 1180 614 obliquum,
1211 558 1379 616 quam
1415 543 1585 601 moris
1613 553 1716 609 est,
1748 545 1893 603 oeuli
1915 545 2016 604 de-

397 636 658 710 ﬁgantur.
707 636 816 692 Pro
856 633 1101 707 suspiriis
1150 636 1298 692 enim
1348 636 1704 707 salutaribus,
1745 646 1902 712 sputa
1948 638 2016 696 de

391 732 540 788 sicco
613 735 838 803 gutture
890 727 1315 796 contrahuntur,
1387 732 1786 790 exscreationes
1847 734 2016 790 etiam

399 825 524 882 sine
588 825 698 881 ulla
759 823 1200 897 interpellatione
1252 825 1580 900 phlegmatis
1631 836 2010 900 provocantur,

393 919 548 994 digiti
576 917 804 987 ludunt,
833 927 888 975 et
916 919 972 975 in
1013 919 1246 976 modum
1283 920 1544 992 quiddam
1572 921 1854 980 scribentis
1875 923 2016 980 voli-

391 1017 514 1066 tant
537 1017 700 1080 atque
723 1009 1026 1082 depingunt
1065 1029 1078 1066 :
1111 1017 1166 1066 et
1207 1010 1280 1066 ita
1309 1011 1417 1068 huc
1453 1020 1616 1084 atque
1635 1012 1764 1069 illuc
1787 1013 2008 1070 univer-

299 1090 308 1098 ’
389 1117 454 1159 sa
479 1102 730 1160 membra
753 1102 1000 1174 corporis
1027 1112 1470 1173 commoventur,
1497 1112 1560 1162 ut
1582 1105 1718 1162 dum
1755 1107 2011 1179 spiritalis

389 1196 630 1268 agitatur
656 1195 904 1262 collatio,
925 1202 1106 1252 totum
1143 1210 1203 1252 se
1229 1196 1312 1252 vel
1339 1197 1678 1269 scatentibus,
1699 1199 1972 1256 vermibus
1989 1230 2005 1257 9

391 1287 478 1344 vel
523 1287 852 1344 acutissimis
897 1286 1156 1357 sudibus,
1195 1287 1384 1346 credat
1431 1289 1692 1360 insidere,
1739 1299 1796 1348 et
1843 1291 2010 1364 quid-

393 1380 529 1454 quid
574 1381 804 1454 simplex
859 1381 1080 1440 collatio
1135 1382 1206 1440 ad
1253 1383 1674 1442 aediﬁcationem
1722 1387 2010 1459 protulerit

393 1475 765 1545 audientium,
809 1476 882 1533 ob
919 1491 1078 1534 suam
1119 1477 1558 1550 suggillationem
1597 1479 1834 1535 mstimet
1886 1495 2007 1538 esse

392 1571 689 1644 prolatum.
728 1575 976 1643 Totoque
1005 1577 1250 1644 tempore
1274 1586 1383 1643 quo
1424 1571 1677 1644 spiritalis
1705 1572 1832 1628 vita:
1871 1589 2002 1630 exao

393 1662 622 1719 minatio
695 1663 1003 1736 ventilatur,
1057 1664 1170 1720 suis
1224 1663 1618 1736 suspicionibus
1668 1674 1994 1738 occupatus,

387 1771 498 1812 non
530 1756 660 1829 quid
688 1757 884 1816 exinde
921 1755 992 1814 ad
1029 1755 1332 1830 profectum
1357 1773 1523 1815 suum
1549 1774 1743 1832 capere
1771 1758 1993 1828 debeat,

2122 554 2340 619 gnatur.
2381 547 2578 621 Fitque
2613 551 2662 606 ei
2705 551 2956 613 salutaris
2986 555 3266 615 humilitas
3306 575 3370 616 ac
3391 560 3724 630 satisfactio,

2123 654 2245 712 qua:
2286 639 2453 698 ﬁnem
2500 641 2786 701 diabolicis
2823 649 3216 708 tentationibus
3259 655 3425 725 [Lips.
3461 657 3521 710 in
3547 673 3722 728 marg.

2123 735 2522 796 intentionibus
2618 739 2776 809 solet,
2807 740 3042 814 inferre,
3097 762 3258 804 causa
3305 749 3728 812 vehementioris

2119 830 2380 888 incendii.

2647 932 2889 991 CAPUT
2922 936 3184 993 XXVIII.

2464 1026 2540 1079 De
2564 1024 2762 1090 fratris
2794 1028 3076 1097 cujusdam
3103 1034 3373 1101 superbia.

2192 1114 2396 1170 Audivi
2443 1115 2500 1171 in
2530 1115 2633 1172 hac
2697 1117 2982 1176 dumtaxat
3019 1123 3243 1194 regione
3297 1125 3491 1197 (quod
3539 1126 3728 1186 horret

2115 1205 2389 1280 pudetque
2460 1209 2764 1281 resolvere)
2829 1213 3127 1285 quemdam
3199 1217 3519 1290 juniorum,
3590 1237 3724 1279 cum

2115 1314 2145 1355 a
2188 1315 2288 1357 suo
2327 1302 2699 1376 increparetur
2727 1305 2950 1376 abbate,
2983 1323 3082 1364 cur
3126 1308 3525 1381 humilitatem,
3550 1329 3722 1384 quam

2113 1396 2432 1452 renuntians
2476 1397 2792 1469 permodico
2827 1407 3077 1473 tempore
3105 1410 3434 1468 retentarat,
3465 1405 3724 1477 coepisset

2111 1489 2416 1559 excederet,
2435 1506 2499 1546 ac
2526 1490 2790 1550 diabolica
2819 1493 3003 1550 inflari
3033 1495 3321 1566 superbia?
3349 1511 3566 1554 summa
3591 1513 3724 1556 con-

2109 1583 2346 1637 tumacia
2375 1583 2723 1655 respondisse
2749 1604 2762 1640 :
2795 1586 3080 1658 Numquid
3107 1586 3180 1642 ob
3207 1586 3314 1644 hoc
3335 1590 3722 1664 memetipsum

2107 1671 2386 1732 humiliavi
2413 1692 2510 1749 pro
2535 1686 2781 1750 tempore
2802 1720 2818 1748 ,
2846 1688 2907 1736 ut
2942 1695 3160 1752 semper
3187 1682 3434 1738 subditus
3459 1684 3608 1742 sim?
3633 1685 3722 1742 Ad

2104 1768 2252 1838 quod
2283 1769 2400 1842 ejus
2437 1779 2552 1827 tam
2581 1771 2912 1830 effrenatum
2951 1775 3360 1848 scelestumque
3390 1793 3718 1850 responsum

386 1858 712 1945 aucupatur,
741 1849 836 1907 sed
864 1865 1060 1945 causas
1085 1867 1182 1945 cur
1209 1851 1640 1926 unumquodque
1666 1853 1739 1910 sit
1761 1852 1993 1922 dictum,
2025 1853 2073 1916 B
2103 1861 2176 1918 ita
2225 1871 2308 1920 est
2358 1865 2542 1922 senior
2583 1865 3028 1940 obstupefactus,
3073 1871 3369 1944 omnisque
3399 1872 3516 1945 ejus
3551 1873 3722 1931 inter-

385 1941 617 2000 sollicita
662 1951 846 2000 mente
872 1944 1170 2016 perquirit;
1209 1945 1290 2001 vel
1324 1945 1453 2017 quid
1481 1947 1559 2002 eis
1591 1946 1765 2018 possit
1799 1947 2004 2020 objice-

391 2051 474 2104 re,
502 2037 668 2093 tacita
715 2037 856 2094 intra
904 2052 962 2094 se
995 2037 1175 2095 cordis
1221 2039 1552 2096 volutatione
1593 2041 1900 2114 eonjectat;
1942 2050 2003 2098 ut

394 2126 533 2182 nihil
559 2141 627 2182 ex
655 2127 744 2184 his
790 2143 909 2200 qua:
940 2130 1298 2188 saluberrime
1339 2139 1467 2188 sunt
1503 2131 1741 2204 digesta,
1787 2133 2002 2206 penitus

395 2219 806 2291 apprehendere
841 2231 935 2279 aut
971 2225 1027 2280 in
1058 2224 1237 2298 aliquo
1281 2225 1456 2282 valeat
1495 2227 1794 2284 emendari.
1824 2230 1896 2284 Et
1928 2229 1998 2284 ita

399 2309 464 2367 ﬁt
485 2321 547 2368 ut
587 2328 700 2370 non
735 2315 916 2372 solum
958 2316 1010 2373 in
1051 2318 1204 2375 nullo
1238 2318 1285 2376 ei
1328 2319 1577 2391 proﬁciat
1620 2321 1835 2378 collatio
1886 2323 2000 2394 spi-

391 2403 600 2476 ritalis,
653 2422 841 2464 verum
877 2409 1035 2466 etiam
1079 2410 1344 2468 damnosa
1395 2412 1567 2487 magis
1605 2413 1834 2483 existat,
1873 2415 1998 2472 el’ﬁ-

387 2497 670 2569 ciaturque
705 2499 755 2556 ei
796 2516 954 2559 causa
989 2502 1211 2575 majoris
1247 2505 1468 2577 peccati.
1508 2509 1656 2562 Dum
1693 2493 1841 2564 enim
1883 2524 2000 2580 pro-

389 2592 716 2650 conscientia
746 2609 846 2652 sua
874 2605 1060 2654 totum
1097 2606 1285 2654 contra
1297 2615 1355 2656 se
1394 2601 1696 2673 suapicatur
1731 2617 1848 2658 esse
1875 2618 2000 2675 pro-

390 2685 565 2742 latum
587 2729 602 2756 ,
633 2688 1028 2748 vehementiori
1077 2693 1259 2750 cordis
1285 2695 1653 2752 obstinatione
1677 2697 1998 2768 obduratur,

386 2780 480 2838 ira:
507 2797 728 2856 quoque
762 2785 1001 2842 stimulis
1048 2787 1224 2844 acrius
1263 2788 1552 2861 instigatur
1583 2809 1595 2845 :
1636 2789 1831 2847 deinde
1873 2799 1998 2862 post

383 2876 534 2946 haec,
568 2880 776 2937 excelsa
819 2897 952 2951 vox,
982 2899 1163 2940 sermo
1203 2885 1442 2958 rigidus,
1469 2901 1654 2942 amara
1699 2894 1754 2942 et
1800 2886 1996 2944 turbu-

384 2971 527 3028 lenta
556 2975 843 3046 responsio
863 3017 879 3044 ,
911 2977 1155 3035 incessus
1192 2987 1402 3037 erectus
1425 2995 1488 3037 ac
1519 2980 1774 3049 mobilis,
1815 2981 1996 3055 lingua

386 3064 592 3136 facilis,
636 3084 836 3140 procax
881 3070 1120 3144 loquela,
1165 3088 1266 3130 nec
1299 3090 1565 3146 umquam
1612 3075 1998 3132 taciturnitatis

385 3159 600 3229 amica;
626 3163 725 3219 nisi
746 3179 874 3220 cum
905 3171 1096 3222 contra
1124 3165 1346 3223 fratrem
1377 3183 1662 3225 rancorem
1703 3169 1997 3241 quemdam

2112 1963 2301 2027 ceptus
2350 1965 2433 2013 est
2479 1961 2694 2031 sermo',
2739 1961 2903 2018 veluti
2949 1961 3041 2034 qui
3087 1963 3155 2019 ab
3209 1963 3298 2020 illo
3343 1965 3461 2037 ipso
3495 1966 3718 2039 antiquo

2109 2047 2368 2104 Lucifero
2410 2049 2572 2107 verba
2603 2051 2727 2108 haec
2755 2053 2994 2124 prolata,
3023 2070 3132 2110 non
3177 2055 3246 2110 ab
3273 2054 3498 2114 homine
3532 2073 3718 2130 peree-

2111 2142 2294 2213 pisset,
2323 2151 2383 2200 ut
2413 2145 2620 2201 nullam
2639 2161 2832 2202 vocem
2857 2143 3118 2203 adVersus
3145 2155 3355 2204 tantam
3383 2151 3719 2220 proterviam

2108 2235 2177 2292 de
2200 2252 2298 2294 ore
2337 2253 2440 2295 suo
2468 2255 2693 2312 prorsus
2728 2241 3010 2310 emittere,
3034 2241 3140 2298 nisi
3181 2243 3418 2313 gemitus
3448 2243 3517 2300 de
3555 2244 3721 2303 corde

2105 2331 2492 2389 tantummodo
2513 2349 2578 2389 ac
2603 2333 2834 2407 suspiria
2866 2334 3126 2406 potuerit,
3152 2334 3284 2392 illud
3309 2335 3490 2392 solum
3521 2337 3719 2396 tacitus

2106 2424 2244 2482 intra
2273 2428 2632 2500 semetipsum
2667 2431 2908 2500 volvens,
2939 2429 3090 2502 quod
3126 2429 3194 2486 de
3225 2430 3500 2488 Salvatore
3523 2439 3715 2490 nostro

2104 2518 2307 2576 dicitur
2337 2543 2350 2578 :
2385 2523 2492 2589 Qui
2515 2538 2636 2577 cum
2674 2525 2733 2577 in
2776 2525 2960 2590 forma
2999 2525 3098 2580 Dei
3132 2529 3288 2587 esset,
3331 2526 3637 2581 humiliavit
3661 2539 3717 2582 se

2105 2615 2286 2680 factus
2314 2615 2584 2680 obedieus,
2615 2631 2728 2670 non
2757 2616 2836 2686 (ut
2859 2615 2950 2672 ille
2989 2617 3090 2684 ait,
3121 2615 3395 2672 diabolico
3432 2615 3622 2689 spiritu
3650 2633 3716 2673 ac

2104 2715 2320 2764 tumore
2357 2707 2656 2780 possessus)
2687 2701 2716 2739 δ
2743 2723 2844 2780 pro
2873 2715 3141 2780 tempore,
3163 2707 3260 2764 sed
3283 2725 3451 2779 usque
3469 2711 3544 2764 ad
3570 2726 3716 2764 mor-

2105 2805 2210 2856 tem
2237 2803 2500 2872 (Philipp.
2531 2801 2623 2872 Il).

2652 2904 2893 2962 CAPUT
2931 2905 3157 2960 XXIX.

2103 3002 2332 3067 Indicia,
2365 3003 2557 3073 quibus
2577 3003 2831 3071 superbia
2857 3003 3096 3126 cqrualis
3117 3018 3189 3056 an
3198 3004 3317 3059 ima:
3345 3005 3514 3058 inesse
3531 3018 3715 3072 cogno-

2817 3088 2896 3126 set
2923 3089 3009 3126 ur.

2817 3088 3009 3129 δειειιν.

2175 3176 2248 3229 Et
2280 3181 2343 3230 ut
2368 3173 2588 3230 brevius
2611 3188 2673 3230 ea
2706 3188 2830 3246 quae
2867 3173 3010 3231 dicta
3055 3181 3183 3229 sunt
3223 3172 3292 3228 de
3315 3171 3422 3229 hoc
3443 3172 3714 3245 superbiae

385 3251 446 3308 in
471 3268 576 3310 suo
618 3255 781 3314 corde
825 3260 1154 3331 conceperit,
1179 3259 1351 3332 ﬁtque
1373 3264 1400 3294 ⁸
1440 3261 1712 3318 silentium
1751 3263 1867 3336 ejus
1889 3279 2000 3320 non
2033 3253 2080 3318 C
2107 3282 2304 3340 genere
2333 3268 2797 3340 perstringamus,
2826 3267 3081 3340 quaedam
3109 3267 3259 3341 signa
3297 3267 3415 3340 ejus
3444 3266 3502 3323 in
3535 3255 3711 3340 quan-

399 3349 863 3419 compunctionis,
903 3366 1006 3408 nec
1035 3349 1356 3408 humilitatis
1381 3351 1573 3420 ullius,
1603 3352 1698 3408 sed
1735 3351 2002 3426 superbia:

388 3444 447 3493 et
491 3437 882 3510 indignationis
910 3441 1190 3508 indicium,
1236 3443 1309 3502 ita
1340 3453 1403 3500 ut
1429 3443 1560 3516 quid
1589 3445 1643 3500 in
1671 3459 1736 3501 eo
1760 3443 2004 3502 detesta-

385 3529 548 3588 bilius
577 3532 663 3604 sit,
703 3533 845 3592 haud
876 3536 1034 3594 facile
1057 3537 1416 3609 discernatur,
1456 3547 1644 3596 utrum
1667 3538 1874 3598 diffusa
1912 3540 2001 3597 illa

394 3624 750 3701 petulansque
788 3629 973 3688 laetitia
993 3673 1012 3705 ,
1043 3648 1114 3688 an
1141 3632 1257 3690 dira
1301 3633 1418 3691 hinc
1461 3633 1834 3709 virulentaque
1862 3637 1997 3717 taci-

387 3719 634 3778 turnitas.
687 3725 749 3780 In
809 3723 900 3782 illa
949 3741 1186 3800 namque
1229 3742 1412 3785 sermo
1466 3743 1580 3784 non
1625 3737 1996 3802 opportunus:

389 3814 531 3872 risus
573 3815 704 3874 levis
735 3832 800 3874 ac
829 3817 1036 3890 fatuus,
1083 3819 1350 3879 effrenata
1397 3829 1561 3894 atque
1602 3822 2002 3894 indisciplinata

386 3908 566 3966 cordis
593 3910 792 3980 elatio;
826 3913 883 3968 in
906 3913 1008 3969 ista
1032 3929 1160 3968 vero
1178 3953 1195 3980 ,
1223 3913 1304 3968 ira
1348 3915 2003 3984 plenum,'virulentum-

395 4015 504 4073 que
529 4002 833 4071 silentium,
865 4011 922 4059 et
958 4003 1110 4074 quod
1151 4002 1224 4058 ob
1267 4001 1372 4058 hoc
1412 4009 1630 4056 tantum
1679 4005 1998 4074 concipitur,

392 4102 455 4150 ut
498 4095 765 4155 adversus
808 4095 1032 4150 fratrem
1087 4108 1286 4150 rancor
1329 4092 1704 4150 taciturnitate
1755 4107 2002 4156 servatus

387 4188 647 4258 protelari
685 4185 886 4242 diutius
913 4185 1107 4258 possit,
1145 4200 1257 4242 non
1284 4193 1348 4242 ut
1373 4201 1440 4242 ex
1468 4200 1534 4242 eo
1578 4185 1750 4242 virtus
1781 4185 2002 4246 humili-

381 4281 516 4338 tatis
565 4294 629 4334 ac
660 4277 930 4351 patientiae
978 4279 1306 4352 praebeatur.
1355 4281 1425 4336 Et
1473 4295 1602 4337 cum
1640 4279 1753 4353 ipse
1781 4289 2001 4341 tumore

377 4385 702 4446 possessus,
745 4371 901 4428 facile
948 4373 1155 4430 cunctis
1194 4373 1438 4430 tristitias
1464 4372 1692 4444 inferat,
1734 4384 1902 4449 atque
1929 4375 2000 4434 ad

2107 3367 2226 3416 tum
2251 3374 2546 3432 possumus
2573 3359 2916 3433 colligentes,
2948 3369 3008 3416 ut
3035 3360 3119 3417 his
3156 3360 3249 3432 qui
3285 3359 3354 3416 de
3382 3359 3712 3433 perfectione

2107 3451 2293 3509 sitiunt
2319 3452 2546 3522 erudiri,
2570 3452 2983 3526 quodammodo
3011 3453 3352 3511 characteres
3375 3453 3494 3526 ejus
3521 3453 3590 3511 de
3613 3469 3710 3511 ex-

2107 3545 2324 3602 terioris
2361 3545 2599 3603 hominis
2630 3546 2869 3604 motibus
2897 3547 3300 3620 exprimamus;
3341 3547 3710 3604 necessarium

2109 3649 2240 3722 puto
2265 3640 2450 3714 paucis
2479 3641 2670 3698 eadem
2697 3641 2966 3714 replicati,
2996 3649 3057 3698 ut
3084 3641 3529 3714 compendiosius
3554 3656 3712 3716 agno-

2107 3744 2356 3800 scamus,
2411 3729 2614 3802 quibus
2671 3745 2795 3787 eam
2843 3730 3150 3788 discernere
3187 3746 3252 3787 ac
3308 3729 3712 3803 deprehendere

2104 3825 2379 3880 valeamus
2404 3823 2652 3892 indiciis;
2683 3838 2793 3896 quo
2835 3823 3059 3880 nudatae
3095 3832 3256 3896 atque
3282 3823 3334 3878 in
3365 3822 3712 3893 superﬁciem

2106 3917 2387 3989 productae
2423 3917 2687 3988 passionis
2728 3916 2892 3990 hujus
2935 3916 3173 3985 radices,
3213 3925 3270 3971 et
3313 3914 3573 3970 oculatim
3618 3914 3712 3971 de-

2105 4009 2387 4080 prehensae
2415 4018 2581 4082 atque
2623 4019 2946 4082 perspectas,
2983 4011 3064 4066 vel
3105 4007 3336 4065 convelli
3367 4005 3578 4062 facilius
3611 4023 3712 4064 va-

2108 4100 2274 4167 leant,
2306 4103 2386 4156 vel
2425 4102 2604 4157 vitari.
2644 4104 2801 4157 Tunc
2827 4102 2972 4158 enim
3001 4103 3200 4174 poterit
3233 4097 3456 4173 pestifer
3480 4099 3712 4158 morbus

2107 4193 2176 4250 ad
2202 4193 2472 4266 integrum
2495 4194 2780 4260 declinari,
2813 4210 2941 4250 cum
2969 4204 3157 4250 contra
3187 4193 3356 4266 ipsius
3378 4193 3712 4266 perniciosos

2105 4293 2273 4346 aestus
2301 4297 2356 4344 et
2380 4288 2617 4360 impetus
2641 4289 2862 4356 noxios,
2891 4305 3005 4346 non
3039 4304 3158 4346 sera
3177 4289 3519 4347 observantia
3539 4333 3555 4360 ,
3577 4305 3711 4349 cum

2097 4383 2216 4455 jam
2247 4381 2617 4453 dominantur,
2670 4382 3000 4453 assumitur;
3037 4382 3132 4440 sed
3173 4399 3304 4440 cum
3343 4383 3710 4456 praecedentes

379 4463 816 4523 satisfactionem
876 4467 988 4525 laesi
1039 4466 1225 4524 fratris
1271 4467 1623 4541 semetipsum
1672 4469 1994 4528 submittere
2102 4475 2220 4548 ejus
2265 4475 2361 4546 (ut
2399 4475 2474 4533 ita
2517 4475 2797 4544 dixerim)
2845 4475 3016 4534 lineas
3053 4486 3447 4551 agnoscentes,
3483 4477 3709 4552 provida

383 4556 706 4630 dedignetur
759 4579 772 4615 :
811 4559 975 4616 etiam
1025 4561 1092 4618 ab
1145 4559 1236 4616 illo
1261 4559 1479 4616 sibimet
1501 4560 1744 4618 oblatam
1783 4563 1993 4636 respuit
2019 4643 2050 4646 _
2100 4586 2227 4628 eum
2260 4570 2545 4645 sagaciqne
2571 4570 2902 4630 discretione
2927 4573 3334 4646 praeui-rimus.
3369 4575 3444 4630 De
3473 4572 3708 4630 exterio-

387 4659 550 4724 atque
586 4654 908 4710 contemnit.
963 4657 1031 4711 Et
1067 4669 1180 4710 non
1223 4653 1402 4710 solum
1431 4655 1579 4712 nulla
1613 4655 1798 4714 fratris
1825 4659 1988 4715 satis-
2018 4643 2068 4705 Ῑ)
2098 4663 2172 4718 ris
2195 4643 2471 4737 namque,
2501 4664 2642 4722 sicut
2664 4643 3044 4737 praediximus,
3071 4665 3314 4721 hominis
3340 4673 3522 4732 motu,
3561 4664 3710 4721 inte-

386 4741 622 4832 factione
665 4746 1055 4820 compungitur
1093 4762 1267 4819 neque
1295 4741 1560 4816 mollitur,
1591 4765 1782 4806 verum
1824 4753 1992 4810 etiam
2099 4757 2258 4814 rioris
2289 4765 2465 4814 status
2493 4758 2860 4830 agnoscitur.°
2885 4757 2986 4814 His
3029 4758 3193 4828 igitur
3221 4756 3436 4812 indiciis
3471 4755 3707 4814 camelis

1484 4891 1738 4947 ALARDI
1777 4892 2000 4950 GAZEI
2039 4895 2606 4952 COMMENTARIUS.

457 5013 484 5043 ⁸
513 5012 587 5084 Ι),
618 5009 914 5082 Gregorius
937 5010 1030 5068 lib.
1061 5025 1253 5068 xxxiv
1279 5011 1568 5068 Moralium
1595 5027 1715 5084 cap.
1739 5016 1806 5070 20
1835 5035 1848 5069 :
1879 5017 1999 5071 Ali-

388 5083 610 5156 quando
655 5085 876 5156 superbi
911 5088 1182 5156 proterva,
1211 5099 1330 5152 qtae
1353 5087 1621 5148 sentiunt,
1661 5083 1998 5156 nequaquam

379 5155 640 5224 produnt,
664 5159 717 5208 et
737 5155 798 5208 hi
812 5171 1038 5224 quorum
1057 5155 1352 5226 loquacitas
1379 5157 1478 5216 vita
1491 5155 1857 5226 compescitur,
1868 5173 1999 5212 non-

388 5240 688 5294 numquam
700 5241 771 5280 em
791 5227 906 5280 sola
922 5225 1293 5280 amaritudine
1307 5228 1492 5280 intimi
1511 5225 1750 5282 rancoris
1765 5229 1996 5282 obmute-

389 5301 585 5350 scunt:
612 5298 719 5363 Qui
735 5312 832 5366 per
853 5297 1089 5352 dolorem
1111 5299 1304 5351 mentis
1329 5299 1678 5367 procacitatis
1705 5313 1816 5352 sure
1835 5299 1998 5354 verba

389 5367 792 5430 subtrahentes,
823 5383 941 5423 cum
967 5368 1114 5422 male
1159 5367 1310 5437 loqui
1340 5369 1574 5432 soleant,
1594 5369 1752 5439 pejus
1789 5375 1996 5436 tacent;

395 5439 526 5509 quia
551 5453 672 5493 cum
685 5443 962 5509 peccantes
985 5440 1195 5508 aliquid
1218 5440 1287 5494 de
1305 5442 1627 5495 correctione
1641 5440 1892 5503 audiunt,
1906 5444 1998 5496 in-

399 5508 680 5584 dignantes
691 5508 694 5509 ⁷
706 5513 870 5564 etiam
891 5512 1252 5584 responsionis;
1269 5511 1431 5584 uerba
1457 5512 1790 5582 suspendunt
1811 5513 1992 5584 (Greg.

397 5579 590 5634 Morel.
614 5582 650 5635 l.
679 5595 731 5635 ν.
765 5597 810 5636 c.
838 5585 908 5636 29
927 5579 1091 5649 et'3l,
1121 5585 1173 5636 et
1196 5581 1378 5644 alibi).

469 5649 584 5725 {Id
623 5660 727 5718 est,
771 5652 838 5708 ad
865 5659 1103 5724 tempus,
1129 5660 1192 5708 ut
1237 5651 1529 5725 Dionysius
1567 5653 1816 5725 exposuit
1844 5653 1990 5725 (Lib.

389 5719 460 5775 de
483 5720 750 5795 Ifrtecepto
776 5728 828 5795 et
865 5719 1095 5795 Dispeni
1125 5740 1172 5778 c.
1210 5726 1320 5790 '24),
1348 5719 1500 5795 quasi
1533 5719 1661 5780 vero
1690 5719 1996 5781 monastica

383 5789 673 5866 professio—
685 5801 739 5850 et
763 5789 1069 5866 obedientia
1107 5789 1432 5866 temporaria
1461 5803 1622 5860 esset,
1653 5804 1709 5866 et
1730 5811 1840 5850 non
1869 5809 1992 5866 per-

386 5864 573 5935 petua.
602 5866 675 5920 D.
711 5865 1019 5922 Bernartius
1043 5865 1102 5920 in
1127 5864 1290 5922 simili
1320 5873 1646 5937 argumento
1683 5864 1995 5939 interroga-

2104 5025 2193 5071 tus
2225 5033 2238 5070 :
2269 5017 2360 5070 An
2385 5015 2598 5070 abbatis
2631 5017 2859 5070 mutatio
2902 5017 3276 5071 monasterium
3301 5030 3460 5072 suum
3492 5017 3707 5071 mutare

2103 5085 2396 5156 nolentibus
2412 5087 2472 5156 in
2491 5087 2672 5156 aliquo
2687 5089 3096 5155 patrocinatur?
3120 5087 3225 5144 hoc
3237 5095 3337 5154 est,
3360 5104 3429 5144 an
3446 5088 3502 5144 in
3522 5093 3708 5144 morte

2103 5157 2186 5230 vel
2216 5155 2815 5230 translatione’praelati
2847 5158 2965 5229 plus
2995 5157 3200 5230 aliquid
3229 5158 3488 5230 libertatis
3514 5156 3710 5230 subdi-

2104 5226 2545 5302 tis_(m_ouachis)
2583 5226 2940 5302 concedatur,
2966 5226 3360 5302 quo'licentius
3389 5228 3600 5302 possint
3635 5243 3703 5288 eo

2104 5297 2624 5372 articu|o_temporis
2650 5302 2888 5372 migrare
2917 5297 3030 5372 quo
3055 5299 3352 5366 voluerint,
3377 5297 3547 5356 altero
3578 5316 3707 5358 nec-

2103 5369 2236 5444 dum
2279 5369 2614 5444 substituto?
2640 5369 2955 5444 _respondet
2999 5372 3268 5444 negative.
3316 5375 3457 5430 Nam
3493 5376 3704 5444 sponsio

2098 5443 2474 5511 professionis,
2499 5441 2700 5512 inquit,
2731 5441 2798 5498 de
2823 5443 3036 5498 abbatis
3059 5441 3173 5498 uita
3199 5459 3306 5498 non
3326 5447 3494 5498 sumit
3516 5441 3706 5498 termi-

2103 5529 2262 5578 num;
2291 5513 2386 5568 sed
2404 5513 2470 5568 de
2495 5515 2790 5583 praesentia
2818 5516 3196 5570 testimonium.
3228 5515 3509 5584 Proﬁtenti
3524 5516 3706 5584 itaque

2103 5585 2293 5638 modus
2311 5586 2382 5639 sit
2407 5599 2506 5639 sua
2534 5587 2670 5648 vita,
2695 5600 2801 5640 non
2823 5585 3022 5640 aliena.
3393 5617 3398 5620 -
3751 5601 3755 5604 '

2173 5657 2199 5687 ο
2225 5654 2454 5727 Similia,
2484 5654 2660 5711 immo
2681 5655 2870 5712 eadem
2900 5654 3012 5712 fere
3045 5653 3318 5727 superbiae
3358 5654 3560 5712 indicia
3586 5663 3704 5727 tra-

2103 5723 2184 5780 dit
2208 5723 2607 5800 D.AGregorius
2635 5727 2955 5800 cassianum
2981 5723 3227 5800 imitatus
3267 5727 3388 5784 loco
3423 5741 3587 5798 supra
3627 5726 3705 5782 ci-

2103 5803 2248 5877 tato.
2263 5797 2521 5877 punctis,
2545 5799 2738 5877 inquit,
3022 5799 3174 5869 apud
3197 5812 3254 5852 se
3273 5797 3704 5877 cogitatiOnentu-

2103 5869 2368 5924 mentibus
2387 5871 2523 5924 inest
2537 5865 2739 5926 clamor
2761 5865 3120 5932 in'locutione,
3147 5865 3453 5923 amaritudo
3472 5868 3529 5917 in
3551 5865 3688 5920 sileri
