4042 6198
298 295 397 347 471

1652 275 1932 333 JOANNIS
1966 274 2268 332 CASSIANI

3515 267 3625 321 472

299 417 426 486 sita,
451 430 617 489 quam
638 410 848 487 prafati
868 424 1083 478 sumus,
1107 404 1363 479 superbia
1390 403 1728 460 declaratur:
1756 404 1907 457 Inest
1934 404 1989 467 Α
2015 396 2257 471 possidet
2304 395 2579 470 [superbia
2627 393 2885 489 subaud.]
2904 433 2920 460 ,
2950 388 3266 489 devolutus,
3300 387 3419 489 jam

301 508 563 583 primitus
609 509 665 563 in
703 505 917 579 loquela
971 504 1089 576 ejus
1140 501 1369 563 clamor,
1434 500 1492 555 in
1538 496 1908 555 taciturnitate

301 602 649 667 amaritudo,
683 599 926 657 excelsus
952 605 1008 654 et
1041 593 1249 651 effusus
1276 592 1333 648 in
1356 590 1539 648 latitia
1583 589 1755 657 risus,
1785 588 1911 645 irra-

302 695 574 753 tionabilis
604 694 659 749 in
685 692 935 748 serietate
964 686 1204 752 tristitia,
1237 685 1290 740 in
1319 681 1670 756 responsione
1693 677 1912 749 rancor,

303 792 540 849 facilitas
583 789 639 844 in
675 800 967 852 sermone,
1012 782 1174 840 verba
1210 781 1415 854 passim
1444 779 1561 836 sine
1593 778 1705 835 ulla
1732 776 1915 834 cordis

307 885 573 958 gravitate
616 879 976 953 erumpentia.
1026 880 1236 949 Expers
1288 873 1562 948 patientia
1625 881 1755 938 est;
1784 871 1916 928 cha-

307 977 479 1033 ritatis
507 976 681 1032 aliena
704 1017 719 1040 ,
747 973 925 1030 audax
958 971 1029 1029 ad
1066 969 1428 1027 contumelias
1469 965 1814 1040 irrogandas,
1845 964 1913 1021 ad

306 1066 620 1125 tolerandas
665 1064 1050 1139 pusillanimis,
1118 1061 1188 1118 ad
1234 1059 1599 1118 obediendum
1645 1057 1915 1125 difﬁcilis,

303 1162 404 1219 nisi
431 1162 486 1218 in
509 1178 618 1234 quo
656 1176 779 1217 eam
805 1158 1135 1215 desiderium
1173 1170 1336 1212 suum
1365 1153 1719 1223 voluntasque
1775 1166 1917 1223 pra:-

307 1255 536 1322 venerit,
564 1253 632 1309 ad
661 1250 1032 1324 recipiendam
1068 1248 1508 1306 exhortationem
1533 1244 1915 1317 implacabilis,

308 1348 379 1405 ad
402 1346 726 1404 resecandas
759 1345 1077 1402 voluntates
1116 1358 1242 1399 suas
1264 1341 1482 1398 inﬁrma
1501 1382 1517 1408 ,
1548 1338 1619 1396 ad
1659 1353 1918 1395 succum-

311 1440 555 1498 bendum
595 1438 785 1496 alienis
827 1437 1154 1504 durissima,
1193 1448 1511 1507 semperque
1561 1447 1689 1489 suas
1729 1430 1919 1488 deﬁni-

311 1536 489 1592 tiones
533 1543 771 1591 statuere
813 1530 1179 1597 contendens,
1221 1529 1335 1601 ipsa
1389 1543 1516 1583 vero
1568 1542 1918 1597 nequaquam

314 1628 509 1685 cedere
546 1628 769 1682 alterius
795 1625 1139 1695 acquiescens
1162 1642 1175 1677 :
1197 1630 1253 1678 et
1298 1622 1372 1677 ita
1414 1620 1504 1685 ﬁt,
1543 1627 1607 1675 ut
1645 1619 1811 1674 etiam
1837 1618 1919 1674 in-

314 1735 484 1791 capax
512 1719 721 1775 consilii
746 1717 975 1773 salubris
1002 1714 1223 1781 effecta,
1248 1713 1307 1769 in
1335 1710 1591 1769 omnibus
1611 1725 1711 1768 suo
1740 1710 1923 1783 potius

315 1827 482 1883 quam
502 1811 783 1867 seniorum
810 1806 1242 1877 credatjudicio.

885 1900 1124 1958 CAPUT
1149 1901 1346 1955 XXX.

321 1998 636 2069 Tcpefactus
674 1998 797 2066 quis
828 2010 929 2065 per
951 1993 1259 2120 sgpeiit-iléiam
1296 1994 1425 2048 aliis
1466 2008 1671 2063 quoque
1698 2007 1925 2061 prceesse

1015 2082 1065 2120 es
1158 2081 1216 2119 ra
1251 2108 1263 2119 .

1015 2081 1263 2121 escaerar.

390 2160 603 2231 Quibus
648 2157 1051 2215 desce’nsuuma
1100 2156 1356 2230 gradibus
1423 2156 1499 2224 is,
1546 2171 1712 2228 quem
1758 2154 1925 2211 semel

1952 1797 2000 1859 B

2014 491 2355 565 disciplinam
2397 490 2633 548 canobii
2669 485 3047 561 perhorrescit,
3078 499 3141 540 ac
3169 483 3335 540 veluti
3366 482 3464 555 qui
3506 481 3628 538 fra-

2017 597 2170 644 trum
2195 585 2471 642 consortio
2500 584 2566 641 de
2592 581 2920 655 perfectione
2936 577 3265 645 retrahatur,
3295 591 3358 632 ac
3379 573 3448 631 de
3475 574 3627 633 bono

2021 680 2300 755 patientia
2342 687 2505 750 atque
2534 676 2859 734 humilitatis
2900 674 3134 730 aliorum
3158 670 3287 726 vitio
3320 678 3375 726 et
3402 666 3653 742 impedi-‘

2020 782 2209 833 mento
2244 781 2552 841 revocetur,
2586 771 2978 828 habitationem
3013 765 3273 824 solitaria
3295 764 3447 821 cella
3480 763 3629 822 desi-

2021 869 2196 938 derat,
2238 883 2335 925 seu
2368 874 2520 924 certe
2567 864 2714 922 velut
2749 863 2930 936 plures
2962 860 3099 916 alios
3140 858 3451 914 lucraturus
3499 871 3631 912 con-

2021 971 2230 1020 struere
2259 958 2679 1025 monasterium,
2706 965 2761 1013 et
2783 970 2922 1029 quos
2940 953 3136 1011 docere
3161 960 3326 1023 atque
3344 949 3629 1007 instituere

2024 1054 2250 1124 debeat,
2302 1066 2633 1127 congregare
2681 1048 2922 1117 festinat;
2973 1062 3038 1103 ex
3092 1043 3359 1116 discipulo
3388 1058 3629 1116 nequam

2025 1148 2399 1207 detestabilior
2431 1146 2687 1219 magister
2715 1142 2961 1200 effectus.
2986 1143 3126 1198 Nam
3154 1154 3283 1195 cum
3312 1137 3627 1210 hujusmodi

2026 1241 2255 1298 elatione
2274 1239 2460 1296 cordis
2480 1240 2536 1294 in
2556 1234 3085 1310 perniciosissimum
3110 1240 3357 1305 teporem
3377 1229 3631 1286 noxium-

2027 1350 2133 1406 que
2150 1332 2439 1400 corruerit,
2469 1340 2526 1387 et
2553 1346 2653 1386 nec
2681 1343 2840 1385 verus
2865 1325 3196 1392 monachus,
3223 1339 3323 1379 nec
3352 1321 3639 1406 sacularis

2027 1426 2257 1483 effectus
2284 1426 2353 1483 sit
2382 1446 2394 1481 :
2427 1423 2573 1497 quod
2613 1432 2696 1480 est
2729 1420 2992 1487 deterius,
3033 1419 3202 1476 etiam
3238 1415 3639 1491 perfectionem

2026 1520 2132 1577 sibi
2163 1536 2230 1577 ex
2279 1518 2385 1576 hoc
2425 1519 2543 1591 ipso
2595 1514 2888 1572 miserabili
2934 1520 3081 1570 statu
3126 1519 3181 1568 et
3219 1508 3635 1568 conversatione

2030 1613 2326 1687 promittit.

2584 1738 2829 1824 CAPUT
2866 1766 3082 1821 xxxx.

2033 1927 2300 1996 Quomodo
2323 1928 2633 1999 superbiam
2663 1926 2867 2007 uincere
2896 1922 2977 2006 rel
3009 1921 3083 1976 ad
3116 1921 3499 1992 perfectionem
3507 1933 3637 1989 per.

2584 2011 2761 2051 perure
2782 2008 3074 2065 possemus.

2107 2153 2480 2224 Quamobrem
2523 2153 2567 2211 si
2594 2156 2620 2190 ι’
2670 2152 2885 2211 adiﬁcii
2926 2150 3100 2209 nostri
3145 2148 3359 2224 fastigia
3399 2149 3639 2223 perfecta

1420 2304 1673 2359 ALARDI
1714 2304 1940 2358 (ΞΑΖᾸΞΙ
1976 2301 2538 2358 COMMENTARIUS.

323 2436 418 2501 tio,
442 2433 720 2489 dissolutio
732 2434 790 2487 in
802 2434 1097 2495 hilaritate,
1115 2433 1272 2499 furor
1289 2432 1349 2485 in
1363 2433 1606 2492 tristitia,
1625 2432 1925 2484 mhonestas

322 2507 382 2559 in
402 2508 623 2566 actione,
643 2506 885 2559 honestas
905 2507 961 2557 in
984 2505 1235 2572 imagine,
1263 2505 1450 2557 erectio
1472 2505 1527 2555 in
1554 2504 1775 2561 incessu,
1797 2518 1928 2554 ran-

323 2592 412 2630 cor
439 2578 497 2629 in
524 2578 877 2644 responsione.
904 2578 1106 2630 Horum
1149 2588 1297 2627 mens
1335 2589 1539 2643 semper
1575 2578 1651 2626 est
1695 2573 1766 2625 ad
1796 2574 1928 2626 irro-

322 2647 529 2715 gandas
555 2647 898 2700 contumelias
926 2646 1133 2712 valida,
1158 2645 1232 2698 ad
1256 2645 1557 2699 tolerandas
1588 2646 1822 2712 inﬁrma,
1853 2644 1927 2697 ad

325 2718 675 2772 obedientium
712 2719 900 2786 pigra,
932 2717 1006 2770 ad
1043 2717 1366 2770 lacessendos
1394 2730 1514 2769 vero
1555 2715 1689 2786 alios
1718 2717 1927 2783 impor-

326 2792 495 2853 tuna;
518 2789 665 2842 adea
686 2783 806 2857 qua:
830 2790 1009 2854 facere
1031 2792 1080 2843 et
1099 2788 1271 2853 debet,
1300 2791 1350 2841 et
1369 2783 1657 2856 prcevatet,
1688 2788 1885 2853 ignava
1908 2804 1925 2850 ;

325 2858 405 2935 ad
420 2876 479 2913 ea
492 2864 669 2935 autem
688 2874 808 2928 qua:
836 2860 1013 2935 facere
1025 2874 1114 2935 nec
1134 2859 1302 2935 debet,
1316 2858 1703 2935 necprcevalct,
1716 2860 1928 2935 parata

328 2930 533 2999 (Moral.
562 2924 776 2997 xxxiv,
806 2924 919 2995 20).
949 2933 1032 2985 De
1060 2928 1145 2983 his
1170 2927 1362 2983 itidem
1383 2924 1576 2999 signis.
1597 2940 1693 2981 seu
1714 2924 1927 2999 indiciis

325 2994 440 3055 tam
466 3000 727 3066 carnalis,
764 2994 938 3071 quam
986 2999 1253 3071 spiritalis
1268 2994 1534 3071 superbia
1568 2997 1671 3050 late
1712 2994 1927 3071 disserit

325 3074 396 3126 D.
443 3074 675 3143 Prosper
701 3066 1095 3143 lib.‘7m_(c&p.
1132 3072 1189 3143 8_)
1223 3068 1289 3143 d_e
1322 3066 1446 3122 Vita
1470 3066 1923 3143 Contemplativa,

329 3156 500 3214 eaque
530 3138 896 3214 particulatim
918 3138 1219 3214 distinguit,
1242 3138 1321 3214 ita
1347 3152 1576 3214 exorsus
1604 3156 1618 3214 ξ
1644 3140 1765 3214 Iam
1788 3153 1928 3214 nunc

326 3209 603 3268 rideamus
634 3214 824 3282 quibus
855 3213 1068 3266 indiciis
1099 3209 1270 3280 possit
1300 3209 1550 3282 superbia
1582 3209 1926 3279 deprehendi,

328 3287 408 3343 ut,
438 3287 574 3338 sicut
602 3281 658 3338 in
686 3283 1053 3353 superioribus
1072 3282 1268 3336 claruit
1296 3281 1502 3335 nullum
1506 3286 1793 3405 (peccatum
1818 3282 1932 3335 sine

328 3354 426 3405 illa
454 3371 604 3405 nosse
638 3357 915 3405 committi.
944 3357 1023 3405 ita
1052 3355 1134 3405 hic
1154 3355 1305 3405 siuna
1332 3352 1446 3405 eius
1477 3368 1503 3405 e
1528 3356 1715 3405 uceant
1732 3352 1925 3405 quibus

328 3354 426 3405 illa
450 3371 604 3422 posse
638 3352 915 3418 committi,
944 3357 1023 3408 ita
1052 3355 1134 3407 hic
1154 3355 1305 3421 signa
1332 3352 1446 3422 ejus
1477 3352 1715 3406 eluceant
1732 3352 1925 3420 quibus

328 3426 561 3494 cavenda
596 3428 770 3494 possit
807 3427 1029 3481 ostendi.
1063 3427 1257 3481 Omitte
1296 3425 1411 3478 illos
1449 3440 1577 3492 quos
1616 3425 1778 3477 etiam
1814 3425 1929 3491 ipse

329 3492 543 3547 habitus
588 3492 639 3548 et
679 3500 909 3550 incessus
946 3496 1195 3565 superbos
1221 3496 1480 3565 ostendit;
1508 3510 1732 3562 quorum
1760 3498 1929 3565 erecta

332 3565 535 3624 cervis),
578 3566 741 3629 facies
772 3572 940 3627 terra,
983 3564 1153 3619 truces
1192 3564 1351 3625 oculi,
1380 3568 1429 3617 et
1456 3579 1626 3617 sermo
1672 3564 1928 3617 terribilis

329 3634 536 3687 nudam
566 3635 873 3702 superbiam
913 3638 1191 3688 clamant:
1234 3636 1332 3703 qui
1354 3635 1574 3687 libidine
1614 3634 1934 3687 dominandi

323 3705 576 3773 possessi,
599 3721 734 3773 quas
746 3710 969 3774 possunt
982 3703 1237 3759 violenter
1252 3705 1355 3757 sibi
1366 3704 1677 3772 subjiciunt,
1697 3703 1931 3757 humana

320 3776 459 3845 jura
486 3777 775 3845 divinaque
820 3776 1186 3843 confundunt,
1226 3776 1511 3830 honoribus
1540 3777 1929 3837 intumescunt,

328 3848 538 3916 passim
563 3852 757 3901 cuncta.
777 3847 1039 3916 dirigunt,
1083 3850 1196 3902 suis
1239 3846 1558 3901 criminibus
1585 3846 1848 3914 gaudent,
1882 3849 1934 3899 et

316 3919 531 3989 'seipsos
556 3920 817 3989 superbiae
833 3921 1074 3989 corrupti
1092 3918 1273 3973 morbo
1292 3934 1397 3971 non
1422 3920 1660 3987 capiunt.
1686 3918 1792 3971 Hos
1808 3931 1934 3983 ergo

324 3995 609 4060 prietereo,
634 3992 689 4044 in
706 3992 899 4060 quibus
921 3991 1175 4060 superbia
1196 3994 1305 4043 tam
1329 3994 1510 4059 aperte
1527 3991 1734 4055 regnat,
1760 3992 1935 4060 utnec

331 4058 586 4130 dignetur
610 4078 664 4116 se
692 4058 1096 4130 o‘ccultare,'nec
1127 4062 1325 4115 caleat.
1358 4061 1483 4114 Illos
1508 4064 1720 4114 tantum
1745 4058 1934 4113 dolen-

333 4131 427 4187 dos
453 4134 687 4194 ostendo,
720 4138 882 4203 atque
909 4149 1089 4188 eorum
1117 4132 1360 4201 exempla
1388 4130 1621 4185 cavenda
1658 4130 1933 4203 denuntio,

333 4218 466 4271 quos
468 4204 589 4273 jam
603 4202 891 4272 convers‘os,
912 4210 962 4259 et
978 4206 1321 4274 aliquantum
1336 4204 1670 4272 proﬁcientes
1680 4202 1935 4274 superbia

333 4272 548 4344 occulte,
568 4278 806 4341 captirat
832 4291 960 4343 quos
977 4277 1033 4328 in
1053 4272 1392 4344 profundum
1414 4274 1679 4327 malorum
1698 4272 1936 4339 fraudu-

334 4343 477 4396 lenta
500 4344 862 4398 dominatione
873 4343 1215 4412 praecipitat;
1240 4350 1287 4397 et
1307 4360 1371 4397 ne
1392 4345 1519 4398 inde
1534 4360 1787 4412 umquam
1806 4357 1939 4411 pos-

334 4414 446 4465 sint
474 4428 757 4479 emergcre,
780 4414 989 4480 jugiter
1015 4414 1208 4466 calcat.
1245 4416 1374 4481 Ipsa
1394 4417 1451 4467 in
1471 4415 1717 4467 cordibus
1743 4415 1937 4467 talium

336 4482 508 4534 locum
528 4482 737 4534 diabolo
756 4485 912 4547 facit.
935 4485 1063 4551 Ipsa
1091 4485 1142 4536 ei
1164 4483 1662 4551 adrenientipectus
1684 4484 1937 4535 immuni-

336 4555 452 4605 tum
488 4551 843 4618 familiariter
882 4553 1102 4621 pandit.
1134 4554 1259 4621 Ipsa
1304 4554 1655 4605 introeuntem
1689 4554 1933 4620 suscipit.

334 4624 463 4692 Ipsa
481 4624 652 4691 captis
668 4622 764 4690 jus
780 4624 989 4692 perdite
1004 4623 1221 4676 ricendi
1239 4625 1532 4677 constituit.
1553 4626 1674 4691 Ipsa
1694 4624 1937 4677 omnibus

333 4695 626 4748 virtutibus
645 4700 910 4757 exarmat,
933 4710 1060 4764 quos
1075 4694 1230 4750 semel
1245 4696 1519 4748 invaserit.
1535 4696 1657 4763 Ipsa
1670 4693 1940 4763 quidquid

336 4767 395 4819 in
416 4767 492 4821 eis
508 4768 821 4821 remanserit
844 4767 988 4836 quod
1010 4767 1161 4821 vitiis
1175 4770 1353 4835 posset
1377 4765 1568 4831 obniti,
1596 4781 1662 4819 ne
1687 4768 1868 4819 contra
1882 4780 1937 4819 se

334 4838 478 4904 forte
500 4838 850 4900 convalescat,
877 4840 1162 4893 interimit.
1195 4836 1322 4893 Inde
1342 4840 1419 4890 est
1441 4838 1583 4906 quod
1612 4837 1673 4890 hi
1700 4851 1830 4906 quos
1850 4850 1941 4890 su-

326 4908 514 4978 perba
538 4911 726 4989 mentis
746 4910 891 4989 tabes
908 4910 1201 4989 purulenta
1218 4910 1512 4989 corruperit
1530 4909 1800 4989 seniorum
1821 4922 1939 4962 suo-

336 4993 459 5056 rum
484 4994 588 5056 non
617 4979 894 5056 observant
918 4984 1203 5056 imperata,
1233 4980 1328 5056 sed
1342 4979 1595 5056 judicant
1623 4980 1689 5056 de
1710 4981 1824 5034 suis
1850 4996 1935 5034 ne-

334 5049 605 5117 gligentiis
623 5048 912 5117 objurgati,
926 5048 1024 5105 aut
1036 5052 1297 5105 rebellant
1309 5052 1627 5106 insolentera
1636 5055 1693 5105 ut
1703 5066 1934 5105 murmu-

334 5120 552 5182 rant,de
564 5120 944 5189 locosuperiori
958 5122 1275 5189 disceptant,
1286 5124 1549 5189 praeferri
1555 5137 1609 5176 se
1622 5120 1931 5176 melioribus

336 5191 671 5258 impudenter
702 5191 976 5258 affectant,
1020 5192 1415 5260 simplicitatem
1439 5194 1773 5261 spiritalium
1808 5195 1932 5258 fra-

335 5263 483 5339 trum
519 5262 809 5339 irridenter
833 5263 1297 5339 eaagitant,__suas
1322 5265 1613 5339 sententias
1642 5265 1934 5339 procaciter

324 5331 562 5399 jactant,
574 5331 827 5403 obsequia
847 5332 1029 5386 delata
1044 5332 1365 5398 fastidiunt,
1380 5338 1577 5401 negata
1584 5334 1935 5403 pertinaciter

336 5404 609 5473 quierunt,
645 5402 851 5456 natales
879 5403 1116 5457 moribus
1156 5408 1502 5472 anteponunt,
1530 5404 1776 5473 juniores
1809 5417 1933 5458 suos

335 5472 465 5526 elati
478 5472 797 5542 despiciunt,
811 5475 1045 5540 conferri
1057 5473 1166 5528 sibi
1184 5475 1393 5543 aliquos
1400 5472 1553 5544 posse
1566 5489 1667 5527 non
1686 5474 1929 5539 credunt,

335 5546 549 5612 aquari
582 5544 880 5600 senioribus
918 5544 1308 5612 dedignantur,
1355 5561 1518 5614 super
1556 5546 1700 5613 ipsos
1740 5559 1794 5599 se
1820 5544 1930 5599 solo

334 5616 506 5669 animi
552 5614 755 5670 tumore
797 5617 1158 5681 constituunt;
1200 5631 1306 5669 non
1345 5619 1563 5670 servant
1598 5616 1653 5667 in
1683 5614 1931 5684 obsequio

335 5689 705 5747 reverentiam,
733 5689 791 5740 in
818 5702 1051 5741 sermone
1070 5687 1403 5749 modestiam,
1427 5689 1483 5739 in
1510 5686 1748 5740 moribus
1773 5687 1933 5741 disci-

329 5758 541 5827 plinam
554 5776 571 5825 ;
600 5758 796 5812 habent
818 5760 875 5812 in
887 5760 1173 5813 intentione
1190 5759 1560 5826 pertinaciam,
1589 5759 1642 5810 in
1659 5758 1813 5812 corde
1830 5757 1931 5812 du-

336 5830 546 5895 ritiam,
588 5830 648 5884 in
682 5830 1118 5887 sermocinatione
1144 5828 1506 5899 jactantiam;
1537 5829 1597 5884 in
1627 5828 1933 5884 humilitate

2032 2430 2288 2497 fallaces,
2325 2432 2383 2482 in
2419 2430 2691 2497 jocatione
2732 2426 3038 2492 mordaces,
3070 2427 3128 2477 in
3158 2399 3285 2477 odi;
3296 2423 3631 2497 pertinaces,

2033 2491 2370 2569 subiectionis
2387 2491 2755 2568 impatientes,
2782 2491 3037 2567 potentior
3062 2498 3355 2569 sectatores,
3384 2491 3634 2569 omnibus

2037 2564 2184 2625 bonis
2213 2571 2433 2625 odibiles
2453 2564 2481 2633 ξ
2491 2570 2564 2624 ad
2588 2585 2719 2639 opus
2740 2564 3120 2639 b6num'pigri,
3129 2566 3204 2619 ad
3223 2564 3641 2639 communionem

2032 2645 2158 2704 seri,
2189 2642 2262 2695 ad
2289 2642 2597 2710 obsequium
2614 2634 2763 2702 duri,
2794 2640 2867 2693 ad
2894 2634 3213 2710 loquendum
3234 2634 3381 2710 quod
3391 2635 3637 2710 nesciunt

2028 2715 2292 2783 prompti;
2323 2714 2396 2766 ad
2416 2704 3107 2783 supplantandumpdrati,
3140 2707 3214 2761 ad
3237 2704 3639 2783 omniaquiwa

2033 2777 2281 2838 subsistit
2296 2777 2543 2850 fratem-ia
2573 2784 2793 2837 societas
2813 2777 3124 2844 inhumani;
3155 2777 3435 2850 temerarii
3449 2779 3509 2829 in
3531 2791 3641 2829 au-

2034 2855 2227 2917 dendo,
2247 2847 2464 2908 clamosi
2488 2857 2546 2907 in
2561 2854 2841 2923 loquendo,
2852 2852 3129 2919 fastidiosi
3148 2852 3204 2903 in
3223 2847 3470 2923 videndo,
3490 2862 3645 2923 pra:-

2032 2927 2335 2995 sumptuosi
2344 2927 2400 2978 in
2413 2920 2665 2991 docendo,
2686 2926 2915 2992 efferati
2935 2921 3331 2995 deformiter_in
3346 2920 3607 2995 cachinno
3619 2937 3637 2982 ;

2036 2991 2243 3051 onerosi
2271 2998 2476 3059 amicis,
2520 2997 2709 3063 infesti
2743 2991 2959 3064 quietis,
2998 2993 3207 3060 ingrati
3250 2991 3532 3057 beneficiis,
3558 2991 3641 3041 in-

2033 3070 2155 3136 ﬂati
2175 3067 2460 3136 obsequiis,
2492 3071 2542 3121 et
2572 3067 2848 3135 imperiosi
2872 3064 3136 3132 subjectis.
3154 3064 3294 3136 AIAqu
3311 3066 3439 3136 sunt
3460 3075 3638 3129 super-

2037 3132 2136 3193 bia
2160 3132 2462 3207 grassantis
2493 3132 2719 3205 indicia,
2735 3137 2927 3205 quibus
2945 3139 3084 3207 Deus
3102 3132 3410 3207 offenditur
3432 3136 3481 3186 et
3504 3146 3645 3185 rece-

2036 3210 2138 3285 dit,
2163 3204 2235 3285 ac
2263 3210 2495 3285 superba
2524 3204 2981 3285 cordadestituit.
3013 3205 3228 3285 H/ac‘S.
3266 3204 3519 3283 Prosper,
3543 3216 3641 3285 cu:

2032 3280 2123 3351 jus
2173 3273 2347 3351 dictis'
2373 3279 2501 3336 licet
2552 3279 2806 3351 prolixis,
2852 3273 3064 3351 tamen
3098 3273 3536 3351 adeo_specios_i_s
3585 3277 3641 3327 et

2036 3343 2253 3421 opimis,
2278 3366 2391 3407 non
2430 3343 2580 3422 potui
2630 3366 2743 3422 non
2787 3343 2930 3404 hunc
2970 3343 3641 3422 Cassiani_locum_ditare

2035 3414 2092 3477 et
2118 3414 2450 3493 locupletare
2482 3421 2549 3477 ad
2586 3421 2856 3493 _majorem
2885 3417 3169 3493 _superbia
3191 3414 3634 3493 detestationem.

2105 3501 2131 3527 ⁸
2160 3485 2294 3548 Sunt
2309 3493 2456 3547 enim
2475 3485 2949 3563 gradussuperbia
2963 3485 3639 3563 gradus‘descendentium,

2045 3562 2186 3619 sicut
2240 3577 2270 3617 e
2315 3554 2591 3618 contrario
2633 3554 2832 3629 gradus
2882 3554 3203 3616 humilitatis
3247 3567 3377 3615 sunt
3441 3554 3639 3629 gradus

2036 3632 2467 3704 ascendentium,
2493 3633 2621 3704 quia
2636 3629 2709 3688 illi
2728 3632 2797 3688 ad
2822 3632 3162 3704 descensum,
3182 3629 3236 3704 hi
3262 3630 3330 3685 ad
3350 3642 3640 3704 ascensum

2036 3705 2380 3776 diriguntur:
2398 3697 2467 3760 de
2490 3697 2686 3775 quibus
2708 3710 2923 3776 exstant
2938 3700 3255 3776 quindecim
3277 3698 3467 3771 psalmi
3480 3697 3644 3776 Davi.

2039 3766 2179 3839 dici,“
2194 3774 2286 3847 qui
2308 3766 2567 3847 dicuntur
2595 3774 2805 3830 cantica
2830 3766 3122 3847 graduum,
3151 3770 3204 3828 id
3229 3766 3327 3847 est,
3358 3766 3637 3847 ascensio:

2037 3861 2173 3901 num
2188 3841 2227 3914 ,'
2258 3845 2560 3902 secundum
2602 3860 2795 3915 vocem
2835 3841 3141 3900 Hebraam
3193 3841 3515 3915 anahaboth,
3544 3846 3637 3915 _et

2040 3908 2289 3988 Gracam
2312 3915 2631 3988 ἀναϐαθμῶν,
2648 3917 2757 3972 sive
2771 3908 3192 3988 canticaeorum
3213 3912 3309 3988 qui
3316 3927 3410 3988 per
3435 3908 3640 3988 gradus

2040 3987 2359 4045 humilitatis
2377 3984 2598 4045 sursum
2616 3986 3189 4055 ascendunt(August.
3209 3987 3266 4039 in
3278 3984 3422 4055 Psal.
3448 3984 3640 4055 carix).

2042 4058 2127 4114 Ad
2168 4058 2317 4131 quod
2379 4060 2546 4131 etiam
2595 4056 3013 4131 signiﬁcandum
3052 4052 3268 4131 scalam
3321 4052 3645 4131 humilitatis

2043 4124 2315 4196 erectam,
2366 4130 2570 4185 scalam
2619 4124 2748 4184 véro
2777 4126 3048 4199 superbia
3086 4129 3357 4199 inversam
3395 4124 3643 4199 superius

2043 4194 2408 4271 exhibuimus,
2440 4216 2550 4271 quo
2580 4199 2779 4271 gradus
2806 4194 3209 4271 ascendentium
3237 4204 3291 4271 et
3311 4194 3641 4271 descenden-

2042 4270 2183 4342 tium
2221 4270 2323 4342 sibi
2372 4268 2659 4342 ejegiohe
2708 4268 3126 4342 responderent;
3180 4268 3305 4339 quia
3357 4268 3497 4323 sicut
3546 4280 3646 4337 per

2045 4341 2245 4414 gradus
2274 4338 2654 4414 humilitatisa
2685 4338 2863 4414 primo
2896 4339 2965 4395 ad
2986 4338 3253 4414 ultimum
3269 4352 3489 4414 semper
3514 4351 3637 4414 sur-

2045 4407 2171 4468 sum
2214 4409 2525 4483 ascenditur
2553 4430 2565 4466 :
2596 4407 2830 4483 ita'pari
2877 4419 3052 4483 tractu
3082 4417 3139 4483 _et
3158 4410 3322 4483 _velu_t
3354 4407 3639 4483 interstitio

2046 4498 2143 4565 per
2196 4480 2394 4565 gradus
2438 4478 2733 4565 superbia:
2756 4496 2972 4565 semper
3013 4479 3238 4565 inferius
3275 4478 3639 4565 descenditur2

2044 4551 2225 4609 doneé
2249 4551 2470 4625 tandem
2510 4551 2569 4609 in
2601 4551 2929 4625 profundum
2963 4553 3234 4608 malorum
3272 4552 3541 4617 veniatur,
3581 4555 3647 4605 ut

1966 4633 2016 4695 1)
2046 4632 2197 4697 patet
2218 4623 2491 4697 ex_dictis.

2048 4689 2063 4777 ξ
2116 4689 2143 4726 δ
2166 4694 2463 4777 spiritualis
2502 4692 2736 4777 aedificii,
2766 4693 2949 4777 idest,
2993 4692 3476 4777 vita-_spiritualis,
3521 4704 3645 4777 qua

2046 4765 2103 4821 in
2135 4762 2393 4837 virtutum
2432 4764 2788 4837 acquisitione
2828 4774 2883 4820 et
2918 4762 3206 4821 exercitio
3227 4762 3507 4837 consistit,
3531 4762 3642 4816 duo

2046 4837 2235 4894 statuit
2276 4834 2663 4904 fundamenta,
2716 4836 2971 4892 timorem
3012 4837 3111 4892 Dei
3154 4844 3211 4891 et
3246 4834 3642 4895 humilitatem,

2046 4924 2168 4980 qua
2205 4916 2395 4980 tamen;
2434 4907 2504 4963 ad
2547 4922 2712 4961 unam
2751 4907 3117 4980 humilitatem
3163 4905 3349 4980 reduci
3396 4910 3639 4980 possunt.

2043 4973 2494 5050 Quandoquidem
2511 4981 2724 5050 primus
2749 4978 3078 5033 humilitatis
3096 4978 3312 5050 gradus
3338 4973 3641 5050 secundum

2041 5046 2112 5107 D.
2146 5046 2527 5106 Benedictum
2551 5049 2640 5115 sit,
2677 5052 2727 5103 si
2756 5052 2999 5105 timorem
3043 5052 3142 5104 Dei
3181 5049 3291 5104 sibi
3318 5052 3446 5101 ante
3473 5046 3647 5101 oculos

2041 5135 2457 5192 semperponens
2477 5120 3023 5192 oblivionemomnino
3049 5122 3255 5192 fugiat,
3288 5126 3394 5174 etc.
3425 5118 3572 5192 (Cap.
3606 5122 3636 5169 7

2042 5187 2309 5260 Regula).
2331 5192 2545 5248 Dicitur
2571 5198 2753 5246 autem
2771 5191 2937 5246 timor
2957 5187 3059 5245 Dei
3076 5187 3500 5246 fundamentum
3521 5187 3646 5260 vita

2042 5258 2363 5335 spiritualis,
2407 5260 2706 5318 secundum
2748 5260 2879 5317 illud
2919 5260 3279 5335 Ecclesiastici
3323 5258 3647 5335 xsvrtA:VSi

2042 5331 2146 5388 non
2186 5336 2246 5389 in
2275 5338 2466 5389 timore
2494 5336 2757 5387 instanter
2779 5337 2827 5387 te
2868 5336 3130 5396 tenueris,
3175 5334 3276 5387 cito
3316 5331 3649 5387 subvertetur

2041 5405 2227 5460 domus
2257 5410 2371 5458 tua.
2401 5406 2581 5473 Quam
2612 5402 2938 5459 sententiam
2966 5411 3205 5459 tractans
3236 5406 3303 5458 D.
3336 5398 3646 5473 Bernardus

2041 5489 2208 5558 ser-tn.
2225 5473 2299 5557 de
2326 5471 2500 5558 Donis
2511 5474 2742 5558 $piritus
2757 5474 2929 5558 sancti
2956 5493 2967 5528 :
2995 5476 3179 5558 (hanc,
3195 5471 3644 5558 _inquit,‘i~irtutis

2040 5547 2323 5626 aediﬁcium
2347 5548 2524 5626 pergit
2544 5543 2605 5626 in
2615 5548 2999 5626 praecipitium,
3031 5547 3084 5599 si
3109 5545 3271 5626 hujus
3281 5543 3483 5626 gratia
3505 5543 3653 5626 agni:

2037 5611 2169 5687 serit
2191 5611 2533 5687 prasidium.
2561 5611 2926 5687 Eodem-vero
2955 5631 3117 5673 sensu
3138 5611 3516 5672 dicito—rtimor
3544 5611 3648 5687 Dei

2040 5686 2456 5743 fundamentum
2483 5687 2696 5743 adiﬁcii
2723 5686 3039 5759 spiritualis,
3064 5702 3175 5758 quo
3189 5688 3413 5742 Initium
3430 5686 3653 5759 sapien-

2040 5762 2129 5831 tiae
2158 5759 2292 5831 psal.
2336 5773 2416 5815 cx
2438 5766 2493 5814 et
2521 5762 2679 5831 Prov.
2705 5772 2729 5814 1
2749 5756 2794 5831 is
2811 5758 2958 5831 quod
2986 5756 3263 5830 exponens
3297 5759 3368 5811 D.
3393 5756 3645 5831 Ibomas

2039 5826 2181 5901 (2-2,
2206 5847 2261 5887 a.
2286 5835 2377 5900 19,
2404 5846 2458 5888 a.
2480 5836 2536 5899 7)
2563 5828 2723 5888 docet
2745 5828 2801 5887 id
2820 5826 2887 5887 de
2914 5826 3113 5887 timore
3132 5836 3247 5885 tam
3267 5826 3447 5886 servili
3470 5839 3645 5899 quam
