4012 6192
353 285 420 339 ’ῖ3
883 287 975 343 DE
1011 287 1493 358 C(ENOBIORUM
1527 291 1775 348 INSTIT.
1814 289 1942 347 LIB.
1983 289 2098 347 XII.
2137 318 2209 330 —
2244 289 2334 345 DE
2370 289 2637 349 SPIRI'I‘U
2678 292 3062 351 SUPERBIA‘J.

309 409 569 473 volumus
595 424 663 472 ac
696 412 958 485 placentia
987 416 1109 470 Deo
1145 430 1497 491 consurgere,
1545 415 1904 475 fundamenta
1941 421 1995 483 A
2062 446 2077 468 ι

311 502 437 576 ejus
463 521 576 564 non
594 505 897 565 secundum
925 514 1130 564 nostra
1159 508 1401 566 libidinis
1420 510 1784 578 voluntatem,
1812 508 1914 567 sed

308 598 617 657 secundum
659 599 1021 657 districtionis
1059 600 1396 675 Evangelica:
1442 602 1793 676 disciplinam
1826 601 1913 674 ja-

308 706 437 748 cere
477 691 806 752 festinemus
844 712 859 750 :
900 709 1022 767 qua
1058 684 1161 752 alia
1191 711 1308 753 esse
1334 712 1447 753 non
1473 704 1725 769 possunt,
1749 711 1917 768 quam

308 786 482 845 timor
511 790 616 846 Dei
643 797 807 862 atque
821 788 1129 859 humilitas,
1160 806 1284 862 qua:
1313 790 1379 848 de
1403 790 1821 849 mansuetudine
1861 800 1918 848 et

304 881 501 939 cordis
528 884 877 956 simplicitate
908 883 1209 941 descendit.
1241 884 1533 942 Humilitas
1567 901 1694 942 vero
1732 886 1915 943 nulla-

301 982 477 1034 tenus
512 977 711 1049 poterit
733 979 939 1051 absque
966 981 992 1010 ⁸
1032 977 1280 1036 nuditate
1306 978 1572 1051 conquiri.
1606 981 1722 1048 Qua
1750 995 1913 1051 pere-

302 1070 584 1143 grinante,
612 1086 715 1130 nec
751 1070 1084 1130 obedientia
1117 1074 1346 1141 bonum,
1380 1088 1480 1129 nec
1508 1073 1783 1145 patientiae
1813 1089 1913 1130 ro-

303 1164 439 1234 bur,
478 1181 582 1224 nec
619 1165 1052 1224 mansuetudinis
1089 1166 1477 1239 tranquillitas,
1514 1182 1615 1223 nec
1646 1182 1911 1224 consum-

297 1259 482 1317 matio
518 1260 803 1317 charitatis
837 1260 1101 1317 ullatenus
1129 1260 1337 1333 poterit
1372 1260 1703 1334 apprehendi
1748 1280 1763 1316 :
1793 1262 1911 1318 sine

296 1355 508 1429 quibus
537 1371 633 1412 cor
666 1364 920 1411 nostrum
944 1354 1318 1412 habitaculum
1354 1356 1585 1428 Spiritus
1607 1356 1779 1413 sancti
1810 1371 1908 1428 pe-

298 1449 454 1505 nitus
483 1463 603 1505 esse
628 1464 742 1506 non
770 1448 990 1521 poterit,
1016 1448 1089 1506 ita
1120 1450 1511 1520 pronuntiante
1535 1450 1776 1506 Domino
1804 1466 1900 1522 per

298 1540 627 1613 prophetam
680 1544 858 1607 (Isaia
902 1544 1096 1609 var),
1124 1534 1152 1573 δ
1192 1543 1370 1613 Super
1396 1558 1554 1611 quem
1602 1544 1900 1612 requiescet

296 1637 539 1707 Spiritus
549 1651 718 1700 meus,
746 1639 859 1692 nisi
880 1652 1043 1708 super
1061 1637 1338 1700 humilem,
1360 1642 1411 1693 et
1429 1639 1692 1707 quietum,
1719 1641 1770 1691 et
1798 1640 1902 1692 trc-

295 1733 526 1785 mentem
550 1729 711 1784 verba
739 1733 896 1785 mea?
922 1729 1034 1787 sive
1070 1729 1377 1787 secundum
1410 1729 1745 1801 exemplaria
1775 1743 1897 1801 quae

3520 302 3624 355 4⁸74

2565 476 2805 533 CAPUT
2830 478 3079 534 XXXII.

2028 623 2295 691 Quomodo
2311 623 2698 694 depopulatria
2708 628 2945 681 omnium
2957 628 3225 682 virtutum
3251 628 3505 699 superbia
3522 643 3622 699 per

2289 719 2471 759 rerum
2496 705 2851 761 humilitatem
2858 709 3029 776 possit
3058 709 3355 776 eastingui.

2096 890 2442 962 Quapropter
2467 888 2670 946 athleta
2699 890 2925 957 Christi,
2945 891 3039 963 qui
3070 890 3364 963 spiritalem
3394 874 3623 963 agonem

2024 981 2264 1055 legitime
2294 991 2513 1039 certans
2541 997 2572 1038 a
2602 984 2844 1039 Domino
2892 983 3166 1040 desiderat
3188 984 3459 1051 coronari,
3487 983 3626 1041 hanc

2019 1091 2240 1149 quoque
2279 1075 2679 1132 ferocissimam
2709 1075 2964 1143 bestiam,
2988 1084 3049 1131 ut
3068 1076 3463 1132 devoratricem
3485 1092 3623 1133 cun-

2020 1176 2232 1226 ctarum
2254 1169 2538 1237 virtutum,
2580 1168 2913 1225 omnimodis
2937 1168 3158 1225 festinet
3195 1179 3215 1204 °
3244 1169 3619 1242 exstinguere:

2020 1270 2198 1319 certus
2227 1262 2376 1335 quod
2418 1262 2520 1319 hac
2562 1262 2616 1317 in
2655 1277 2757 1318 suo
2802 1270 3022 1333 pectore
3062 1270 3469 1331 commorante,
3509 1278 3620 1318 non

2019 1356 2197 1412 solum
2240 1357 2554 1430 omnigenis
2581 1356 2732 1413 vitiis
2775 1370 2959 1413 carere
3004 1370 3120 1411 non
3169 1356 3372 1428 possit,
3425 1370 3619 1411 verum

2019 1451 2205 1519 etiam,
2231 1450 2276 1507 si
2297 1451 2426 1523 quid
2451 1450 2667 1508 virtutis
2702 1450 2903 1507 habere
2932 1450 3201 1518 videatur,
3224 1449 3388 1522 hujus
3409 1464 3618 1506 veneno

2016 1542 2291 1614 depereat.
2335 1544 2500 1600 Nullo
2529 1546 2679 1601 enim
2703 1544 2870 1601 modo
2900 1544 3100 1616 poterit
3129 1545 3185 1600 in
3211 1546 3391 1600 anima
3429 1552 3617 1600 nostra

2011 1638 2282 1694 virtutum
2331 1645 2606 1695 structura
2656 1654 2983 1710 consurgere
3007 1681 3024 1707 ,
3053 1626 3083 1670 ἀ
3124 1639 3228 1694 nisi
3271 1640 3424 1709 prius
3469 1640 3614 1710 jacta

2010 1729 2217 1787 fuerint
2234 1746 2378 1787 verae
2396 1731 2727 1788 humilitatis
2750 1733 2807 1787 in
2825 1731 2991 1788 corde
3027 1739 3218 1787 nostro
3239 1730 3614 1799 fundamenta,

295 1822 628 1879 Hebraicam
649 1822 962 1895 exprimunt
980 1823 1263 1880 veritatem
1293 1823 1575 1893 :adquem
1588 1824 1897 1894 respiciam,
1931 1840 1979 1903 Β
2011 1838 2137 1896 qua
2187 1823 2501 1881 ﬁrmissime
2541 1825 2806 1881 collocata
2853 1824 3205 1897 perfectionis
3246 1834 3302 1881 et
3339 1823 3619 1882 charitatis

296 1917 491 1973 nisiad
520 1919 936 1988 pauperculam,
953 1923 1005 1974 et
1031 1920 1319 1975 contritum
1349 1919 1574 1989 spiritu,
1604 1922 1654 1973 et
1674 1922 1901 1973 tremen-

305 2016 416 2069 tem
440 2013 600 2068 verba
625 2016 780 2068 mea?

2015 1919 2233 1975 culmen
2273 1919 2484 1975 valeant
2505 1920 2774 1975 sustinere
2815 1939 2827 1976 :
2862 1919 2937 1976 ita
2960 1920 3189 1987 scilicet,
3231 1927 3315 1991 ut,
3346 1917 3619 1993 quemad-

2011 2010 2241 2069 modum
2262 2011 2524 2081 diximus,
2553 2017 2575 2045 °
2610 2013 2834 2085 primun
2871 2011 3130 2069 fratribus
3157 2012 3364 2069 nostris
3388 2010 3612 2068 humili-

1405 2128 1658 2183 ALARDI
1694 2128 1917 2183 GAZzEI
1957 2126 2514 2184 COMMENTARIUS.

296 2230 454 2287 ﬁliali
494 2245 647 2301 posse
673 2229 923 2302 intelligi,
953 2228 1165 2286 diversa
1204 2236 1391 2285 tamen
1420 2230 1650 2286 ratione.
1677 2231 1901 2286 Servilis

303 2305 453 2357 enim
473 2304 627 2357 timor
647 2302 764 2357 ideo
788 2303 994 2357 dicitur
1023 2303 1254 2362 initium
1272 2304 1578 2370 sapientia,
1601 2303 1733 2371 quia
1751 2316 1898 2371 pra-

290 2377 470 2443 μιναί
496 2373 657 2427 locum
694 2376 998 2443 sapientia,
1031 2377 1083 2427 et
1116 2373 1267 2427 ducit
1295 2372 1370 2426 ad
1399 2374 1757 2442 sapientiam;
1803 2372 1899 2426 sed

297 2459 408 2499 non
443 2448 677 2499 remanet
696 2446 754 2499 in
776 2461 854 2499 ea.
880 2446 1033 2514 Sape
1058 2459 1292 2513 namque
1314 2445 1532 2499 initium
1548 2443 1783 2513 alicujus
1802 2443 1896 2497 di-

296 2516 685 2585 cituraliquid,
698 2530 805 2569 non
823 2515 966 2585 quod
980 2516 1282 2585 quidquam
1293 2515 1485 2569 habeat
1494 2530 1765 2569 commune
1775 2530 1896 2569 cum

296 2601 359 2640 eo
387 2586 538 2655 cujus
564 2588 787 2640 initium
814 2587 1034 2650 dicitur,
1060 2588 1154 2641 sed
1192 2588 1324 2655 quia
1362 2602 1523 2640 causa
1550 2588 1625 2641 sit
1653 2586 1767 2654 ejus
1799 2601 1898 2640 ea-

296 2660 545 2720 trinseca,
566 2658 649 2711 vel
670 2657 1022 2720 inductivum,
1046 2673 1151 2727 quo
1166 2657 1433 2712 mediante
1448 2657 1585 2711 illud
1593 2658 1891 2726 perﬁcitur,

294 2728 451 2797 cujus
470 2730 691 2782 initium
706 2732 802 2783 est.
826 2730 912 2785 Sic
932 2730 1117 2782 vinum
1141 2728 1389 2783 libidinis
1413 2730 1582 2794 fomes
1597 2731 1648 2781 et
1672 2728 1895 2780 initium

295 2799 524 2862 dicitur,
555 2815 663 2853 non
692 2800 837 2870 quod
874 2802 1054 2869 ipsum
1079 2801 1153 2854 sit
1183 2798 1401 2925 aliquid
1428 2798 1496 2853 de
1523 2797 1773 2860 libidine,
1802 2798 1895 2852 sed

295 2873 434 2925 auia
460 2871 807 2925 nrorocatad
831 2870 1127 2925 libidinem.
1162 2872 1253 2925 Un
1295 2884 1324 2924 e
1354 2876 1410 2924 et
1449 2868 1519 2924 de
1548 2867 1656 2924 hoc
1695 2868 1893 2924 timore

295 2873 434 2939 quia
456 2867 714 2939 provocat
733 2871 807 2923 ad
831 2867 1127 2925 libidinem.
1162 2867 1324 2926 Unde
1354 2876 1410 2924 et
1449 2868 1519 2924 de
1548 2867 1656 2924 hoc
1695 2868 1893 2924 timore

291 2940 625 3011 sententiam
656 2941 805 2995 illam
838 2941 1261 2996 Proverbiorum
1289 2939 1515 3011 exponit
1542 2942 1612 2994 D.
1638 2939 1891 3011 Basilius

292 3010 356 3092 in
394 3012 595 3092 psalm.
637 3026 817 3092 xxxu
854 3018 910 3066 et
938 3011 1274 3092 Augustinus
1315 3010 1532 3092 tractat.
1562 3017 1616 3092 9__
1632 3010 1697 3092 in_
1718 3010 1887 3092 Epist.

288 3082 500 3137 Joann.
528 3086 607 3137 De
635 3083 835 3152 eodem
858 3081 1095 3152 quoque
1125 3081 1331 3136 dictum
1360 3089 1442 3136 est
1476 3081 1546 3137 ab
1575 3081 1886 3136 Ecclesiast.

282 3152 461 3224 juxta
493 3151 705 3224 concilii
743 3150 1049 3206 Tridentini
1073 3151 1244 3224 (Sess.
1264 3165 1358 3224 vi,
1383 3155 1570 3224 cap._6
1599 3156 1651 3205 et
1676 3168 1794 3221 cap.
1833 3156 1890 3219 8)

289 3221 731 3300 declarationem
790 3240 835 3300 :_
864 3224 1044 3299 Timor
1091 3223 1307 3300 Domini
1335 3222 1578 3300 capellit
1625 3226 1902 3300 pecudum

288 3292 524 3359 (Eccles.
559 3291 623 3360 ι).
654 3293 723 3345 Et
736 3290 929 3345 eodem
945 3290 1111 3347 etiam
1140 3298 1351 3359 Spectat
1375 3290 1510 3345 illud
1540 3290 1697 3347 Isaiae
1712 3305 1898 3346 xxvr:

288 3366 349 3421 Α
372 3365 566 3417 timore
595 3367 706 3425 tuo,
728 3363 970 3423 Domine,
1002 3364 1350 3431 concepimus,
1383 3366 1433 3415 et
1452 3362 1761 3431 peperimus
1784 3364 1902 3430 spir-

294 3437 473 3489 ritum
487 3434 707 3487 salutis.
734 3436 895 3488 Porro
916 3435 1079 3487 timor
1096 3436 1335 3495 sanctus,
1348 3447 1440 3487 seu
1455 3432 1663 3501 ﬁlialis,
1686 3433 1899 3495 initium

298 3506 508 3560 dicitur
528 3506 830 3575 sapientia,
856 3506 993 3559 sicut
1005 3507 1223 3573 primus
1237 3506 1517 3574 sapientia
1532 3504 1780 3570 effectus,
1812 3506 1895 3557 ait

2003 2229 3197 2313 nequit._Humilitaiverojnﬂuxuntillum
3224 2227 3489 2313 attrahit1
3509 2224 3607 2313 ex-

2008 2298 2137 2374 cipit
2162 2309 2234 2374 get
2271 2302 2476 2374 colligit
2515 2302 2676 2359 Unde
2714 2305 2784 2357 D.
2816 2302 3158 2374 Augustinus
3203 2316 3372 2358 serm.
3421 2298 3611 2374 27ude

2006 2371 2204 2428 Verbis
2236 2371 2491 2429 Domini:
2527 2375 2754 2443 Con/luit
2776 2371 3010 2444 aqua—ad
3034 2374 3393 2444 humilitatem
3418 2371 3607 2436 vallis;

2006 2444 2301 2499 denatatde
2319 2446 2620 2499 tumoribus
2632 2442 2783 2500 collis
2797 2442 2888 2513 {et
2901 2459 3050 2500 serm
3063 2485 3075 2499 .
3096 2449 3192 2499 I57
3216 2442 3283 2499 de
3298 2445 3568 2511 Tempore
3586 2461 3598 2495 :

2009 2515 2221 2578 Videte,
2255 2515 2450 2587 inquit,
2474 2532 2730 2587 magnum
2755 2516 3075 2569 miraculum
3096 2534 3113 2568 :
3135 2516 3278 2569 altus
3302 2518 3379 2587 est
3414 2517 3552 2587 Deus
3585 2531 3602 2566 :

2004 2587 2165 2654 erigis
2194 2590 2263 2648 te,
2282 2584 2548 2654 et'fugita
2569 2591 2652 2653 te;
2675 2584 2929 2641 humilius
2950 2590 3019 2647 te,
3048 2589 3099 2640 et
3120 2586 3394 2642 descendit
3417 2584 3491 2637 ad
3507 2589 3555 2638 te
3581 2602 3598 2637 :

2005 2671 2177 2724 quare
2188 2656 2281 2709 hoc
2293 2659 2321 2708 ?
2334 2659 2468 2724 quia
2485 2658 2720 2711 eacelsus
2739 2658 3021 2717 Dominus,
3042 2660 3093 2709 et
3111 2656 3339 2708 humilia
3358 2656 3600 2722 respicit,

2005 2731 2068 2779 ut
2096 2726 2340 2792 attollat;
2370 2726 2507 2789 alta,
2545 2727 2604 2779 id
2643 2731 2744 2793 est,
2776 2726 3010 2794 superba
3050 2725 3117 2779 de
3153 2726 3303 2792 longe
3348 2726 3611 2791 cognoscit

2005 2797 2179 2867 (Psal.
2204 2800 2500 2859 cxxxvn),
2524 2801 2586 2867 ut
2622 2797 2910 2867 deprimat.

2075 2870 2099 2899 ³
2126 2866 2188 2922 Id
2210 2874 2313 2934 est,
2348 2864 3158 2934 abdicatione,renuntiatione
3197 2871 3252 2920 et
3290 2868 3606 2934 contemptu

2001 2953 2193 2993 rerum
2243 2933 2500 2993 omnium
2552 2933 2966 3010 tempOralium,
3011 2943 3077 2993 ut
3108 2934 3243 2991 alias
3273 2933 3485 2990 dictum
3528 2940 3614 2988 est

2003 3009 2139 3063 (Lib.
2169 3023 2284 3063 vn.
2326 3012 2503 3063 Inst).

2021 3011 2139 3065 Lib.
2169 3023 2284 3065 vn.
2326 3012 2503 3069 Inst).

2003 3009 2139 3080 (Lib.
2169 3023 2284 3065 vn.
2326 3012 2503 3069 Inst).
2673 3009 2686 3010 ί

2003 3148 2016 3152 _
2073 3072 2108 3152 b_
2126 3079 2289 3151 Apud
2317 3082 2389 3134 D.
2441 3080 2840 3152 Hieronymum
2872 3094 2937 3135 ex
2985 3076 3257 3152 Hebraica
3289 3075 3510 3152 veritate
3534 3074 3607 3152 ita

2002 3148 2210 3220 legitur
2244 3169 2256 3204 :
2284 3153 2378 3206 Ad
2393 3168 2549 3220 quem
2573 3148 2882 3221 respiciam,
2913 3151 3025 3205 nisi
3040 3150 3113 3203 ad
3122 3148 3535 3218 pauperculum,
3557 3151 3611 3200 et

2012 3224 2304 3275 contritum
2331 3225 2554 3291 spiritu,
2588 3226 2638 3277 et
2658 3220 2986 3276 trementem
3016 3234 3278 3291 semencs
3310 3234 3447 3291 meos
3480 3220 3605 3291 (Isa.

2010 3305 2158 3363 1.er
2180 3295 2225 3357 Ρ)
2259 3288 2543 3363 quo—modo
2569 3292 2743 3363 etiam
2770 3292 2827 3345 in
2861 3292 3090 3363 Vulgata
3128 3288 3366 3363 editione
3391 3288 3604 3363 legitur.

2012 3363 2092 3415 Ex
2136 3358 2479 3433 Septuaginta
2518 3377 2647 3417 vero
2698 3360 2840 3416 idem
2890 3358 3259 3431 Hieronymus
3299 3360 3383 3433 ita
3400 3358 3602 3414 vertit:

2006 3433 2080 3487 Et
2096 3446 2261 3501 super
2283 3432 2435 3501 quem
2456 3435 2758 3503 respiciam,
2785 3434 2898 3486 nisi
2918 3434 3194 3494 humilem,
3219 3434 3269 3485 et
3286 3432 3604 3503 quietum,et

2008 3507 2317 3557 trementem
2344 3518 2605 3558 sermones
2633 3506 2814 3558 meos?
2841 3504 3047 3560 Citatur
3075 3511 3261 3558 tamen
3290 3504 3605 3571 frequenter

295 3551 987 3632 ἒ.”’1³1ἶὸιὶιεῖξι,.”εωη’ὧιιήἱ
1002 3551 1077 3630 (id
1103 3551 1430 3645 sapieniiam
1452 3551 1725 3645 periineat
1748 3551 1894 3645 quod
1933 3551 1977 3615 (ἶ
2005 3590 2037 3628 a
2063 3573 2315 3630 Patribus
2346 3574 2450 3631 sub
2476 3574 2582 3630 illis
2616 3573 2799 3645 verbis
2828 3551 3066 3645 Csiqier
3106 3588 3260 3644 quem
3312 3551 3606 3645 requiescet

301 3648 539 3701 humana
552 3649 667 3701 vita
682 3647 955 3715 reguletur
967 3646 1508 3715 secundumfrationes
1520 3646 1757 3709 divinas,
1773 3647 1899 3701 hinc

301 3722 506 3787 oportet
533 3734 739 3774 sumere
756 3720 1104 3788 principium,
1122 3724 1186 3772 ut
1208 3719 1359 3773 homo
1379 3722 1547 3774 Deum
1562 3722 1892 3781 revereatur,

304 3794 355 3843 et
392 3803 447 3843 se
471 3791 520 3871 ei
553 3790 828 3871 subjiciat.
876 3791 963 3871 Sic
1163 3794 1532 3871 cqnsequenter
1550 3790 1895 3871 inhomnibus

299 3861 587 3914 secundum
617 3864 785 3916 Deum
806 3861 1164 3927 regulabitur.
1195 3859 1394 3914 Merito
1423 3874 1556 3927 ergo
1604 3859 1894 3915 Cassianus

299 3928 398 3984 lib.
451 3945 509 3985 Iv
553 3933 749 3985 harum
785 3928 1198 3982 lnstitutionum
1247 3927 1421 3995 capite
1453 3927 1645 3981 ultimo
1690 3928 1823 3983 dixit
1878 3950 1892 3985 :

296 4002 642 4069 Principium
689 4002 884 4051 nostra
934 3997 1131 4069 salutis
1159 3997 1561 4069 sapientiaque
1610 3998 1899 4069 secundum

292 4064 644 4139 Scripturas,
673 4071 833 4121 timor
856 4066 1077 4120 Domini
1090 4068 1168 4139 est
1189 4064 1454 4139 (Proverb.
1482 4068 1591 4139 rx).
1620 4067 1694 4117 De
1715 4068 1901 4121 timore

294 4136 533 4198 Domini
574 4138 817 4190 nascitur
843 4137 1175 4204 compunctio
1212 4136 1490 4190 salutaris.
1538 4138 1615 4189 De
1642 4150 1899 4204 compun-

288 4212 481 4268 ctione
504 4208 678 4261 cordis
697 4206 937 4276 procedit
956 4206 1369 4269 abrenuntiatio,
1400 4206 1462 4260 id
1487 4210 1585 4271 est,
1607 4206 1827 4260 nuditas
1851 4211 1901 4261 et

289 4283 640 4347 contemptus
659 4279 895 4349 omnium
916 4276 1263 4349 facultatum,
1285 4283 1386 4332 etc.
1411 4279 1492 4349 De
1512 4276 1684 4349 altero
1709 4276 1907 4349 funda:

291 4346 525 4415 mento,
548 4364 746 4419 nempe
774 4347 1096 4410 humilitate,
1124 4350 1192 4403 D.
1240 4346 1548 4403 Bernardus
1575 4347 1713 4413 (Lib.
1754 4362 1797 4419 νγ
1833 4346 1901 4404 de

293 4420 531 4482 consid.,
562 4422 622 4474 in
642 4418 766 4489 ﬁne)
810 4438 828 4473 :
860 4421 1160 4482 Virtutum,
1182 4419 1375 4489 inquit,
1402 4419 1593 4473 bonum
1620 4418 1898 4489 quoddam

293 4510 364 4547 ac
390 4491 1014 4563 stabile/undamentum‘
1028 4495 1104 4544 est
1126 4491 1425 4563 humilitas.
1446 4492 1515 4545 Et
1537 4492 1605 4543 D.
1628 4491 1897 4563 Augusti-

290 4578 407 4619 nus
436 4562 531 4617 lib.
558 4562 737 4633 primo
761 4561 830 4617 de
853 4560 1047 4617 Verbis
1076 4560 1326 4625 Domini,
1353 4576 1518 4633 serm.
1546 4567 1611 4614 10
1638 4581 1649 4616 :
1686 4563 1723 4617 C

292 4632 569 4702 magnam
585 4634 853 4700 fabricam
874 4636 1172 4687 construere
1195 4632 1565 4702 celsitudinis?
1594 4636 1670 4687 De
1682 4634 1893 4698 funda-

296 4700 483 4760 mento
514 4707 664 4774 prius
688 4706 864 4773 cogita
902 4704 1227 4757 humilitatis
1265 4708 1359 4756 iet
1382 4700 1524 4755 infra
1553 4719 1569 4774 7:
1608 4704 1718 4774 Hoc
1758 4706 1815 4757 in
1845 4708 1896 4759 te

292 4776 432 4843 fode
458 4772 876 4842 fundamentum
895 4774 1239 4833 humilitatis,
1263 4776 1314 4825 et
1336 4773 1610 4841 pervenies
1637 4772 1714 4825 ad
1732 4774 1893 4839 fasti-

291 4849 451 4916 gium
470 4846 767 4901 charitatis.
800 4845 1223 4916 Diciturautem
1250 4845 1325 4907 (S.
1347 4843 1527 4916 Thom.
1553 4845 1673 4905 2-2,
1693 4859 1747 4912 q.
1772 4849 1864 4900 161
1879 4884 1897 4911 ,

291 4911 354 4972 ἱι.
388 4922 445 4980 5,
472 4918 546 4971 ad
572 4920 650 4984 2),
686 4916 961 4971 humilitas
1002 4913 1422 4985 fundamentum
1464 4911 1743 4985 virtutum,
1766 4929 1889 4985 Anon
1921 4924 1973 4985 ι)

292 4988 524 5060 quidem
550 4982 750 5043 directe
787 4996 840 5042 et
872 4985 1234 5058 principaliter
1275 4984 1379 5109 §sic
1425 4982 1570 5038 enim
1608 4982 1723 5037 sola
1756 4983 1890 5040 ﬁdes

295 5068 387 5109 est
422 5057 926 5109 sunernaturalium
972 5056 1230 5109 virtutum
1298 5053 1715 5109 undamentum.
1742 5053 1889 5109 iuxta

295 5053 387 5130 est
418 5053 926 5130 supernaturaliuin
972 5053 1230 5130 virtutum
1275 5053 1889 5130 fundamentum,juxta_

297 5127 443 5185 illud
474 5124 725 5201 Apostoli
750 5146 764 5182 :
792 5128 1016 5185 Credere
1058 5129 1198 5201 enim
1227 5129 1434 5201 oportet
1463 5124 1791 5201 accedentem
1819 5125 1894 5178 ad

298 5204 494 5277 Deum,
526 5195 673 5270 'quia
724 5204 821 5263 est,
879 5203 1031 5277 ξω),
1080 5198 1175 5277 sed
1229 5195 1566 5277 dispositive,
1620 5202 1891 5277 quatenus

294 5265 577 5327 nimirum
599 5278 845 5326 removet
859 5269 1123 5324 virtutum
1139 5265 1784 5338 impedimentum,quod
1809 5273 1896 5321 est

299 5342 583 5413 superbia.
628 5340 915 5413 redditque
961 5335 1249 5413 hominem
1306 5340 1427 5393 Deo
1475 5335 1779 5413 subditum,
1832 5350 1896 5413 ac

306 5406 562 5484 paratum
597 5412 665 5468 ad
691 5412 806 5483 ejus
824 5406 1027 5484 "gratia;
1060 5410 1329 5467 inﬂuxum
1380 5406 1774 5484 recipiendum,
1806 5406 1896 5479 qui

307 5480 681 5553 estvirtutum
716 5480 925 5550 semen,
948 5481 1099 5553 origo
1122 5490 1175 5553 et
1190 5480 1892 5553 conservatiosUtrumquo

308 5549 559 5609 insinuat.
579 5558 647 5610 D.
665 5554 921 5619 Iacobus,
942 5549 1074 5609 dum
1098 5552 1201 5608 ait:
1225 5557 1365 5609 Deus
1392 5550 1636 5621 superbis
1660 5549 1887 5613 resistit,

305 5622 603 5682 humilibus
622 5630 801 5679 autem
828 5624 924 5679 dat
952 5626 1205 5693 gratiam.
1233 5625 1375 5679 Nam
1399 5621 1443 5678 si
1458 5620 1625 5693 Deus
1642 5620 1760 5693 illis
1781 5636 1891 5693 re-

301 5692 483 5767 sistit;
512 5710 806 5767 _no_n_ergo
851 5691 1101 5767 dat‘illis
1153 5694 1409 5767 gratiam.
1447 5692 1681 5764 Impedit
1720 5691 1885 5763 igitur

1723 4564 1894 4631 agitas
1996 4563 2126 4633 pati
2142 4564 2335 4632 possit,
2358 4565 2410 4616 et
2438 4565 2613 4617 tamen
2641 4564 2786 4633 quod
2803 4566 3019 4633 patitur
3041 4565 3101 4616 vi

2004 3648 2233 3715 spiritus
2247 3661 2415 3710 meus,
2433 3655 2536 3702 etc.
2557 3644 2737 3715 (Greg.
2762 3647 2857 3702 lib.
2875 3662 2926 3701 v.
2945 3644 3136 3703 Horat.
3159 3660 3203 3699 c.
3226 3650 3287 3699 31
3307 3644 3601 3711 ;Bernard.

2005 3718 2188 3772 homil.
2226 3723 2248 3771 1
2279 3734 2441 3789 super
2470 3721 2665 3774 Missus
2689 3718 2807 3787 est).

2074 3797 2095 3824 ο
2121 3791 2193 3843 D.
2210 3784 2615 3855 Gregoriuslib.
2636 3784 2787 3844 xxrv
2804 3788 3096 3843 Moralium
3117 3806 3129 3841 :
3156 3788 3385 3847 Vitium,
3406 3784 3601 3855 inquit,

2074 3804 2095 3824 ε
2121 3804 2291 3845 u.ur
2359 3804 3129 3844 ormsnn.xx1vmoranum:
3166 3804 3385 3847 Vinum,
3406 3804 3601 3855 rnquu,

2002 3859 2262 3930 Superbia
2293 3804 2363 3913 ᾗ
2400 3861 2524 3930 ipsa
2554 3875 2682 3913 mea
2703 3861 2885 3913 radice
2911 3857 3199 3930 secandum
3243 3860 3350 3930 est;
3397 3858 3459 3905 ut
3484 3870 3603 3930 cum

2006 3927 2230 4003 latenter
2242 3927 2440 3992 oritur,
2455 3935 2581 4003 tunc
2598 3927 3352 4003 vigilantergabscindatur,’ne
3358 3927 3606 4003 provectu

2002 4001 2199 4064 vigeat,
2227 4015 2294 4053 ne
2319 4015 2424 4053 usu
2450 4002 2749 4054 roboretur.
2780 4000 3004 4065 Difficile
3033 3999 3174 4052 enim
3214 3997 3270 4047 in
3302 4008 3357 4046 se
3381 3997 3607 4065 quisque

2006 4063 2351 4139 inveteratam
2363 4070 2668 4137 superbiam
2692 4063 3058 4139 deprehendit,
3077 4068 3209 4139 quia
3232 4065 3491 4139 nimirum
3512 4063 3605 4139 hoc

2005 4137 2200 4189 vitium
2215 4142 2412 4205 quanto
2422 4134 2596 4205 magis
2604 4134 2871 4207 patimur,
2890 4142 3038 4191 tanto
3052 4134 3231 4207 minus
3241 4134 3503 4207 videmus.
3517 4134 3605 4187 Sic

2009 4207 2211 4275 quippe
2224 4204 2293 4259 in
2313 4211 2483 4260 mente
2511 4204 2782 4275 superbia,
2805 4210 2945 4260 sicut
2970 4210 3027 4259 in
3051 4205 3217 4258 oculis
3264 4204 3441 4275 caligo
3457 4218 3603 4271 gene-

2009 4280 2188 4331 ratur.
2208 4277 2320 4344 Quo
2338 4292 2393 4331 se
2420 4277 2529 4330 hac
2539 4274 2704 4331 latius
2723 4278 2941 4339 dilatat,
2970 4291 3027 4331 eo
3042 4274 3400 4329 vehementius
3424 4274 3604 4329 lumen

2006 4352 2282 4415 angustat.
2303 4348 2590 4417 Paulisper
2614 4363 2735 4417 ergo
2754 4348 2915 4403 elatio
2932 4350 2987 4402 in
3002 4348 3313 4418 pracordiis
3332 4348 3533 4409 crescit,
3548 4350 3601 4400 et

2006 4434 2123 4490 cum
2137 4434 2192 4474 se
2202 4420 2409 4473 vastius
2431 4419 2753 4482 eatenderit,
2768 4435 3031 4490 oppressa
3042 4421 3232 4473 mentis
3252 4418 3459 4472 oculum
3470 4418 3601 4485 fun-

2005 4489 2153 4545 ditus
2180 4491 2386 4545 claudit
2414 4509 2431 4545 :
2462 4494 2524 4544 ut
2550 4489 3029 4561 captivusanimus
3056 4496 3247 4561 typum
3278 4490 3526 4545 elationis
3549 4494 3602 4545 et

3195 4579 3222 4618 e
3246 4577 3350 4617 non
3370 4564 3558 4618 possit.

2073 4578 2121 4616 in
2142 4578 2335 4632 possit,
2358 4578 2410 4616 et
2438 4578 2613 4617 tamen
2641 4578 2784 4633 quoa
2803 4578 3019 4633 patimr
3041 4578 3222 4618 videre
3246 4578 3350 4617 non
3364 4578 3558 4631 possit.

2073 4620 2102 4664 ά
2139 4633 2292 4689 Idem
2324 4633 2419 4707 lib.
2454 4648 2523 4707 Iv
2573 4650 2691 4706 cap.
2740 4641 2826 4690 18.
2879 4634 3219 4707 Augustinus
3249 4631 3323 4687 ad
3357 4631 3598 4707 Diosco-

2001 4717 2135 4779 rum
2157 4724 2173 4759 :
2192 4707 2313 4764 Nisi
2340 4704 2618 4779 humilitas
2629 4703 2813 4760 omnia
2833 4703 3182 4779 quaedamque
3202 4704 3327 4756 bene
3340 4703 3596 4779 facimus,

2004 4778 2054 4827 et
2066 4778 2402 4843 pracesserit
2424 4780 2474 4829 et
2514 4780 2784 4829 consecuta
2814 4771 3007 4841 fuerit,
3039 4778 3090 4825 et
3126 4771 3405 4845 ρνοροξίξα
3429 4782 3596 4845 qua!"

2002 4838 2331 4909 intueamur,
2357 4849 2409 4897 et
2435 4848 2687 4911 apposita
2716 4838 3228 4911 cui'adhareamus,
3269 4840 3328 4911 et
3345 4838 3597 4911 imposita

2002 4929 2113 4981 qua
2124 4906 2525 4981 reprimamur;
2536 4913 2658 4979 jam
2681 4912 2835 4981 nobis
2855 4911 2921 4964 de
2936 4910 3119 4976 aliquo
3142 4906 3437 4981 benefacta
3458 4919 3599 4973 gau-

2003 4976 2250 5038 dentibus
2277 4985 2445 5034 totum
2465 4976 2748 5049 extorquet
2788 4979 2854 5033 de
2898 4994 3063 5032 malm
3106 4976 3373 5047 superbia.
3406 4977 3599 5046 Itaque

1999 5056 2140 5109 sicut
2168 5054 2351 5105 rhetor
2376 5051 2471 5104 ille
2484 5050 2873 5117 nobilissimus,
2897 5065 3016 5104 cum
3045 5051 3408 5117 interrogatus
3434 5053 3586 5112 esset,

2000 5122 2139 5193 quid
2167 5124 2219 5177 ei
2226 5122 2466 5191 primum
2488 5120 2761 5176 videretur
2793 5123 2852 5175 in
2880 5122 3193 5191 eloquentia
3211 5119 3595 5193 praceptisob-

2001 5189 2211 5248 servari
2226 5189 2487 5261 oportere,
2502 5189 2991 5263 pronuntiationem
3010 5192 3215 5247 dicitur
3228 5189 3595 5259 respondisse;

2003 5280 2123 5320 cum
2152 5268 2484 5334 quareretur
2506 5265 2644 5334 quid
2660 5264 2908 5327 secundo,
2940 5264 3179 5319 eamdem
3204 5263 3596 5332 pronuntiatio-

2003 5352 2151 5401 nem;
2183 5335 2321 5405 quid
2344 5337 2517 5401 tertio,
2554 5336 2698 5389 nihil
2719 5336 2874 5390 aliud
2895 5352 3061 5405 quam
3091 5335 3327 5389 eamdem
3353 5349 3596 5402 pronun-

2008 5410 2286 5463 tiationem
2306 5406 2530 5462 dixisse.
2552 5408 2640 5463 Sic
2651 5409 2704 5461 si
2723 5407 3101 5475 interrogares,
3116 5409 3167 5459 et
3181 5406 3389 5475 quoties
3427 5407 3592 5460 inter-

2002 5493 2220 5549 rogares
2249 5477 2315 5532 de
2331 5480 2618 5549 praceptis
2655 5478 2975 5534 Christiana
3003 5478 3303 5549 religionis,
3333 5476 3485 5549 nihil
3510 5489 3593 5549 me

1999 5545 2157 5605 aliud
2194 5545 2531 5619 respondere:
2564 5551 2677 5604 nisi
2698 5549 3060 5619 humilitatem
3091 5548 3298 5610 liberet,
3331 5546 3435 5599 etsi
3452 5545 3595 5610 forte

1998 5622 2112 5675 alia
2132 5607 2304 5675 dicere
2316 5607 2599 5690 necessitas
2626 5607 2867 5690 cogeret?

2065 5691 2089 5762 ῗ
2118 5690 2271 5762 circa
2314 5688 2460 5748 hunc
2480 5692 2663 5762 locum
2686 5686 2806 5762 non
2844 5704 3089 5762 possum,
3130 5686 3264 5759 quin
3300 5698 3399 5762 pro
3428 5694 3595 5762 coro-

300 5753 558 5837 snperbia
584 5753 849 5823 inliuth
889 5764 1101 5837 divina,
1127 5753 1355 5837 g‘i-atia,
1394 5771 1449 5819 et
1491 5753 1887 5837 cdnsequé'nter
1992 5759 2313 5837 nide‘hujus
2342 5770 2609 5837 tractatus
2636 5761 2704 5819 de
2737 5753 3061 5837 humilitate
3075 5766 3131 5837 et
3146 5753 3591 5837 superbia.jl_tff;

303 5817 571 5894 ἓῖἧίιὶῐιὶῖι
584 5817 861 5906 Rabiri-7,
892 5817 1178 5910 quam“;
1193 5817 1618 5906 auxiliogratiai
1634 5817 1885 5891 tantum
1990 5817 2088 5891 ter
2103 5817 2273 5890 illam
2314 5817 2692 5906 mittimitti
2721 5817 2796 5889 et
2816 5817 3259 5889 distributionem
3303 5817 3595 5876 duodecim
