4012 6192
359 267 462 319 475
927 266 1015 321 DE
1051 264 1529 323 CENOBIORUM
1564 265 1809 323 INSTIT.
1852 267 1974 325 LIB.
2018 270 2132 326 XII.
2170 302 2243 314 —
2281 275 2369 330 DE
2414 268 2682 330 SPIRITU
2719 262 3097 323 SUPERBIA'I.
3556 263 3665 317 4'76

371 398 546 447 tatem
570 406 753 447 veram
789 390 984 447 intimo
1012 391 1192 448 cordis
1230 390 1587 447 exhibeamus
1641 389 1865 459 aITectu,
1900 393 1959 448 in
1987 397 2280 460 Atametsi
2337 396 2600 471 injuriosa
2636 392 2781 460 sint,
2849 388 2933 446 vel
2981 385 3157 444 tristia
3181 427 3197 454 ,
3263 384 3346 442 vel
3377 383 3670 456 damnosa,

370 484 521 540 nullo
592 484 797 540 scilicet
868 486 1242 555 aquiescentes
1313 499 1408 540 eos
1464 484 1806 554 contristare,
1877 484 1958 541 vel
2064 500 2351 566 tamquam
2381 508 2410 548 a
2435 486 2805 562 superioribus
2831 482 3038 541 nostris
3065 481 3234 548 illata,
3264 478 3669 550 patientissime

383 577 613 647 laedere;
650 578 797 651 quod
853 578 1161 635 nullatenus
1209 578 1512 649 poterimus
1552 578 1805 651 implere,
1854 578 1961 636 nisi
2067 585 2385 641 toleremus.
2436 584 2595 656 (Vide
2639 580 2884 650 exempla
2931 576 3081 647 apud
3135 577 3288 630 Ioan.
3355 574 3669 640 Climacum,

376 680 402 707 ³
426 672 819 729 abrenuntiatio
847 686 998 736 vera,
1020 686 1142 743 qua:
1183 673 1240 728 in
1280 672 1673 744 exspoliatione
1710 675 1965 731 omnium

381 764 703 821 facultatum
747 781 810 820 ac
859 764 1103 822 nuditate
1152 765 1427 837 consistit;
1479 767 1537 823 in
1587 766 1747 824 nobis
1805 766 1968 825 fuerit

373 858 575 916 Christi
591 874 782 915 amore
807 858 1064 927 fundata;
1110 859 1309 917 deinde
1336 859 1665 918 ohedientiaa
1686 861 1883 936 jugum
1910 871 1967 921 et

372 952 641 1024 subjectio
667 954 903 1025 simplici
930 954 1096 1011 corde
1123 970 1187 1019 ac
1228 954 1344 1011 sine
1369 955 1514 1011 nulla
1538 954 1706 1013 fuerit
1740 956 1965 1013 simula-

376 1047 527 1106 tione
546 1057 822 1120 suscepta,
876 1050 947 1105 ita
987 1058 1070 1114 ut,
1124 1058 1326 1122 prater
1364 1050 1579 1107 abbatis
1622 1051 1963 1122 mandatum,

374 1144 526 1201 nulla
568 1145 779 1216 penitus
833 1146 1082 1201 voluntas
1133 1145 1281 1201 vivat
1318 1145 1373 1201 in
1423 1146 1602 1202 nobis.
1646 1147 1807 1216 Quod
1856 1165 1967 1206 non

377 1236 535 1292 aliter
575 1236 852 1291 observari
894 1236 1109 1309 poterit,
1137 1236 1237 1294 nisi
1257 1237 1326 1293 ab
1359 1253 1426 1294 eo
1453 1238 1546 1310 qui
1570 1254 1682 1295 non
1703 1240 1883 1297 solum
1908 1256 1967 1299 se

376 1334 659 1382 mortuum
675 1327 801 1383 huic
820 1328 1045 1397 mundo,
1087 1344 1276 1386 verum
1299 1330 1465 1387 etiam
1499 1329 1847 1403 insipientem
1868 1334 1968 1407 ju-

386 1418 648 1476 dicaverit
688 1437 752 1477 ac
806 1423 1054 1492 stultum,
1102 1424 1353 1480 universa
1391 1440 1515 1496 quae
1554 1426 1659 1482 sibi
1706 1425 1906 1484 fuerint
1937 1443 1968 1484 a

379 1512 682 1571 senioribus
710 1515 991 1588 imperata,
1022 1516 1140 1572 sine
1173 1516 1278 1573 ulla
1301 1516 1641 1574 discussione
1662 1519 1969 1591 perﬁciens,

378 1598 405 1637 ¹³
441 1615 783 1663 sacrosancta
805 1623 867 1663 ea
886 1607 1112 1665 credens
1142 1624 1207 1665 ac
1233 1609 1492 1667 divinitus
1520 1612 1881 1684 promulgata.

898 1702 1144 1758 CAPUT
1170 1702 1450 1759 XXXIII.

625 1796 879 1850 Remedia
898 1794 1156 1849 adversus
1172 1796 1413 1851 morbum
1437 1797 1719 1866 superbire.

449 1888 511 1941 In
536 1901 640 1958 qua
670 1887 1088 1945 consistentibus
1117 1888 1397 1960 qualitate,
1421 1889 1778 1961 proculdubio
1806 1896 1980 1948 status

380 1978 475 2036 ille
500 1980 821 2037 humilitatis
886 1996 1012 2037 vere
1075 1982 1401 2053 tranquillus
1449 1990 1614 2053 atque
1670 1981 1976 2041 immobilis

379 2072 775 2144 subsequetur;
806 2083 826 2110 ο
857 2081 919 2127 ιιι
962 2073 1326 2144 nosmetipsos
1386 2073 1670 2132 inferiores
1706 2076 1974 2134 omnibus

384 2163 719 2235 iudicantes,
771 2164 1190 2238 universa'quae
1227 2165 1385 2222 nobis
1438 2166 1639 2225 fuerint
1700 2170 1972 2244 irrogata,

2072 679 2249 749 gradu
2269 682 2508 749 quarto.)
2538 678 2672 746 Quae
2690 671 2918 746 quidem
2941 687 2973 727 a
2995 667 3151 725 nobis
3181 683 3292 724 non
3320 666 3502 723 solum
3524 666 3676 725 facil-

2071 772 2200 829 lime
2231 770 2629 837 tolerabuntur,
2655 781 2847 824 verum
2870 764 3037 821 etiam
3078 777 3247 835 parva
3272 760 3671 834 judicabuntur

2072 881 2136 922 ac
2167 865 2337 932 nulla,
2375 865 2423 921 si
2473 869 2655 919 mente
2710 859 2912 933 jugiter
2964 855 3277 913 recolamus
3309 855 3396 912 vel
3449 855 3674 912 Domini

2075 960 2251 1017 nostri
2276 958 2358 1015 vel
2401 964 2718 1014 sanctomm
2757 951 3006 1009 omnium
3049 950 3360 1022 passiones,
3414 947 3674 1005 conside-

2074 1060 2261 1108 rantes
2288 1055 2441 1107 tanto
2470 1046 2760 1105 levioribus
2778 1059 2883 1101 nos
2921 1041 3131 1115 injuriis
3159 1039 3431 1108 attentari,
3463 1047 3674 1111 quanto

2075 1146 2293 1217 longius
2317 1159 2347 1200 a
2384 1142 2600 1199 meritis
2632 1153 2825 1197 eorum
2853 1144 2909 1194 et
2929 1133 3341 1193 conversatione
3374 1132 3677 1202 distamus;

2074 1237 2274 1310 pariter
2301 1237 2472 1293 etiam
2517 1234 2816 1308 cogitantes
2846 1230 2902 1286 in
2934 1228 3083 1285 brevi
3108 1242 3213 1284 nos
3228 1225 3302 1284 de
3328 1226 3438 1282 hoc
3474 1225 3679 1283 saecqu

2073 1332 2429 1405 migraturos,
2449 1341 2754 1400 eorumque
2775 1339 2876 1381 nos
2892 1323 3054 1381 celeri
3081 1322 3210 1379 vitae
3233 1320 3399 1393 hujus
3421 1320 3529 1376 ﬁne
3544 1335 3682 1377 mox

2078 1424 2293 1482 futuros
2347 1438 2468 1481 esse
2507 1429 2816 1481 consortes.
2873 1416 3240 1490 Peremptoria
3303 1429 3545 1487 namque
3591 1422 3680 1471 est

2078 1518 2197 1575 haec
2206 1515 2617 1587 contemplatio,
2639 1529 2752 1570 non
2770 1511 2952 1568 solum
2972 1508 3265 1584 superbiae,
3290 1524 3488 1565 verum
3514 1508 3682 1566 etiam

2077 1606 2399 1681 generaliter
2425 1605 2680 1661 omnium
2708 1602 2991 1659 vitiorum.
3021 1598 3232 1657 Deinde
3254 1606 3381 1671 post
3406 1598 3523 1656 haec
3541 1599 3685 1656 hanc

2079 1698 2335 1757 eamdem
2362 1697 2732 1754 humilitatem
2755 1711 2881 1769 erga
2922 1696 3105 1750 Deum
3138 1692 3459 1750 ﬁrmissime
3495 1701 3687 1750 reten-

2000 1807 2048 1869 Β
2080 1800 2277 1849 temus.
2310 1790 2472 1862 Quod
2506 1806 2537 1847 a
2566 1789 2726 1846 nobis
2765 1789 2840 1846 ita
2867 1785 3261 1860 complebitur,
3289 1795 3353 1843 ut
3384 1786 3513 1842 nihil
3541 1801 3684 1843 nos-

2084 1887 2348 1960 metipsos
2369 1885 2576 1958 absque
2604 1884 2748 1941 illius
2772 1881 3133 1955 opitulatione
3165 1880 3246 1937 vel
3289 1881 3482 1954 gratia,
3524 1879 3685 1953 quod

2083 1984 2154 2043 ad
2180 1985 2444 2041 virtutum
2469 1981 3010 2039 consummationem
3040 1979 3298 2051 pertinet,
3321 1994 3485 2051 posse
3511 1978 3688 2051 perii-

2080 2094 2206 2137 cere
2234 2091 2660 2151 cognoscamus;
2682 2074 2779 2131 sed
2799 2082 2854 2130 et
2876 2072 2982 2130 hoc
3008 2073 3189 2146 ipsum
3214 2071 3365 2144 quod
3387 2072 3689 2146 intelligere

2083 2172 2414 2239 meruimus,
2451 2169 2568 2242 ejus
2591 2182 2709 2226 esse
2734 2167 3000 2235 muneris,
3033 2165 3089 2222 in
3116 2165 3342 2223 veritate
3373 2164 3685 2223 credamus.

1459 2299 1720 2355 ALARDI
1757 2302 1992 2358 GAZAEI
2031 2298 2590 2359 COMMENTARIUS.

393 2398 661 2482 graduum
688 2399 1011 2482 humilitatis
1037 2418 1067 2457 a
1090 2405 1169 2482 _D.
1204 2402 1494 2482 Benedicto
1533 2404 1888 2482 assignatam,
1925 2417 1981 2464 et

391 2471 447 2548 i_n
476 2472 616 2548 sca_l_a
653 2471 894 2548 ejusdem
920 2474 1176 2548 superius
1202 2471 1674 2548 demonstratam,"
1689 2478 1818 2535 alias
1846 2471 1980 2535 item

388 2542 523 2621 duas
548 2541 925 2621 distinctiones
972 2541 1025 2600 et
1073 2545 1363 2602 divisiones
1406 2541 1675 2618 graduum
1700 2548 1980 2621 ~ejusdem

387 2613 609 2687 virtutis
644 2612 1002 2687 hi‘cpadjiciam
1042 2632 1056 2687 ς
1089 2630 1321 2685 quarum
1342 2612 1489 2687 prior
1511 2624 1594 2674 est
1644 2612 1857 2676 Glossa:
1888 2636 1977 2675 or-

384 2682 617 2740 dinaria:
640 2684 707 2740 ad
736 2682 871 2741 illud
899 2682 1144 2743 Manlia—2i
1171 2703 1250 2744 ιιι
1272 2682 1389 2744 :Sic
1416 2692 1555 2744 enim
1582 2690 1727 2746 decet
1748 2706 1839 2747 nos
1872 2694 1978 2745 im-

382 2756 534 2880 ﬁlere
561 2772 766 2810 omnem
776 2758 1074 2826 justitiam.
1110 2758 1374 2823 Perfecta,
1401 2760 1495 2824 ait,
1541 2761 1817 2818 humilitas
1866 2770 1979 2819 tres

427 2826 556 2880 abet
586 2826 785 2880 gradus
809 2848 820 2880 :
846 2828 1060 2880 nrimus
1087 2838 1172 2880 est
1200 2829 1433 2880 subdere
1455 2846 1513 2880 se
1540 2832 1754 2880 maiori-
1790 2841 1846 2880 et
1872 2848 1979 2880 non

427 2826 556 2904 abet
586 2826 785 2898 gradus
809 2848 820 2883 :
846 2828 1060 2904 primus
1087 2838 1172 2904 est
1200 2829 1433 2904 subdere
1455 2846 1513 2886 se
1540 2832 1756 2904 majori,
1779 2841 1846 2904 et
1872 2848 1987 2889 non

385 2895 644 2970 praeferre
681 2913 740 2953 se
767 2895 984 2969 aequali,
1006 2900 1098 2970 qui
1131 2910 1213 2956 est
1250 2901 1564 2970 sufficiens;
1594 2895 1864 2958 sécundus
1903 2912 1987 2959 est

385 2966 623 3040 subdere
654 2983 713 3040 se
736 2966 949 3040 aequali,
974 2966 1081 3025 nec
1119 2969 1377 3040 praeferre
1420 2987 1479 3027 se
1527 2966 1744 3031 minori.
1794 2980 1850 3028 et
1896 2973 1986 3029 hic

385 3037 589 3114 dicitur
632 3037 944 3114 abundans;
988 3037 1183 3114 tertius
1226 3041 1429 3114 gradus
1489 3050 1574 3114 est
1608 3042 1873 3114 subjicere
1926 3059 1986 3101 se

389 3108 614 3183 minori,
648 3109 705 3164 in
732 3125 840 3183 quo
869 3112 1174 3183 estﬂomnis
1213 3108 1451 3183 justitia.
1485 3112 1672 3168 Altera
1706 3108 1985 3171 distinctio

387 3188 471 3256 est
498 3182 568 3236 D.
598 3181 838 3256 Anselmi
864 3181 921 3235 in
963 3181 1104 3237 libro
1133 3181 1705 3256 de'Similitudinibus
1739 3187 1888 3256 (Cap.
1914 3192 1985 3242 99

2089 2406 2360 2464 nimirum
2414 2404 2609 2462 ordine
2653 2400 3025 2476 procedendo,
3072 2407 3133 2458 ut
3183 2399 3388 2476 primus
3414 2398 3693 2472 superbiae

2087 2478 2291 2557 gradus
2309 2483 2609 2557 censeatur
2637 2472 2740 2557 qui
2759 2474 3053 2557 opponitur
3080 2472 3306 2557 septimo
3330 2479 3386 2527 et
3421 2486 3692 2543 supremo

2087 2545 2281 2625 grain
2309 2545 2672 2625 humilitatis,
2693 2553 2749 2625 et
2771 2545 2851 2601 sic
2874 2552 3286 2625 consequenter.
3439 2613 3475 2625 Α
3518 2613 3556 2625 Α.
3641 2613 3653 2625 ⁸

2157 2624 2183 2653 ³
2231 2622 2314 2674 De
2352 2615 2830 2674 abrenuntiatione
2865 2624 2920 2671 et
2966 2614 3139 2671 tribus
3190 2614 3695 2670 abrenuntiationis

2085 2690 2380 2764 generibus
2393 2690 2571 2761 agitur
2596 2687 2753 2758 plene
2780 2686 3074 2743 collatione
3096 2686 3255 2741 tertia
3281 2700 3401 2755 cap.
3430 2691 3462 2740 3
3488 2692 3541 2739 et
3569 2699 3688 2757 seq.

2156 2754 2183 2793 δ
2214 2760 2441 2814 Εείῐιιυε
2460 2760 2629 2814 etiam
2660 2757 2762 2814 hac
2797 2757 2864 2814 de
2884 2773 2943 2813 re
2971 2757 3075 2813 alio
3100 2757 3220 2812 loco
3253 2757 3392 2814 (Lib.
3420 2757 3529 2814 ιν).

2165 2757 2183 2793 δ
2214 2757 2762 2885 Εῗίιηυέέιίεωιιθο
2797 2757 2864 2814 de
2884 2757 3075 2839 r_e.alio
3100 2757 3220 2812 loco
3253 2757 3392 2826 (Lib.
3418 2757 3529 2837 tv).
3619 2827 3630 2839 _
3685 2829 3699 2839 .

2165 2832 2265 2909 ¢_G
2288 2828 2787 2909 ossa_super_1|lud_
2793 2827 3054 2909 _Ph|_hpp.
3079 2842 3177 2908 _n:
3217 2830 3537 2909 .Siipmres
3582 2827 3695 2881 sibi

2096 2904 2319 2978 invicem
2352 2896 2721 2956 arbitrantes:
2750 2902 2888 2978 _Non
2920 2896 3045 2978 h_oé,
3076 2898 3279 2969 inquit,
3306 2896 3397 2978 ita
3428 2896 3695 2978 debemus

2092 2973 2386 3039 aestimare,
2421 2980 2483 3028 ut
2501 2986 2604 3027 nos
2643 2971 2921 3050 aestimare
2941 2968 3232 3050 ﬁngamus,
3254 2968 3351 3050 sed
3387 2984 3510 3050 vere
3537 2968 3694 3023 aasti-

2093 3059 2288 3119 menus
2326 3057 2482 3119 posse
2524 3057 2641 3119 esse
2713 3040 2929 3119 aliquid
2966 3040 3242 3096 occultum
3298 3041 3355 3095 in
3395 3040 3501 3095 alio
3523 3081 3538 3105 ,
3576 3054 3693 3119 quo

2096 3115 2260 3170 nobis
2287 3110 2537 3186 superior
2562 3113 2653 3180 sit,
2678 3110 2892 3169 etiamsi
2917 3113 3125 3186 bonum
3154 3120 3424 3186 nostrum,
3446 3125 3553 3186 quo
3591 3110 3693 3186 illo

2095 3186 2344 3241 videmur
2356 3183 2668 3257 superiores
2696 3198 2814 3240 esse
2832 3226 2847 3251 ,
2882 3198 2998 3257 non
3025 3183 3099 3237 sit
3126 3183 3697 3257 occultum_(Est‘_Au-

388 3235 462 3306 et,
490 3235 653 3328 seps,
676 3235 793 3328 pubi
823 3235 1713 3328 punierit__§épeis"iaa.i.iiie;s
1742 3235 1986 3328 Quae;
2020 3235 2066 3300 C
2097 3235 2664 3328 ῥὶιῖςὶῗῖἑόξίἱὶἇιίἰίζ
2685 3235 3592 3328 ᾱῗιί)ῗ’(ἷιιί·ᾖεὸἐιὶ›ἧῦξιιῖιήίι.
3620 3235 3692 3309 33

389 3320 785 3401 qupsiibjdem
814 3320 934 3380 fuse
974 3320 1246 3401 explicat.
1314 3326 1529 3401 Primus
1591 3335 1674 3384 est
1723 3320 1985 3401 cognitio,

389 3391 995 3470 sui,nimirum.quoad
1041 3391 1258 3470 peccata
1304 3405 1358 3470 et
1382 3398 1629 3470 defectus
1656 3391 1985 3470 culpabiles;

389 3464 684 3541 secundus2
709 3464 867 3541 dolor
894 3468 960 3521 de
1006 3464 1118 3541 suis
1146 3469 1382 3541 peccatis
1422 3478 1474 3523 et
1506 3464 1804 3525 defectibus
1829 3488 1845 3537 ;
1875 3464 1991 3525 ter;

389 3530 522 3610 tius,
553 3530 823 3610 confessio
864 3530 1184 3610 earumdem
1216 3544 1336 3592 tum
1368 3538 1423 3592 in
1452 3530 1843 3610 Sacramento,
1868 3548 1991 3610 tum

391 3598 543 3677 alibi,
569 3615 693 3655 cum
718 3602 860 3658 ratio
882 3606 1147 3673 postulat;
1174 3615 1420 3677 quartus,
1456 3616 1518 3663 ut
1560 3623 1669 3663 non
1696 3598 1877 3664 solum
1906 3609 1990 3665 fa-

391 3675 604 3756 teamur
643 3686 745 3726 nos
761 3687 1049 3756 peccasse,
1066 3677 1161 3733 sed
1190 3675 1261 3756 jid
1302 3677 1417 3756 aliis
1453 3677 1907 3756 persuadeamus,
1936 3689 1991 3756 et

394 3741 625 3819 velimus
650 3741 835 3819 credi;
868 3744 1111 3819 quintus,
1148 3754 1210 3803 ut
1244 3741 1505 3819 patienter
1543 3741 1907 3806 sustineamus
1935 3752 1991 3807 id

392 3809 462 3866 de
499 3811 655 3893 nobis
699 3809 835 3893 dici;
883 3809 1068 3873 sextus
1083 3809 1115 3893 ζ⁸
1153 3809 1418 3893 patienter
1447 3818 1585 3893 ferre
1629 3836 1686 3893 se
1714 3836 1810 3892 pro
1832 3821 1991 3893 culpa

393 3896 491 3964 sua
515 3886 871 3964 contemptim
899 3888 1116 3964 tractari
1153 3886 1245 3964 ’ve_l
1289 3890 1491 3961 puniri;
1544 3886 1829 3964 septimus,
1884 3886 1989 3964 hec

393 3958 560 4031 etiam
585 3963 797 4031 optare,
824 3966 879 4012 et
901 3958 969 4014 de
998 3975 1064 4016 eo
1102 3958 1360 4031 gaudere.
1387 3964 1559 4018 Porro
1590 3958 1655 4018 ex
1685 3962 1770 4018 his
1804 3962 1989 4019 humi—

393 4023 559 4106 litatis
610 4023 868 4106 gradibus
902 4045 1018 4106 no_n
1059 4023 1142 4087 esvt
1163 4031 1380 4106 difﬁcile
1398 4034 1703 4089 contrarios
1729 4042 1786 4106 et
1813 4047 1991 4106 oppo-

391 4095 527 4152 sitos
566 4095 831 4171 superbiae
857 4100 1059 4175 gradus
1098 4103 1352 4177 colligere
1379 4112 1435 4161 et
1461 4110 1725 4173 statuere;
1772 4095 1986 4163 inverso

2100 3328 2156 3383 in
2178 3327 2436 3385 Genesim
2462 3346 2475 3380 :
2505 3330 2621 3383 Non
2643 3329 2716 3381 eis
2732 3330 2962 3390 tantum,
2986 3328 3083 3395 qui
3099 3329 3258 3379 aetate
3276 3325 3426 3379 nobis
3447 3330 3697 3378 suntma-

2087 3400 2256 3469 jores,
2286 3400 2370 3453 vel
2405 3401 2569 3453 etiam
2602 3398 2854 3467 mquales,
2893 3397 3139 3469 honorem
3183 3397 3556 3458 exhibeamus;
3587 3410 3698 3449 non

2098 3474 2174 3524 est
2193 3472 2332 3524 enim
2350 3471 2646 3530 humilitas,
2674 3469 2819 3538 quod
2837 3470 3015 3535 facere
3026 3468 3178 3522 debes
3202 3469 3498 3538 necessitate
3518 3483 3535 3519 :
3558 3480 3697 3520 vera

2099 3544 2404 3602 autem.est,
2434 3541 2653 3610 quando
2681 3537 2912 3594 cedimus
2941 3542 3007 3593 iis
3036 3540 3131 3608 qui
3148 3538 3294 3610 nobis
3308 3537 3553 3591 ridentur
3578 3550 3695 3592 esse

2099 3613 2344 3672 minores,
2375 3615 2424 3665 et
2445 3609 2527 3665 eos
2547 3626 2864 3665 veneramur
2891 3613 2989 3679 qui
3012 3610 3161 3664 nobis
3185 3609 3435 3663 videntur
3454 3624 3561 3663 esse
3584 3623 3700 3662 ma-

2096 3683 2180 3749 gis
2208 3682 2429 3749 indigni
2454 3697 2621 3751 quam
2650 3697 2761 3735 nos.
2796 3682 2969 3748 'Quod
2992 3684 3042 3736 si
3066 3685 3202 3735 recte
3219 3682 3479 3751 sapimus,
3515 3679 3700 3751 nullos

2097 3754 2259 3807 etiam
2276 3753 2427 3807 nobis
2448 3749 2558 3807 esse
2580 3754 2811 3806 mino-res
2838 3752 3241 3812 arbitrabimur,
3256 3749 3348 3803 sed
3380 3764 3471 3802 nos
3494 3750 3701 3805 erce/Ii

2097 3823 2169 3877 ab
2211 3824 2457 3878 omnibus
2509 3823 2815 3877 hominibus
2855 3824 3107 3878 dicemus.
3139 3824 3203 3877 Et
3232 3821 3322 3875 hoc
3341 3819 3456 3873 dico
3487 3835 3595 3873 non
3620 3819 3702 3876 de

2098 3894 2693 3973 nobis,quiiunu_met'is
2710 3896 2953 3973 immersi
2964 3908 3145 3973 sumus
3156 3893 3398 3962 peccatis;
3412 3890 3504 3972 sed
3517 3892 3700 3973 etiarn

2097 3967 2151 4019 si
2175 3967 2298 4035 quis
2324 3965 2434 4019 sibi
2474 3967 2834 4035 plurimorum
2870 3966 2993 4020 bene
3022 3970 3288 4033 gestorum
3327 3965 3562 4017 conscius
3587 3965 3696 4035 sit,

2097 4033 2207 4091 nisi
2220 4037 2436 4106 apudse
2460 4033 2656 4091 senum
2679 4037 2822 4105 quod
2846 4039 3079 4090 omnium
3103 4038 3174 4090 sit
3185 4038 3503 4105 postremus,
3521 4033 3694 4106 'nuila

2097 4110 2149 4162 ei
2162 4105 2357 4175 futura
2370 4109 2584 4162 utilitas
2613 4113 2691 4162 est
2718 4123 2788 4161 ex
2818 4108 3061 4163 omnibus
3087 4110 3201 4163 suis
3227 4107 3376 4161 bonis
3405 4105 3680 4175 operibus.
