4012 6192
269 2066 284 2076 .
375 2022 432 2077 ἰιι
467 2021 859 2094 compendium
899 2023 1150 2094 redactos

360 264 456 318 481

1119 261 1459 319 COLLATIO
1496 264 1538 317 l.
1575 291 1649 304 -ο
1685 262 1772 317 DE
1809 260 2119 319 MONACHI
2159 263 2579 321 INTENTIONE
2617 265 2704 320 AC
2741 266 2921 322 FINE.

3567 273 3682 328 482

361 400 494 442 sane
520 384 774 442 volumus
817 391 946 442 ante
976 385 1192 452 omnia,
1225 395 1340 444 tam
1374 385 1571 444 barum
1610 386 1964 444 collationum
1994 392 2049 455 Α
2075 388 2571 462 constituti,atque
2609 389 2676 446 ab
2702 391 3085 448 universorum
3112 392 3438 450 mortalium
3461 409 3692 452 consor-

364 494 533 553 quam
599 478 949 552 superiorum
1007 479 1348 538 voluminum
1389 481 1782 552 praemonitum
1849 495 1971 537 esse

363 572 652 642 lectorem,
671 580 736 630 ut
769 572 816 630 si
839 588 948 646 qua
971 571 1112 630 forte
1133 574 1191 630 in
1213 573 1298 631 his
1328 589 1428 648 pro
1447 582 1626 631 status
1651 574 1734 631 sui
1760 582 1818 631 et
1834 589 1968 647 pro-

360 665 527 740 positi
553 665 846 739 qualitate,
867 667 984 723 sive
1007 682 1108 740 pro
1145 682 1248 725 usu
1277 676 1333 725 et
1357 667 1772 725 conversatione
1811 683 1969 724 com-

362 757 544 827 muni,
577 757 662 814 vel
688 759 1043 832 impossibilia
1075 761 1347 833 putaverit
1369 777 1520 831 esse,
1547 761 1636 817 vel
1659 761 1826 830 dura,
1855 777 1969 818 non

361 866 425 909 ea
447 851 756 910 secundum
787 867 901 910 suae
923 851 1195 912 facultatis
1230 855 1556 924 modulum,
1585 859 1610 888 ⁸
1641 855 1738 913 sed
1771 870 1968 912 secun-

360 945 502 1004 dum
528 946 854 1020 dignitatem
895 956 950 1005 et
975 947 1366 1022 perfectionem
1405 950 1748 1023 loquentium
1775 949 1966 1006 metia-

363 1045 475 1107 tur,
507 1053 748 1110 quorum
774 1039 930 1112 prius
951 1039 1198 1098 studium
1224 1048 1388 1112 atque
1413 1039 1755 1112 propositum
1783 1047 1968 1096 mente

364 1130 671 1202 concipiat,
694 1146 808 1204 quo
831 1145 962 1189 vere
988 1135 1194 1190 mortui
1226 1133 1357 1190 huic
1378 1133 1779 1190 conversationi
1803 1149 1966 1190 mun-

363 1221 526 1279 dana
566 1224 730 1280 nullis
772 1222 1060 1282 affectibus
1099 1234 1389 1298 parentum
1433 1225 1765 1296 carnalium,
1805 1227 1970 1283 nullis

365 1324 598 1374 actuum
617 1317 956 1375 saecularium
973 1318 1208 1376 nexibus
1238 1319 1568 1394 obligantur.
1584 1319 1795 1378 Deinde
1822 1321 1969 1378 loco—

367 1425 497 1466 rum
545 1425 766 1484 quoque
809 1411 865 1466 in
898 1410 1097 1484 quibus
1143 1421 1598 1480 commorantur,-
1623 1413 1970 1471 considerent

367 1502 686 1575 qualitatem
729 1519 836 1576 qua
863 1507 986 1573 [AL
1033 1505 1194 1578 quia]
1241 1507 1295 1562 in
1335 1505 1626 1563 solitudine
1668 1506 1970 1564 vastissima

2075 482 2152 538 tio
2193 483 2464 554 separati,
2512 491 2569 539 et
2622 499 2718 556 per
2763 483 2870 540 hoc
2918 484 3380 542 illuminationem
3421 501 3686 544 sensuum

2079 574 2456 648 possidentes,
2483 576 2918 648 contemplantur
2945 577 3026 634 vel
3051 579 3451 650 proloquuntur
3475 595 3536 636 ea
3561 595 3686 654 quas

2074 669 2370 741 inexpertis
2398 677 2559 742 atque
2598 669 2886 726 ineruditis
2913 686 3012 742 pro
3040 670 3360 728 conditione
3389 679 3445 728 et
3471 672 3686 730 medio-

2074 763 2266 819 critate
2290 763 2702 820 consuétudinis
2731 779 2846 820 sua:
2871 763 3237 836 impossibilia
3265 762 3498 822 forsitan
3535 766 3692 825 vide-

2075 856 2300 914 buntur.
2353 861 2436 912 De
2488 856 2685 929 quibus
2735 866 2926 914 tamen
2962 859 3009 914 si
3057 859 3180 930 quis
3227 859 3462 916 voluerit
3507 875 3690 918 veram

2077 948 2320 1022 proferre
2347 949 2698 1017 sententiam,
2725 959 2780 1006 et
2808 959 2999 1007 utrum
3045 951 3264 1024 impleri
3290 961 3524 1024 queant,
3549 951 3690 1010 desi-

2072 1041 2230 1110 derat
2272 1042 2527 1114 experiri,
2575 1041 2797 1098 festinet
2865 1043 3012 1114 prius
3073 1057 3268 1100 eorum
3342 1045 3688 1118 propositum

2075 1135 2240 1190 simili
2283 1133 2466 1192 studio
2522 1142 2578 1190 et
2631 1136 3041 1191 conversatione
3091 1134 3397 1206 suscipere,
3447 1145 3506 1192 et
3558 1145 3688 1195 tunc

2074 1227 2303 1284 demum
2342 1242 2466 1299 quae
2504 1242 2666 1299 supra
2695 1225 3013 1283 facultatem
3051 1226 3296 1283 hominis
3337 1228 3688 1298 videbantur,

2075 1337 2186 1377 non
2205 1321 2384 1378 solum
2415 1321 2716 1392 possibilia,
2738 1337 2926 1377 verum
2952 1320 3116 1378 etiam
3145 1321 3471 1379 suavissima
3503 1321 3702 1394 depre-

2078 1414 2298 1471 hendet.
2331 1413 2438 1471 Sed
2468 1430 2613 1470 nunc
2625 1415 2742 1487 jam
2767 1413 2837 1472 ad
2863 1413 3182 1472 collationes
3218 1429 3418 1472 eorum
3447 1422 3502 1471 et
3527 1414 3684 1471 insti-

2078 1517 2195 1566 tuta
2223 1523 2596 1580 properemus.
2765 1495 2776 1515 “

1472 1632 1732 1688 ALARDl
1769 1633 1998 1689 ϐΑΖᾸΞΙ
2033 1633 2594 1690 COMMENTARIUS.

369 1735 894 1811 Gmcamlinguam
930 1738 1094 1811 fuisse
1133 1755 1447 1797 conversos.
1472 1741 1612 1796 Nam
1650 1741 1790 1796 etin
1819 1729 1973 1796 Vati-
2002 1747 2050 1808 B
2082 1741 2204 1797 illos
2231 1741 2386 1796 miris
2430 1741 2682 1797 laudibus
2721 1740 3024 1796 extollens:
3059 1741 3236 1803 Nihil,
3279 1738 3488 1811 inquit,
3519 1740 3586 1794 de
3622 1743 3689 1797 iis

365 1820 516 1883 cana_
529 1807 855 1883 bibliotheca
878 1810 1194 1883 collationes
1225 1811 1434 1883 aliquot
1469 1819 1524 1867 et
1552 1819 1679 1867 octo
1710 1813 1976 1882 posterio-

370 1894 458 1936 res
496 1877 916 1938 lnstitutionum
955 1882 1120 1938 libros
1153 1882 1211 1938 in
1239 1877 1496 1940 Graecum
1545 1877 1840 1938 conversos
1880 1898 1980 1938 ex-

371 1959 515 2033 stare
532 1949 734 2035 scribit.
745 1952 1044 2035 _Ciaconi_us
1065 1955 1164 2035 _(In
1175 1969 1275 2008 sua
1287 1955 1514 2035 prwfat.
1530 1957 1572 2022 ),
1596 1951 1692 2009 sed
1712 1954 1980 2035 e9_p_otius

1237 2021 1374 2096 tia—m4
1414 2025 1620 2096 integre
1668 2021 1914 2096 redditos
1961 2041 1976 2079 :

373 2091 679 2166 cujusmodi
736 2093 928 2164 legisse
959 2093 1172 2166 videtur
1216 2091 1475 2161 Photius,
1509 2091 1601 2166 q'ui
1641 2108 1754 2150 non
1800 2095 1982 2165 plures

373 2164 542 2236 quam
570 2164 708 2222 duas
721 2173 818 2220 aut
835 2172 949 2222 tres
970 2164 1290 2222 collati-ones
1311 2164 1720 2221 commemorat
1733 2164 1984 2232 (Photius

378 2251 426 2290 c.
463 2242 559 2292 177
586 2237 888 2302 Biblwth.).
919 2239 928 2249 ’

452 2309 477 2338 ³
537 2307 675 2378 Huic
705 2306 826 2378 loco
881 2304 1163 2378 aptissime
1212 2311 1478 2362 consonat
1521 2308 1591 2378 Ι),
1651 2305 1984 2378 Augustinus

381 2373 477 2433 lib.
509 2391 532 2434 ι
561 2376 628 2434 de
653 2373 1203 2434 Moribus'Ecclesim
1228 2391 1350 2448 cap.
1385 2379 1476 2444 31,
1497 2375 1590 2431 ubi
1626 2375 1984 2433 anachoretas

2087 1813 2268 1868 dicam
2286 1814 2385 1882 qui
2409 1813 2746 1866 secretissimi
2763 1812 2978 1881 penitus
3007 1811 3076 1864 ab
3105 1813 3251 1882 omni
3271 1811 3544 1865 hominum
3568 1825 3689 1865 con-

2087 1888 2290 1953 specta,
2298 1881 2444 1952 pane
2467 1884 2576 1937 solo
2604 1887 2656 1937 et
2671 1898 2816 1952 aqua
2843 1883 3091 1948 contenti,
3115 1881 3502 1936 desertissimas
3522 1885 3694 1937 terras

2087 1955 2342 2023 incolunt,
2370 1956 2712 2022 per/ruentes
2732 1953 2989 2022 colloquio
3007 1954 3124 2015 Dei,
3147 1955 3234 2007 cui
3246 1953 3403 2022 puris
3427 1953 3693 2007 mentibus

2088 2025 2436 2092 inhleserunt,
2463 2028 2515 2079 et
2541 2024 2659 2093 ejus
2672 2023 3098 2093 pulchritudinis
3118 2024 3553 2092 contemplatione
3575 2023 3696 2078 bea-

2090 2097 2317 2158 tissimi,
2344 2110 2466 2164 quaa
2491 2097 2606 2149 nisi
2624 2099 2927 2148 sanctorum
2956 2094 3226 2148 intellectu
3247 2095 3459 2163 percipi
3476 2109 3580 2148 non
3597 2109 3694 2163 po-

2091 2169 2210 2222 test.
2236 2167 2304 2220 Et
2323 2163 2492 2222 infra:
2512 2167 2622 2221 Hoc
2640 2169 2754 2220 tam
2777 2165 3036 2220 excellens
3047 2165 3337 2232 fastigium
3364 2165 3690 2226 sanctitatis,

2091 2239 2180 2290 cui
2203 2253 2311 2292 non
2333 2251 2434 2290 sua
2454 2240 2636 2306 sponte
2654 2235 2968 2290 mirandum
2988 2239 3038 2288 et
3060 2234 3434 2289 honorandum
3451 2235 3687 2298 videtur,

2090 2309 2332 2372 oratione
2353 2312 2538 2364 nostra
2555 2307 2734 2361 videri
2763 2307 2861 2375 qui
2879 2307 3094 2376 potest?

1330 2631 1836 2739 COLLA
1855 2637 2110 2738 T10
2182 2635 2694 2736 PRIMA
2717 2714 2744 2751 ,

1472 2797 1628 2870 Quae
1659 2800 1760 2860 est
1792 2793 2018 2883 prima
2048 2791 2312 2860 abbatis
2347 2791 2610 2878 Moysis.

1443 2935 1526 2986 DE
1573 2934 1860 2988 MONACHI
1907 2933 2295 2985 INTENTIONE
2343 2932 2426 2983 AC
2479 2931 2650 2982 FINE.

1815 3075 2264 3089 ψ

864 3189 1104 3246 CAPUT
1180 3189 1475 3244 PRIMUM
1487 3229 1501 3242 .

387 3284 470 3338 De
497 3280 833 3336 habitatione
871 3281 1061 3350 Scythi
1085 3321 1102 3344 ,
1133 3284 1184 3334 et
1211 3281 1487 3350 proposito
1523 3280 1734 3335 abbatis
1762 3282 1984 3349 Moysis.

463 3373 604 3429 Cum
629 3375 654 3405 ³
693 3371 746 3428 ἱιι
774 3385 960 3430 eremo
985 3370 1193 3445 Scythi,
1221 3369 1313 3427 ubi
1357 3369 1754 3427 monachorum
1789 3371 1991 3454 proba-

2022 3193 2068 3254 C
2096 3187 2294 3245 tissimi
2330 3194 2538 3260 patres,
2579 3194 2636 3242 et
2674 3179 2702 3218 δ
2725 3184 2975 3242 omnium
3019 3191 3336 3240 sanctorum
3379 3181 3701 3239 morabatur

2095 3281 2376 3354 perfectio,
2405 3280 2701 3336 abbatem'=
2732 3281 2982 3353 Moysen,
3013 3278 3107 3350 qui
3143 3277 3367 3334 suavius
3409 3277 3554 3334 inter
3581 3275 3704 3334 illos

2099 3371 2348 3444 egregios
2395 3371 2562 3427 ﬂores
2591 3359 2620 3404 δ
2665 3387 2778 3428 ιιοιι
2817 3371 2998 3428 solum
3045 3369 3274 3440 actuali,
3322 3380 3511 3427 verum
3543 3369 3706 3427 etiam

1492 3495 1746 3551 ALARDI
1785 3496 2005 3552 GAZASI
2045 3494 2606 3551 COMMENTARIUS.

485 3607 615 3676 'Vlta
669 3601 1023 3676 manuscripti
1061 3601 1322 3676 plerique.
1369 3606 1446 3659 At
1495 3606 1564 3659 D.
1617 3605 1888 3661 Antonius
1937 3611 1994 3676 et

384 3675 554 3733 editio
609 3674 972 3742 Basileeusis‘,
1002 3674 1080 3746 et—
1105 3675 1196 3746 alii
1215 3674 1240 3728 ξ
1273 3679 1336 3734 In
1376 3690 1544 3732 eremo
1582 3676 1834 3746 Scythica.
1869 3674 1993 3732 Fuit

389 3747 512 3804 haec
557 3762 800 3820 eramus,
856 3754 918 3804 ut
937 3745 1067 3802 alibi
1097 3745 1304 3820 dictum
1339 3755 1450 3814 est,
1479 3746 1535 3820 in
1576 3745 1811 3820 Egypto
1835 3746 1991 3820 jurta

389 3820 634 3875 Maream
664 3816 869 3889 lacum,
901 3832 1097 3889 magna
1122 3818 1218 3874 SS.
1245 3821 1473 3875 Patrum
1507 3816 1807 3889 frequentia
1827 3816 1994 3889 uobi-

391 3889 543 3960 litata
560 3929 576 3956 ,
617 3887 914 3960 eademque
959 3886 1112 3960 varie
1152 3894 1500 3960 nuncupata:
1528 3886 1678 3960 _Nam
1702 3895 1778 3960 iet
1803 3887 1992 3960 Scetis.

387 3953 600 4036 mica
621 3999 654 4036 ›.
667 3953 880 4036 Sestilia
895 3996 925 4036 ρ.
951 3957 1224 4036 reuss,
1267 3963 1326 4036 «ξι
1343 3953 1646 4036 Euthia;
1665 3956 1996 4036 ,δογειιὲειωι

389 4023 722 4132 δεξιὴὶοἰὶαι
746 4023 1062 4082 inscribitur
1083 4025 1319 4089 (Socrat.
1341 4023 1436 4076 lib.
1463 4035 1525 4076 ιν
1552 4025 1699 4078 Hist.
1729 4023 1775 4077 cl
1802 4029 1891 4088 8).
1952 4090 1957 4096 η

513 4097 805 4132 mamma...
839 4101 892 4132 οι
940 4093 1030 4132 alii
1078 4093 1265 4132 lommt
1304 4109 1318 4124 -
1353 4093 1536 4132 Omnia
1573 4094 1957 4132 omnmm-nhnh.

513 4097 806 4154 Ciaconius
839 4101 896 4150 et
939 4093 1032 4150 alii
1078 4093 1266 4165 legunt
1303 4109 1319 4148 :
1353 4093 1536 4150 Omnis
1573 4093 2003 4148 commorabatur

439 4169 679 4235 erfectio.

393 4184 679 4240 perrecno.

475 4240 501 4271 ο
538 4237 694 4293 Alias
715 4237 930 4292 Mosen.
972 4235 1111 4293 Cum
1145 4243 1344 4307 autem
1392 4241 1502 4291 tres
1551 4233 1718 4307 hujus
1767 4232 2007 4307 nominis

394 4307 745 4368 anachoreta:
767 4307 1051 4362 sanctitate
1078 4305 1314 4363 celebres
1357 4304 1757 4372 memorentur,
1797 4313 1858 4362 ut
1877 4304 2008 4361 alias

395 4379 721 4438 monuimus
761 4373 904 4445 (Lib.
928 4393 964 4433 ιι
996 4380 1125 4434 Inst.
1145 4394 1188 4433 c.
1211 4380 1316 4450 ult.
1335 4381 1378 4446 ),
1404 4376 1643 4450 Libycus
1679 4377 1773 4450 ille
1797 4375 1889 4449 qui
1916 4391 2006 4450 so.

395 4453 486 4530 ius
506 4450 789 4530 _Cassiano
840 4447 1328 4530 coaetaneusnfuit,
1382 4446 1630 4530 omnino
1661 4446 1878 4530 videtur
1908 4446 2006 4530 hic

401 4521 720 4594 designatus
743 4519 938 4594 :_cuju_s
961 4519 1124 4594 etiam
1153 4517 1357 4594 Moysis
1397 4527 1460 4594 e_t_
1491 4520 1724 4594 geminae
1761 4517 2006 4594 collatio-

399 4593 488 4650 nis
513 4588 646 4650 Eum
687 4588 881 4648 eodem
909 4589 1106 4646 habitae
1129 4588 1378 4644 meminit
1404 4588 1631 4646 Photius
1668 4589 1724 4645 in
1749 4588 2004 4645 Cassiano

397 4664 487 4721 bis
513 4663 687 4720 verbis
715 4665 835 4730 (Ea:
861 4662 1101 4716 versione
1126 4663 1190 4716 P.
1215 4659 1447 4714 Androm
1487 4661 1691 4725 Scotti)
1725 4676 1738 4714 :
1771 4662 2006 4715 Tertium

401 4736 488 4790 his
515 4734 834 4805 adjunctum
863 4731 1346 4805 libellum‘iegimus
1363 4768 1378 4793 ,
1581 4746 1621 4805 a_
1644 4730 1874 4805 Castoris
1889 4733 2004 4805 epi-

403 4809 553 4878 scopi
571 4799 744 4860 morte
770 4803 1048 4878 inscripsit
1070 4801 1226 4878 illius
1249 4799 1470 4878 cmnobii
1499 4800 1841 4878 moderatori,
1855 4799 2008 4878 cujus

405 4871 627 4966 εοεῆςδίί
649 4889 818 4966 esui“
833 4871 1131 4966 ἔτηξίθθέιιξὲ
1148 4872 1260 4966 fi’f
1271 4871 2011 4966 ﬂi‘ﬁiii‘fe’i‘i’ifﬂftf
2039 4903 2092 4966 ι)

400 4948 623 5020 quidem
645 4945 853 5020 libellus
879 4945 944 5020 iis
958 4985 974 5007 ,
998 4941 1128 5020 quos
1138 4941 1260 5020 jam
1275 4941 2008 5020 enumeraiimus,_assimilis

403 5011 505 5076 Est.
533 5021 699 5073 Docet
733 5018 876 5071 enim
894 5017 954 5068 in
990 5011 1188 5084 primis
1233 5012 1368 5083 quid
1414 5011 1664 5084 discretio
1700 5012 1804 5077 sit;
1826 5011 2017 5084 deinde

405 5105 510 5162 que
551 5089 814 5159 majorem
844 5101 962 5141 eam
983 5081 1092 5165 esse
1127 5081 1333 5165 pateris
1353 5082 1692 5165 uirtutibus,
1737 5086 1848 5165 tum
1880 5081 2020 5135 unde

405 5153 700 5231 ﬁignatu'r,
731 5173 794 5213 ac
821 5155 1083 5240 quomodo
1126 5155 1238 5210 hazc
1266 5153 1454 5237 eadem
1476 5153 1680 5237 caelitum
1703 5153 2021 5222 plerumque

411 5233 671 5311 domum
704 5231 926 5311 tandem
943 5229 1236 5311 Sceer
1265 5230 1581 5311 ίςειετηοπειε
1613 5223 2022 5311 Ρνρδςιεςβεινίη

411 5305 606 5374 cuique
629 5293 873 5356 animum
913 5293 1111 5355 δρηωῆ
1137 5312 1250 5354 esse
1282 5297 1650 5352 indicandum.
1682 5293 1861 5350 Addit
1878 5306 2025 5374 pra;-

413 5379 564 5430 terea
588 5375 712 5444 quis
732 5386 920 5442 scapus
944 5386 1008 5426 ac
1035 5371 1163 5444 finis
1191 5384 1374 5444 eorum
1411 5382 1519 5444 esse
1547 5365 1734 5444 debeat
1773 5363 2018 5444 quiren-

419 5436 692 5514 giosorum
732 5436 1201 5514 exercitationibus
1239 5439 1554 5514 probantur.
1579 5436 1813 5514 _Ad_hcec
1832 5436 2028 5514 Mosen

463 5516 713 5571 uemdam
725 5515 1012 5570 virtutibus
1023 5513 1150 5568 adm
1156 5507 1368 5566 irandis
1379 5511 1558 5564 virum
1567 5510 1650 5563 ita
1659 5507 1926 5564 docentem
1941 5507 2024 5560 in-

463 5532 713 5571 uemaam
725 5532 912 5570 υιιτιιτι
919 5532 1012 5568 ous
1023 5532 1150 5568 aam
1156 5532 1368 5566 tranats
1379 5532 1409 5563 υ
1417 5532 1558 5564 trum
1567 5532 1650 5563 uu
1659 5532 1840 5564 uacum
1845 5532 1926 5562 cm
1941 5532 2024 5560 m-

424 5532 592 5662 ὅμου.
610 5592 673 5662 με
693 5587 826 5662 ipsis
848 5599 1055 5662 quoque
1090 5583 1339 5662 omnbus
1361 5581 1430 5662 9b.
1451 5580 1624 5662 acules
1639 5577 2026 5662 ρνρρονηοάιέῖη

429 5660 647 5712 statutis
685 5650 942 5724 dogmata
960 5650 1066 5710 sua
1110 5650 1382 5724 conﬁrmet
1404 5650 1430 5724 ί
1449 5652 1694 5724 Quinque
1714 5653 1820 5706 ista
1842 5650 2025 5724 capita

429 5732 647 5783 exstant
666 5719 840 5782 collat.
863 5729 944 5792 2).
968 5726 1104 5782 Haec
1130 5719 1360 5794 Pliotius
1387 5719 1455 5780 de
1472 5719 1802 5794 hoc—Moyse
1829 5719 2026 5794 abbate

428 5797 653 5872 ejusque
690 5788 1095 5868 collationibus,
1146 5793 1360 5854 concise
1408 5794 1663 5866 quidem,
1691 5788 1746 5849 et
1767 5788 2022 5860 confuse;

2100 3602 2196 3660 sed
2231 3618 2330 3674 pro
2359 3602 2568 3659 ratione
2612 3617 2675 3658 ac
2723 3600 3366 3674 dispositiouelibrorum
3409 3617 3550 3674 quos
3577 3609 3710 3674 tunc

2098 3673 2290 3730 nactus
2335 3675 2409 3730 sit
2451 3675 2647 3732 Graece
2671 3673 2966 3745 translatos
2996 3681 3050 3730 et
3079 3673 3134 3729 in
3165 3673 3557 3745 compendium
3583 3673 3709 3745 red-

2098 3753 2250 3827 actos
2261 3785 2281 3827 ,_
2306 3753 2365 3827 ut
2388 3745 2638 3827 superius
2666 3744 2962 3800 iudicatum
2991 3751 3094 3811 est,
3125 3745 3206 3800 vel
3228 3743 3392 3817 prbut
3428 3743 3710 3800 memoria:

2101 3815 2238 3918 lecga
2268 3814 2616 3897 iubazserunt.
2941 3883 2954 3895 θ
3100 3883 3112 3895 ο
3229 3814 3246 3817 “
3625 3882 3637 3893 ⁸

2113 3957 2171 3962 __
2233 3887 2377 3962 Scite
2401 3902 2457 3941 ιιι
2491 3885 2648 3962 hunc
2670 3885 2855 3962 locum
2895 3885 3183 3962 Ciaconius
3368 3888 3710 3962 annotavit:

2111 3957 2415 4011 Theoretica
2443 3959 2556 4010 rita
2579 3971 2642 4010 ea
2663 3957 2863 4010 dicitur
2885 3971 3006 4024 qua:
3039 3956 3097 4008 in
3121 3951 3556 4024 contemplatione
3585 3966 3716 4006 con-

2110 4028 2280 4090 sistit,
2313 4031 2374 4080 ut
2399 4027 2630 4081 actualis
2659 4028 2716 4079 in
2748 4021 2969 4080 actione.
2999 4026 3256 4079 Caeterum
3277 4023 3333 4074 in
3350 4021 3594 4076 omnibus
3613 4037 3718 4076 ea:-

2113 4097 2252 4148 cusis
2277 4096 2540 4149 codicibus
2563 4097 2750 4148 vitiose
2761 4100 2886 4148 ante
2905 4095 3182 4162 legebatur
3205 4111 3220 4145 :
3246 4091 3498 4162 Theorica
3519 4093 3720 4162 uirtute

2113 4163 2383 4232 ﬂagrabat
2409 4183 2426 4217 :
2450 4167 2508 4217 in
2542 4165 2802 4218 Vaticano
2824 4179 2942 4216 vero
2962 4161 3247 4232 emendate
3275 4161 3471 4228 legitur
3499 4178 3516 4214 :
3550 4161 3717 4220 Theo-

2117 4231 2285 4288 retica
2311 4236 2425 4286 vita
2458 4232 2801 4301 frag-raba-nt.
2834 4236 2910 4286 De
2948 4231 3168 4300 ﬂoribus
3196 4233 3337 4286 enim
3375 4245 3543 4286 sermo
3564 4248 3716 4302 pra:-

2117 4307 2360 4359 cesserat.
2389 4305 2528 4360 Vita:
2540 4306 2719 4357 autem
2738 4303 2988 4372 practij
3001 4306 3053 4357 et
3064 4303 3356 4358 theoreticae
3372 4303 3630 4372 frequens
3641 4309 3720 4360 est

2117 4373 2268 4446 apud
2281 4375 2625 4445 philosophos
2649 4376 2844 4429 mentio
2875 4375 3078 4439 (Arist.
3098 4373 3203 4446 lib.
3235 4389 3256 4430 ι
3288 4373 3466 4431 Ethic.
3511 4390 3560 4431 c.
3581 4380 3636 4439 5,
3667 4381 3719 4432 et

2117 4447 2216 4502 lib.
2244 4459 2307 4500 rx
2337 4461 2382 4501 c.
2413 4449 2489 4514 4).
2519 4447 2694 4503 Cicero
2718 4445 2794 4501 ad
2827 4446 3068 4501 Atticum
3090 4445 3185 4500 lib.
3210 4459 3259 4502 II
3289 4461 3303 4499 :
3329 4445 3607 4514 Quomam,
3630 4450 3718 4503 in-

2114 4519 2268 4588 quit,
2302 4521 2454 4572 tanta
2479 4519 2839 4572 controversia
2863 4521 2944 4572 est
2972 4517 3274 4574 Dicwarcho
3315 4517 3594 4588 familiari
3628 4523 3719 4574 tuo

2113 4585 2232 4660 eum
2259 4589 2611 4660 Theophrasto
2630 4590 2802 4644 amico
2829 4604 2962 4652 meo,
2986 4592 3048 4642 tu
3066 4589 3160 4642 ille
3184 4593 3308 4660 tuus
3331 4585 3418 4640 rbi:
3450 4589 3718 4658 πρακτικὸν

2152 4659 2245 4725 ίον,
2265 4661 2324 4714 id
2348 4658 2446 4723 est,
2468 4663 2766 4730 practicam
2784 4662 2952 4714 vitam
2975 4660 3126 4728 longe
3138 4658 3719 4730 omnibusanteponat;

2154 4734 2202 4804 i0
2220 4736 2402 4786 autem
2420 4726 2506 4784 τὸν
2523 4730 2846 4804 θεωρητικῷ,
2858 4731 3030 4804 idest,
3047 4726 3530 4804 contemplativam:
3554 4727 3723 4804 Apuli

2117 4803 2449 4858 Christianos
2496 4795 2634 4855 vero
2660 4795 2718 4854 in
2767 4800 2986 4855 Martha
3037 4801 3086 4848 et
3132 4795 3306 4848 Maria
3343 4795 3638 4857 practicam
3673 4799 3726 4848 et

2121 4873 2462 4926 theoreticam
2479 4872 2652 4923 vitam
2667 4868 2946 4934 designari
2963 4863 3302 4934 notissimum
3328 4862 3425 4934 est.
3449 4863 3559 4934 Has
3577 4877 3724 4920 voces

2123 4942 2407 4997 Cassianus
2429 4940 2608 5006 Graece
2628 4929 2868 5006 scripsit,
2891 4937 2942 4988 et
2961 4929 3431 5006 l_atius_ea.jp_licarit
3455 4932 3634 5006 collat.
3658 4940 3725 5006 174

2123 5025 2242 5078 cap.
2280 5015 2327 5062 l.
2352 5008 2488 5061 Haec
2513 5000 3070 5078 quidem—Cimonius.
3111 5000 3219 5078 Sed
3245 5000 3387 5058 bona
3425 5001 3542 5078 ejus
3567 5005 3727 5078 venia

2123 5073 2236 5133 non
2263 5085 2347 5132 est
2373 5091 2472 5132 cur
2493 5073 2757 5142 theorica,
2783 5081 2846 5130 ut
2868 5073 3057 5146 vitiose
3075 5073 3281 5146 scripta
3299 5087 3398 5144 pro
3425 5073 3724 5146 theoretica

2126 5145 2568 5230 reprehendatur.
2614 5145 2861 5230 Sumitur
2880 5145 3052 5230 "enim
3106 5143 3546 5230 theoricauetiam
3571 5145 3730 5230 _adj_e-

2128 5213 2286 5285 ctive,
2316 5233 2429 5274 non
2467 5216 2646 5273 solum
2687 5215 2851 5290 apud
2875 5215 3197 5290 Cassianum
3226 5213 3468 5288 pluribus
3492 5213 3725 5290 inloc'is.

2129 5297 2192 5346 ut
2213 5290 2395 5346 collat.
2431 5295 2496 5345 l9
2523 5304 2640 5360 cap.
2667 5287 2738 5360 5,:
2760 5287 2855 5344 ubi
2897 5287 3199 5360 theoricam
3229 5287 3388 5344 vocat
3425 5287 3731 5360 sublimita-

2127 5370 2260 5428 tem,
2297 5368 2352 5417 et
2375 5376 2501 5432 cap.
2529 5365 2564 5416 9
2583 5358 2848 5432 ejusdem,
2875 5358 2970 5432 ubi
2999 5359 3297 5432 theoricam
3322 5359 3615 5430 puritatem
3633 5403 3650 5430 ,
3676 5371 3732 5420 et

2131 5448 2320 5490 rursus
2343 5429 2526 5489 collat.
2557 5429 2624 5487 23
2655 5437 2847 5497 cap.4,
2875 5431 2968 5486 ubi
2990 5429 3292 5487 theoricam
3323 5429 3582 5488 nominat
3617 5429 3730 5488 cla-

2132 5504 2379 5570 ritatem;
2404 5501 2500 5575 sed
2519 5509 2574 5558 et
2598 5497 2838 5575 apudpl):
2869 5501 3266 5575 Hieronymum
3299 5497 3359 5555 in
3383 5516 3502 5575 cap.
3536 5504 3735 5575 rupa-

2131 5583 2359 5632 mentat.
2390 5571 2649 5652 morem:
2668 5572 2859 5652 ubi_de
2882 5571 3120 5652 ibeoriéa
3138 5572 3372 5652 puritate
3397 5571 3508 5652 agit
3536 5571 3732 5652 iisdem

2133 5662 2271 5729 esse
2295 5643 2711 5729 νεςδξεειιυίιιυε
2745 5643 3069 5729 assignas.
3092 5640 3730 5729 ιοδιξλδιὲέίίέἓίξρυὲεέ

2132 5709 2305 5790 igitur
2326 5709 2506 5774 obstat
2525 5709 2642 5790 quo
2682 5715 2882 5790 minus
2897 5714 3138 5790 theorica
3164 5709 3270 5769 vita
3296 5709 3406 5790 dici
3437 5709 3628 5790 possit,
3658 5715 3734 5790 ut.

2193 5773 2372 5846 carica
2416 5773 2648 5862 puriias,
2679 5789 2820 5845 etc?
2849 5787 3101 5845 Sumitur
3131 5792 3318 5842 tamen
3357 5773 3627 5840 the'orica,
3652 5773 3737 5828 vel
