4012 6192
359 253 467 308 483

1443 234 1722 293 JOANNIS
1759 232 2064 290 CASSIANI
2099 229 2592 288 COLLATIONBS.

3563 232 3673 286 484

358 373 602 431 theorica
646 370 846 427 virtute
874 366 1160 441 ﬂagrabat,
1188 361 1526 422 institutione
1567 359 1689 431 ejus
1734 357 1953 416 fundari
1982 362 2036 424 Α
2067 372 2189 414 cam
2246 355 2458 413 cunctis
2519 353 2766 412 sentibus
2829 358 3210 425 expurgatam,
3285 351 3670 426 universisque

360 466 942 543 cupiensexpetissem,
959 478 1068 520 una
1078 475 1206 517 cum
1218 464 1406 516 sancto
1424 459 1448 488 "
1470 452 1667 511 abbate
1677 454 1958 511 Germano

362 566 515 635 (cum
546 576 657 634 quo
688 558 823 615 mihi
848 556 920 614 ab
942 557 1062 628 ipso
1084 552 1360 627 tyrocinio
1375 593 1391 621 ,
1413 565 1476 606 ac
1499 548 1822 607 rudimentis
1848 548 1962 604 mi-

359 657 486 714 litia
519 653 770 727 spiritalis
808 651 882 706 ita
900 647 1242 705 individuum
1269 644 1521 716 deinceps
1538 642 1959 700 contubernium

359 761 477 809 tam
507 751 560 806 in
593 745 868 812 coenobio,
911 758 1076 816 quam
1106 742 1164 798 in
1200 755 1385 798 eremo
1414 738 1535 807 fuit,
1566 746 1632 795 ut
1670 736 1853 794 cuncti
1890 735 1959 792 ad

356 839 766 916 signiﬁcandam
798 835 1098 893 sodalitatis
1123 849 1187 891 ac
1210 832 1469 907 propositi
1512 831 1686 887 nostri
1718 828 1956 903 parilita-

356 945 469 992 tem
513 930 959 1005 pronuntiarent,
990 942 1162 984 unam
1207 933 1454 983 mentem
1504 931 1667 995 atque
1717 921 1956 978 animam

356 1026 572 1086 duobus
614 1025 791 1080 inesse
844 1020 1224 1093 corporibus),
1279 1017 1593 1090 pariterque
1633 1016 1702 1073 ab
1755 1014 1955 1073 eodem

353 1120 550 1176 abbate
580 1113 953 1174 aediﬁcationis
975 1125 1288 1170 sermonem
1320 1108 1451 1165 fusis
1487 1107 1737 1181 lacrymis
1768 1121 1955 1179 posce-

353 1228 541 1269 remus
582 1210 802 1282 (quippe
843 1206 999 1278 cujus
1048 1205 1194 1261 hunc
1223 1202 1393 1259 animi
1440 1201 1679 1275 rigorem
1724 1198 1955 1256 manife-

353 1305 589 1362 stissime
614 1314 963 1367 noveramus,
996 1306 1055 1354 ut
1091 1297 1197 1353 nisi
1230 1295 1461 1353 ﬁdeliter
1489 1292 1951 1362 desiderantibus,

356 1407 410 1454 et
438 1412 565 1454 cum
591 1394 742 1451 omni
765 1392 944 1449 cordis
964 1391 1290 1448 contritione
1318 1388 1718 1462 quaerentibus,
1748 1401 1955 1461 nequa-

356 1505 522 1563 quam
560 1488 929 1559 acquiesceret
963 1486 1193 1559 januam
1223 1483 1572 1556 perfectionis
1612 1483 1844 1555 aperire,
1862 1498 1955 1539 .ne

2066 451 2401 525 graminibus
2449 449 2755 507 absolutam
2791 447 2849 503 in
2892 444 3122 502 modum
3179 444 3429 502 solubilis
3490 461 3673 506 areum

2068 545 2369 601 exercendo
2407 546 2790 601 comminuat:
2815 541 3001 611 ﬁnem,
3034 540 3092 597 id
3126 548 3230 608 est,
3263 541 3672 614 perceptionem

2065 638 2418 709 copiosarum
2454 636 2674 710 frugum
2702 644 2755 692 et
2781 634 3195 692 exuberantium
3223 642 3475 705 segetum
3488 675 3505 703 ,
3553 651 3668 693 non

2067 729 2202 787 alias
2235 729 2555 801 adepturum
2584 745 2643 785 se
2666 743 2784 785 esse
2812 727 3075 800 operisac
3108 725 3325 783 sudoris
3345 720 3667 807 suira'tione

2067 823 2367 894 conﬁdens,
2389 839 2499 895 quo
2526 822 2608 879 vel
2632 823 2746 895 ipse
2784 822 3045 895 deinceps
3080 812 3263 877 vitam’
3288 836 3514 879 securus
3542 825 3665 880 exi-

2067 934 2217 992 gere,
2243 918 2325 974 vel
2368 933 2525 974 suam
2552 917 2725 989 possit
2766 915 3097 989 ampliﬁcare
3140 898 3522 974 substantiam.
3557 920 3671 976 Re-

2065 1011 2205 1069 ferta
2229 1013 2394 1069 etiam
2438 1010 2690 1082 frugibus
2718 1010 2917 1067 horrea
2964 1008 3200 1066 libenter
3234 1008 3509 1079 exhaurit,
3549 1026 3666 1069 eas-

2065 1121 2171 1176 que
2217 1106 2466 1177 putribus
2533 1104 2700 1160 sulcis
2748 1103 2970 1160 instanti
3036 1101 3227 1159 labore
3272 1104 3653 1170 commendat,

2064 1208 2391 1272 praesentem
2429 1198 2847 1255 diminutionem
2870 1194 3185 1253 futurarum
3226 1197 3489 1254 messium
3528 1214 3668 1256 con-

2062 1294 2415 1365 templatione
2463 1296 2641 1365 [Lips.
2699 1295 2758 1349 in
2803 1309 2977 1361 marg.
3022 1292 3502 1364 compensatione)
3548 1309 3664 1352 non

2059 1388 2320 1445 sentiens.
2358 1387 2439 1444 Illi
2469 1388 2637 1445 etiam
2672 1388 2765 1460 qui
2801 1386 3239 1460 negotiationum
3286 1386 3663 1458 solentjexer-

2063 1497 2187 1539 cere
2229 1481 2591 1548 commercia,
2617 1497 2730 1538 non
2757 1481 2993 1537 incertos
3036 1480 3208 1553 pelagi
3235 1481 3437 1537 timent
3476 1497 3665 1551 casus,

356 1585 589 1653 scilicet,
620 1584 663 1639 si
703 1581 905 1655 passim
954 1580 1038 1636 vel
1089 1579 1402 1636 nolentibus
1447 1592 1601 1645 mm,
1646 1577 1729 1634 vel
1778 1575 1958 1649 tepide
2063 1591 2172 1631 non
2207 1576 2314 1632 ulla
2357 1575 2674 1633 discrimina
2703 1574 3158 1647 perhorrescunt,
3208 1573 3345 1665 dum
3389 1574 3461 1633 ad
3496 1575 3664 1634 ﬁnem

352 1675 659 1735 sitientibus
696 1674 997 1741 exhiberet,
1045 1688 1135 1729 res
1177 1671 1542 1735 necessarias,
1568 1679 1623 1728 et
1659 1686 1786 1742 qua:
1827 1669 1959 1727 solis
2065 1678 2305 1741 quaestus
2335 1684 2429 1742 spe
2476 1669 2633 1741 pretii
2676 1677 3058 1741 provocantur.
3099 1670 3213 1725 Nec
3258 1684 3375 1726 non
3402 1671 3571 1726 etiam
3606 1671 3664 1729 hi

354 1773 754 1846 perfectionem
803 1768 1149 1840 cupientibus
1205 1766 1406 1823 debent
1457 1781 1575 1823 esse
1625 1773 1951 1838 compertae,
1982 1765 2031 1828 B
2064 1762 2159 1835 qui
2189 1761 2398 1818 militiae
2426 1761 2723 1819 mundialis
2748 1762 3051 1819 ambitione
3076 1761 3506 1832 inflammantur,
3525 1764 3664 1821 dum

351 1868 588 1941 indignis
632 1875 688 1923 et
728 1863 1007 1922 fastidiose
1066 1862 1486 1935 suscipientibus
1543 1860 1819 1934 pandens,
1863 1866 1959 1916 aut
2062 1857 2399 1928 prospiciunt
2426 1856 2699 1913 honorum
2735 1871 2799 1912 ac
2829 1855 3086 1928 potentia:
3125 1855 3315 1924 ﬁnem,
3340 1858 3660 1929 peregrina-

347 1963 627 2034 jactantiae
675 1960 899 2026 vitium,
932 1966 1027 2015 aut
1067 1956 1393 2029 proditionis
1436 1956 1642 2012 crimen
1681 1953 1958 2010 videretur
2062 1950 2275 2006 tionum
2321 1949 2483 2006 exitia
2512 1952 2765 2021 [Lips.in
2807 1966 2985 2018 marg.
3040 1947 3255 2016 exsilia]
3299 1965 3362 2004 ac
3417 1949 3661 2021 pericula

353 2055 680 2126 incurrere),
726 2052 948 2109 tandem
996 2050 1254 2123 fatigatus
1305 2048 1560 2122 precibus
1602 2047 1839 2118 nostris,
1880 2048 1958 2104 ita
2068 2059 2180 2100 non
2225 2044 2499 2114 sentiunt,
2542 2059 2643 2100 nec
2691 2043 3047 2115 praesentibus
3091 2042 3351 2100 aerumnis
3396 2042 3666 2116 bellisque

352 2162 582 2205 exorsus
606 2154 705 2202 εει.

983 2238 1225 2295 CAPUT
1251 2241 1327 2294 Il.

352 2349 427 2401 De
456 2346 864 2412 interrogatione
880 2342 1088 2396 abbatis
1114 2342 1313 2409 Moysis
1337 2340 1629 2410 quaerentis
1648 2342 1747 2408 qui
1760 2354 1951 2394 mona-

735 2414 829 2468 cho
850 2427 1050 2482 scopas,
1077 2413 1159 2467 vel
1184 2413 1305 2481 quis
1323 2413 1398 2466 sit
1418 2413 1564 2480 finis.

422 2520 648 2583 Omnes,
673 2515 867 2587 inquit,
893 2522 1037 2570 artes
1058 2530 1122 2570 ac
1143 2513 1439 2585 disciplinae
1469 2506 1496 2545 δ
1522 2527 1731 2585 scopon
1759 2526 1952 2585 quem-

349 2612 501 2679 dam,
522 2610 576 2666 id
606 2617 712 2677 est,
736 2607 1164 2664 destinationem
1193 2614 1247 2662 et
1278 2606 1448 2674 telos,
1480 2605 1588 2662 hoc
1631 2613 1736 2675 est,
1777 2604 1947 2661 ﬁnem

349 2699 631 2771 proprium
662 2696 905 2752 habent:
940 2696 1011 2752 ad
1056 2710 1221 2767 quem
1269 2694 1566 2766 respiciens
1608 2693 1949 2765 uniuscujus-

348 2808 454 2865 que
498 2790 630 2847 artis
674 2789 975 2846 industrius
1008 2788 1306 2861 appetitor,
1356 2796 1586 2844 cunctos
1632 2787 1845 2845 labores
1894 2795 1949 2843 et

348 2885 591 2957 pericula
628 2883 1017 2955 dispendiaque
1066 2881 1316 2939 universa
1345 2882 1726 2954 aequanimiter
1769 2880 1946 2937 liben-

349 2988 537 3051 terque
583 2986 872 3034 sustentat.
898 2980 1042 3034 Nam
1078 2984 1134 3031 et
1156 2976 1388 3049 agricola
1426 2991 1574 3031 nunc
1603 2973 1841 3031 torridos
1867 2989 1950 3030 so-

346 3073 412 3155 lis
436 3071 648 3135 radios,
692 3086 838 3126 nunc
879 3070 1099 3142 pruinas
1126 3077 1182 3124 et
1209 3068 1437 3141 glaciem
1485 3083 1598 3124 non
1640 3066 1947 3135 declinans,

2065 2136 2414 2211 franguntur,
2465 2137 2599 2195 dum
2636 2138 2981 2210 propositum
3019 2138 3126 2194 sibi
3177 2136 3454 2210 dignitatis
3494 2137 3665 2194 ﬁnem

2065 2232 2293 2305 cupiunt
2339 2232 2602 2289 obtinere.
2659 2230 2840 2288 Habet
2883 2246 3012 2304 ergo
3062 2239 3118 2286 et
3164 2238 3356 2287 nostra
3394 2229 3663 2303 professio

2059 2340 2267 2399 scopon
2298 2327 2583 2398 proprium
2613 2341 2678 2383 ac
2725 2325 2894 2381 ﬁnem
2941 2340 3105 2382 suum
3124 2364 3141 2393 ,
3171 2340 3271 2397 pro
3298 2340 3406 2398 quo
3447 2325 3664 2383 labores

2057 2422 2285 2473 cunctos
2312 2432 2427 2473 non
2454 2417 2638 2473 solum
2672 2415 3093 2489 infatigabiliter,
3124 2432 3310 2472 verum
3334 2416 3499 2473 etiam
3530 2432 3659 2489 gra-

2056 2516 2237 2567 tanter
2264 2509 2662 2581 impendimus,
2691 2508 2765 2566 ob
2797 2524 2964 2581 quem
3002 2524 3103 2565 nos
3118 2508 3449 2585 jejuniorum
3474 2508 3657 2566 inedia

2055 2616 2166 2657 non
2191 2600 2413 2675 fatigat,
2443 2602 2754 2675 vigiliarum
2798 2601 3060 2659 lassitudo
3092 2600 3366 2670 delectat,
3399 2601 3560 2658 lectio
3593 2618 3659 2659 ac

2056 2693 2341 2751 meditatio
2367 2694 2770 2766 Scripturarum
2806 2694 3122 2752 continuata
3146 2711 3258 2751 non
3284 2696 3472 2763 satiat,
3504 2695 3663 2753 labor

2056 2788 2222 2845 etiam
2253 2788 2613 2855 incessabilis,
2639 2786 2963 2860 nuditasque
2992 2796 3045 2843 et
3058 2788 3309 2844 omnium
3338 2804 3526 2844 rerum
3548 2790 3657 2861 pri-

2056 2882 2231 2950 vatio,
2258 2880 2476 2950 Lborror
2515 2896 2735 2954 quoque
2773 2880 2936 2954 hujus
2985 2881 3303 2938 vastissimae
3347 2881 3660 2939 solitudinis

2055 2990 2168 3031 non
2196 2974 2455 3032 deterret.
2479 2975 2568 3032 Ob
2591 2990 2755 3047 quem
2780 2990 2877 3031 vos
2900 2974 2999 3048 ipsi
3029 2976 3213 3048 procul
3259 2974 3427 3032 dubio
3456 2991 3658 3047 paren-

2055 3077 2176 3125 tum
2196 3068 2471 3140 sprevistis
2509 3067 2764 3125 affectum
2792 3076 2846 3125 et
2872 3069 3107 3139 patrium
3137 3068 3323 3125 solum
3348 3085 3410 3126 ac
3431 3068 3657 3127 delicias

347 3148 552 3220 terram
593 3161 996 3233 infatigabiliter
1015 3159 1219 3218 scindit
1236 3202 1251 3229 ,
1290 3169 1345 3218 et
1367 3159 1663 3217 indomitas
1686 3159 1801 3232 agri
1831 3160 1949 3231 gle-
1978 3147 2024 3210 C
2057 3162 2249 3219 mundi
2273 3160 2359 3219 tot
2399 3161 2740 3234 pertransitis
2782 3161 3094 3235 regionibus
3123 3161 3469 3235 despexistis,
3495 3170 3560 3219 ut
3578 3163 3655 3221 ad

344 3255 446 3313 bas
469 3255 739 3328 frequenti
761 3270 980 3312 vomere
1005 3255 1228 3329 subigit,
1249 3255 1387 3314 dum
1411 3269 1618 3327 secpon
1649 3260 1857 3322 servat,
1888 3262 1951 3310 ut
2056 3269 2160 3311 nos
2182 3253 2435 3311 homines
2456 3255 2691 3312 rusticos
2713 3260 2767 3311 et
2792 3257 2816 3287 °
2844 3252 3057 3322 idiotas,
3096 3262 3258 3327 atque
3284 3255 3340 3311 in
3364 3255 3468 3313 hoc
3485 3256 3653 3313 eremi

1424 3399 1694 3454 'ALARDI
1731 3398 1956 3455 ΕΑΖΑΕΙ
1993 3396 2555 3453 COMMENTARIUS.

344 3522 586 3579 theorice
623 3522 801 3593 etiam,
827 3520 1168 3593 susbtantive‘
1197 3520 1342 3592 apud
1373 3522 1629 3578 eumdem
1668 3522 1942 3593 Hierony-

342 3609 496 3650 mum
542 3593 735 3649 eodem
791 3592 935 3658 loco,
981 3591 1074 3646 ubi
1120 3590 1195 3647 ait
1230 3590 1250 3646 Ξ
1278 3594 1395 3647 Una
1432 3608 1576 3661 ergo,
1620 3597 1670 3646 et
1718 3594 1831 3647 sola
1860 3590 1939 3647 est

342 3667 607 3728 theorica,
631 3665 690 3719 id
714 3668 809 3727 est,
836 3664 1209 3733 contemplatio
1237 3664 1354 3724 Dei,
1395 3669 1499 3717 etc.
1534 3662 1650 3718 Nic.
1684 3664 1936 3719 Perottus

340 3736 400 3790 in
424 3738 728 3805 Cornucop.
756 3755 768 3790 :
796 3735 926 3796 Ars,
945 3733 1367 3805 inquit,nullum
1388 3735 1601 3803 exigens
1621 3737 1820 3797 actum,
1840 3735 1934 3789 sed

338 3809 455 3877 ipso
482 3809 563 3861 rei
580 3808 732 3876 cujus
749 3806 988 3860 studium
1017 3805 1174 3860 habet
1200 3805 1470 3877 intellectu
1509 3807 1929 3877 contenta,qu

342 3874 566 3933 theorice
594 3874 837 3940 vocatur,
866 3878 959 3931 hoc
988 3880 1084 3939 est,
1115 3876 1466 3946 speculatiua.
1497 3875 1588 3931 Sic
1608 3874 1716 3946 ille.
1745 3874 1930 3931 Theo-

339 3949 504 4005 retica
536 3949 702 4003 etiam
753 3963 900 4003 nunc
940 3945 1397 4019 adjectiv‘umest,
1436 3961 1582 4019 nunc
1628 3945 1927 4019 substanti-

339 4036 491 4085 vum,
523 4020 778 4089 utcollat.
808 4025 870 4081 14
899 4016 1019 4089 capi
1046 4022 1099 4084 2,
1128 4016 1219 4073 ubi
1246 4016 1545 4089 theoretice
1572 4016 1889 4089 appellatur.

410 4094 435 4123 ⁸
458 4093 537 4145 lla
575 4088 689 4145 fere
719 4087 1021 4145 monachos
1065 4104 1161 4144 seu
1192 4088 1541 4144 anachoretas
1567 4087 1928 4158 appellabant,

335 4161 637 4233 pmsertim
674 4171 889 4218 senecta
916 4167 1012 4217 aut
1036 4160 1319 4233 sanctitate
1354 4158 1677 4233 reverendus
1695 4158 1932 4233 ,ilatiore

336 4230 572 4303 quadam
600 4233 953 4303 usurpatione
983 4251 995 4286 :
1023 4231 1171 4303 quod
1196 4231 1444 4303 frequens
1468 4231 1524 4287 in
1554 4230 1689 4303 Vitis
1710 4232 1932 4286 Patrum

335 4300 392 4355 et
418 4300 561 4373 apud
580 4300 903 4373 Palla—dium
922 4300 1309 4373 in_IJausiacisf
1320 4303 1381 4356 In
1407 4301 1728 4373 quibusdam
1750 4310 1931 4357 tamen

337 4369 616 4439 codicibus
637 4377 849 4424 tantum
882 4370 1086 4439 legitur
1124 4389 1136 4425 :
1170 4374 1298 4427 Cum
1340 4369 1522 4425 sancto
1552 4374 1843 4439 Germano,
1872 4381 1933 4427 ut

336 4438 646 4510 observavit
685 4438 1202 4510 C_uychius.__Porro_
1225 4440 1333 4510 _hic
1372 4441 1459 4494 ille
1505 4450 1587 4495 est
1626 4438 1932 4497 Germanus

337 4508 575 4581 Cassiani
619 4505 801 4563 socius
829 4505 1163 4581 et_collega,_
1189 4508 1443 4581 idemque
1483 4516 1602 4564 tum
1644 4510 1930 4581 legationis

333 4577 1122 4652 prthrysostomo_quam
1150 4577 1368 4645 habitae,
1392 4587 1514 4634 tum
1540 4577 1929 4652 peregrinatio-

330 4647 420 4706 iiis
445 4649 512 4705 ad
534 4647 1098 4723 Egyptisolitudines
1126 4657 1390 4721 suscepta:
1421 4647 1607 4723 comes
1629 4647 1878 4709 assiduus
1911 4672 1924 4709 :

331 4737 494 4794 quem
528 4719 830 4794 idem‘alias
866 4719 1243 4794 presbyterum
1283 4719 1565 4794 nominat,
1594 4735 1831 4794 eumque
1870 4723 1927 4780 in

328 4791 416 4849 liis
470 4791 1037 4851 collationibus’cum’
1069 4791 1172 4847 illis
1198 4791 1453 4848 'Patribus
1498 4791 1926 4852 et~anaclioretis

332 4865 752 4937 colloquentem.
773 4873 843 4937 _et
888 4863 1311 4937 interrogantem
1352 4862 1558 4920 inducit
1590 4884 1602 4921 :
1632 4880 1738 4937 qua
1764 4863 1831 4922 de
1865 4882 1926 4923 re

327 4934 466 5005 infra
489 4934 701 5005 plenius
716 4935 793 5005 ad
829 4951 950 5005 cap.
982 4940 1035 4990 9.

399 4951 466 4990 ira
491 4951 793 5018 pleniusao
829 4951 950 5059 cap:
982 4951 1035 4990 υ.

399 4999 558 5086 {Alii
604 5007 831 5086 Ιέξηιιισεἱ
856 5020 887 5060 a
911 5006 1170 5086 "graece
1204 5006 1302 5086 has
1344 5022 1502 5086 voces
1523 5006 1745 5086 _leg_u_nt,
1774 5017 1836 5086 ut
1862 5024 1927 5065 ex

327 5075 592 5132 Vaticano
616 5075 921 5131 Ciaconius.
956 5075 1245 5136 Distinguit
1271 5086 1456 5134 autem
1480 5077 1569 5133 hic
1588 5075 1757 5136 abbas
1788 5080 1928 5135 inter

328 5147 545 5213 σκοπὸν,
566 5147 698 5223 _sive
727 5161 986 5223 scopum,
1012 5154 1066 5201 et
1106 5147 1273 5223 ξξλος,
1306 5148 1361 5206 id
1390 5157 1499 5217 est,
1532 5149 1697 5205 ﬁnem
1740 5151 1924 5223 cujus-

326 5218 609 5342 gue.art.is
651 5225 706 5272 et
749 5215 1062 5298 disciplinae.
1108 5220 1252 5301 Nam
1286 5215 1516 5303 scopum
1560 5228 1718 5301 vocat
1752 5215 1924 5291 ipsam

368 5294 743 5342 estinationem
765 5328 780 5342 .
816 5287 872 5342 id
904 5295 1008 5342 est.
1054 5287 1408 5342 electionem.
1462 5290 1824 5342 directionem
1873 5299 1924 5342 et

368 5286 743 5357 estinationem
765 5328 780 5355 ,
816 5286 1008 5356 idest,
1054 5286 1408 5357 electionem,
1462 5286 1825 5347 directionem
1873 5299 1925 5346 et

326 5355 738 5428 dispositionem
787 5355 1101 5414 mediorum
1141 5355 1465 5417 idoneorum
1493 5360 1560 5414 ad
1590 5361 1758 5416 ﬁnem
1786 5375 1923 5416 con-

326 5426 665 5499 sequendum
690 5446 730 5499 ﬂ:
761 5443 942 5499 quam
992 5428 1396 5487 distinctionem
1433 5430 1668 5486 elucidat
1706 5438 1759 5485 et
1793 5446 1926 5488 con-

324 5497 513 5573 ﬁrmat
579 5497 771 5570 triplici
795 5497 1110 5573 exemplo,
1164 5501 1449 5573 agricolae,
1507 5500 1822 5573 mercatoris
1868 5513 1923 5559 et

325 5568 791 5644 militisque—rum
819 5568 1168 5628 similitudine
1200 5568 1439 5630 Bstendit
1458 5571 1630 5644 etiam
1654 5572 1921 5644 religiosae

325 5638 654 5716 professioni
693 5656 858 5716 suum
888 5657 1007 5716 esse
1043 5658 1273 5714 scopum
1304 5652 1360 5700 et
1398 5658 1560 5699 suum
1600 5638 1786 5716 ﬁnem'
1801 5660 1919 5716 pro~

328 5710 526 5788 prium.
555 5712 712 5788 Quod
739 5713 783 5769 si
812 5710 1199 5788 proprietatem
1215 5730 1412 5771 vocum
1433 5710 1919 5788 attendas,_sc6pus

324 5782 543 5858 proprie
565 5787 783 5858 signum
812 5782 899 5843 est
914 5782 1342 5861 Sagittariorum,
1372 5800 1469 5844 seu
1490 5794 1636 5845 meta
1661 5782 1733 5845 ad
1752 5782 1918 5862 quam

1955 4830 2006 4893 D

2050 3520 2260 3645 sagittae
2287 3519 2616 3591 diriguntur.
2639 3518 2801 3576 Unde
2826 3520 3297 3604 Hieronymuslib.
3329 3539 3345 3576 ι
3381 3520 3643 3579 adversus

2047 3593 2123 3646 Pe
2145 3606 2323 3647 aman.
2351 3606 2470 3647 can.
2493 3597 2526 3645 5
2559 3610 2573 3644 :
2599 3592 2887 3647 Apostolus
2915 3592 3047 3646 dicit
3073 3607 3127 3647 se
3165 3593 3387 3647 necdum
3416 3609 3641 3647 comarc-

2094 3606 2323 3657 elaglan.
2351 3606 2470 3661 cap.
2493 3606 2526 3645 5
2559 3610 2573 3644 ε
2599 3606 2887 3661 Αροετοιαε
2915 3606 3047 3646 αωιε
3073 3607 3127 3647 se
3165 3606 3387 3647 necatum
3416 3609 3641 3661 οωηρνε-

2047 3609 2323 3657 ι’θιθκιεω.
2351 3609 2470 3661 cap.
2493 3609 2526 3645 υ
2559 3610 2573 3644 :
2599 3609 2887 3661 Aposwtus
2915 3609 3047 3646 awu
3073 3609 3127 3647 se
3165 3609 3387 3647 necaum
3416 3609 3641 3663 compre-

2046 3662 2291 3717 hendisse
2329 3666 2381 3716 et
2428 3678 2772 3732 nequaquam
2824 3677 2932 3717 esse
2955 3664 3287 3732 perfectum,
3326 3664 3422 3718 sed
3463 3667 3646 3720 instar

2041 3734 2318 3802 sagittarii
2336 3732 2410 3786 ad
2420 3736 2759 3802 propositum
2779 3738 2828 3787 et
2841 3733 2916 3787 ad
2934 3736 3147 3802 signum
3161 3734 3346 3802 jacula
3366 3734 3643 3802 dirigere;

2041 3803 2184 3873 quod
2206 3806 2600 3873 signiﬁcantius
2621 3806 2795 3861 Graeci
2814 3804 3002 3858 σκοπὸν
3023 3807 3313 3867 nominant,
3339 3819 3403 3857 ne
3426 3808 3637 3873 sagitta

2038 3875 2113 3929 ad
2132 3880 2345 3945 partem
2371 3875 2641 3930 declinans
2667 3878 2981 3945 imperitum
3001 3876 3240 3932 ostendat
3257 3876 3631 3943 sagittarium.

2037 3946 2187 4017 Finis
2210 3954 2394 4002 autem
2419 3946 2636 4017 proprie
2656 3945 2855 4002 dicitur
2876 3948 3169 4014 terminus,
3190 3946 3298 4017 sive
3320 3946 3640 4017 extremitas

2038 4016 2301 4089 cujusque
2324 4016 2433 4083 rei,
2451 4017 2644 4074 Graece
2662 4017 2819 4089 τέλᾳς.
2847 4019 3050 4089 Verum
3079 4019 3196 4074 haec
3216 4016 3491 4073 distinctio
3511 4017 3641 4076 ﬁnis

2038 4087 2264 4161 tet—scopi
2300 4089 2617 4161 plerumque
2640 4087 3012 4161 confunditur.
3054 4091 3198 4145 Nam
3226 4097 3282 4143 et
3319 4103 3514 4161 scopus
3543 4106 3642 4161 per

2040 4160 2427 4232 metaphoram
2447 4159 2687 4232 sumitur
2708 4175 2807 4230 pro
2827 4160 3081 4232 ﬁnetquo
3101 4168 3339 4232 mentem
3360 4159 3640 4232 etfpropo-

2040 4228 2209 4285 situm
2238 4238 2491 4303 nostrum
2517 4228 2824 4303 dirigimus.
2851 4228 3015 4287 Unde
3030 4230 3392 4303 proverbiales
3412 4228 3642 4303 locutio-

2040 4315 2159 4374 nes,
2189 4300 2454 4374 attingere
2477 4300 2728 4374 scopum,
2777 4300 3081 4374 aberrare'a
3101 4317 3301 4374 scopo,
3328 4309 3383 4357 et
3408 4302 3636 4360 similes.

2041 4370 2186 4445 Finis
2222 4369 2390 4445 etiam
2438 4369 2779 4445 intentionis,
2818 4372 2872 4429 id
2918 4381 3024 4441 est,
3050 4444 3053 4445 ν
3081 4369 3312 4430 ihtentio
3362 4374 3637 4445 operantis

2040 4439 2302 4512 objective
2326 4442 2746 4526 scopusdicitur
2776 4461 2790 4497 :
2820 4439 3098 4526 quomodo
3143 4439 3555 4526 dicimusfﬁnis
3583 4453 3645 4503 et

2038 4510 2239 4593 scopus
2259 4510 2456 4595 medici
2477 4520 2571 4595 est.
2586 4529 2793 4580 curare,
2826 4510 3056 4571 (Statoris
3080 4514 3424 4587 persuadere.

2109 4582 2386 4658 f_ldiot_es_,
2410 4597 2527 4639 sive
2557 4584 2962 4658 idiotaproprie
2986 4585 3131 4658 idem
3162 4594 3245 4658 est
3270 4601 3334 4641 ac
3370 4585 3635 4656 privatus,

2035 4652 2186 4739 nullo
2203 4654 2436 4739 publico
2466 4671 2689 4739 munere
2713 4652 2959 4739 fungens.
2991 4657 3156 4739 Unde
3176 4652 3430 4710 ἰδιοτεύέιν
3457 4659 3642 4739 Graeci

2035 4722 2243 4802 dicunt,
2271 4741 2371 4797 pro
2394 4740 2459 4781 eo
2484 4726 2632 4802 quod
2656 4735 2739 4782 est
2762 4722 3024 4802 privatam
3053 4728 3219 4802 vitam
3260 4744 3420 4802 agere
3447 4748 3462 4785 :
3492 4729 3640 4802 apud

2035 4796 2419 4873 Latinos’vero
2453 4796 2713 4873 accipitur
2741 4796 3155 4873 proillitterato,
3178 4796 3459 4873 impérito,
3485 4796 3645 4873 igna-

2034 4881 2133 4943 re,
2150 4874 2213 4922 ut
2236 4866 2340 4943 hoc
2376 4867 2516 4943 loco.
2546 4866 2713 4940 Cujus
2741 4866 3018 4943 rationem
3070 4866 3344 4943 explicans
3388 4866 3582 4928 Fest'us
3625 4892 3639 4927 :

2041 4934 2211 5019 flag“,
2245 4938 2440 5019 inquit,
2461 4934 2714 5019 proprius
2745 4941 2979 5019 dicitur;
3012 4934 3177 5019 aqub
3204 4942 3399 5019 idiotes
3438 4944 3642 5019 dicitur

2033 5009 2296 5084 indoctus,
2311 5014 2368 5084 _et
2384 5012 2617 5084 inutilis,
2636 5014 2798 5081 quasi
2818 5014 2927 5067 sibi
2946 5009 3314 5068 tantummodo
3327 5019 3379 5067 et
3393 5030 3495 5069 non
3510 5014 3639 5084 plu-

2032 5080 2187 5152 ribus
2218 5082 2391 5135 utilis.
2418 5083 2495 5136 Ita
2516 5080 2707 5137 Cicero
2724 5098 2811 5138 vn
2832 5084 2890 5138 in
2910 5085 3140 5139 Verrem
3167 5102 3180 5140 :
3209 5086 3339 5152 Qum
3358 5101 3460 5141 non
3480 5080 3642 5141 modo

2029 5151 2197 5225 istum
2213 5153 2476 5207 hominem
2486 5154 2840 5221 ingeniosum,
2858 5151 3433 5225 atqueintelligentem,
3450 5172 3642 5211 verum

2032 5224 2193 5295 etiam
2212 5226 2449 5292 quemvis
2470 5229 2721 5295 vestrum,
2752 5241 2882 5295 quos
2907 5226 3009 5295 iste
3038 5226 3239 5282 idiotas
3262 5228 3521 5295 appellat,
3544 5228 3643 5281 de-

2032 5290 2431 5371 lectare:posset.
2463 5294 2680 5371 Eodem
2706 5290 2873 5371 modo
2896 5290 3091 5371 accipit
3118 5290 3414 5371 Apostolus
3449 5299 3475 5352 Ι
3499 5290 3633 5352 Cor.

2029 5376 2142 5436 xlv
2174 5380 2187 5417 :
2214 5367 2265 5419 Is
2296 5366 2395 5433 qui
2421 5367 2633 5436 supplet
2661 5368 2833 5422 locum
2853 5366 3147 5425 idiotce.Et
3172 5366 3347 5425 Lucas
3366 5373 3484 5425 Act.
3514 5381 3583 5423 Iv
3614 5387 3630 5423 :

2028 5435 2275 5488 Homines
2298 5437 2415 5490 sine
2450 5435 2645 5494 litteris
2673 5444 2726 5494 et
2756 5440 2959 5494 idiotis.
3000 5440 3287 5497 Familiare
3320 5448 3502 5497 autem
3543 5448 3640 5496 est

2028 5503 2167 5586 viris.
2183 5504 2418 5586 sanctis,
2442 5506 2569 5586 licet
2610 5509 3022 5586 sapientissimis
3053 5519 3109 5568 et
3153 5509 3637 5586 perspicacissitnis

2026 5575 2198 5655 qualis
2226 5574 2313 5632 hic
2331 5578 2658 5655 anachoreta
2673 5574 2873 5655 'Moses
2891 5625 2905 5650 ,
2932 5574 3363 5655 ignaros‘tam'en
3400 5590 3471 5655 et
3493 5582 3641 5655 idio-

2026 5653 2111 5702 tas
2136 5662 2270 5727 sese
2296 5663 2359 5704 ex
2389 5650 2581 5727 intima
2610 5651 2936 5727 humilitate,
2956 5650 3020 5727 ct
3049 5669 3175 5727 vera
3208 5654 3290 5711 sui
3314 5654 3637 5727 cognitione

2026 5716 2304 5788 proﬁteri;
2331 5729 2387 5776 et
2469 5722 2655 5779 uidem
2689 5737 2848 5780 exem
2889 5716 2940 5782 lo
2971 5725 3112 5781 beati
3154 5716 3417 5800 apostoli”
3443 5726 3624 5789 Pauli,

2026 5789 2110 5851 nui
2137 5806 2250 5849 non
2267 5736 2543 5851 iudicant
2568 5809 2624 5851 se
2648 5740 3038 5851 aliauifscire.
3068 5799 3177 5851 nisi
3211 5798 3388 5851 solum
3409 5799 3591 5851 Iesum
3610 5838 3624 5851 .

2018 5790 2110 5861 qui
2137 5806 2250 5849 non
2265 5790 2543 5865 judicabat
2568 5809 2624 5852 se
2648 5790 2868 5867 aliquid
2884 5800 3038 5867 scire,
3068 5799 3177 5855 nisi
3190 5790 3388 5855 'solum
3409 5799 3591 5855 Iesum
3608 5838 3627 5866 ,
