4012 6192
354 163 454 217 485

1107 163 1446 221 COLLATIO
1484 165 1526 219 ι.
1565 192 1638 206 -
1672 165 1763 220 os
1797 162 2110 219 nomen!
2149 165 2570 223 lNTENTlONE
2608 147 2695 224 AC
2734 170 2911 225 ωδε.

3553 182 3658 237 486

354 287 609 358 squalore
634 264 895 362 degentes
932 289 1214 362 pervenire
1242 290 1490 362 possetis.
1542 292 1779 363 Propter
1803 289 1951 362 quod
1980 292 2036 355 Α
2065 289 2185 347 liter
2211 301 2524 364 compertus
2550 309 2664 350 non
2704 292 2884 362 fuerit,
2916 294 3118 353 frustra
3146 298 3371 356 nitendo
3410 300 3671 376 fatigabi.

354 380 706 452 respondete,
754 382 962 455 inquit,
1003 382 1137 439 mihi
1167 398 1288 456 quae
1316 383 1385 440 sit
1415 382 1707 441 destinatio
1734 392 1946 455 vestra,
1972 389 1979 397 '

354 472 436 529 vel
467 472 638 569 ﬁnis,
664 474 754 546 qui
781 473 854 532 ad
885 474 1004 531 haec
1034 475 1219 533 omnia
1248 475 1601 533 libentissime
1633 477 1954 535 sustinenda

353 579 451 621 vos
479 573 758 637 provocat.

955 672 1194 728 CAPUT
1230 674 1331 728 Ill.

818 774 894 828 De
923 776 1257 844 responsione
1282 778 1483 830 nostra.

423 874 497 929 Et
533 888 661 930 cum
702 874 1013 946 persisteret
1039 885 1292 933 nostram
1322 876 1515 933 elicere
1553 891 1718 948 super
1744 876 1847 934 hac
1876 877 1955 932 in-

347 969 723 1042 terrogatione
746 971 1074 1027 sententiam
1093 1014 1109 1040 ,
1138 971 1516 1043 respondimus
1543 991 1557 1028 :
1584 972 1757 1045 Regni
1782 973 1951 1029 cmlo-

348 1078 479 1120 rum
504 1079 667 1122 causa
692 1063 815 1122 haec
842 1073 1039 1123 cuncta
1063 1065 1298 1123 tolerari.

953 1179 1192 1234 CAPUT
1251 1178 1351 1233 IV.

420 1281 781 1349 Interrogatio
805 1284 1004 1351 Moysis
1023 1296 1184 1351 super
1203 1283 1565 1353 propositione
1585 1282 1876 1353 praedicta.

418 1391 507 1449 Ad
532 1390 685 1464 quod
722 1393 811 1448 ille
841 1412 854 1447 :
892 1394 1058 1461 Bene,
1087 1392 1291 1465 inquit,
1322 1400 1377 1448 et
1407 1400 1601 1465 argute
1628 1392 1696 1449 de
1725 1393 1832 1449 ﬁne
1857 1393 1948 1451 di-

347 1484 505 1541 xistis
532 1504 546 1539 :
574 1488 599 1517 ⁸
635 1486 728 1557 qui
767 1483 935 1558 [Lips.
968 1489 1027 1540 in
1066 1502 1240 1556 marg.
1272 1484 1415 1559 quis]
1447 1501 1574 1542 vero
1602 1485 1798 1543 debeat
1819 1501 1949 1543 sco-

349 1594 452 1653 pos
479 1586 665 1634 noster
693 1593 831 1647 esse,
859 1579 915 1636 id
949 1588 1050 1648 est,
1074 1578 1385 1651 destinatio,
1428 1581 1516 1637 cui
1539 1580 1748 1654 jugiter
1772 1581 1953 1639 inha-

2058 402 2208 455 mur,
2232 387 2358 460 quia
2383 388 2501 445 sine
2528 389 2614 446 via
2637 389 2978 447 tendentibus
2996 391 3149 449 labor
3175 402 3258 450 est
3280 395 3511 466 itineris,
3540 413 3659 456 non

2061 472 2362 546 profectus.
2412 474 2502 532 Ad
2539 474 2688 547 quod
2729 476 3239 549 obstupescentibus
3286 481 3446 539 nobis
3489 498 3654 541 senex

2060 564 2248 623 intulit
2296 589 2308 624 :
2340 567 2494 624 Finis
2530 569 2752 640 quidem
2780 580 2984 628 nostra:
3014 572 3396 646 professionis,
3435 584 3497 633 ut
3520 577 3657 634 dixi-

2058 676 2206 747 mus,
2237 678 2467 735 regnum
2493 665 2619 733 Dei,
2646 679 2741 720 seu
2779 681 3009 739 regnum
3031 668 3294 725 caelorum
3321 678 3405 726 est
3436 690 3450 726 :
3490 671 3656 729 desti-

2061 755 2217 812 natio
2238 772 2372 812 vero
2400 764 2589 813 nostra
2605 800 2620 827 ,
2643 757 2697 814 id
2720 765 2826 827 est,
2852 774 3068 833 scopos,
3102 762 3304 833 paritas
3330 772 3414 819 est
3447 765 3656 835 cordis,

2058 851 2178 910 sine
2206 868 2312 924 qua
2358 854 2428 911 ad
2469 854 2622 911 illum
2650 855 2819 911 ﬁnem
2864 856 3199 929 impossibile
3241 869 3326 916 est
3352 861 3662 933 quempiam

2058 950 2361 1018 pervenire.
2389 952 2452 1004 In
2479 948 2579 1005 hac
2608 965 2737 1020 ergo
2763 948 3128 1007 destinatione
3151 952 3447 1033 deﬁgentes
3459 964 3663 1013 nostrae

2058 1038 2379 1097 directionis
2402 1040 2652 1107 obtutus,
2685 1040 2829 1096 velut
2856 1041 2924 1096 ad
2950 1050 3154 1097 certam
3185 1044 3410 1111 lineam,
3436 1062 3660 1103 cursum

2058 1132 2423 1189 rectissimum
2467 1132 2751 1206 dirigimus
2785 1132 2951 1206 [Lips.
2996 1138 3056 1189 in
3094 1152 3267 1206 marg.
3309 1137 3657 1213 dirigamus].

2057 1230 2139 1283 Ac
2174 1227 2220 1283 si
2246 1226 2530 1299 paululum
2552 1228 2684 1299 quid
2710 1227 2780 1283 ab
2804 1226 2907 1284 hac
2928 1227 3185 1301 cogitatio
3209 1239 3397 1286 nostra
3421 1231 3661 1290 deﬂexe-

2056 1320 2146 1389 rit,
2173 1320 2242 1377 ad
2270 1321 2796 1393 contemplationem
2834 1321 2954 1394 ejus
2976 1322 3117 1379 illico
3144 1332 3507 1393 recurrentes,
3533 1341 3655 1382 rur-

2055 1427 2149 1469 sus
2180 1427 2302 1469 eam
2329 1413 2475 1469 velut
2500 1412 2572 1469 ad
2600 1413 2894 1485 quamdam
2923 1430 3178 1471 normam
3217 1416 3523 1472 rectissime
3551 1431 3664 1474 cor-

2057 1505 2334 1578 rigamus;
2384 1522 2508 1578 qua:
2545 1522 2763 1579 semper
2796 1523 2991 1564 omnes
3044 1517 3273 1565 conatus
3324 1518 3548 1567 nostros
3586 1510 3656 1568 ad

2059 1614 2235 1655 unum
2263 1598 2368 1655 hoc
2393 1615 2655 1657 revocans
2689 1600 2928 1671 signum,
2964 1611 3155 1674 arguet
3193 1602 3358 1675 [Lips
3396 1606 3454 1659 in
3477 1620 3658 1674 marg.

346 1681 528 1730 rentes
556 1672 721 1728 ﬁnem
751 1672 1026 1729 valeamus
1053 1673 1340 1747 attingere,
1376 1690 1489 1747 pra:
1508 1673 1767 1730 omnibus
1793 1689 1953 1732 nosse

2065 1692 2257 1765 arguit]
2294 1692 2480 1749 statim
2522 1694 2567 1750 si
2606 1711 2636 1749 a
2659 1695 2937 1766 proposita
2963 1672 3261 1754 directione
3273 1672 3448 1756 mens
3474 1672 3661 1756 nostra

349 1764 578 1823 debetis.
594 1766 689 1821 (Et
729 1780 858 1822 cum
900 1766 1305 1838 ignorationem
1352 1765 1589 1824 confessi
1631 1766 1956 1841 simpliciter
1986 1764 2033 1777 ν
2061 1786 2147 1843 γε]
2187 1764 2469 1859 mmmam
2499 1764 2817 1844 αενίδζγθιιίτ,

347 1860 664 1929 fuissemus,
692 1859 890 1933 adjecit
921 1881 934 1918 :
964 1862 1030 1917 In
1059 1861 1243 1929 omni,
1287 1869 1350 1919 ut
1386 1860 1532 1930 dixi,
1558 1869 1677 1918 arte
1704 1877 1769 1918 ac
1796 1861 1954 1919 disci-

349 1956 497 2028 plina
534 1954 793 2027 prmcedit
832 1953 1058 2027 quidam
1093 1970 1306 2027 scopos,
1340 1954 1391 2011 id
1435 1964 1539 2023 est,
1566 1956 1765 2013 animae
1793 1955 1954 2012 desti-

347 2051 503 2106 natio
524 2091 539 2119 ,
564 2047 678 2105 sive
710 2048 1051 2105 incessabilis
1092 2048 1298 2104 mentis
1343 2048 1606 2115 intentio,
1635 2064 1804 2121 quam
1842 2049 1952 2105 nisi

348 2143 476 2216 quis
512 2143 662 2199 omni
703 2140 887 2199 studio
936 2140 1448 2214 perseverantiaque
1498 2142 1826 2210 servaverit,
1852 2157 1955 2199 nec

350 2234 427 2293 ad
459 2234 623 2292 ﬁnem
656 2235 949 2293 desiderati
989 2233 1202 2291 fructus
1225 2234 1427 2306 poterit
1452 2235 1756 2306 pervenire.
1785 2236 1948 2307 Nam,

351 2337 416 2386 ut
456 2328 596 2397 dixi,
637 2328 870 2403 agricola
912 2328 1093 2389 ﬁnem
1138 2327 1347 2385 habens
1397 2342 1586 2385 secure
1628 2328 1953 2402 copioseque

346 2421 560 2479 vivendi
588 2422 644 2478 in
686 2430 953 2494 proventu
995 2429 1243 2495 segetum
1290 2418 1679 2491 fecunda'rum,
1707 2437 1949 2495 scopon,

345 2514 407 2573 id
454 2524 554 2584 est,
608 2515 1034 2573 destinationem
1081 2516 1251 2588 gerit,
1279 2530 1472 2590 agrum
1510 2531 1677 2572 suum
1705 2516 1952 2574 sentibus

345 2608 559 2666 cunctis
611 2623 910 2681 expurgare
927 2649 943 2679 ,
987 2624 1230 2682 eumque
1276 2609 1547 2665 universis
1592 2608 1952 2667 infructuosis

345 2716 578 2757 vacuare
595 2701 954 2775 graminibus,
976 2717 1079 2759 nec
1108 2701 1265 2758 aliter
1288 2717 1347 2759 se
1365 2701 1536 2773 quieti
1563 2702 1692 2759 ﬁnis
1715 2703 1949 2774 opulen-

342 2794 484 2852 tiam
511 2794 833 2867 adepturum
859 2809 976 2853 esse
999 2794 1255 2865 conﬁdit,
1277 2795 1388 2852 nisi
1413 2795 1473 2853 id
1499 2796 1648 2869 quod
1676 2810 1780 2854 usu
1806 2796 1951 2854 obti-

342 2903 482 2945 nere
510 2888 803 2959 desiderat,
830 2888 1067 2962 quadam
1093 2889 1243 2962 prius
1281 2891 1464 2963 operis
1490 2906 1557 2947 ac
1583 2891 1697 2964 spei
1720 2906 1836 2949 sure
1864 2906 1950 2948 ra-

340 2980 499 3039 tione
524 2981 820 3054 possideat.
856 2982 1178 3055 Negotiator
1212 2998 1428 3056 quoque
1457 2985 1951 3057 comparandarum

2688 1884 2930 1940 CAPUT
2970 1887 3037 1940 V.

2062 1977 2217 2044 Quod
2233 1977 2307 2031 ad
2330 1992 2546 2047 scopum
2574 1978 2809 2050 aliquem
2832 1978 3103 2033 cammare
3116 1981 3376 2047 oporteat,
3407 1979 3515 2034 alio
3526 1995 3660 2050 pro-

2667 2049 2760 2102 bat
2778 2050 3058 2117 exemplo.

2131 2138 2612 2209 Quemadmodum
2636 2139 2694 2195 hi
2714 2138 2918 2211 quibus
2946 2155 3077 2196 usus
3099 2148 3179 2196 est
3204 2140 3395 2197 bellica
3424 2143 3530 2199 tela
3552 2151 3663 2199 tra-

2058 2232 2268 2300 ctandi,
2306 2248 2436 2289 cum
2479 2241 2604 2289 ante
2628 2248 2815 2305 regem
2841 2233 3038 2290 mundi
3076 2233 3239 2306 hujus
3262 2235 3398 2291 artis
3427 2250 3540 2292 suae
3567 2252 3661 2293 cu-

2058 2325 2217 2398 piunt
2246 2325 2496 2398 peritiam
2540 2325 2954 2396 demonstrare,
2987 2328 3042 2384 in
3082 2327 3393 2399 parvissima
3421 2328 3658 2399 quadam

2056 2420 2303 2486 scutula,
2335 2435 2459 2493 quae
2487 2420 2702 2492 depicta
2730 2422 2786 2477 in
2825 2436 2884 2479 se
2929 2422 3176 2478 continet
3207 2421 3452 2493 praemia,
3478 2421 3658 2494 jacula

2060 2514 2141 2570 vel
2182 2515 2402 2585 sagittas
2431 2514 2748 2585 intorquere
2787 2515 3153 2587 contendunt,
3184 2517 3318 2572 certi
3356 2516 3504 2587 quod
3545 2532 3660 2572 non

2057 2605 2194 2661 alias
2237 2606 2340 2661 nisi
2382 2605 2767 2661 destinationis
2805 2620 2917 2661 suae
2958 2606 3101 2662 linea
3137 2607 3206 2663 ad
3241 2607 3409 2662 ﬁnem
3452 2608 3664 2678 possint

2056 2696 2345 2755 desiderati
2372 2699 2581 2770 praemii
2603 2698 2917 2770 pervenire;
2945 2714 3054 2770 quo
3078 2707 3199 2754 tum
3222 2699 3447 2755 demum
3475 2699 3663 2770 utique

2060 2792 2355 2864 potientur,
2390 2807 2520 2849 cum
2562 2792 2910 2864 propositum
2952 2808 3160 2864 scopon
3206 2791 3470 2848 valuerint
3515 2791 3663 2848 obti-

2057 2901 2216 2955 nere;
2247 2886 2341 2959 qui
2382 2888 2431 2945 si
2479 2885 2623 2943 forte
2659 2886 2728 2942 ab
2774 2901 2968 2943 eorum
3021 2885 3189 2942 fuerit
3222 2886 3531 2942 subtractus
3569 2885 3663 2962 in-

2059 2981 2198 3038 tuitu
2216 3022 2232 3051 ,
2259 2981 2666 3054 quantumlibet
2701 2994 2735 3037 a
2762 2987 2911 3036 recto
2942 2979 3157 3036 tramite
3190 2995 3341 3036 cassa
3373 2979 3661 3052 imperito-

337 3074 617 3131 mercium
652 3073 983 3131 desiderium
1028 3090 1142 3131 non
1181 3074 1438 3146 deponit,
1471 3092 1566 3147 per
1602 3076 1751 3147 quod
1777 3077 1955 3149 possit
1987 3108 2033 3171 ο
2064 3090 2189 3132 rum
2214 3074 2428 3132 deerret
2459 3075 2714 3144 intentio,
2754 3072 3017 3131 excidisse
3038 3088 3098 3129 se
3126 3081 3312 3130 tamen
3354 3089 3385 3129 a
3413 3073 3659 3145 discipli-

335 3167 726 3240 quazstuosius
746 3166 961 3224 divitias
998 3182 1328 3239 congregare
1362 3188 1376 3223 :
1406 3168 1501 3240 qui
1528 3166 1730 3224 frustra
1765 3184 1959 3226 concu-

338 3260 589 3335 pisceret
618 3259 831 3316 lucrum
848 3300 865 3329 ,
892 3259 995 3317 nisi
1036 3259 1187 3317 viam
1214 3275 1321 3333 qua
1365 3259 1436 3318 ad
1462 3259 1517 3318 id
1544 3260 1820 3331 tenderet,
1847 3262 1957 3319 ele-

340 3356 553 3429 gisset;
585 3363 641 3411 et
680 3355 775 3428 qui
814 3355 978 3413 certis
1023 3354 1328 3428 quibusque
1370 3355 1729 3428 dignitatibus
1765 3356 1956 3415 mundi

341 3448 514 3523 hujus
553 3450 785 3523 cupiunt
809 3449 1101 3521 honorari,
1130 3449 1216 3507 cui
1243 3466 1304 3509 se
1336 3449 1518 3508 ofﬁcio
1546 3450 1629 3508 vel
1655 3450 1834 3509 ordini
1859 3450 1955 3509 de-

346 3542 517 3600 beant
554 3543 900 3616 mancipare,
922 3548 1050 3600 ante
1071 3553 1415 3617 proponunt,
1436 3553 1504 3603 ut
1526 3560 1623 3618 per
1644 3544 1953 3619 legitimum

344 3639 465 3711 spei
492 3639 767 3697 tramitem
795 3638 958 3697 ﬁnem
986 3655 1206 3714 quoque
1255 3643 1474 3699 valeant
1508 3640 1833 3700 desiderata:
1873 3642 1955 3701 di-

346 3733 575 3806 gnitatis
601 3736 887 3807 attingere.
919 3735 1110 3806 Itaque
1132 3743 1188 3791 et
1220 3735 1324 3791 viae
1351 3744 1559 3792 nostrae
1581 3735 1709 3793 ﬁnis
1729 3736 1954 3808 quidem

347 3833 434 3881 est
461 3840 697 3897 regnum
738 3825 841 3882 Dei
869 3844 883 3880 :
917 3827 1008 3897 qui
1035 3825 1207 3897 [Lips
1240 3829 1299 3880 in
1338 3843 1516 3895 marg.
1543 3826 1695 3899 quid]
1727 3842 1856 3883 vero
1883 3829 1956 3884 sit

347 3933 586 3990 scapos,
617 3918 782 3975 debet
819 3916 1106 3989 diligenter
1146 3916 1377 3986 inquiri;
1405 3917 1500 3986 qui
1529 3918 1576 3972 si
1604 3918 1767 3975 nobis
1806 3920 1959 3976 simi-

2063 3177 2205 3226 natze
2254 3168 2407 3227 linere
2455 3169 2751 3227 directione
2803 3185 2915 3226 non
2958 3169 3227 3239 sentient,
3275 3169 3400 3242 quia
3443 3169 3656 3226 nullum

2061 3260 2263 3317 habent
2286 3269 2501 3318 certum
2537 3261 2755 3333 signum
2779 3262 2929 3333 quod
2957 3262 3039 3318 vel
3073 3262 3322 3333 peritiam
3350 3262 3663 3320 directionis

2064 3354 2282 3426 probet,
2311 3353 2394 3410 vel
2422 3362 2615 3427 arguat
2660 3353 2979 3426 pravitatem
3012 3373 3025 3410 :
3052 3362 3107 3410 et
3134 3355 3259 3412 ideo
3285 3370 3410 3410 cum
3442 3354 3656 3412 inutiles

2068 3447 2122 3504 in
2145 3463 2271 3505 aera
2295 3464 2525 3505 vacuum
2535 3450 2717 3523 jactus
2736 3448 3053 3519 effuderint,
3079 3450 3136 3506 in
3154 3467 3263 3523 quo
3287 3451 3656 3522 peccaverint,

2061 3559 2238 3618 quove
2285 3543 2496 3617 decepti
2533 3544 2675 3613 sint,
2703 3542 2997 3617 dijudicare
3032 3559 3147 3602 non
3174 3553 3431 3617 possunt,
3465 3545 3662 3618 quippe

2060 3655 2199 3713 quos
2227 3641 2439 3698 nullum
2466 3648 2686 3697 accusat
2704 3639 2981 3708 indicium,
3008 3648 3274 3712 quantum
3304 3656 3339 3696 a
3365 3639 3667 3697 directione

2060 3734 2446 3803 discesserint,
2476 3750 2581 3790 nec
2613 3748 2723 3806 quo
2773 3732 3030 3805 deinceps
3070 3732 3338 3804 corrigere
3376 3732 3457 3787 vel
3501 3748 3659 3788 revo-

2059 3843 2185 3885 care
2210 3828 2466 3895 debeant,
2497 3827 2696 3883 lineam
2723 3824 3021 3897 disciplina:
3047 3810 3253 3880 docere
3274 3830 3452 3894 potest
3477 3816 3504 3852 δ
3533 3837 3659 3893 pas-

2062 3919 2207 3978 sivus
2230 3921 2473 3979 obtutus.
2507 3924 2594 3977 Ita
2620 3919 2785 3992 igitur
2819 3927 2876 3976 et
2896 3918 3070 3977 nostri
3103 3916 3365 3990 propositi
3396 3914 3518 3971 ﬁnis
3546 3915 3663 3987 qui-

1443 4039 1704 4097 ﬁLARDl
1741 4041 1970 4100 GAZIEI
2008 4045 2572 4102 COMMENTARIUS.

333 4156 398 4207 et
431 4148 915 4219 hunccruciﬁagum
945 4148 999 4213 (1
1029 4145 1149 4219 Cor.
1176 4143 1308 4219 u)_:
1340 4160 1451 4202 non
1474 4145 1624 4219 quod
1651 4146 1753 4204 alia
1779 4150 1959 4206 nesci-

330 4227 457 4286 ret,
503 4215 600 4272 sed
621 4215 1213 4288 quiasicsegerebat,
1240 4215 1317 4288 Sic
1351 4232 1411 4274 se
1453 4215 1714 4275 omnibus
1743 4220 1960 4278 exhibe-

337 4291 467 4351 bat.
494 4302 561 4343 ac
587 4286 806 4343 si'nihil
832 4286 995 4343 aliud
1015 4286 1208 4355 sciret,
1250 4287 1357 4344 nisi
1384 4304 1604 4346 crucem
1627 4290 1857 4359 Christi,
1879 4292 1960 4349 ait

337 4364 401 4420 S.
433 4359 680 4432 Thomas
708 4359 1027 4432 (gemment:
1046 4358 1407 4432 )._Quomodo
1428 4376 1555 4432 vero
1579 4359 1726 4419 istud
1748 4358 1956 4432 absque

338 4428 642 4505 mendacio
673 4438 728 4485 et
751 4429 970 4505 ﬁctione
989 4426 1111 4505 ﬁeri
1141 4426 1332 4505 possit,
1356 4431 1502 4505 exiis
1519 4426 1954 4505 quagisuperiore

341 4501 668 4575 lﬂnqlLib.
701 4515 797 4557 xu
829 4516 875 4555 c.
911 4500 1003 4570 15)
1036 4497 1107 4556 de
1130 4497 1255 4558 vera
1285 4497 1594 4558 humilitate
1611 4497 1757 4560 dicta
1784 4509 1949 4575 sunt,

342 4571 583 4653 intelligi
617 4580 812 4653 notes!-

422 4651 454 4679 ι
480 4640 659 4715 Pergit
690 4640 1376 4715 abbas‘ostendereualium
1399 4656 1520 4699 esse
1556 4642 1748 4712 ﬁnem,
1780 4649 1954 4707 alium

341 4711 611 4796 scopum'
633 4712 943 4796 mligionis,
982 4711 1359 4796 seu__religiosi
1404 4720 1583 4768 status
1635 4733 1649 4769 :
1683 4723 1739 4769 et
1783 4718 1953 4775 ﬁnem

340 4783 579 4859 quidem
600 4783 843 4859 admittit
876 4798 995 4859 esse
1039 4783 1210 4859 vitam
1237 4790 1527 4849 aeternam,
1581 4797 1680 4840 seu
1722 4801 1954 4855 regnum

334 4851 648 4921 ἄεισι-ναι,
676 4863 742 4911 ut
757 4856 833 4911 illi
859 4853 1083 4925 professi
1102 4851 1321 4925 fuerant
1349 4872 1361 4907 :
1387 4867 1773 4925 scopumvero
1785 4851 1958 4916 docet

335 4941 468 5001 esse
490 4924 675 4982 cordis
698 4923 1009 5001 puritatem.
1040 4927 1249 5001 Verum
1281 4923 1370 4979 ille
1386 4923 1512 4979 ﬁnis
1539 4923 1768 5001 ultimus
1797 4944 1960 5001 gene-

336 4997 482 5070 ralis
509 5004 596 5052 est
620 5003 678 5052 et
698 4994 1021 5070 communis
1049 4994 1309 5070 omnibus
1324 5002 1450 5070 _tam
1476 4994 1765 5070 monachis
1792 4994 1961 5070 quam

336 5067 489 5141 aiiis.
538 5072 615 5124 At
661 5066 916 5141 proprius
964 5082 1029 5123 ac
1075 5064 1370 5141 peculiaris
1413 5064 1691 5141 religionis
1731 5076 1791 5141 ei
1809 5064 1961 5127 'reli-

383 5138 635 5212 iocorum
651 5135 805 5212 ﬁnis,
823 5135 1096 5212 iidemque
1112 5135 1404 5209 primarius
1431 5135 1823 5212 est'charitatis
1843 5156 1963 5212 per-

374 5206 965 5294 δοθιζορυιάρφιέαεφ
987 5206 1382 5294 abbrev-.7.
1409 5206 1817 5294 θειλνῖιῖιιρξηρε
1836 5206 1960 5294 ξολ

346 5283 561 5360 (p.186,
585 5287 696 5360 a._t
725 5285 862 5360 et}.
886 5279 1049 5360 Unde
1071 5277 1409 5360 et__defi_nitur
1434 5277 1628 5351 religio
1657 5286 1832 5360 status
1858 5277 1966 5339 ho-'

347 5349 583 5424 rhinum
594 5350 663 5407 ad
685 5349 1073 5424 perfectionem
1091 5349 1462 5424 thistianam
1476 5349 1575 5424 per
1589 5357 1717 5424 vota
1735 5367 1967 5424 pauper-

2066 4156 2221 4225 dicit,
2236 4169 2320 4209 eos
2347 4153 2448 4222 qui
2465 4152 2815 4225 nominantur
2839 4151 2940 4225 Dei
2959 4147 3180 4225 famuli,
3203 4163 3270 4203 ea:
3287 4149 3540 4225 Deiparo
3566 4164 3670 4204 ser-

2064 4218 2275 4284 vitio'et
2311 4218 2612 4294 famulata
2637 4221 2792 4294 uni-ri
2824 4220 2897 4274 ad
2939 4218 3225 4294 amabilem
3259 4221 3659 4294 perfectionem.

2063 4303 2238 4357 Porro
2269 4289 2391 4352 ﬁnis
2415 4289 2767 4349 secundarius
2794 4298 2875 4346 est
2902 4289 3119 4361 puritas~
3131 4298 3185 4345 et
3218 4291 3487 4347 rectitudo
3511 4308 3664 4348 men—

2061 4371 2154 4439 tis,
2199 4383 2326 4442 quai
2373 4362 2637 4442 consisti_t_
2657 4361 2713 4442 in
2745 4362 3103 4442 acquisitione
3140 4368 3194 4442 et
3220 4362 3480 4442 ex_ercitio
3509 4372 3664 4442 caete-

2061 4432 2253 4498 ι’εὲυὼ
2274 4439 2559 4495 virtutum.
2582 4432 2744 4491 Unde
2765 4432 3063 4507 Apostolus
3077 4432 3266 4507 prima:
3278 4435 3421 4490 Tim.
3449 4435 3661 4507 primo:

2061 4515 2232 4577 Finis,
2264 4508 2464 4581 inquit,
2488 4507 2749 4581 pracepti
2764 4505 2842 4562 est
2870 4506 3110 4581 charitas
3132 4505 3215 4581 de
3233 4505 3582 4581 corde‘puro,
3614 4510 3664 4561 et

1980 4563 2032 4626 D
2061 4563 2557 4643 Mamaeae,
2585 4582 2637 4633 et
2658 4563 2763 4647 fide
2777 4594 2881 4632 non
2898 4580 3025 4646 ficta
3047 4578 3125 4639 (S.
3154 4578 3334 4632 Thom.
3355 4563 3452 4630 ubi
3470 4563 3660 4645 supra.

2065 4660 2393 4713 Turrecrem.
2421 4655 2580 4707 tract.
2610 4654 2642 4703 5
2679 4651 2738 4701 in
2758 4651 2889 4716 Reg.
2924 4652 2992 4703 D.
3019 4647 3270 4710 Bened.).

2132 4721 2159 4759 δ
2180 4727 2245 4781 Id
2268 4732 2372 4788 est,
2401 4736 2592 4788 vagus,
2615 4714 2872 4788 incertus,
2903 4717 3240 4788 inconstans.
3269 4715 3389 4788 vox
3428 4719 3510 4788 est
3533 4714 3666 4765 Ter-

2064 4778 2321 4852 tulliani;
2342 4778 2635 4860 familiaris
2666 4778 2932 4860 jAdivers.
2971 4786 3139 4860 Marc.
3169 4778 3380 4860 iib._i),
3421 4786 3669 4860 utnotat

2068 4848 2387 4922 (bacchius;
2411 4860 2583 4913 immo
2611 4848 2757 4910 Afris
2798 4852 2907 4923 fere
2936 4848 3244 4923 peculiaris.
3282 4852 3424 4906 Nam
3465 4859 3519 4907 et
3547 4864 3669 4923 pas.

2067 4920 2247 4991 sivum
2273 4920 2477 4986 nomen
2503 4925 2608 4982 Dei
2650 4923 2786 4978 dicit
2812 4921 2922 4989 ille,
2940 4920 3008 4977 det
3045 4920 3318 4989 passivum
3356 4920 3669 4980 convictum

2068 5019 2170 5077 pro
2189 4996 2550 5077 communi‘et
2564 4993 2900 5077 promiscuo.
2931 4992 3085 5077 idem
3110 4991 3247 5077 libro
3264 5001 3451 5049 contra
3473 4994 3667 5077 Valen-

2071 5064 2175 5131 tin.
2196 5072 2275 5128 ait
2293 5064 2699 5127 Valentiniano,
2713 5064 2779 5119 de
2792 5067 3113 5134 passivitate
3129 5067 3253 5119 vitae
3267 5067 3669 5133 generositatem

2072 5160 2227 5202 suam
2252 5140 2529 5197 vindicare
2552 5136 2702 5201 (Lib.
2737 5136 2803 5191 de
2825 5136 2997 5207 Carne
3024 5136 3228 5193 Christi
3266 5151 3384 5206 cap.
3413 5136 3520 5207 24).
3557 5139 3670 5193 Eo-

2074 5215 2313 5289 demque
2342 5210 2480 5267 libro
2507 5206 2748 5282 passivos
2782 5222 2879 5288 eos
2904 5206 3194 5278 discipulos
3217 5214 3401 5289 vocat,
3430 5207 3668 5289 hoc_est,

2077 5280 2472 5351 inconstantes,
2507 5280 2671 5353 atque
2697 5280 2899 5353 passim
2938 5293 3133 5353 vagos,
3161 5294 3262 5353 nec
3291 5280 3383 5334 uni
3413 5280 3672 5353 magistro

2077 5357 2344 5415 addictos.
2376 5348 3135 5421 Concilium—Carthaginense
3161 5349 3398 5419 primum
3442 5348 3562 5406 can.
3590 5356 3623 5405 2
3655 5371 3670 5406 -.

347 5420 529 5498 tatis,
571 5420 930 5498 continentia
963 5430 1020 5479 et
1055 5420 1379 5498 obedientiaz
1419 5420 1789 5498 tendentium.
1830 5420 1972 5498 Qum
2079 5431 2389 5497 Martyrum
2431 5425 2753 5498 dignitatem
2793 5420 2944 5476 nemo
2974 5421 3258 5498 profanus
3283 5423 3542 5498 infamet;
3581 5437 3674 5498 nec

355 5489 968 5576 guidemuperfectioin
996 5508 1061 5549 eo
1084 5492 1365 5576 consistit,
1393 5501 1455 5549 nt
1481 5493 1688 5576 quisa
1707 5509 1768 5576 se
1791 5489 1970 5576 remo-

349 5562 439 5618 tis
457 5562 710 5620 omnibus
732 5564 901 5639 divini
924 5563 1127 5621 amoris
1145 5562 1568 5639 impedimentis,
1587 5564 1689 5639 Dei
1706 5564 1969 5639 obsequio

352 5643 736 5708 consecratus,
762 5636 814 5692 ei
839 5648 936 5708 per
970 5634 1301 5691 amorem‘et
1320 5634 1644 5708 charitatem
1673 5634 1964 5695 inhaereat.

2075 5490 2295 5571 passiba
2312 5490 2532 5568 corpora
2542 5496 2848 5571 martyrum
2861 5490 3073 5571 nomine
3081 5494 3309 5563 appellet
3316 5492 3456 5571 ._Ubi
3470 5490 3675 5571 passiva

2083 5560 2312 5644 corpora
2359 5560 2532 5644 vocat
2557 5560 2814 5644 quaslibet
2841 5560 3223 5644 mortuortirii,
3253 5560 3342 5644 .vel
3368 5560 3673 5644 occisorum

2083 5634 2382 5712 cadavera.
2397 5642 2468 5712 Et
2485 5634 2947 5712 ejusdemiconcil.
2970 5639 3144 5712 capas
3162 5634 3359 5712 legitur
3374 5634 3675 5712 gemmanti)

358 5703 528 5762 Unde
563 5707 626 5764 B.
666 5695 965 5779 Diony'siua
1010 5709 1216 5779 Areop.
1254 5706 1465 5766 Eccles.
1501 5706 1721 5767 Hierar.
1768 5724 1889 5783 cap.
1937 5713 1974 5766 6
2080 5695 2566 5784 passiamidesi,
2602 5705 2948 5777 indifferens,
2979 5695 3147 5763 cuivis
3178 5695 3330 5760 nullo
3359 5695 3675 5757 discrimine
