4012 6192
307 239 402 292 489

907 357 1152 420 CAPUT
1179 361 1300 415 vn.
1399 415 1425 435 ,

597 457 679 510 De
695 453 1003 526 appetenda
1029 454 1425 524 tranquillitate
1451 454 1643 510 cordis.

371 546 574 604 Omnia
600 547 765 620 igitur
799 545 964 618 hujus
991 547 1159 620 gratia
1207 545 1444 620 gerenda
1480 546 1895 621 appetendaque

309 650 428 700 sunt
455 641 648 710 nobis;
675 657 778 714 pro
817 639 924 698 hac
960 641 1198 698 solitudo
1244 640 1500 700 sectanda
1540 651 1640 707 est,
1675 659 1772 714 pro
1797 641 1899 698 hac

302 735 516 810 jejunia,
543 735 778 808 vigilias,
809 734 1048 805 labores,
1077 735 1327 808 corporis
1352 735 1685 806 nuditatem,
1709 737 1897 794 lectio-

309 846 448 898 nem,
487 836 826 902 caterasque
868 828 1096 885 virtutes
1129 827 1329 886 debere
1355 845 1459 886 nos
1483 830 1756 902 suscipere
1793 846 1902 888 no-

311 925 545 982 verimus
569 944 583 981 :
611 931 674 980 ut
715 921 924 979 scilicet
957 937 1056 994 per
1081 921 1202 980 illas
1235 923 1305 979 ab
1340 923 1606 981 universis
1636 923 1900 996 passioni-

310 1019 403 1076 bus
423 1018 606 1076 noxiis
628 1011 866 1076 illasum
889 1031 1084 1090 parare
1111 1031 1208 1074 cor
1224 1026 1476 1075 nostrum
1497 1025 1552 1074 et
1574 1033 1896 1076 conservare

310 1111 595 1186 possimus,
615 1119 672 1169 et
693 1110 763 1168 ad
783 1109 1174 1184 perfectionem
1199 1110 1476 1170 charitatis
1496 1111 1613 1170 istis
1638 1112 1900 1186 gradibus

311 1205 587 1263 innitendo
622 1203 1000 1275 conscendere,
1027 1212 1082 1262 et
1107 1221 1222 1262 non
1240 1213 1463 1278 propter
1487 1204 1590 1264 has
1613 1206 1901 1264 observan-

310 1298 428 1368 tias,
446 1299 496 1356 si
519 1297 662 1356 forte
680 1297 906 1356 honesta
936 1313 999 1355 ac
1027 1299 1331 1357 necessaria
1371 1300 1726 1374 occupatione
1756 1316 1902 1373 prae-

309 1395 470 1462 venti,
507 1403 535 1430 ⁸
559 1393 963 1452 solemnitatem
994 1403 1202 1452 nostra
1239 1393 1592 1454 districtionis
1651 1411 1764 1452 non
1798 1411 1898 1469 po-

309 1487 573 1546 tuerimus
603 1488 852 1562 implere,
879 1487 1182 1547 incidamus
1208 1489 1264 1546 in
1291 1489 1597 1558 tristitiam,
1622 1489 1707 1547 vel
1733 1489 1901 1562 iram,

309 1583 408 1649 u've
438 1581 898 1656 indignationem,
927 1585 998 1642 ob
1025 1598 1152 1658 qua
1185 1584 1547 1658 expugnanda
1577 1583 1713 1642 illud
1755 1584 1903 1657 quod

309 1676 735 1748 praetermissum
743 1684 850 1746 est,
865 1675 1147 1734 fueramus
1165 1678 1362 1734 acturi.
1383 1680 1512 1735 Non
1525 1677 1676 1734 enim
1687 1685 1904 1734 tantum

1046 234 1387 291 COLLATIO
1426 237 1468 290 Ι.
1507 263 1578 276 -
1615 235 1703 290 DE
1739 232 2050 290 MONACHI
2089 233 2512 290 lNTENTlONE
2549 236 2636 291 AC
2675 237 2851 292 FlNE.

3499 247 3604 300 490

1927 361 1976 424 Α
2009 365 2126 414 met
2147 370 2212 416 ac
2232 373 2538 432 praparare
2549 357 2794 429 festinat,
2816 375 2928 418 non
2951 369 3015 420 ut
3027 361 3378 436 eapossideat
3405 365 3601 437 otiosa,

2005 466 2105 508 nec
2128 459 2190 508 ut
2217 451 2574 509 emolumenti
2620 453 2770 512 illius
2815 453 3060 512 fructum
3099 457 3192 529 qui
3228 467 3486 530 speratur
3537 477 3604 517 ex

2002 543 2152 616 ipsis,
2199 546 2257 602 in
2289 545 2434 604 nuda
2484 547 2971 607 instrumentorum
2997 553 3334 623 possessione
3392 547 3603 612 consti-

2005 647 2153 708 tuat;
2203 640 2299 698 sed
2324 648 2387 698 ut
2435 657 2629 698 eorum
2661 643 2969 701 ministerio
3024 645 3272 718 peritiam
3328 647 3604 722 ﬁnemque

2006 735 2152 793 illius
2165 735 2486 810 disciplina,
2507 737 2664 810 cujus
2690 736 2809 795 hac
2826 738 3142 812 adjumenta
3163 749 3294 798 unt
3315 742 3604 800 efﬁcaciter

2005 829 2401 902 apprehendat.
2431 833 2458 868 ³³
2475 832 2650 904 Igitur
2665 831 2898 906 jejunia,
2920 834 3142 908 vigilia,
3157 835 3436 894 meditatio
3450 839 3598 894 Scri-

2004 930 2308 995 pturarum,
2338 925 2577 993 nuditas,
2621 941 2684 982 ac
2720 927 2956 998 privatio
2981 930 3233 986 omnium
3255 929 3600 1001 facultatum,

2003 1030 2116 1074 non
2162 1017 2440 1090 perfectio,
2489 1017 2585 1076 sed
2644 1017 2991 1090 perfectionis
3049 1022 3419 1081 instrumenta
3451 1005 3602 1095 sunt,

2004 1111 2129 1182 quia
2156 1125 2267 1168 non
2290 1111 2343 1168 in
2362 1112 2496 1184 ipsis
2532 1112 2782 1170 consistit
2809 1113 3112 1186 disciplina
3146 1116 3294 1174 illius
3332 1118 3478 1188 ﬁnis,
3509 1119 3606 1176 sed

2006 1219 2104 1278 per
2131 1203 2224 1263 illa
2251 1207 2568 1277 pervenitur
2609 1205 2680 1262 ad
2729 1205 2916 1262 ﬁnem.
2949 1209 3232 1266 Incassum
3277 1211 3444 1281 igitur
3491 1211 3610 1269 hac

2008 1297 2256 1356 exercitia
2282 1299 2564 1371 molietur,
2617 1298 2863 1372 quisquis
2893 1299 2980 1357 his
3013 1302 3156 1358 velut
3195 1317 3416 1360 summo
3458 1303 3606 1360 bono

2008 1401 2317 1465 contentus,
2340 1393 2704 1451 intentionem
2729 1393 2813 1452 sui
2839 1395 3024 1452 cordis
3050 1395 3160 1453 huc
3188 1412 3362 1470 usque
3398 1396 3608 1456 deﬁxe-

2008 1487 2098 1556 rit,
2129 1496 2183 1545 et
2216 1504 2331 1545 non
2361 1488 2430 1545 ad
2453 1488 2780 1562 capiendum
2810 1489 2998 1560 ﬁnem,
3029 1499 3258 1564 propter
3293 1506 3458 1564 quem
3488 1491 3609 1550 hac

2011 1581 2310 1654 appetenda
2345 1589 2494 1652 sunt,
2521 1596 2684 1638 omne
2727 1581 2972 1640 studium
2999 1583 3220 1640 virtutis
3245 1584 3553 1643 extenderit
3592 1609 3605 1644 :

2009 1673 2218 1731 habens
2246 1673 2469 1748 quidem
2494 1674 2799 1747 disciplina
2833 1675 2982 1732 illius
3010 1676 3406 1746 instrumenta;
3448 1679 3612 1737 ﬁnem

310 1779 402 1843 est,
421 1770 641 1828 lucrum
675 1771 894 1844 jejulﬁi',
923 1780 1190 1844 quantum
1234 1772 1336 1830 ira
1373 1771 1724 1846 dispendium
1755 1793 1768 1828 :
1801 1789 1903 1831 nec
1934 1786 1984 1850 Β
2014 1784 2164 1839 vero,
2201 1768 2259 1826 in
2284 1785 2394 1843 quo
2413 1769 2595 1827 omnis
2618 1769 2831 1827 fructus
2853 1771 3118 1840 consistit,
3145 1771 3417 1845 ignorans.
3441 1773 3612 1846 Quid-

310 1873 485 1923 tantus
521 1863 758 1922 lectione
779 1865 994 1938 capitur
1029 1865 1261 1938 fructus,
1283 1875 1548 1939 quantum
1584 1874 1903 1940 contemptu

311 1959 799 2032 fratrisjincurritur
808 1958 1226 2017 detrimentum.
1249 1963 1331 2017 Ea
1353 1961 1524 2033 igitur
1537 1975 1659 2034 qua
1675 1977 1905 2034 sequen-

312 2053 382 2112 tia
417 2063 565 2124 sunt,
596 2052 656 2112 id
681 2061 786 2126 est,
807 2053 1036 2128 jejunia,
1062 2054 1282 2128 vigilia,
1303 2053 1668 2123 anachoresis,
1727 2055 1903 2112 medi-

313 2147 444 2206 tatio
471 2146 892 2220 Scripturarum,
937 2155 1164 2220 propter
1195 2147 1552 2220 principalem
1590 2163 1820 2220 scopon,
1851 2147 1905 2206 id

317 2249 418 2313 est,
447 2243 739 2316 puritatem
771 2242 974 2311 cordis,
1011 2241 1160 2314 quod
1185 2252 1266 2300 εει
1295 2241 1550 2312 eharitas,
1574 2257 1678 2300 nos
1705 2251 1908 2299 conve-‘

321 2337 402 2393 nit
441 2351 702 2408 exercere,
753 2345 959 2416 etnon
1007 2344 1227 2410 propter
1253 2335 1342 2393 illa
1383 2335 1732 2409 principalem
1769 2335 1918 2392 hanc

317 2429 628 2504 perturbare
669 2431 963 2500 virtutem;
984 2446 1092 2504 qua
1118 2430 1174 2486 in
1195 2429 1359 2488 nobis
1384 2431 1616 2506 integra,
1632 2429 1908 2503 illasaque

316 2525 562 2591 durante,
581 2525 717 2583 nihil
746 2525 947 2596 oberit,
967 2525 1012 2584 si
1035 2524 1237 2598 aliquid
1257 2539 1450 2582 eorum
1477 2540 1601 2598 quae
1627 2525 1911 2598 sequentia

315 2631 458 2693 sunt,
487 2639 588 2696 pro
606 2621 930 2680 necessitate
954 2619 1120 2678 fuerit
1147 2620 1598 2692 pratermissum.
1629 2619 1913 2694 Siquidem

315 2731 413 2774 nec
462 2715 708 2790 proderit
753 2716 1006 2773 universa
1072 2713 1301 2785 fecisse,
1356 2713 1577 2788 dempta
1612 2717 1632 2784 [
1664 2717 1758 2772 Al.
1803 2730 1917 2774 non

314 2811 528 2886 adepta,
569 2813 666 2869 ubi
685 2811 990 2884 adempta]
1023 2810 1126 2868 hac
1155 2827 1322 2884 quam
1362 2810 1601 2868 diximus
1624 2809 1911 2885 principali

314 2921 498 2977 causa,
529 2907 686 2981 cujus
704 2905 929 2964 obtentu
971 2913 1102 2964 unt
1130 2905 1314 2962 omnia
1335 2904 1663 2979 peragenda.
1689 2905 1778 2964 0b
1805 2904 1913 2963 hoc

312 3001 463 3058 enim
487 3001 611 3075 qui
637 3000 972 3061 ferramenta
993 2999 1282 3075 cujuslibet
1307 2999 1439 3058 artis
1465 2999 1752 3058 instituere
1771 2999 1911 3057 sibi-

2013 1862 2148 1938 quid
2194 1863 2360 1938 igitur
2396 1871 2578 1938 potest
2623 1865 2790 1922 istam
2807 1865 3029 1936 ,mentis
3069 1865 3278 1925 nostra
3319 1867 3616 1940 puritatem

2011 1956 2570 2030 tranquillitatemque
2601 1957 2844 2029 turbare,
2883 1959 3131 2030 quamvis
3171 1959 3303 2016 utile
3338 1977 3404 2018 ac
3427 1977 3612 2020 neces-

2009 2052 2212 2110 sarium
2256 2051 2526 2121 videatur,
2575 2059 2638 2107 ut
2677 2051 2905 2108 noxium
2950 2050 3308 2109 devitandum
3349 2062 3452 2111 est.
3499 2055 3617 2113 Hac

2011 2151 2158 2208 enim
2178 2165 2375 2209 norma
2399 2159 2454 2209 et
2483 2164 2733 2208 errorum
2759 2149 3203 2224 pervagationum
3230 2167 3336 2225 que
3364 2151 3615 2208 omnium

2014 2243 2392 2318 dispositiones
2431 2245 2558 2314 [AL
2593 2251 2935 2301 terrenarum
2987 2245 3438 2320 pervagationum
3496 2260 3616 2302 om-

2012 2339 2170 2396 nium
2200 2338 2559 2412 dispersiones
2582 2337 2599 2412 ]
2626 2338 2928 2412 poterimus
2976 2339 3229 2410 evadere,
3259 2347 3315 2398 et
3342 2338 3616 2398 desidera-

2015 2441 2139 2491 tum
2167 2432 2496 2504 ﬁnemlinea
2513 2440 2679 2490 certa
2714 2431 3032 2490 directionis
3054 2433 3341 2508 attingere.

2607 2535 2853 2592 CAPUT
2875 2535 3032 2590 Vlll.

2091 2638 2166 2691 De
2170 2634 2675 2706 principaliconatu
2693 2632 3162 2706 ergaaivinarum
3179 2643 3367 2706 rerum
3377 2635 3614 2706 contem—

2159 2701 2476 2777 plationem,
2503 2708 2555 2759 et
2576 2703 2936 2760 similitudine
2955 2705 3146 2759 Maria:
3161 2706 3214 2756 et
3225 2701 3473 2757 Martha.

2094 2809 2204 2867 Hic
2249 2823 2379 2882 ergo
2419 2807 2583 2865 nobis
2635 2804 2950 2880 principalis
2997 2803 3158 2862 debet
3202 2816 3320 2860 esse
3355 2809 3618 2872 conatus,

2019 2904 2139 2962 hac
2166 2901 2464 2960 immobilis
2497 2899 2786 2958 destinatio
2818 2897 2999 2957 cordis
3033 2897 3238 2971 jugiter
3281 2893 3616 2964 affectanda,

2019 3007 2040 3035 ο
2059 3005 2121 3055 ut
2160 2995 2356 3054 divinis
2384 2993 2548 3052 rebus
2587 3009 2650 3051 ac
2693 2996 2812 3052 Deo
2861 3006 3020 3050 mens
3047 3005 3267 3065 semper
3317 2987 3618 3058 inhareat,

1408 3133 1663 3190 ALARDI
1701 3132 1926 3188 GAZzEl
1967 3128 2525 3189 COMMENTARIUS.

395 3261 423 3292 ⁸
448 3257 514 3315 1d
559 3265 669 3327 est,
713 3258 930 3316 solitam
973 3258 1347 3316 austeritatem
1373 3297 1390 3325 ,
1423 3265 1481 3314 et
1519 3256 1919 3327 observantiam
1951 3259 1996 3324 C

309 3326 994 3403 regularem.0pportun_e
1027 3329 1114 3393 hic
1147 3328 1418 3403 succurrit
1439 3327 1518 3403 ad
1539 3326 1701 3403 hune
1735 3327 1917 3403 lecum

312 3398 700 3458 illustrandum
725 3398 1002 3460 sententia
1034 3403 1098 3459 D.
1141 3399 1408 3458 Bernardi
1435 3399 1495 3455 in
1539 3398 1635 3455 lib.
1665 3398 1734 3455 de
1763 3400 1917 3455 Pra-

314 3481 498 3546 cepto,
528 3481 584 3546 et
617 3473 921 3546 Dispensat.
950 3471 1049 3546 ubi
1065 3471 1135 3530 de
1158 3474 1252 3530 SS.
1282 3474 1509 3546 Patrum
1521 3469 1815 3546 institutis,
1861 3477 1917 3546 et

417 3539 659 3602 ularibus
716 3539 1083 3602 'observantiis
1129 3551 1184 3600 et
1234 3541 1640 3600 austeritatibus
1686 3539 1916 3598 subinde

313 3613 410 3690 vel
449 3616 768 3690 necessitate
791 3625 1019 3690 urgente
1034 3657 1055 3686 ,
1089 3614 1180 3690 vei
1218 3615 1483 3672 charitate
1517 3613 1783 3690 invitante
1827 3627 1915 3690 r_e-

314 3685 598 3760 laxandis,
655 3696 750 3745 aut
787 3685 1211 3744 intérmittendis
1255 3701 1454 3760 agens:
1501 3689 1652 3760 Hac,
1705 3685 1914 3760 inquit,

312 3759 532 3815 inventa
546 3762 978 3830 atqueimtituta
999 3761 1246 3826 fuerunt,
1271 3759 1531 3830 nonquia
1557 3759 1722 3830 aliter
1741 3759 1919 3830 uiuere

313 3844 424 3885 non
444 3827 642 3899 liceret,
665 3832 759 3891 sed
775 3833 920 3901 quod
933 3833 1016 3884 ita
1027 3829 1498 3901 magiseapediret
1525 3846 1542 3881 :
1551 3842 1648 3901 nec
1659 3828 1823 3901 plane
1846 3827 1920 3880 ad

315 3903 478 3956 aliud
492 3897 655 3972 quam
675 3903 748 3956 ad
771 3897 1007 3972 lucrum,
1029 3902 1080 3951 et
1098 3897 1398 3972 custodiam
1409 3897 1712 3972 charitatis.
1733 3899 1922 3972 Quam-

311 3972 418 4027 diu
437 3964 566 4042 ergo
592 3973 850 4026 charitati
863 3969 1130 4042 miliiant,
1155 3964 1503 4042 immobiliter
1517 3966 1636 4042 ﬁxa
1651 3969 1793 4042 sunt,
1813 3980 1922 4042 mu-

2029 3255 2241 3312 cialiter
2282 3257 2450 3323 [Lips.
2500 3255 2562 3308 in
2601 3267 2771 3320 marg.
2823 3249 3270 3323 substantialiter]
3321 3245 3620 3323 attenditur

2067 3317 2300 3382 erfectio'
2325 3317 2644 3380 Christiana
2702 3317 2844 3378 vita.
2900 3321 3064 3377 Unde
3115 3327 3170 3376 et
3208 3319 3508 3390 Apostolus
3552 3317 3620 3372 ad

2070 3397 2239 3454 oloss.
2267 3405 2290 3452 ι
2333 3411 2345 3446 :
2385 3397 2559 3464 Super
2600 3396 2799 3455 omnia,
2841 3391 3036 3464 inquit,
3066 3391 3387 3464 charitatem
3411 3389 3616 3451 habete,

2022 3469 2168 3545 quod
2193 3471 2270 3545 est
2295 3461 2576 3545 vincuiuni
2607 3461 2994 3545 perfectionis,
3035 3462 3160 3545 quia
3203 3461 3408 3545 scilicet
3429 3473 3620 3545 omnes

2022 3529 2154 3596 alias
2181 3539 2406 3596 virtutes
2433 3529 2840 3608 quodammodo
2875 3533 3004 3608 ligat
3045 3529 3104 3590 in
3123 3532 3388 3608 unitatem
3439 3529 3620 3603 perfe-

2022 3611 2238 3685 ctionis.
2272 3603 2514 3685 Haeui).
2560 3606 2824 3685 Thomas.
2870 3603 3617 3685 Alterum__me_mbrum_es_t,

2016 3681 2244 3755 jejunia,
2294 3679 2522 3755 vigilias,
2574 3679 2870 3755 lectionem
2919 3686 2974 3734 et
3010 3675 3428 3755 meditationem
3438 3674 3614 3755 .Scri-

2024 3744 2330 3826 iit-marum,
2347 3744 2684 3826 nuditatem,
2723 3749 2779 3806 id
2827 3757 2910 3804 est
2948 3747 3344 3826 paupertatem,
3385 3744 3622 3824 aliasque

2025 3819 2297 3882 religionis
2319 3819 2326 3822 ⁷
2347 3819 2690 3880 austeritates
2733 3828 2789 3876 et
2816 3819 3070 3875 exercitia
3111 3833 3224 3873 non
3273 3827 3392 3882 esse
3445 3819 3620 3882 ipsam

2061 3881 2436 3964 erl'ectionem,
2465 3909 2566 3950 nec
2594 3889 2877 3964 hominem
2917 3888 3178 3964 eontinuo
3226 3881 3452 3964 reddere
3470 3881 3620 3964 ’per-

2056 3963 2274 4032 ’ectum;
2321 3959 2433 4034 sed
2457 3977 2578 4034 esse
2619 3959 2970 4034 perfectionis
2987 3959 3366 4034 instrumenta
3419 3969 3434 4034 ς
3469 3959 3620 4024 quia,

309 4026 550 4112 tas-ique
567 4043 782 4095 omnino
797 4053 870 4112 ne
892 4037 964 4112 ab
984 4026 1121 4112 ipsis
1150 4033 1364 4112 quidem
1381 4026 1686 4112 prapositis
1708 4035 1823 4112 sine
1837 4035 1928 4099 of-
2033 4026 2368 4112 inquitenon
2384 4033 2440 4088 in
2458 4033 2590 4112 ipsis
2623 4026 2872 4112 censistit
2907 4029 3068 4112 hujus
3095 4026 3396 4112 diseiplinae
3413 4028 3626 4112 mena;

304 4103 488 4183 fama
506 4109 847 4183 possunt._At
861 4109 912 4183 si
922 4122 950 4160 e
964 4103 1507 4183 comi'aijiopontraria
1514 4104 1660 4183 forte
1667 4103 1928 4183 aliquem-

2033 4091 2204 4180 siiea)
2221 4091 2350 4180 ﬁnis
2379 4122 2392 4157 :
2418 4091 2514 4157 sed
2533 4117 2628 4180 per
2646 4101 2795 4180 illam
2813 4091 3126 4180 pervenitur
3143 4097 3212 4180 aid
3235 4091 3457 4180 liuenti.
3475 4091 3624 4180 quod
3702 4128 3718 4144 .

302 4163 696 4241 ilacliaritati
710 4163 829 4234 uisa
847 4178 1089 4245 fuerint;
1107 4177 1192 4231 his
1205 4163 1722 4247 dumtaaat,'quibus
1751 4163 1930 4230 uidere
2033 4174 2151 4247 aliis
2169 4163 2382 4247 i'verhis
2407 4163 2681 4247 superius
2715 4163 2883 4226 dixit:
2925 4167 3076 4247 quod
3099 4166 3190 4247 _ad
3234 4163 3623 4247 perfectionem

305 4235 545 4314 autum,
569 4254 622 4306 et
644 4235 926 4320 prouidere
949 4235 1208 4304 creditum
1223 4252 1338 4304 est:
1363 4235 1924 4318 nonne‘justissimum
2034 4243 2316 4320 charitatis
2334 4241 2450 4320 istis
2477 4235 2732 4314 g'ra'dibus
2749 4235 3038 4320 ascendere
3056 4235 3298 4320 nitamur
3316 4239 3340 4294 ἐ
3355 4235 3621 4320 dicuntur

310 4341 433 4382 esse
459 4325 655 4393 liquet,
686 4325 750 4376 ut
762 4335 883 4391 quae
894 4335 1000 4393 pro
1027 4320 1290 4393 charitate
1303 4322 1518 4393 inventa
1541 4321 1788 4393 fuerunt,
1817 4333 1922 4389 pro

310 4391 596 4452 charitate
617 4407 843 4462 quoque,
872 4392 972 4446 ubi
995 4391 1246 4462 eapedire
1263 4391 1532 4446 videbitur
1555 4391 1639 4446 vel
1661 4392 1922 4445 omittan-

314 4473 432 4531 tur,
469 4466 554 4521 uel
580 4465 1038 4532 intermittantur,
1061 4463 1142 4518 vel
1175 4465 1236 4518 in
1257 4463 1410 4518 aliud
1437 4464 1578 4531 forte
1597 4463 1920 4518 commodius

314 4540 667 4594 demutentur
675 4537 858 4605 ?_sicut
866 4552 894 4590 e
904 4537 1116 4605 regione
1128 4535 1377 4604 iniquum
1389 4534 1745 4605 proculdubio
1755 4535 1917 4602 foret,

311 4613 368 4663 si
394 4612 607 4664 statuta
620 4598 722 4678 pro
749 4609 863 4662 sola
897 4598 1186 4678 charitate,
1214 4598 1410 4660 contm-
1425 4598 1919 4662 charitatem'tene-

315 4685 530 4736 rentur.
551 4675 679 4734 Hac
706 4680 776 4734 D.
809 4675 1140 4734 Bernardus.

393 4743 421 4782 δ
445 4749 712 4808 Praclara
737 4747 1028 4816 sententia,
1055 4755 1112 4802 et
1139 4746 1330 4817 niveo,
1360 4752 1423 4801 ut
1442 4743 1664 4814 dicitur,
1687 4745 1921 4817 signan-

316 4820 391 4878 da
410 4821 610 4899 lapillo_
611 4840 627 4888 ;
664 4835 788 4899 qua
822 4815 1099 4899 summam
1137 4815 1297 4890 hujus
1322 4815 1919 4899 capit,.teomplectitur,

316 4887 556 4964 quaque
577 4887 641 4948 D.
664 4887 894 4950 Thoma
917 4887 1298 4964 theqiogorum
1322 4887 1545 4964 principi
1569 4901 1634 4964 ec
1657 4887 1919 4964 magistre

315 4957 392 5020 ita
421 4957 656 5037 placuit,
679 4973 744 5037 ut
761 4977 884 5019 eam
907 4957 1150 5034 pluribus
1164 4959 1234 5037 in
1271 4957 1546 5037 locissua
1569 4957 1811 5037 §umma
1852 4957 1922 5013 ad

315 5027 457 5092 suas
499 5027 882 5092 conclusiones
908 5027 1263 5100 "astruendas
1305 5027 1642 5100 adhibuerit,
1689 5042 1922 5100 eamque

317 5105 572 5164 vicissim
598 5105 712 5164 suis
755 5103 1200 5180 conclusionibus
1235 5099 1520 5180 illustrarit
1549 5101 1781 5180 (2-2,_q.
1813 5099 1915 5180 1.84

314 5180 372 5232 et
387 5184 589 5250 11.189,
619 5194 676 5234 a.
698 5184 742 5250 _7
758 5181 810 5233 et
829 5179 911 5246 8).
939 5173 1194 5250 Continet
1222 5181 1407 5250 autem
1433 5172 1544 5250 diro
1568 5169 1776 5250 capita,
1806 5169 1916 5250 sive

315 5241 595 5306 membra.
623 5241 1010 5322 Primum'_est_,
1047 5245 1432 5322 perfectionem
1460 5241 1822 5322 Christianam
1861 5247 1917 5322 et

318 5321 690 5393 monasticam
751 5321 808 5376 in
854 5315 1120 5393 charitaie
1167 5316 1483 5393 consistere.
1539 5315 1704 5393 Nem,
1753 5319 1814 5370 ut
1840 5315 1917 5393 ait

319 5391 397 5445 D.
445 5392 720 5466 Thomas,
776 5388 1198 5466 unumquodque
1241 5387 1445 5445 dicitur
1495 5384 1820 5466 perfectum,
1859 5384 1914 5466 in

318 5473 594 5534 quantum
617 5455 832 5534 attingit
847 5455 1132 5533 proprium
1161 5459 1351 5534 ﬁnem,
1371 5455 1596 5534 quaest
1609 5455 1807 5534 ultima
1832 5455 1912 5510 rei

317 5527 587 5604 perfectio
613 5527 831 5604 (2-2.'q.
849 5527 1014 5604 '84,'a,
1039 5536 1095 5604 γι.
1125 5533 1260 5589 Vide
1278 5527 1441 5586 etiam
1459 5531 1713 5586 Bellum.
1739 5527 1838 5604 iib.
1863 5540 1914 5582 ιι

315 5597 393 5659 ile
418 5597 664 5662 Monach.
704 5621 750 5660 c.
782 5597 862 5674 '2).
890 5597 1136 5674 Charitas
1170 5610 1354 5659 autem
1377 5610 1482 5671 est,
1510 5614 1635 5674 qua
1659 5597 1780 5674 unit
1806 5611 1913 5674 nos

317 5676 470 5745 Deo,
485 5678 679 5751 quiest
697 5669 920 5751 ultimus
942 5673 1062 5751 ﬁnis
1106 5673 1361 5751 humana
1382 5669 1582 5751 mentis
1604 5692 1617 5727 :
1645 5669 1792 5751 quia,
1817 5670 1916 5751 qui

316 5743 592 5804 manet'in
621 5747 904 5811 charitatc,
935 5749 993 5802 in
1018 5750 1124 5802 Deo
1149 5749 1364 5808 manet,
1395 5749 1447 5800 et
1473 5749 1614 5800 Deus
1649 5743 1709 5796 in
1731 5756 1819 5807 eo;
1852 5747 1914 5795 ut

315 5815 526 5877 dicitur
550 5821 577 5875 l
598 5820 761 5876 Joan.
784 5831 873 5874 1v.
903 5818 975 5873 Et
989 5817 1112 5875 ideo
1133 5815 1435 5876 secundum
1447 5813 1768 5873 charitatem
1791 5825 1914 5883 spe-

541 5911 804 5967 PA’IBOL.
842 5907 1052 5964 XLIX'

1945 4646 1996 4708 D

2028 4315 2177 4394 enim
2184 4315 2334 4394 __ha_c
2361 4309 2723 4394 instrumenta
2758 4309 3128 4394 perfectionis,
3149 4309 3450 4394 praesertim
3476 4323 3615 4394 vero

2028 4388 2133 4445 tria
2161 4385 2596 4460 illa_Evangelica
2623 4380 2848 4460 consilia
2867 4425 2882 4452 ,
2913 4380 3198 4460 paupertas
3212 4424 3247 4460 ,_
3281 4380 3618 4460 continentia

2029 4424 2611 4540 ἕᾌὲἓέιῖἑὲῖίέῗᾷἰῖἓ
2623 4424 3620 4540 3‘3"”éﬁﬁéﬁﬁﬁﬁiﬁ"}§i§gi'§sﬁ”iiii};

2025 4533 2322 4606 pertinent,
2372 4524 2522 4606 quia“
2541 4537 2670 4586 sunt
2692 4527 2987 4606 aptissima
3029 4535 3084 4606 et
3127 4524 3420 4606 utiiissima
3439 4524 3620 4606 media

2026 4597 2096 4661 ad
2123 4597 2566 4676 consequendam
2588 4597 3330 4676 perfectionemcliai'itatis,‘
3349 4603 3622 4676 quatenus

2027 4661 2325 4733 removent
2333 4673 2520 4731 omnia
2549 4661 2938 4747 impedimenta
2963 4669 3132 4747 divini
3145 4661 3620 4747 ρῳρΐίξξξῦερᾳξ

2028 4729 2177 4804 stola
2189 4729 2221 4802 ,ἶ
2227 4729 2405 4803 oaune
2418 4729 2705 4815 recensita
2733 4741 2841 4815 illis
2856 4737 3050 4815 _verbis
3067 4753 3102 4815 ,ε
3139 4729 3418 4815 Quidquid
3436 4813 3444 4815 Ξ
3457 4733 3550 4815 est
3563 4743 3624 4815 in

2027 4819 2248 4880 mundo,
2267 4819 2366 4870 aut
2390 4818 2466 4868 est
2485 4810 2904 4880 concupiscentia
2921 4806 3122 4880 caenis,
3143 4805 3242 4855 aut
3254 4805 3626 4880 concupiscen-

2028 4890 2111 4943 tia
2137 4874 2427 4949 oculorum,
2449 4885 2548 4935 aut
2566 4874 2813 4948 superbia
2834 4878 2962 4930 vita
2981 4875 3027 4942 (ι
3052 4875 3208 4949 Jean.
3236 4874 3352 4939 III).
3383 4874 3488 4926 Per
3501 4885 3624 4949 con-

2027 4941 2312 5026 tinentinm
2355 4941 2504 5026 enim
2551 4941 2878 5026 removetur
2925 4941 2998 5026 et
3022 4941 3324 5026 refrenaiur
3375 4943 3628 5016 concupi-

2029 5025 2233 5084 scentia
2271 5021 2499 5090 carnis;
2522 5033 2618 5090 per
2660 5024 3034 5090 paupertatem
3075 5021 3313 5090 avaritia,
3361 5029 3462 5090 seu
3485 5030 3612 5090 cog-

2023 5092 2357 5169 cupiscentia
2382 5085 2697 5169 eculorum}
2719 5085 2824 5169 per
2851 5087 3218 5169 obedientiam
3245 5085 3625 5169 superbia._.Et

2024 5157 2129 5224 hoc
2157 5174 2240 5224 est
2260 5163 2407 5238 quod
2434 5157 2904 5238 theologiid'ocent
2945 5157 3332 5238 perfectionem
3358 5157 3624 5238 essentia-

2024 5241 2144 5296 liter
2173 5245 2228 5296 et
2255 5230 2522 5310 primario
2549 5230 2848 5310 coxisistere
2875 5233 2931 5288 in
2949 5230 3231 5310 'eharitate
3271 5238 3326 5286 et
3363 5230 3622 5310 observa:

2022 5311 2172 5367 tione
2208 5302 2595 5366 mandatorum
2624 5303 2754 5372 Dei;
2792 5302 3117 5376 secundario
3142 5310 3348 5376 autem,
3380 5311 3437 5361 et
3462 5303 3620 5376 quasi

2022 5380 2338 5454 dispositive
2397 5393 2499 5436 seu
2517 5374 3054 5454 __i_nstrumentaliter,
3105 5374 3162 5431 in
3213 5374 3322 5434 illis
3377 5374 3621 5432 conSiliis
3695 5421 3710 5435 ς

2022 5447 2379 5536 Evangelicis,
2403 5457 2457 5536 et
2483 5447 2952 5536 aliisvirtutibeus.‘
3028 5532 3118 5536 “re
3172 5516 3388 5536 mum”
3442 5514 3458 5536 3

2092 5535 2113 5562 ο
2137 5516 2318 5582 Sinon
2347 5516 2494 5590 actu,
2521 5519 2715 5576 saltem
2757 5518 2980 5590 virtute,
3024 5532 3123 5575 seu
3171 5516 3390 5590 virtuali
3440 5516 3620 5590 inten-

2017 5597 2183 5654 tione.
2216 5596 2372 5670 Nam_
2389 5601 2450 5649 ut
2475 5584 2639 5670 mens
2666 5599 2854 5670 uestra
2876 5589 2946 5670 de
2968 5584 3092 5670 D_eo
3118 5587 3396 5670 rebusque
3424 5584 3622 5670 divinis

2017 5681 2232 5740 semper
2251 5664 2480 5737 cogitet,
2501 5670 2556 5719 et
2581 5662 2698 5740 sine
2724 5661 3134 5740 intermissione
3157 5659 3216 5740 in
3253 5656 3385 5740 eum
3398 5671 3511 5740 per
3521 5656 3614 5740 at;-

2018 5725 2221 5796 fectum
2265 5725 2362 5794 aut
2382 5725 2902 5808 contemplationem
2930 5732 3132 5808 feratur
3155 5728 3313 5808 eique
3341 5725 3620 5808 inhaeefﬁ

2018 5793 2359 5884 Hispania:
2381 5805 2545 5878 huius
2568 5793 2817 5865 mortalis
2844 5804 2973 5862 vita
2999 5793 3310 5865 inﬁrmitas,
3330 5803 3402 5884 ut
3425 5793 3617 5845 notum
