4012 6192
398 292 497 345 491

1471 271 1753 329 JOANNlS
1791 268 2093 325 CASSIANI
2133 242 2628 323 COLIATIONES.

3595 260 3687 312 492

399 410 661 488 quidquid
716 409 785 466 ab
802 369 907 465 hac
946 405 1228 465 diversum
1271 408 1378 471 est,
1407 398 1654 474 quamvis
1702 411 1987 469 magnum,
2020 399 2073 461 Α
2095 395 2269 463 elegit,
2299 408 2419 461 qua?
2454 406 2558 488 nou
2585 389 2867 488 auferetur
2907 384 2974 488 ab
2999 399 3093 488 ea...
3112 380 3316 486 Videtis
3341 394 3482 488 ergo
3498 381 3691 488 princi-

400 506 701 565 secundum
713 512 918 571 tamen,
937 508 1030 558 aut
1042 499 1203 556 etiam
1214 495 1490 565 inﬁmum,
1500 507 1597 550 seu
1612 499 1758 549 certe
1772 489 2000 547 noxium

394 600 753 677 judicandum
797 605 899 655 est.
934 599 960 629 ⁸
1002 593 1184 665 Hujus
1229 589 1429 647 mentis
1469 587 1550 644 vel
1619 594 1771 643 actus
1824 583 1999 656 ﬁgura

400 696 566 755 etiam
613 695 669 750 in
707 688 992 762 Evangelio
1048 701 1143 759 per
1180 682 1456 742 Martham
1504 688 1559 738 et
1596 679 1822 736 Mariam
1876 677 2002 749 pul-

401 784 669 842 cherrime
693 781 1023 851 designatur.
1052 779 1195 835 Cum
1229 774 1375 832 enim
1419 771 1637 829 Martha
1660 778 1847 842 sancto
1886 769 2000 825 uti-

298 926 306 934 .
401 893 506 951 que
539 874 847 932 ministerio
877 870 1188 939 deserviret,
1242 876 1431 942 utpote
1453 882 1577 941 quae
1604 866 1707 938 ipsi
1738 863 1997 931 Domino,

402 973 626 1044 ejusque
676 966 955 1040 discipulis
1018 962 1395 1031 ministrabat;
1448 969 1502 1017 et
1554 959 1721 1016 Maria
1772 954 2001 1031 spiritali

401 1061 783 1120 tantummodo
804 1060 1009 1116 intenta
1048 1056 1334 1125 doctrinae,
1372 1054 1503 1110 Jesu
1551 1052 1779 1124 pedibus
1826 1048 1999 1106 iuba:-

403 1165 569 1227 reret,
607 1170 746 1228 quos
772 1153 1024 1210 osculans
1060 1150 1220 1206 bona:
1240 1145 1599 1204 confessionis
1621 1142 1847 1200 liniebat
1876 1157 1999 1211 ~un-

406 1258 630 1323 guento,
659 1245 945 1319 praefertur
978 1252 1163 1301 tamen
1189 1258 1220 1299 a
1251 1240 1511 1307 Domino,
1543 1236 1693 1311 quod
1715 1244 1771 1294 et
1809 1234 2003 1292 melio-

407 1358 524 1400 rem
545 1342 764 1414 elegerit
789 1348 1023 1411 partem,
1049 1346 1104 1394 et
1141 1351 1263 1394 eam
1304 1349 1429 1408 quae
1458 1333 1526 1390 ab
1571 1347 1633 1389 ea
1676 1346 1789 1387 non
1833 1328 2005 1402 possit

406 1436 605 1494 auferri
637 1436 807 1509 (Luca:
861 1437 937 1501 x).
989 1435 1133 1489 Nam
1166 1446 1293 1487 cum
1343 1429 1616 1487 laboraret
1668 1424 1884 1481 Martha
1913 1423 2003 1495 pia

405 1521 765 1588 sollicitudine
790 1545 854 1584 ac
890 1527 1288 1600 diapensatipne
1315 1523 1549 1582 distenta
1568 1565 1584 1592 ,
1605 1521 1777 1578 solam
1819 1534 1877 1576 se
1927 1519 2006 1573 vi-

408 1625 544 1681 dens
586 1625 655 1681 ad
699 1612 909 1679 tantum
958 1619 1323 1677 ministerium
1363 1634 1475 1674 non
1517 1630 1683 1689 posse
1720 1613 1996 1681 sufﬁcere,

408 1717 741 1789 adjutorium
777 1716 983 1771 sororis
1027 1730 1057 1770 a
1096 1713 1334 1769 Domino
1380 1710 1712 1783 postulabat,
1765 1708 1953 1765 dicens
1985 1726 1998 1762 :

2102 488 2220 560 pale
2247 485 2482 542 bonum'3
2532 481 2587 538 in
2615 480 2827 538 theoria
2878 477 3012 546 sola,
3046 474 3099 532 id
3127 483 3230 544 est,
3271 475 3326 530 in
3357 474 3690 546 contempla-

2103 581 2257 638 tione
2283 579 2459 637 divina
2496 574 2800 635 Dominum
2831 572 3098 646 posuisse.
3132 568 3297 626 Unde
3341 576 3569 625 caeteras
3593 568 3684 625 vir-

2106 683 2250 732 tutes
2288 673 2416 731 licet
2454 670 2786 729 necessarias
2823 675 2879 724 et
2922 664 3082 723 utiles
3126 662 3567 735 pronuntiemus,
3614 677 3694 719 se-

2109 768 2291 828 cundo
2341 775 2529 823 tamen
2575 763 2744 838 gradu
2790 759 3089 820 censendas
3164 772 3285 813 esse
3335 756 3690 823 decernimus,

2103 863 2226 936 quia
2250 860 2515 919 universae
2555 856 2719 930 hujus
2743 856 2901 912 unius
2934 858 3202 925 parantur
3226 851 3478 908 obtentu.
3502 852 3696 908 Dicens

2104 959 2249 1015 enim
2276 956 2567 1024 Dominus,
2599 951 2828 1011 sollicita
2863 964 2942 1019 es,
2986 957 3041 1006 et
3080 946 3319 1004 turbaris
3352 946 3497 1002 circa
3535 945 3694 1018 pluri-

2105 1069 2217 1121 ma,
2246 1051 2431 1125 paucis
2456 1052 2584 1105 vero
2619 1061 2757 1119 opus
2789 1052 2894 1115 est,
2928 1050 3022 1100 aut
3055 1040 3225 1099 etiam
3256 1054 3394 1110 uno,
3424 1054 3693 1097 summum

2106 1146 2313 1203 bonum
2341 1161 2455 1202 non
2510 1142 2565 1199 in
2601 1139 2818 1209 actuali,
2865 1135 3115 1217 quamvis
3148 1133 3405 1192 laudabili
3434 1149 3611 1206 opere,
3648 1143 3699 1192 et

2108 1242 2296 1299 multis
2340 1239 2609 1297 fructibus
2655 1234 2982 1303 abundanti,
3027 1231 3125 1291 sed
3176 1231 3232 1287 in
3271 1246 3371 1288 sua
3425 1232 3588 1301 [Lips
3637 1232 3695 1285 in

2108 1353 2285 1407 marg.
2330 1335 2436 1404 sui]
2493 1330 2977 1404 contemplatione,
3020 1341 3144 1399 qua:
3190 1340 3318 1383 vere
3363 1323 3591 1396 simplex
3645 1333 3694 1380 et

2110 1447 2215 1488 una
2248 1438 2353 1499 est,
2382 1427 2708 1486 collocavit:
2738 1424 2922 1497 paucis
2947 1436 3085 1495 opus
3110 1434 3230 1478 esse
3253 1418 3622 1492 pronuntians
3633 1418 3695 1476 ad

2113 1522 2409 1596 perfectam
2431 1518 2849 1586 beatitudinem,
2880 1516 2935 1573 id
2953 1521 3057 1584 est,
3079 1513 3227 1570 illam
3257 1511 3556 1579 theoriam,
3585 1528 3700 1584 qua:

2110 1618 2258 1690 prius
2293 1617 2350 1673 in
2374 1630 2673 1689 paucorum
2732 1620 2978 1670 servatur
3019 1605 3458 1666 consideratione
3499 1616 3700 1663 sancto-

2110 1726 2235 1769 rum
2271 1730 2285 1767 :
2316 1726 2348 1767 a
2384 1724 2621 1782 quorum
2656 1704 3113 1778 contemplatione
3150 1702 3523 1760 conscendens
3549 1701 3595 1758 is
3620 1702 3703 1773 qui

414 1806 442 1844 ¹³
467 1814 585 1871 Non
607 1810 818 1867 est-tibi
837 1825 999 1873 curre,
1030 1810 1173 1879 quia
1190 1821 1339 1862 soror
1357 1822 1475 1861 mea
1497 1805 1721 1875 reliquit
1736 1819 1819 1858 me
1838 1802 2006 1857 solam
2034 1809 2082 1873 Β
2115 1804 2296 1864 adhuc
2321 1805 2374 1860 in
2406 1800 2657 1875 profectu
2686 1803 2854 1871 μένε,
2883 1802 2939 1853 in
2967 1814 3141 1867 marg,
3175 1799 3454 1868 ρι-ογθοιυ]
3500 1794 3704 1866 positus

409 1909 761 1965 ministrare?
784 1908 879 1962 Dic
905 1920 1028 1975 ergo
1065 1906 1152 1960 illi
1175 1908 1235 1959 ut
1271 1902 1613 1971 meadjuvet.
1653 1899 1857 1971 Utique
1893 1912 2008 1953 non

410 2001 479 2058 ad
506 2001 611 2057 vile
634 2015 793 2073 opus,
813 1998 909 2055 sed
940 1997 1011 2055 ad
1034 1995 1303 2054 laudabile
1333 2010 1456 2052 eam
1483 1991 1848 2049 ministerium
1879 2006 2001 2062 pro-

412 2094 658 2151 vocabat.
699 2096 773 2149 Et
811 2102 992 2148 tamen
1034 2089 1166 2162 quid
1193 2088 1347 2146 audit
1391 2104 1423 2144 a
1457 2086 1727 2144 Domino?
1761 2086 2003 2153 Martha,

410 2187 652 2252 Martha,
675 2186 903 2241 sollicita
923 2200 995 2248 es,
1018 2188 1069 2239 et
1091 2183 1331 2238 turbaris
1352 2198 1483 2250 erga
1495 2182 1758 2251 plurima.
1778 2190 1797 2215 ε
1813 2182 2006 2237 Paucis

411 2293 532 2334 vero
554 2294 687 2350 opus
718 2283 814 2343 est,
846 2282 942 2333 aut
968 2280 1133 2333 etiam
1157 2292 1293 2344 uno;
1327 2268 1353 2307 δ
1371 2277 1549 2334 Maria
1574 2276 1765 2330 bonum
1788 2280 2008 2345 partem

2114 1908 2215 1968 est,
2249 1897 2319 1955 ad
2343 1896 2481 1955 illud
2517 1910 2733 1969 quoque
2754 1892 2905 1968 quod
2931 1890 3132 1948 dicitur
3169 1903 3355 1958 unum,
3386 1886 3441 1944 id
3470 1895 3570 1955 est,
3600 1887 3701 1943 Dei

2116 1994 2281 2050 solius
2305 1992 2583 2058 intuitum,
2620 1989 2735 2062 ipso
2763 1987 3054 2060 adjuvante
3083 1982 3357 2057 perveniet
3385 1988 3486 2038 :ut
3506 1980 3707 2038 scilicet

2115 2086 2279 2143 etiam
2303 2093 2621 2143 sanctorum
2643 2092 2802 2139 actus
2828 2097 2893 2139 ac
2925 2078 3225 2137 ministeria
3267 2075 3495 2133 miriﬁca
3519 2090 3707 2148 super-

2116 2195 2363 2254 gressus,
2410 2178 2577 2236 solius
2626 2176 2731 2234 Dei
2764 2176 2883 2249 jam
2935 2171 3332 2247 pulchritudine
3383 2170 3708 2242 scientiaque

2118 2281 2389 2348 pascatur.
2422 2272 2595 2329 Maria
2615 2286 2743 2344 ergo
2769 2271 2971 2328 bonam
2994 2274 3203 2341 partem
3235 2265 3425 2339 elegit,
3457 2280 3578 2337 qua:
3602 2280 3708 2322 non

1503 2393 1757 2449 ALARDI
1795 2393 2018 2449 GAZzEI
2058 2391 2616 2451 COMMENTARIUS.

414 2508 527 2582 est;
554 2507 610 2555 et
627 2499 1166 2582 plenius-declaratur
1183 2498 1324 2582 infra
1354 2501 1503 2582 (Cap.
1530 2503 1594 2582 t2
1617 2503 1667 2554 et
1692 2501 1805 2582 13).
1834 2502 2005 2555 Porro

414 2570 729 2644 Dionysius,
759 2579 820 2627 ut
847 2570 990 2644 hune
1010 2572 1331 2644 scrupulum
1364 2572 1572 2644 vitaret,
1606 2571 1855 2644 Voculam
1874 2586 2007 2625 sem-

408 2658 509 2714 per
539 2641 787 2714 studiose
814 2642 1019 2712 omisit,
1067 2641 1189 2714 quae
1227 2650 1409 2698 tamen
1455 2642 1509 2696 in
1539 2641 1795 2697 omnibus
1818 2657 2009 2697 exem-

414 2712 653 2785 plaribus
677 2712 924 2785 habetur.

485 2788 510 2817 ³
537 2784 755 2840 Phrasis
783 2792 863 2839 est
876 2783 1180 2845 obscurior,
1200 2782 1456 2839 Cassiano
1472 2792 1659 2839 tamen
1685 2781 2004 2853 familiaris;

416 2863 477 2937 ut
503 2864 657 2937 patent“
675 2856 855 2937 collat.
889 2862 919 2909 7
944 2870 1060 2937 cep.
1101 2857 1252 2937 5.“ln
1280 2870 1400 2910 eam
1425 2854 1721 2937 Dionysius
1756 2854 2007 2937 nonnihil

365 2944 385 2961 ι
416 2926 549 2982 lucis
577 2926 738 2981 affert
762 2926 849 2981 his
878 2926 1056 2996 verbis
1083 2941 1097 2978 :
1141 2927 1317 2993 Hujus
1347 2926 1673 2996 principalis
1697 2926 1918 2996 actionis
1945 2929 2010 2992 ﬁ-

416 3012 576 3067 gura,
604 3004 711 3067 etc.
746 2995 1068 3067 intelligitur
1096 3003 1283 3067 autem
1308 2994 1415 3060 ille,
1446 2994 1657 3067 deique
1684 2995 1844 3067 paulo
1884 3003 2009 3050 ante

416 3065 582 3147 dixit,
596 3063 1161 3147 principaliseonatus
1187 3071 1239 3147 et
1269 3063 1893 3147 i'r‘nmobilis'destinqtio,
1912 3079 2007 3147 seu

416 3132 647 3207 intentio
680 3132 903 3207 jugiter_
931 3132 1229 3207 inhaerendi
1272 3136 1392 3207 Deo
1412 3175 1427 3201 ,
1471 3134 1741 3207 rebusque
1765 3135 1959 3207 divinis
1990 3154 2003 3190 :

2114 2500 2207 2572 qui
2248 2499 2397 2572 solus
2430 2498 2592 2553 nobis
2618 2504 2699 2552 est
2727 2494 3061 2551 necessarius
3093 2500 3146 2548 et
3185 2490 3490 2572 sufﬁciens,
3511 2497 3711 2572 eastega

2115 2561 2237 2642 qua:
2284 2570 2665 2642 multasunt,
2720 2582 2828 2623 non
2870 2574 2998 2642 sunt
3046 2564 3365 2642 necessaria.
3416 2561 3576 2642 Unde
3620 2562 3710 2642 illa

2115 2637 2179 2697 Β.
2213 2639 2483 2712 Francisei
2513 2640 2726 2712 vulgata
2751 2637 3053 2712 sententia:
3076 2640 3214 2693 Deus
3240 2650 3407 2699 meus,
3437 2640 3488 2689 et
3512 2637 3708 2712 omnia.

2116 2712 2250 2777 Alii,
2275 2719 2337 2767 ut
2364 2709 2531 2767 abbas
2560 2706 2776 2783 Moyses
2814 2708 2918 2783 hoc
2947 2708 3095 2783 loco,
3126 2722 3316 2783 unum
3340 2706 3710 2783 necessarium

2115 2776 2424 2853 intelligunt
2451 2776 2811 2853 attentionem
2831 2780 3091 2853 doctrina:
3117 2778 3366 2853 caelestis,
3392 2785 3450 2853 et_
3473 2776 3713 2853 studium

2116 2848 2664 2919 rerum'divinarum;
2696 2851 2967 2907 theoriam
2997 2858 3153 2907 vocat
3188 2848 3357 2917 infra,
3397 2848 3454 2905 id
3480 2856 3584 2915 est,
3612 2848 3712 2904 Dei

2115 2924 2478 2995 cognitionem
2509 2933 2561 2980 et
2580 2921 3101 2994 contemplationem
3118 2936 3265 2995 ;-non
3282 2918 3489 2995 nudam
3509 2928 3563 2975 et
3588 2921 3717 2974 sim-

2116 2991 2308 3067 plicem
2330 3038 2342 3057 ,
2372 2994 2465 3050 sed
2502 3012 2630 3067 eum
2674 2994 2763 3067 pio
2792 2991 2981 3067 amore
3010 3002 3065 3049 ct
3102 2991 3303 3067 affectu
3328 2992 3679 3067 conjunctam
3697 3032 3712 3057 ,

2116 3062 2222 3136 quo
2253 3067 2431 3120 anima
2459 3062 2811 3122 dicitur—Deo
2851 3064 3119 3119 inhaerere
3151 3072 3205 3119 ct
3240 3066 3359 3118 Deo
3385 3062 3553 3128 unin’,
3580 3066 3712 3130 quia

2115 3135 2212 3206 qui
2238 3137 2485 3193 adhwret
2506 3142 2633 3205 Deo,
2648 3152 2787 3191 unus
2812 3138 3035 3205 spiritus
3056 3137 3293 3205 efﬁcitur
3321 3150 3436 3188 cum
3446 3150 3503 3187 eo
3525 3135 3597 3199 (ll
3621 3136 3720 3190 Co-

418 3205 513 3287 qui
560 3204 781 3287 quidem
824 3204 1131 3287 principalis
1180 3212 1237 3287 et
1263 3204 1687 3287 primariusnes't
1732 3205 2007 3287 cheritatis
2048 3224 2093 3287 ρ
2120 3204 2229 3287 riu.
2258 3214 2362 3277 v1).
2390 3204 2768 3287 Et_Psa_lmista
2798 3208 2912 3287 ait:
2941 3208 3083 3287 ltitia:
3104 3211 3283 3287 autem
3318 3206 3719 3287 adha'rere‘Deo

417 3275 593 3331 actus.
639 3277 806 3347 Cujus
825 3275 1029 3349 'aetus,
1069 3291 1165 3333 seu
1203 3275 1516 3349 intentionis
1559 3276 1766 3349 ﬁgura,
1807 3276 2004 3349 idest,

416 3354 592 3473 tipus.
607 3363 701 3420 per
718 3346 1009 3428 ’Martham
1037 3354 1091 3402 et
1132 3348 1363 3430 Mariam
1403 3346 1627 3431 sorores
1659 3348 1848 3404 Lazari
1886 3349 2012 3420 pul-

420 3434 450 3473 c
490 3434 685 3473 emme
731 3418 1064 3473 desmnatur.
1110 3433 1233 3473 aula
1261 3428 1317 3473 et
1359 3422 1549 3473 Mariae
1578 3422 1826 3473 exemnlo
1853 3435 2010 3473 com-

420 3418 685 3492 chcrrime
731 3418 1064 3492 designatur,
1105 3419 1233 3492 quia
1261 3428 1317 3492 et
1359 3419 1549 3492 Maria:
1578 3422 1826 3492 exemplo
1853 3418 2010 3492 com-

419 3489 733 3561 mendatur,
752 3498 805 3561 et
820 3488 1053 3561 Marthze
1068 3488 1328 3561 obsequio
1342 3490 1649 3561 prmfertur.
1671 3488 1812 3546 Hinc
1836 3491 2014 3561 solent

420 3560 608 3615 Patres
636 3575 698 3615 ex
729 3559 1015 3615 collatione
1046 3559 1279 3616 duarum
1305 3559 1555 3615 sororum
1584 3561 1695 3615 Lim
1719 3569 1773 3615 et
1800 3560 2011 3617 Rache-

419 3628 485 3686 lis
513 3629 569 3685 in
596 3629 760 3686 veteri
786 3632 1155 3698 Testamento,
1182 3638 1235 3685 et
1261 3630 1450 3685 Maria:
1486 3646 1549 3685 ac
1576 3630 1807 3685 Marthzc
1833 3631 1887 3685 in
1906 3648 2012 3687 no-

400 3716 510 3769 _vo,
544 3700 663 3773 duo
683 3700 806 3756 vitae
829 3715 1055 3773 genera,
1082 3716 1177 3756 seu
1203 3700 1472 3773 duplicem
1504 3702 1668 3755 vitam
1698 3702 1749 3755 in
1778 3702 2012 3758 Ecclesia

418 3773 516 3828 Dei
542 3771 873 3844 distinguere
892 3814 907 3841 ,
936 3771 1164 3844 alteram
1188 3771 1850 3844 contemplativamtquaz
1887 3777 2012 3829 Ma-

416 3843 512 3900 riae
538 3852 595 3899 et
623 3842 875 3912 Itacheli,
902 3843 1129 3899 alteram
1157 3842 1550 3915 activam,'qua3
1565 3842 1794 3899 Marthae
1819 3852 1873 3915 et
1897 3845 2013 3900 Lia:

415 3914 741 3988 respondeat
755 3916 831 3981 (S.
857 3917 1037 3988 Thom.
1057 3920 1178 3981 2-2,
1207 3932 1275 3988 q._
1294 3921 1345 3981 1,
1363 3933 1417 3988 ad.
1446 3914 1522 3982 ’1).
1542 3917 1611 3970 D.
1633 3914 1929 3985 Gregorius
1945 3931 2011 3973 v1

416 3984 711 4042 Moralium
740 4001 862 4058 cap.
906 3984 974 4041 28
1006 4005 1017 4040 :
1051 3988 1211 4054 Quid,
1262 3986 1454 4057 inquit,
1478 4003 1579 4057 per
1606 3984 1857 4051 Mariam,
1892 4004 2013 4057 qua:

413 4060 626 4114 verbum
652 4060 870 4113 Domini
890 4058 1125 4112 residens
1155 4058 1431 4128 audiebat,
1464 4061 1577 4112 nisi
1600 4061 2013 4128 contemplativa

414 4134 527 4192 vita
542 4132 905 4201 eapﬁmitur?
928 4130 1063 4200 quid
1072 4144 1169 4199 per
1192 4132 1467 4185 Martham
1482 4132 1833 4185 exterioribus
1860 4133 2011 4186 obse-

414 4205 557 4271 quiis
572 4207 903 4273 occupatam,
920 4204 1032 4257 nisi
1053 4204 1228 4257 activa
1238 4203 1763 4271 vitasignatur?Sed
1782 4205 2012 4258 Martth

414 4287 545 4326 cura
572 4289 678 4326 non
696 4274 1107 4342 reprehenditur
1130 4275 1355 4328 :Mariae
1376 4291 1515 4337 vero,
1541 4276 1701 4328 etiam
1720 4275 2008 4340 laudatur;

416 4345 550 4411 quia
579 4359 777 4409 magna
796 4348 924 4415 sunt
952 4346 1293 4415 aetieccyita;
1314 4348 1508 4415 merita
1534 4364 1550 4397 :
1578 4346 1670 4399 sed
1693 4346 2012 4415 contempla-

415 4415 539 4466 tiuw
562 4411 1033 4481 potiora.VSimilia
1075 4411 1238 4481 habet
1265 4413 1333 4469 de
1366 4414 1469 4468 Lia
1494 4421 1549 4468 et
1580 4415 1820 4471 Rachele
1851 4411 2006 4481 hom.

418 4486 485 4536 14
529 4480 584 4535 in
626 4480 987 4536 Ezechielem.
1035 4480 1239 4536 Eadem
1262 4482 1331 4538 de
1357 4498 1416 4537 re
1458 4484 1636 4540 videre
1665 4494 1745 4540 est
1771 4488 1825 4539 S.
1858 4480 2011 4541 Basi-

412 4551 549 4607 lium
575 4551 630 4606 in
663 4550 956 4607 Constitut.
987 4551 1313 4623 Amonasticis
1339 4561 1517 4623 caput.
1560 4559 1614 4620 2,
1640 4558 1711 4609 D.
1747 4556 2014 4623 Hierony-

2124 3274 2417 3335 bonum'est
2447 3282 2659 3349 (I’salm.
2692 3278 2911 3349 LXXII).
2946 3277 3250 3349 Mariaihoc
3270 3292 3448 3349 Annum
3469 3274 3715 3341 curabat,

2120 3358 2181 3405 ut
2210 3350 2408 3407 Christi
2449 3347 2677 3407 verbum
2701 3348 2931 3416 audiret,
2958 3349 3078 3421 ejus
3104 3347 3363 3421 doetrina
3379 3356 3719 3421 pasceretur,

2118 3421 2173 3503 in
2202 3422 2319 3503 ejus
2347 3437 2543 3503 amore
2575 3418 3319 3503 acquieseeretg'secundum.
3338 3418 3468 3502 illud
3502 3418 3715 3475 Cantia.

2118 3493 2326 3617 tie-ruet:
2356 3496 2543 3548 Inueni
2557 3510 2711 3563 quem
2733 3493 2921 3561 diligit
2935 3494 3116 3547 anima
3135 3507 3279 3559 mea;
3300 3493 3448 3546 tenui
3458 3506 3598 3557 eum,
3624 3506 3719 3545 nec

2163 3581 2254 3616 mu
2308 3580 2415 3617 am.

2163 3566 2231 3616 im
2240 3566 2339 3617 itta
2346 3580 2415 3617 m.

2187 3633 2213 3668 τι
2238 3632 2495 3695 Adverte.
2513 3633 2704 3702 lector,
2757 3642 2965 3702 partem
3010 3632 3232 3700 Mariae,
3282 3630 3447 3687 modo
3486 3628 3716 3699 bonam,

2118 3703 2286 3778 modo
2312 3705 2618 3773 meliorem,
2638 3702 2807 3778 modo
2830 3707 3101 3778 optimam
3126 3719 3157 3758 a
3186 3702 3435 3778 Pateibus
3463 3702 3592 3771 diei,
3615 3718 3722 3759 nec

2120 3774 2437 3847 incongrue,
2469 3772 2745 3847 cumsatis
2763 3772 2957 3834 notum
2978 3777 3049 3833 sit
3073 3775 3125 3830 in
3152 3772 3409 3847 gradibus
3421 3787 3721 3847 coniparaf

2116 3843 2312 3920 tionis;
2343 3846 2654 3920 inferiorem
2683 3848 2737 3903 in
2766 3848 3043 3920 superiore
3067 3843 3338 3902 contineri.
3367 3845 3507 3897 Nam
3527 3843 3723 3920 Graeci

2118 3915 2303 3989 legunt
2329 3916 2417 3983 τὴν
2448 3916 2640 3989 ἀγαθὴν
2673 3913 2850 3989 μερίδοὶ
2874 3920 3077 3976 bonam
3104 3924 3329 3988 partem,
3356 3913 3727 3989 quemadmo-

2119 3985 2252 4062 dum
2280 3985 2502 4062 Auctor
2518 3989 2607 4046 bic
2631 3985 2923 4062 expressit;
2952 3990 3043 4060 qui
3071 3985 3255 4062 tamen
3282 3985 3437 4062 paulo
3461 3985 3728 4062 superius

2120 4059 2352 4132 dixerat,
2376 4061 2681 4132 meliorem,
2703 4058 2766 4117 ut
2783 4072 2838 4118 et
2866 4066 2937 4117 D.
2961 4058 3318 4132 Ambrosius:
3344 4059 3447 4113 Nec
3467 4058 3723 4132 Martha,

2122 4130 2371 4203 inquiens
2384 4175 2398 4198 ,
2410 4136 2466 4186 in
2486 4134 2615 4187 bono
2630 4129 2925 4189 ministerio
2936 4130 3346 4201 reprehenditur
3361 4147 3376 4194 ;
3396 4129 3487 4183 sed
3514 4132 3722 4203 illam,

2120 4201 2262 4275 quod
2289 4205 2551 4259 meliorem
2560 4209 2771 4275 partem
2789 4206 2896 4259 sibi
2921 4204 3156 4275 elegerit,
3171 4203 3500 4275 antefertur.
3517 4201 3596 4275 _Et
3617 4204 3727 4275 A_uo

2118 4270 2363 4343 gustinus
2386 4270 2625 4330 sermo—n.
2646 4280 2711 4330 27
2731 4275 2798 4332 de
2819 4270 3242 4331 verbisDomini
3264 4274 3494 4334 :Maria,
3514 4270 3725 4341 inquit,

2116 4346 2382 4400 meliorem
2401 4352 2617 4416 partem
2636 4348 2806 4416 elegit.
2835 4350 2951 4403 Non
2976 4350 3033 4399 tu
3058 4345 3281 4407 malam,
3308 4343 3401 4399 sed
3414 4343 3509 4396 illa
3533 4344 3729 4396 melio-

2118 4432 2247 4489 rem.
2282 4418 2371 4489 At;
2396 4418 2609 4489 vulgata
2648 4418 2831 4474 versio
2856 4426 2937 4474 est
2969 4436 2981 4471 :
3014 4418 3191 4471 Maria
3220 4417 3474 4489 optimam
3498 4418 3727 4483 partem

2119 4487 2295 4554 elegit.
2340 4485 2516 4554 Quam
2545 4497 2598 4544 et
2619 4489 2909 4546 Cassianus
2933 4494 3154 4545 secutus
3182 4494 3265 4542 est
3287 4485 3469 4543 collat.
3491 4490 3563 4540 23
3589 4500 3724 4555 cap.

2123 4560 2286 4644 3-.Et
2326 4560 2519 4644 merit?
2557 4559 2777 4644 Quid?!“
2819 4560 2936 4615 haec
2969 4558 3130 4644 ιθοξίρ
3174 4555 3729 4644 ρτεετρτβυάἓ;9υητ

411 4637 573 4703 mum
598 4623 652 4703 in
679 4639 798 4703 cap.
825 4637 901 4703 in
929 4606 1623 4703 Hieremiai,Augustinum
1641 4606 2013 4703 isermrﬁ-de
2046 4606 2094 4667 Ῑ)
2121 4606 2286 4684 iuni?
2303 4606 2517 4703 ciiéiéi
2555 4606 2785 4703 iiii"
2811 4606 3728 4703 é’i'rﬁphiaiiba‘éiﬁ'ixiié'iiaﬁgiﬁ

408 4695 586 4768 verbis
618 4692 836 4751 Domini
861 4694 1161 4750 secundum
1201 4692 1431 4761 Lucain,
1455 4693 1920 4768 Iheophylactum
1955 4706 2010 4753 et

408 4767 615 4848 Bedam
646 4768 699 4848 in
724 4768 1135 4848 eap._x_l.uem,
1167 4774 1222 4822 et
1245 4764 1584 4823 Bernardum
1610 4764 1868 4825 sermone
1894 4774 1923 4824 3
1953 4769 2007 4824 in

409 4839 803 4912 Assumptione
826 4841 889 4894 Β.
914 4839 1126 4912 Mariae.

478 4905 507 4944 δ
534 4905 821 4967 Ciaeonius
854 4926 921 4966 ex
958 4911 1245 4977 Vaticano,
1287 4915 1343 4983 et
1363 4908 1450 4965 alii
1486 4908 1674 4983 legunt
1699 4927 1711 4965 :
1735 4914 1873 4969 Num
1902 4912 2010 4967 tibi

400 4983 597 5053 placet,
616 4983 758 5053 quod
780 4997 928 5053 soror
953 4999 1088 5046 mea,
1117 4989 1221 5037 etc.
1240 4980 1346 5036 Alii
1370 5001 1382 5037 :
1411 4980 1677 5041 Num'tibi
1703 4986 1869 5052 sedet,
1895 4992 2000 5039 etc.

477 5055 502 5087 ο
526 5051 815 5125 Ιῑᾶίθῌδω
855 5051 985 5125 citat
1019 5054 1200 5108 collat.
1254 5055 1319 5108 23
1368 5069 1485 5125 cap.
1518 5058 1547 5109 3
1579 5058 1782 5111 :Porro
1810 5058 2004 5125 paucis

296 5140 317 5159 '
405 5141 537 5198 opus
563 5129 661 5198 est,
690 5119 787 5198 but
809 5124 971 5198 etiam
1000 5139 1122 5198 uno.
1153 5125 1353 5198 Quibus
1379 5119 1563 5182 Graeca
1590 5130 1760 5197 niagis
1785 5119 2002 5197 respon-

405 5193 532 5253 (ient
556 5218 573 5253 :
600 5196 707 5258 ἑνὸς
729 5197 780 5249 δέ
806 5193 908 5249 ὶστι
937 5193 1099 5262 χρεία,
1137 5195 1297 5250 unius
1329 5203 1412 5251 est
1438 5193 1749 5253 necessitas.
1787 5193 2005 5254 At'vul-

405 5277 564 5339 gatus
608 5269 872 5339 interpres
896 5264 1055 5320 vertit
1081 5284 1097 5319 :
1128 5269 1291 5339 Iforro
1322 5281 1490 5339 unum
1518 5272 1595 5323 est
1623 5272 1996 5325 necessarium.

405 5336 568 5407 Quod
596 5338 666 5393 sit
685 5336 814 5393 illud
841 5351 1012 5407 unum
1031 5336 1177 5407 quod
1210 5337 1458 5394 Christus
1492 5339 1857 5394 necessarium
1884 5355 2000 5396 esse

402 5406 556 5478 dicit,
588 5408 731 5481 varie
767 5406 1072 5479 exponitur.
1108 5408 1354 5481 Quidam
1397 5424 1584 5481 unum
1611 5424 1674 5463 ac
1699 5408 1999 5481 simplicem

401 5482 587 5539 cibum
617 5478 1059 5551 interpretantur,
1097 5478 1253 5551 quasi
1277 5478 1714 5551 reprehendatur
1750 5478 1995 5551 Martha,

402 5554 552 5625 quod
590 5547 789 5625 multis
834 5547 1058 5607 ferculis
1093 5547 1370 5625 parandis
1384 5557 1645 5621 occupata
1668 5559 1842 5625 esset,
1870 5547 1997 5625 cum

398 5621 514 5682 non
544 5624 647 5681 nisi
687 5639 827 5690 uno,
865 5636 1042 5694 eoque
1066 5621 1291 5694 parabili
1311 5630 1628 5694 opus_esset.
1656 5623 1743 5679 Sic
1766 5624 1997 5683 Basilius

400 5696 453 5752 in
482 5696 763 5753 constitui.
793 5691 1029 5766 mena—st.
1058 5691 1235 5766 capite
1268 5691 1535 5766 secundo.
1567 5694 1638 5749 D.
1664 5702 1850 5766 autem
1876 5699 1993 5753 Au-

398 5768 646 5841 gustinus
668 5781 921 5824 sermone
941 5764 1204 5841 vigesimo
1224 5764 1461 5836 septimo
1490 5764 1993 5841 de_Verbis_Domi-

397 5836 452 5898 ui
482 5861 499 5911 ;
533 5854 703 5899 unum
739 5837 1100 5895 necessarium
1142 5836 1523 5908 interpretatur
1557 5839 1738 5895 Deum
1781 5837 1989 5912 ipsum,

2121 4706 2174 4753 et
2202 4700 2493 4769 Martham,
2517 4708 2572 4756 et
2594 4701 2733 4757 inter
2756 4699 3039 4774 utriusque
3062 4699 3305 4756 studium
3326 4708 3384 4774 et
3396 4699 3724 4774 oceupatio-

2116 4784 2265 4839 nem,
2293 4778 2354 4827 ut
2379 4768 2529 4828 totus
2550 4781 2837 4830 contextus
2873 4768 3061 4841 docet;
3092 4786 3205 4826 non
3228 4769 3404 4841 potuit
3438 4768 3730 4823 illacum-

2116 4842 2346 4916 paratio,
2387 4858 2511 4916 qua:
2538 4843 2807 4916 ineverbis
2832 4843 3053 4916 latebat,
3083 4842 3276 4916 melius
3302 4855 3468 4913 quam
3493 4855 3592 4910 per
3619 4855 3729 4916 su—

2114 4910 2439 4985 perlativum
2466 4914 2721 4985 exprimi,
2747 4922 2807 4985 ut
2852 4910 3097 4985 Latinus
3119 4910 3411 4985 interpres
3426 4910 3729 4985 expressit.

2113 4984 2292 5040 Habet
2309 4985 2455 5058 enim
2476 4982 2614 5042 hanc
2639 4984 2970 5058 emphasim,
2980 5001 3043 5041 ac
3057 4984 3105 5041 si
3124 4982 3327 5041 diceret
3351 5002 3364 5036 :
3392 4982 3573 5058 Maria
3602 4997 3735 5037 non

2112 5062 2326 5129 tantum
2363 5057 2563 5113 bonam
2595 5052 2803 5129 partem
2841 5057 3029 5129 elegit,
3055 5069 3155 5129 nec
3182 5052 3570 5129 tantummodo
3600 5068 3739 5108 mc-

2110 5125 2320 5201 liorem,
2347 5144 2515 5201 quam
2544 5124 2776 5201 Martha,
2803 5127 2902 5185 sed
2921 5124 3168 5201 abSOIute
3194 5124 3484 5201 optimam,
3518 5132 3577 5180 et
3603 5139 3739 5196 pra:

2108 5194 2383 5273 omnibus"
2394 5199 2718 5273 eligendam,
2745 5194 2801 5273 et
2822 5199 3079 5273 omnibus
3109 5194 3527 5273 praefeyendam:

2178 5279 2199 5305 ο
2223 5270 2451 5351 ςΠιθοιῆει
2469 5267 2879 5351 'contemplatio
2904 5279 3004 5340 est,
3032 5267 3158 5351 sive
3180 5267 3743 5351 ut_Lactanuus_cx-

2108 5341 2295 5411 ponit,
2346 5342 2622 5411 spectatio.
2670 5339 2760 5398 Sic
2797 5342 2943 5398 enim
2979 5339 3168 5399 scribit
3213 5339 3305 5395 lib.
3339 5354 3420 5395 vn
3464 5339 3738 5394 lnstitut.

2106 5427 2228 5482 cap.
2256 5418 2290 5467 9
2324 5432 2335 5467 :
2368 5417 2497 5471 Cum
2522 5418 2695 5470 status
2714 5416 2784 5469 sit
2812 5416 3037 5469 hominis
3052 5417 3244 5475 rectus,
3261 5412 3522 5482 originem
3547 5424 3741 5482 suam

2104 5480 2317 5551 quierit,
2337 5491 2387 5540 et
2405 5489 2567 5557 quasi
2577 5490 2874 5555 contempta
2895 5486 3197 5540 humilitate
3212 5480 3419 5539 terrena
3431 5480 3509 5535 ad
3530 5481 3743 5537 altum

2104 5557 2335 5617 m’titur,-
2368 5560 2498 5627 quia
2532 5560 2697 5613 sentit
2732 5574 2996 5613 summum
3035 5557 3228 5612 bonum
3269 5557 3328 5608 in
3366 5568 3581 5609 summo
3596 5570 3747 5627 "esse

2102 5626 2472 5697 quaerendum,
2492 5646 2791 5700 memorque
2810 5630 3127 5685 conditionis
3139 5642 3250 5683 sum
3263 5640 3383 5694 qum
3398 5628 3543 5681 Deus
3560 5626 3745 5680 illum

2100 5700 2233 5764 fecit
2259 5702 2534 5768 eximium,
2560 5702 2635 5755 ad
2659 5704 2917 5769 artiﬁcem
2943 5716 3097 5756 suum
3124 5701 3328 5769 spectat
3353 5713 3369 5751 :
3399 5712 3575 5766 quam
3604 5713 3748 5767 spe-

2100 5774 2383 5827 ctationem
2424 5774 2801 5842 Trismegistus
2831 5773 3035 5843 Θεωρίαν
3067 5771 3355 5843 rectissime
3382 5770 3741 5830 :wmt'navit,

2100 5855 2218 5909 qua:
2247 5845 2305 5898 in
2330 5848 2493 5900 mutis
2524 5839 2846 5902 animalibus
2871 5839 3025 5901 nulla
3049 5847 3143 5900 est.
3176 5845 3255 5899 Ita
3277 5839 3388 5897 ille.
