4042 6198
334 421 443 474 493

334 541 616 599 auferetur
634 540 704 598 ab
731 557 818 598 ea.
850 545 920 599 Et
948 543 1056 600 hoc
1089 544 1399 618 diligentius
1433 547 1757 608 intuendum
1796 559 1886 610 est
1917 571 1930 609 :
1960 558 2016 622 Α

330 639 478 694 Nam
505 651 632 693 cum
653 635 808 708 dixit,
831 640 1006 697 Maria
1033 639 1234 698 bonam
1260 651 1467 715 partem
1493 644 1685 718 elegit,
1711 646 1836 704 licet
1857 655 1937 704 ta-

311 736 452 787 ‘ceat
489 728 561 786 de
585 730 834 800 Martha,
859 741 916 790 et
960 748 1307 808 nequaquam
1347 751 1472 795 eam
1516 737 1824 812 vituperare
1859 739 1934 796 vi-

331 822 555 894 deatur;
582 823 732 882 illam
759 833 942 884 tamen
974 827 1221 899 laudans,
1249 834 1274 864 ⁸
1305 830 1446 888 hanc
1471 832 1784 892 inferiorem
1822 849 1940 892 esse

327 918 668 991 pronuntiat.
701 923 948 978 Rursum
993 937 1126 980 cum
1163 921 1328 996 dicit,
1355 941 1478 998 qua
1513 942 1626 985 non
1661 927 1940 986 auferetur

329 1012 400 1069 ab
427 1027 518 1083 ea,
562 1013 804 1072 ostendit
830 1016 982 1090 quod
1025 1017 1094 1075 ab
1137 1016 1242 1077 hac
1277 1035 1374 1078 sua
1417 1021 1596 1094 portio
1637 1023 1808 1095 possit
1850 1039 1937 1080 au-

328 1106 461 1166 ferri
491 1123 636 1166 :nec
659 1109 809 1167 enim
839 1109 1203 1170 ministerium
1247 1115 1532 1186 corporale
1563 1130 1691 1172 cum
1714 1116 1939 1174 homine

331 1201 531 1274 poterit
554 1202 756 1277 jugiter
785 1220 1109 1277 permanere
1147 1205 1292 1264 illius
1335 1224 1464 1266 vero
1517 1207 1760 1268 studium
1785 1210 1938 1270 nullo

333 1294 442 1353 ﬁne
471 1312 696 1369 prorsus
723 1299 916 1357 edocet
951 1315 1109 1373 posse
1134 1301 1292 1358 ﬁniri.

941 1393 1186 1450 CAPUT
1227 1397 1328 1452 IX.

332 1485 707 1555 Interrogatio,
729 1487 988 1557 quomodo
1021 1489 1285 1543 virtutum
1305 1490 1604 1556 functiones
1631 1506 1749 1548 cum
1768 1494 1942 1550 homi-

798 1559 954 1614 nibus
994 1575 1096 1615 non
1119 1566 1471 1630 perseverent.

404 1642 430 1681 δ
453 1647 799 1706 Germanus:
831 1649 921 1707 Ad
953 1650 1101 1722 quod
1147 1667 1260 1708 non
1286 1652 1442 1708 valde
1493 1655 1730 1726 permoti
1752 1697 1769 1725 ,
1805 1655 1938 1729 quid

335 1758 487 1816 ergo,
517 1743 772 1814 diximus,
803 1744 957 1802 labor
970 1745 1324 1819 jejuniorum,
1364 1747 1613 1806 lectionis
1644 1749 1934 1820 instantia,

337 1853 500 1910 opera
525 1837 936 1907 misericordia,
951 1839 1210 1912 justitia,
1240 1839 1474 1912 pietatis,
1499 1850 1554 1899 et
1586 1842 1939 1900 humanitatis

1085 421 1424 480 COLLATIO
1461 427 1502 480 Ι.
1541 454 1614 468 -
1650 427 1740 482 DE
1778 425 2087 485 MONACHI
2127 428 2546 490 INTENTIONE
2583 431 2670 489 AC
2709 434 2890 491 FINE.

3538 447 3642 502 494

2648 557 2894 617 CAPUT
2930 561 3008 617 X.

2044 687 2350 758 Responsio,
2381 688 2526 758 quod
2547 705 2652 746 non
2673 691 2748 746 sit
2785 707 2972 748 carum
2994 708 3218 761 merces,
3244 697 3336 754 sed
3365 699 3504 755 actio
3528 713 3644 756 ces-

2732 776 2940 826 satura.

2732 786 2940 828 satura.

2115 904 2333 978 Moyses
2368 925 2381 962 :
2413 907 2528 962 Nec
2559 921 2659 978 ego
2699 906 2810 964 dixi
2844 911 3154 968 mercedem
3181 911 3312 970 boni
3350 915 3528 986 operis
3552 931 3648 974 au-

2044 996 2350 1070 ferendam,
2371 997 2582 1057 dicente
2610 1000 2807 1058 eodem
2829 1005 3096 1075 Domino,
3111 1008 3218 1074 Qui
3226 1014 3418 1078 potum
3437 1010 3650 1068 dederit

2045 1096 2226 1150 unica:
2253 1094 2491 1150 minimis
2511 1097 2634 1151 istis
2655 1095 2868 1152 calicem
2888 1114 3046 1168 aqua
3073 1101 3304 1170 frigida
3348 1107 3562 1162 tantum
3588 1109 3648 1164 in

2044 1189 2256 1243 nomine
2275 1188 2562 1258 discipuli,
2593 1205 2747 1245 amen
2769 1191 2888 1246 dico
2905 1193 3073 1256 vobis,
3105 1208 3213 1249 non
3230 1196 3426 1265 perdet
3450 1215 3648 1258 merce.

2046 1281 2166 1338 dem
2189 1297 2346 1339 suam
2378 1284 2598 1351 (Matth.
2613 1287 2708 1354 χ).
2738 1283 2882 1342 cSed
2908 1285 3185 1344 actionem
3208 1286 3352 1358 dico,
3379 1305 3546 1362 quam
3563 1294 3645 1349 vel

2045 1377 2341 1435 necessitas
2376 1376 2704 1450 corporalis,
2762 1379 2846 1435 vel
2897 1378 3232 1452 impugnatio
3287 1383 3495 1453 carnis,
3549 1398 3647 1443 seu

2045 1471 2240 1529 mundi
2264 1471 2426 1544 hujus
2455 1471 2788 1544 inaequalitas
2809 1472 3178 1532 administrari
3194 1475 3380 1549 exigit,
3398 1474 3650 1536 auferen-

2043 1564 2193 1623 dam.
2220 1569 2364 1623 Nam
2389 1565 2639 1624 lectionis
2665 1567 2915 1625 instantia
2937 1569 3020 1626 vel
3039 1569 3371 1642 jejuniorum
3396 1571 3645 1643 afﬂictio,

2045 1657 2114 1716 ad
2142 1659 2586 1718 emundationem
2613 1661 2792 1720 cordis
2820 1670 2877 1720 et
2899 1663 3316 1737 castigationem
3339 1667 3516 1724 carnis
3531 1707 3548 1736 ,
3591 1669 3647 1724 in

2047 1755 2299 1826 prasenti
2326 1755 2715 1814 tantummodo
2743 1757 2948 1816 utiliter
2975 1769 3317 1831 exercentur,
3343 1760 3518 1819 donec
3554 1778 3646 1820 ca-

2049 1862 2110 1902 ro
2124 1849 2440 1918 concupiscit
2464 1849 2721 1907 adversus
2735 1853 2990 1923 spiritum
3005 1855 3213 1922 (Galat.
3233 1855 3313 1925 ν)
3331 1876 3344 1924 ;
3367 1870 3490 1928 qua
3512 1871 3648 1913 non-

336 1930 650 1997 auferentur
669 1947 702 1988 a
729 1931 912 2002 nobis,
933 1940 993 2028 et
1019 1947 1134 1990 non
1167 1933 1562 2006 permanebunt
1597 1951 1724 1992 cum
1746 1945 1936 1994 aucto-
1965 1964 2014 2028 Β
2046 1956 2351 2014 numquam
2395 1942 2464 1999 ab
2493 1943 2579 2001 his
2621 1945 2714 2017 qui
2741 1944 2926 2004 labore
2949 1947 3159 2019 nimio,
3202 1963 3298 2006 seu
3325 1949 3648 2022 agritudine

338 2025 492 2084 ribus
519 2025 666 2085 suis?
693 2027 1009 2086 Prasertim
1033 2042 1160 2085 cum
1187 2028 1303 2101 ipse
1331 2029 1598 2086 Dominus
1617 2031 1937 2090 retributio-

337 2135 466 2178 nem
498 2121 652 2194 regni
693 2121 965 2178 coelorum
1005 2121 1092 2178 his
1142 2121 1401 2194 operibus
1445 2125 1818 2197 repromittat,
1853 2125 1938 2184 di-

336 2229 504 2274 cens:
532 2218 742 2281 Venite,
770 2216 1027 2272 benedicti
1051 2219 1235 2273 Patris
1262 2219 1385 2281 mei,
1413 2219 1679 2289 possidete
1718 2237 1938 2292 regnum

339 2309 492 2364 vobis
515 2314 780 2380 paratum
809 2326 844 2364 a
877 2311 1244 2367 constitutione
1285 2312 1511 2368 mundi:
1535 2315 1760 2370 Esurivi
1795 2317 1938 2372 enim

338 2407 393 2459 et
421 2403 647 2460 ded-istis
681 2405 817 2460 mihi
848 2405 1202 2462 manducare:
1240 2407 1431 2478 Sitioi,
1463 2412 1516 2463 et
1548 2407 1773 2465 dedistis
1804 2411 1942 2466 mihi

339 2498 537 2564 bibere,
559 2507 676 2556 etc.
715 2501 944 2569 (Matth.
977 2503 1153 2570 xxv).
1186 2499 1480 2575 Quomodo
1515 2517 1647 2577 ergo
1687 2503 1940 2562 auferen-

339 2600 428 2650 tor
465 2594 588 2652 hac
629 2609 756 2669 qua
786 2593 1142 2654 introducunt
1183 2595 1416 2656 factores
1450 2611 1582 2657 suos
1615 2597 1672 2656 in
1709 2614 1942 2674 regnum

341 2689 613 2747 calorum
627 2691 653 2746 Ρ

2044 2035 2309 2108 corporis,
2337 2036 2558 2094 seniovc
2584 2037 2785 2096 defessi
2812 2047 2964 2109 sunt,
2993 2041 3242 2098 etiamin
3280 2045 3536 2115 praesenti
3569 2045 3645 2101 vi-

2044 2129 2243 2188 demus
2268 2129 2490 2202 auferri,
2507 2147 2608 2189 nec
2633 2132 2703 2190 ab
2722 2132 2948 2191 homine
2969 2149 3131 2207 posse
3151 2135 3359 2208 jugiter
3381 2138 3641 2195 exerceri.

2046 2224 2267 2296 Quanto
2309 2225 2486 2299 magis
2509 2242 2640 2300 ergo
2677 2226 2797 2284 hac
2841 2227 2900 2284 in
2946 2227 3130 2286 futuro
3169 2228 3486 2302 cessabunt,
3515 2245 3645 2288 cum

2043 2319 2392 2392 corruptibile
2419 2319 2525 2377 hoc
2560 2319 2797 2380 induerit
2818 2321 3285 2396 incorruptionem
3301 2365 3320 2395 ,
3341 2338 3648 2398 corpusque

2045 2410 2192 2470 istud
2217 2412 2367 2485 quod
2390 2428 2540 2470 nunc
2561 2413 2795 2472 animale
2823 2422 2936 2487 est,
2966 2417 3264 2474 surrexerit
3302 2417 3568 2491 spiritale,
3593 2427 3650 2475 et

2047 2507 2274 2580 coeperit
2292 2523 2423 2566 caro
2445 2523 2562 2567 non
2578 2511 2694 2568 esse
2718 2509 2837 2582 jam
2865 2511 2991 2570 talis
3016 2520 3080 2569 ut
3106 2511 3366 2570 adversus
3391 2513 3647 2586 spiritum

2049 2601 2420 2674 concupiscat!
2455 2607 2538 2661 De
2569 2603 2769 2677 quibus
2794 2604 2958 2662 etiam
2987 2605 3180 2664 beatus
3205 2607 3508 2679 Apostolus
3533 2622 3651 2665 ma-

2052 2693 2247 2754 nifeste
2277 2696 2612 2768 pronuntiat.
2641 2685 3019 2770 {Comm-alis,
3043 2698 3322 2772 inquiens,
3341 2701 3653 2758 eaercitatio

1429 2833 1680 2890 ALARDI
1717 2822 1942 2891 GAZZEI
1981 2834 2554 2894 COMMENTARIUS.

411 2959 434 2989 ³
457 2959 529 3012 D.
557 2955 856 3032 Gregorius
881 2968 951 3032 vi
967 2954 1168 3032 Mor-ai.
1195 2971 1314 3032 cap.
1345 2961 1416 3014 28
1439 2960 1720 3032 :Marthce,
1739 2959 1935 3032 inquit,

342 3044 469 3083 cura
499 3044 604 3084 non
639 3026 1069 3102 reprehenditur;
1099 3026 1288 3102 arma
1321 3045 1444 3102 vero
1473 3031 1770 3086 laudatur:
1807 3026 1938 3102 quia

342 3115 538 3169 magna
566 3104 691 3156 sunt
706 3101 891 3173 actime
904 3099 1031 3152 vita
1057 3101 1268 3162 merita,
1289 3101 1382 3156 sed
1399 3099 1833 3171 contemplativa?
1849 3118 1938 3173 po-

345 3174 514 3239 tiora;
539 3187 630 3227 nec
655 3172 868 3238 auferri
890 3185 1149 3240 umquam
1179 3173 1366 3226 Mariae
1400 3189 1532 3242 pars
1561 3174 1784 3240 dicitur,
1818 3172 1948 3242 quia

343 3245 533 3297 activae
568 3245 691 3297 vita
721 3257 881 3311 opera
909 3257 1028 3296 eum
1062 3256 1273 3310 corpore
1301 3248 1600 3310 transeunt,
1639 3245 1948 3312 contempla-

2046 2960 2214 3042 nulla_
2235 2960 2619 3042 proximorum
2685 2958 2994 3042 indigentia.
3024 2963 3203 3042 30510
3238 2960 3402 3042 huius
3437 2961 3550 3042 _l_o_ci
3572 2976 3655 3019 ac-

2045 3029 2283 3104 curatior
2325 3039 2380 3087 et
2415 3045 2539 3087 vere
2576 3029 2882 3104 theologica
2921 3029 3206 3104 expliciin
3253 3029 3386 3104 al).
3437 3032 3651 3090 Thoma

2045 3101 2271 3174 petenda
2296 3110 2399 3168 est,
2425 3107 2540 3170 2-2,
2569 3117 2625 3174 q.
2653 3101 2856 3170 181,'a.
2893 3108 2948 3172 4,
2979 3101 3072 3160 ubi
3102 3103 3298 3175 quatit
3322 3106 3654 3175 utrumoita

2055 3173 2229 3247 activa
2277 3178 2489 3247 maneat
2509 3173 2634 3247 post
2680 3175 2817 3247 hanc
2841 3175 3032 3247 vitam,
3065 3173 3136 3247 ei
3159 3173 3449 3247 respondet
3478 3173 3651 3247 vitam

2055 3243 2289 3318 activam
2320 3243 2718 3318 habereiﬁnem
2746 3245 2802 3300 in
2825 3244 3188 3318 exterioribus
3215 3243 3446 3318 actibus,
3475 3267 3502 3294 α
3525 3246 3652 3318 qui,

346 3317 475 3388 time
493 3317 670 3368 autem
699 3313 900 3388 gaudia
927 3311 1118 3388 melius
1139 3328 1206 3366 ea:
1235 3315 1338 3388 ﬁne
1361 3314 1749 3388 emwalescunt._
1773 3311 1943 3388 Porro
1989 3385 2019 3388 μ
2052 3314 2100 3369 si
2133 3312 2443 3388 referantur
2475 3312 2547 3369 ad
2571 3314 2812 3388 quietem
2839 3315 3334 3388 contemplationis,
3345 3311 3466 3388 jam
3489 3311 3658 3388 pér_ti4

347 3383 428 3457 de
453 3383 556 3439 hac
573 3381 1144 3457 comparatione_vita
1179 3383 1372 3440 activa
1396 3392 1452 3440 et
1475 3384 1944 3456 contemplativa,
1977 3385 2023 3449 C
2055 3391 2186 3457 nent
2208 3383 2278 3440 ad
2301 3384 2470 3440 vitam
2506 3381 2998 3457 contemplativam.
3030 3381 3104 3457 1a,
3121 3384 3304 3442 futura
3322 3381 3514 3442 autem
3535 3386 3658 3443 vita

341 3455 467 3528 vide
485 3452 862 3528 conclusiones
888 3452 1213 3528 D_._Thoma
1237 3461 1360 3528 2-2,
1389 3471 1447 3528 q.
1485 3459 1605 3528 182ἶ

418 3517 458 3599 δ.
487 3525 883 3599 Observatioue
921 3523 1172 3599 dignum
1199 3517 1433 3599 videtur}
1462 3525 1613 3599 quod
1653 3525 1946 3599 Cassianus

351 3599 409 3654 in
443 3595 532 3655 his
556 3595 936 3655 collationibus
959 3610 1071 3652 non
1116 3595 1221 3652 nisi
1249 3613 1360 3655 uno
1396 3595 1491 3654 aut
1523 3597 1695 3654 altero
1723 3598 1846 3654 loco
1871 3597 1947 3654 le-

349 3668 498 3742 gitur
517 3684 611 3740 per
631 3683 690 3726 se
715 3668 927 3751 locutus
949 3667 1175 3752 (Collat.
1203 3674 1289 3738 17,
1317 3686 1436 3752 cap:
1454 3671 1532 3739 3);
1575 3668 1712 3752 alias
1707 3683 1947 3752 “semper

349 3739 449 3813 per
491 3739 652 3814 suum
689 3739 914 3814 socium
946 3739 1306 3814 Germanum,
1343 3739 1436 3814 qui
1480 3755 1580 3798 suo
1609 3749 1664 3798 et
1701 3739 1944 3814 Cassiani

349 3808 586 3884 nomine
599 3827 727 3869 cum
751 3809 1004 3867 Patribus
1031 3808 1139 3867 illis
1161 3808 1593 3884 colloqiiebatur,
1621 3827 1823 3884 eosque
1861 3811 1946 3884 in-

351 3881 678 3957 terrogabat,
723 3890 776 3957 et
803 3892 1081 3957 responsa
1123 3881 1443 3957 accipiebat.
1483 3881 1600 3954 Qua
1640 3884 1697 3957 in
1731 3881 1794 3939 re
1823 3883 1946 3939 reli-

393 3952 529 4026 iosa'
540 3953 823 4012 modestia
848 3952 1124 4026 specimen
1151 3961 1207 4026 et
1232 3952 1434 4026 silentii
1471 3952 1785 4026 eiemplum
1810 3969 1948 4026 pra-

411 3970 518 4011 osa
540 3970 823 4012 mouesua
848 3970 1124 4026 specimen
1151 3970 1207 4007 et
1232 3970 1434 4009 euentu
1471 3970 1782 4024 exemplum
1810 3970 1948 4024 pra-

352 3970 470 4103 giliit
491 4027 801 4103 Cassianus,
840 4032 903 4103 ut
937 4021 1031 4103 qui
1065 4021 1266 4103 seniori
1306 4037 1370 4076 ac
1395 4022 1716 4103 presbytero
1733 4022 1952 4103 ,juuior

353 4097 466 4168 ipse
490 4105 544 4154 et
568 4091 830 4154 diaconus
867 4091 1175 4168 du@M§_ai,
1203 4091 1452 4168 quamvis
1480 4091 1708 4168 fortasse
1743 4091 1954 4168 doctior

351 4159 416 4224 ac
445 4169 696 4238 peritior,
725 4159 1259 4238 loqu_e_ndi_ofiiqium
1299 4171 1354 4220 et
1375 4164 1644 4238 honorem
1666 4163 1951 4238 detulerit,

352 4249 406 4296 et
433 4231 522 4296 illo
541 4231 816 4311 loquente
827 4231 1112 4311 silentium
1137 4231 1340 4291 interea
1367 4235 1601 4311 tenuerit
1627 4235 1800 4311 (Vide
1813 4236 1954 4311 __(_)_ol-

353 4313 448 4366 lat.
473 4317 529 4378 1,
562 4305 702 4375 8,—9,
740 4310 828 4375 10,
850 4311 917 4378 114
945 4307 997 4359 et
1033 4305 1153 4378 12);
1195 4321 1410 4367 memor
1442 4306 1590 4364 haud
1617 4306 1786 4364 dubie
1810 4305 1952 4363 illius

353 4376 671 4455 apostolica
688 4376 969 4455 sententia
992 4393 1006 4428 :
1024 4376 1087 4432 Si
1105 4380 1228 4446 quis
1242 4383 1408 4455 putat
1420 4395 1480 4455 se
1491 4381 1798 4450 religiosum
1819 4393 1947 4445 esse,

355 4450 455 4508 non
473 4451 766 4519 refrenans
788 4450 832 4504 li
937 4461 1026 4501 am
1046 4463 1198 4504 suam
1225 4469 1242 4504 :
1266 4452 1361 4508 sed
1386 4452 1636 4508 seducens
1658 4467 1747 4508 cor
1767 4466 1947 4516 suum,

355 4525 514 4576 huius
540 4537 681 4576 vana
707 4524 786 4576 est
809 4465 1000 4576 rigida
1029 4518 1236 4576 (Iacob.
1270 4527 1344 4576 ι).
1373 4523 1587 4576 Memor
1617 4531 1672 4576 et
1698 4523 1947 4576 salutaris

355 4525 523 4594 hujus,
540 4537 681 4577 vana
707 4524 786 4576 est
809 4518 1000 4594 religio
1029 4518 1236 4594 (Iacob.
1270 4527 1344 4590 ι).
1373 4523 1587 4580 Memor
1617 4531 1672 4580 et
1698 4523 1950 4594 salutaris

357 4593 618 4667 doctrina
635 4607 814 4667 quam
844 4609 876 4650 a
903 4593 1016 4667 viro
1043 4593 1412 4667 sanctissimo,
1437 4594 1740 4667 eodemque
1774 4593 1949 4667 sancti

356 4665 577 4722 Joannis
620 4663 997 4737 Chrysostomi
1021 4663 1314 4737 _discipulo
1361 4673 1417 4720 et
1441 4679 1543 4722 suo
1581 4663 1951 4737 condiscipulo

357 4738 665 4808 (Baron.in
688 4733 972 4808 Martyrol.
1003 4733 1044 4791 4
1073 4733 1390 4803 Februar.),
1418 4733 1953 4808 acceperatrEistat

359 4807 504 4864 enim
529 4807 724 4864 Isidori
745 4805 1037 4866 Pelusiotae
1063 4808 1210 4874 (Lib.
1253 4810 1303 4875 1,
1343 4808 1497 4875 epist.
1531 4805 1658 4874 309)
1695 4805 1794 4862 viri
1842 4821 1959 4862 san-

359 4880 541 4938 ctitate
563 4886 619 4934 et
655 4877 904 4936 doctrina
931 4877 1211 4950 conspicui
1249 4877 1317 4934 ad
1341 4877 1924 4950 cassianum_epistola
1942 4918 1957 4946 ,

361 4966 485 5008 cum
505 4963 785 5022 aggressus
807 4959 954 5008 esset
974 4947 1144 5007 vitam
1171 4948 1533 5006 monasticam
1556 4947 1826 5022 profiteri;
1854 4963 1960 5020 qua

363 5037 485 5095 eum
513 5018 660 5078 serio
679 5020 972 5095 admonuit
1001 5023 1242 5095 linguam
1266 5035 1396 5095 esse
1431 5018 1815 5095 coercendam,
1841 5018 1958 5075 mo-

363 5094 532 5150 nacho
563 5093 866 5165 praesertim
889 5091 1279 5166 adhuc'juveni
1300 5091 1587 5166 et_novitio
1617 5092 1794 5166 (Vide
1821 5105 1960 5161 pra:-

365 5168 468 5234 fat.
494 5162 732 5222 nostram
755 5166 828 5220 ad
858 5162 1144 5236 Lectionf).
1173 5165 1317 5220 Nam
1360 5163 1588 5236 loquiet
1612 5162 1808 5236 docere
1835 5177 1957 5216 ma—

365 5233 597 5309 sistrum,
616 5236 879 5294 condecet
908 5254 928 5309 :_
945 5233 1145 5309 tacere
1183 5243 1238 5292 et
1277 5233 1466 5291 audire
1501 5233 1766 5309 discipulo
1807 5248 1941 5289 con-

367 5305 527 5373 ienit,
549 5305 626 5380 ait
644 5310 719 5364 D.
750 5307 1078 5366 Benedictus
1097 5323 1215 5380 cap.
1243 5321 1266 5362 Ι
1292 5321 1406 5364 sua
1435 5305 1680 5380 Regula.

436 5380 458 5410 ε
481 5378 693 5453 Triplex
715 5394 885 5453 genus
907 5375 1182 5453 actionum
1220 5393 1323 5453 seu
1353 5375 1585 5453 operum
1609 5376 1733 5434 vita
1759 5375 1952 5433 activa

369 5463 486 5522 qua
508 5450 561 5506 in
573 5449 774 5509 'futufa
815 5450 922 5530 gite
959 5451 1265 5530 cessabunt.
1302 5451 1365 5530 lu
1390 5449 1571 5530 primo
1599 5463 1795 5530 genere
1821 5455 1952 5530 sunt

368 5519 485 5594 Qua
508 5530 752 5594 spectant
778 5520 849 5579 ad
875 5523 1119 5594 corporis
1141 5519 1542 5594 necessitatem,
1571 5519 1636 5578 ut
1660 5519 1850 5594 edere,
1869 5519 1950 5594 bi:

365 5590 517 5675 bere,
536 5590 822 5675 ‘dormire,’
839 5601 943 5651 etc.
973 5590 1048 5652 ἰιι
1069 5593 1308 5675 seenndu
1335 5607 1459 5675 qua
1475 5590 1748 5675 “spectant
1770 5592 1856 5675 vel
1883 5590 1953 5675 ad

365 5661 545 5723 carnis
567 5661 1106 5748 macerationem,_ut
1131 5661 1369 5748 jejunia,'
1384 5661 1601 5748 vigilia,
1619 5663 1858 5748 etc.,_vel
1883 5661 1950 5719 ad

365 5737 812 5810 concupiscentia
839 5737 1174 5810 remedium,
1188 5737 1265 5810 'u_t
1283 5737 1720 5794 matrimonium.
1755 5737 1819 5791 In
1838 5743 1951 5810 ter-

365 5807 462 5887 tio,
491 5806 615 5887 qua
639 5808 712 5887 ad
729 5807 976 5887 proximi
1011 5808 1455 5887 subventionegn,
1484 5816 1551 5887 ut
1589 5821 1753 5881 opera
1787 5806 1953 5887 mise-

364 5877 627 5936 ricordia.
657 5877 795 5938 Hac
827 5879 1013 5938 omnia
1049 5878 1411 5938 proculdubio
1436 5877 1497 5935 in
1529 5877 1714 5936 futuro
1754 5877 1955 5936 saculo

367 5958 421 6007 et
445 5949 732 6008 beatorum
760 5950 868 6008 vita
900 5948 1211 6022 cessabunt,
1240 5950 1369 6022 quia
1395 5949 1542 6007 nulla
1567 5950 1639 6007 ibi
1664 5948 1958 6022 necessitas

367 6021 692 6095 corporalis,
731 6022 880 6080 nulla
921 6022 1098 6081 carnis
1127 6021 1418 6080 inﬁrmitas
1451 6029 1548 6079 aut
1586 6021 1956 6094 impugnatio,

1985 4773 2036 4836 D

2053 3453 2344 3528 beatorum
2371 3453 2601 3528 cessabit
2622 3453 2907 3528 occupatio
2939 3456 3274 3528 exteriorum
3288 3463 3520 3528 actuum
3543 3477 3558 3513 :
3597 3462 3656 3515 et

2051 3525 2096 3582 si
2124 3525 2218 3599 qui
2237 3533 2390 3599 actus
2419 3527 2716 3599 exteriores
2751 3525 2861 3585 sint
2875 3568 2891 3594 ,
2910 3526 3216 3586 referentur
3239 3527 3309 3586 ad
3331 3528 3502 3599 ﬁnem
3529 3543 3658 3586 con-

2050 3596 2439 3669 templationis.
2479 3598 2560 3654 Ut
2599 3597 2745 3655 enim
2791 3599 3128 3669 Augustinus
3154 3599 3286 3658 dicit
3327 3600 3382 3656 in
3433 3598 3547 3657 ﬁne
3586 3599 3657 3657 de

2051 3667 2212 3742 init.
2233 3667 2336 3726 Dei
2367 3669 2514 3738 (Lib.
2545 3684 2678 3727 χχιι
2698 3685 2818 3742 cap.
2843 3667 2974 3742 ult.)
3003 3693 3016 3728 :
3044 3671 3468 3739 Ibivacabimus,
3489 3675 3541 3727 et
3566 3673 3656 3726 vi-

2055 3740 2318 3808 debimus,
2343 3747 2394 3796 et
2430 3742 2729 3798 amabimus
2757 3740 2778 3796 Ξ
2808 3740 3105 3798 amabimus
3130 3748 3182 3798 et
3204 3743 3559 3798 laudabimus.
3585 3745 3659 3798 Et

2054 3810 2337 3898 inueodem
2353 3812 2492 3898 libro
2500 3811 2965 3898 piramittiituquod
2981 3815 3066 3896 ibi
3085 3817 3229 3898 petis
3249 3816 3362 3898 sine
3379 3816 3484 3898 ﬁne
3505 3812 3656 3898 vide:

2057 3882 2225 3947 bitur,
2249 3887 2363 3938 sine
2373 3881 2603 3952 fastidio
2618 3881 2912 3950 amabitur,
2941 3886 3055 3940 sine
3071 3885 3392 3954 fatigatione
3420 3881 3658 3938 laudabi-

2057 3956 2168 4008 tur.
2192 3957 2300 4010 Hoc
2327 3971 2542 4019 munus,
2565 3956 2651 4010 hic
2678 3954 2922 4025 affectus,
2964 3957 3049 4010 hic
3084 3953 3254 4018 actus,
3277 3956 3378 4010 erit
3397 3954 3459 4008 in
3482 3953 3658 4008 omni-

2062 4025 2180 4080 bus.
2224 4026 2424 4095 »_Hac
2453 4025 2525 4082 ibi
2557 4027 2614 4082 S.
2645 4024 2908 4082 Thomas.
2964 4025 3108 4095 Alibi
3159 4039 3285 4081 vero
3307 4028 3442 4094 (1-2,
3473 4042 3527 4095 q.
3564 4029 3656 4092 67,

2058 4111 2112 4150 a.
2150 4097 2202 4162 1)
2244 4093 2403 4151 docet
2449 4095 2675 4152 virtutes
2697 4096 2934 4152 morales
2966 4096 3022 4150 in
3049 4094 3232 4152 futura
3259 4095 3368 4150 vita
3390 4093 3504 4150 non
3537 4109 3657 4150 ma-

2060 4179 2189 4237 nere
2207 4165 2647 4237 quantumpadid
2669 4165 2818 4237 quod
2833 4173 2935 4237 est,
2952 4165 3236 4237 materiale
3267 4164 3324 4237 in
3347 4165 3442 4221 eis.
3475 4187 3502 4214 α
3532 4166 3657 4222 Non

2061 4235 2241 4303 enim;
2255 4235 2449 4308 inquit,
2474 4235 2540 4308 in
2572 4235 2753 4308 futura
2792 4235 2899 4294 vita
2925 4236 3110 4308 locum
3151 4235 3430 4294 habebunt
3466 4251 3660 4295 concu-

2060 4306 2346 4380 piscentia
2363 4315 2419 4363 et
2459 4306 2838 4380 delectationes
2883 4306 3136 4380 ciborum
3176 4312 3232 4364 et
3265 4322 3653 4380 venereorum,

2056 4377 2234 4452 neque
2265 4377 2430 4434 etiam
2455 4378 2684 4452 timores
2720 4386 2775 4452 et
2799 4377 3040 4452 audacia
3067 4380 3213 4436 circa
3254 4379 3488 4452 pericula
3514 4377 3660 4452 moro

2057 4449 2162 4518 tis,’
2176 4464 2376 4522 neque,
2402 4450 2568 4506 etiam
2596 4449 3001 4522 distributiones
3044 4458 3100 4506 et
3137 4449 3660 4522 communicationes

2057 4522 2236 4592 [Lips.
2265 4523 2322 4577 in
2346 4538 2519 4593 marg.
2552 4529 2646 4578 aut
2673 4521 3168 4651 commutationesA
3206 4538 3396 4580 rerum
3420 4539 3542 4597 qua
3568 4539 3661 4580 ve-

2057 4591 2218 4649 niunt
2244 4592 2301 4649 in
2337 4609 2511 4651 usum.
2545 4594 2829 4651 nrasentis
2867 4595 3012 4651 vita.
3063 4595 3130 4651 Se
3209 4603 3477 4651 quantum
3503 4594 3572 4650 ad
3604 4593 3661 4650 id

2056 4591 2218 4667 niuiit
2244 4592 2301 4649 in
2337 4591 2850 4667 usum-praesentis
2867 4595 3012 4667 vita,
3063 4591 3168 4667 Sed
3195 4591 3488 4667 quantum
3503 4594 3572 4667 ad
3604 4593 3661 4650 id

2057 4663 2208 4745 quod
2232 4673 2314 4745 est
2337 4663 2589 4745 formalé,
2614 4665 2976 4745 remanebunt
2994 4665 3047 4721 in
3065 4663 3244 4745 beatis
3268 4664 3661 4745 perfectissime

2064 4742 2196 4814 post_
2231 4736 2372 4814 hanc
2417 4737 2612 4814 vitam,
2650 4737 2705 4792 in
2749 4745 3014 4814 quantum
3053 4735 3194 4814 ratio
3235 4735 3660 4814 uniuscujusque

2066 4803 2367 4864 rectissima
2385 4807 2490 4863 erit
2529 4803 2671 4876 circa
2697 4803 2908 4876 ea'qua
2943 4803 3013 4860 ad
3054 4803 3236 4876 ipsum
3271 4803 3544 4876 pertinent
3575 4817 3659 4858 se-

2066 4877 2308 4954 cundum
2333 4884 2539 4954 statum
2560 4875 2752 4954 illum_;_
2781 4871 2837 4932 et
2863 4875 2942 4930 vis
2974 4871 3523 4954 appetitiya'omnino
3545 4888 3662 4954 mo:

2066 4948 2276 5004 vehitur
2297 4945 2616 5026 “secundum
2637 4942 3155 5026 ordinem‘raiiOnis
3302 4943 3402 5026 his
3433 4958 3572 5026 qua
3590 4943 3660 5026 ad

2066 5027 2270 5075 statum
2295 5018 2449 5073 illum
2473 5015 2760 5088 pertinent.
2792 5014 2954 5088 Unde
2987 5015 3326 5088 Augustinus
3349 5014 3481 5072 dicit
3506 5018 3654 5084 (Lib.

2063 5104 2173 5146 XIV
2191 5089 2258 5144 de
2279 5086 2499 5152 Trinitf,
2532 5103 2577 5142 c.
2601 5090 2665 5155 9)
2690 5086 2840 5160 quod
2866 5086 3166 5160 Prudentia
3188 5087 3270 5144 ibi
3291 5089 3393 5144 erit
3418 5089 3533 5144 sine
3550 5089 3660 5145 ullo

2058 5161 2299 5232 periculo
2323 5160 2544 5228 erroris,
2568 5159 2832 5232 fortitudo
2855 5161 2968 5215 sine
2987 5159 3229 5214 molestia
3260 5160 3661 5232 tolerandarum

2056 5230 2349 5300 malorum,
2382 5231 2735 5302 temperantia
2767 5233 2878 5287 sine
2906 5233 3289 5301 repugnatione
3313 5230 3602 5288 libidinum
3641 5251 3658 5287 :

2056 5308 2120 5359 ut
2125 5303 2435 5376 prudentia:
2444 5305 2518 5359 sit
2533 5303 2741 5358 nullum
2763 5304 2954 5358 bonum
2963 5306 3066 5376 Deo
3075 5317 3386 5372 prceponere
3399 5304 3482 5358 vel
3490 5320 3661 5375 aqua

2057 5375 2144 5444 re;
2173 5376 2544 5445 fortitudinis,
2573 5377 2624 5429 ei
2641 5377 2942 5446 ﬁrmissime
2962 5375 3249 5446 inlicerere;
3272 5378 3657 5446 temperantia,

2056 5448 2205 5504 nullo
2228 5449 2440 5517 defectu
2463 5449 2623 5504 noxio
2640 5448 2915 5502 delectari.
2947 5449 3023 5502 De
3031 5445 3256 5516 justitia
3288 5445 3411 5502 vero
3433 5445 3657 5515 manife-

2057 5522 2194 5576 stius
2223 5522 2346 5584 erit,
2365 5535 2521 5590 quem
2548 5523 2726 5574 actum
2749 5519 2832 5574 ibi
2862 5518 3094 5580 habebit,
3114 5519 3311 5590 scilicet
3338 5533 3446 5574 esse
3481 5519 3660 5575 subdi-

2059 5595 2172 5647 tum
2194 5595 2300 5676 Deo
2311 5589 2488 5676 iguia
2510 5593 2758 5676 etiamin
2781 5591 3030 5676 hacn'vita
3055 5589 3412 5676 adjustitiam
3423 5593 3662 5660 pertinet

2059 5678 2169 5720 esse
2188 5659 2466 5720 subditum
2491 5664 2776 5735 superiori.
2816 5678 2846 5716 »
2879 5659 3156 5718 Hactenus
3189 5663 3259 5716 D.
3286 5659 3550 5721 Thomas.

2080 5806 2094 5818 Α
2130 5721 2160 5766 ά
2185 5733 2566 5818 _Corpora|em
2634 5731 3077 5818 egercitationem
3094 5731 3525 5818 “interpretatur
3567 5733 3660 5818 hic

2061 5806 2270 5880 Auctor
2311 5802 2586 5880 jejunium
2631 5805 2869 5880 aliasque
2911 5802 3250 5862 austeritates
3282 5802 3367 5880 ’e_t_
3402 5802 3655 5880 exercitia

2063 5876 2260 5949 quibus
2297 5873 2498 5961 ξοῖπρυε
2536 5873 2850 5961 castigans-
2871 5882 3278 5961 °£.m39°£‘!‘_9':
3317 5874 3524 5961 isses
3541 5873 3655 5961 21:2

2063 5937 2491 6022 éommcntarius
2527 5963 2643 6022 non
2670 5937 2862 6022 placet
2884 5945 3317 6022 Chrysostomi),
3340 5937 3497 6022 cujuu
3511 5937 3659 6022 thas

2065 6005 2203 6078 sunt
2221 6005 2384 6078 verba
2407 6041 2419 6078 ε
2449 6005 2807 6088 οαίααηὺιωο
2824 6005 3142 6087 Apostbzum
3158 6005 3446 6080 dejei'unio
3457 6005 3662 6062 dixisse
