4012 6192
361 197 464 254 497

1111 197 1451 256 COLLATIO
1489 203 1531 256 ι.
1571 231 1643 244 -
1683 203 1770 258 ne
1808 201 2116 262 MONACHI
2159 207 2573 266 [NTENTIONE
2611 210 2698 266 AC
2739 175 2958 267 ΜΝΞ)

3563 215 3670 270 498

357 323 468 380 tior
491 321 848 394 permanebit,
892 323 1044 381 nullo
1073 339 1334 398 umquam
1365 327 1766 400 corrumpenda
1811 329 1963 388 deie-
1987 335 2043 398 Α
2067 335 2162 407 qui
2180 333 2240 391 in
2259 335 2546 408 injustitia,
2567 345 2624 395 et
2639 336 2934 405 discordia,
2962 345 3018 394 et
3035 336 3256 396 tristitia
3276 346 3514 394 mortem
3535 355 3664 412 ope-

359 423 475 486 ctu,
505 416 600 475 sed
636 433 733 490 per
782 416 1250 492 incorruptionem
1289 429 1606 496 perpetuam
1641 423 1962 499 ﬂagrantius
2066 437 2240 499 rante,
2271 438 2576 501 versantur,
2619 432 2678 488 in
2710 449 2891 508 regno
2925 433 3128 492 diaboli
3175 441 3230 490 et
3255 431 3314 490 in
3349 432 3564 491 inferno
3604 450 3667 492 ac

361 511 500 581 Deo,
527 517 691 582 atque
715 509 972 570 intentius
999 511 1302 572 adhaesum:

947 630 1189 688 CAPUT
1227 634 1360 689 XII.

419 735 777 804 Interrogatio
805 735 872 791 de
892 741 1297 806 perseverantia
1333 743 1604 810 spiritalis
1632 745 1873 804 theorice.

424 851 772 907 Germanus:
799 850 930 921 Quis
955 866 1085 924 ergo
1109 862 1312 926 potest,
1342 855 1516 930 fragili
1536 875 1700 918 carne
1717 861 1948 920 circum-

350 943 536 1013 datus,
560 942 634 999 ita
654 957 770 1000 esse
796 943 927 1000 huic
952 943 1186 1004 theoriae
1213 963 1430 1023 semper
1451 949 1674 1024 afﬁxus,
1703 964 1761 1012 ut
1791 973 1952 1015 num-

351 1051 516 1111 quam
545 1037 748 1109 cogitet
777 1036 846 1094 de
881 1036 1060 1096 fratris
1085 1039 1342 1110 adventu,
1372 1043 1440 1100 de
1467 1045 1766 1104 visitatione
1802 1048 1951 1106 inﬁr-

349 1133 446 1200 mi,
469 1131 539 1188 de
563 1147 729 1204 opere
759 1147 1054 1203 manuum,
1080 1135 1161 1195 vel
1183 1145 1326 1194 certe
1353 1137 1422 1195 de
1452 1138 1790 1202 humanitate
1809 1186 1826 1213 ,
1866 1147 1946 1203 vel

348 1227 675 1301 peregrinis,
708 1227 788 1284 vel
816 1227 1236 1290 advenientibus
1279 1232 1618 1294 exhibenda?
1659 1241 1946 1298 Postremo

347 1321 472 1394 quis
504 1331 620 1378 non
647 1320 1016 1392 interpelletur
1042 1325 1290 1396 corporis
1317 1326 1487 1399 ipsius
1513 1330 1822 1402 provisione
1865 1335 1946 1392 vel

343 1429 474 1471 cura
492 1417 518 1468 Ρ
538 1421 632 1470 aut
655 1413 1125 1486 quemadmodum
1155 1433 1333 1488 mens,
1362 1421 1444 1477 vel
1473 1423 1533 1479 in
1557 1439 1666 1495 quo
1703 1425 1778 1482 illi
1803 1425 1940 1484 invi-

261 1561 272 1570 ,
341 1503 484 1562 sibili
507 1509 562 1560 et
583 1504 1124 1578 incomprehensibili
1165 1511 1284 1566 Deo
1312 1511 1484 1569 valeat
1513 1513 1943 1588 inseparabiliter

342 1597 638 1662 cohaerere,
663 1598 912 1671 cupimus
939 1599 1166 1658 edoceri.

917 1719 1160 1776 CAPUT
1189 1718 1350 1778 XIII.

2066 527 2246 578 morte
2286 531 2416 581 sunt
2437 523 2740 583 constituti.
2786 527 2888 584 His
2907 526 3070 584 .enim
3097 524 3310 584 indiciis
3331 525 3416 582 vel
3445 525 3550 583 Dei
3581 526 3663 582 vel

2061 614 2266 673 diaboli
2321 632 2552 690 regnum
2601 618 2944 678 discernitur.
3008 621 3078 677 Et
3116 634 3302 677 revera
3349 619 3394 677 si
3438 618 3660 676 sublimi

2058 709 2256 767 mentis
2280 711 2478 768 intuitu
2509 712 2922 771 consideremus
2944 719 3149 771 statum
3170 712 3326 770 illum
3348 712 3405 770 in
3421 728 3532 786 quo
3561 711 3662 770 de-

2059 813 2195 878 gunt
2222 805 2468 866 cmlestes
2509 823 2873 881 supernisque
2899 809 3150 878 virtutes,
3181 823 3302 881 quae
3333 823 3461 864 vere
3486 808 3544 864 in
3565 823 3653 865 re-

2057 913 2166 970 gno
2194 899 2297 956 Dei
2329 909 2476 971 sunt,
2507 902 2631 973 quis
2673 910 2854 959 status
2896 903 3033 959 alius
3074 913 3193 959 esse
3236 900 3538 958 credendus
3575 909 3658 958 est

2056 1005 2222 1063 quam
2249 1001 2506 1065 perpetua
2525 994 2783 1066 jugisque
2804 994 3028 1051 laetitia?
3053 995 3200 1065 Quid
3227 995 3372 1052 enim
3393 1003 3509 1051 tam
3537 1009 3657 1066 pro-

2056 1087 2236 1156 prium
2275 1102 2417 1144 verae
2449 1087 2808 1158 beatitudini,
2833 1097 3060 1162 tamque
3094 1089 3457 1158 conveniens,
3487 1103 3654 1162 quam

2054 1179 2415 1252 tranquillitas
2445 1180 2596 1258 jugis
2641 1189 2696 1238 et
2731 1182 2994 1254 gaudium
3021 1183 3461 1254 sempiternum?
3487 1185 3559 1239 Et
3595 1189 3655 1238 ut

2050 1271 2156 1330 hoc
2195 1273 2375 1346 ipsum
2398 1273 2548 1347 quod
2571 1274 2824 1344 dicimus,
2870 1276 2947 1332 ita
2975 1291 3094 1332 esse
3108 1277 3266 1344 ,‘non
3308 1289 3432 1332 mea
3469 1273 3651 1346 conje-

2049 1375 2222 1436 ctura,
2252 1367 2348 1424 sed
2375 1367 2548 1440 ipsius
2576 1368 2802 1426 Domini
2829 1368 3154 1426 auctoritate
3178 1368 3388 1426 certius
3411 1367 3648 1423 instrua-

2047 1461 2148 1525 ris,
2173 1461 2301 1518 audi
2327 1477 2457 1518 eum
2481 1462 2799 1535 qualitatem
2816 1471 2873 1520 et
2894 1471 3102 1521 statum
3131 1463 3286 1537 regni
3309 1461 3457 1518 illius
3488 1475 3652 1533 aper-

2046 1554 2259 1611 tissime
2297 1554 2692 1612 describentem
2743 1575 2756 1610 :
2801 1559 2950 1629 Eccg,
2990 1556 3188 1628 inquit,
3217 1571 3308 1626 ego
3353 1571 3464 1612 creo
3499 1555 3652 1610 caelos

2044 1664 2224 1712 novos,
2258 1653 2458 1704 terram
2481 1665 2692 1713 novam,
2715 1654 2766 1705 et
2779 1666 2882 1706 non
2909 1653 3064 1705 erunt
3088 1651 3147 1703 in
3168 1649 3426 1703 memoria
3440 1648 3648 1716 priora,

1972 1770 2022 1833 Β
2047 1759 2214 1813 neque
2241 1743 2526 1799 ascendent
2555 1759 2716 1814 super
2733 1759 2852 1810 cor;
2877 1743 2972 1799 sed
3006 1743 3308 1812 gaudebitis
3332 1745 3383 1795 et
3415 1739 3654 1795 exsulta-

340 1829 626 1898 Responsio
669 1828 734 1883 de
760 1829 1049 1909 directioneo
1075 1831 1252 1909 cordis
1283 1835 1342 1909 in
1366 1837 1555 1898 Deum,
1589 1839 1650 1909 ‘et
1676 1837 1742 1892 de
1777 1853 1940 1908 regno
1972 1828 2014 1833 ”
2055 1839 2180 1892 bitis
2217 1853 2387 1908 usque
2411 1840 2470 1892 in
2495 1841 2874 1909 sempiternum
2893 1839 2951 1892 in
2982 1837 3066 1892 his
3101 1851 3220 1907 quae
3249 1850 3342 1904 ego
3365 1849 3477 1888 creo
3503 1835 3648 1899 (Ιεαο

925 1902 1026 1956 1)θί
1051 1905 1102 1956 et
1127 1903 1353 1960 diaboli.
1575 1901 1604 1924 ’

411 2018 628 2089 Moyses
659 2015 972 2073 :lnhaerere
995 2017 1219 2090 quidem
1238 2020 1358 2076 Deo
1373 2020 1578 2094 jugiter
1602 2027 1658 2079 et
1687 2031 1939 2083 contem-

338 2110 562 2186 plationi
587 2109 702 2183 ejus
719 2149 736 2178 ,
768 2109 1237 2182 quemadmodum
1258 2112 1434 2170 dicitis
1451 2156 1468 2184 ,
1509 2113 1942 2189 inseparabiliter

340 2202 606 2278 ecpulari,
629 2201 970 2276 impossibile
991 2213 1077 2261 est
1092 2204 1302 2262 homini
1326 2205 1430 2263 ista
1451 2208 1636 2265 carnis
1657 2208 1940 2283 fragilitate

339 2297 696 2356 circumdato.
719 2299 931 2355 Verum
947 2305 1166 2370 oportet
1195 2313 1297 2356 nos
1323 2299 1458 2356 scire
1482 2300 1578 2358 ubi
1607 2304 1805 2362 mentis
1831 2321 1940 2362 no-

338 2403 466 2450 stra:
507 2393 874 2451 intentionem
915 2391 1213 2450 debeamus
1249 2393 1454 2453 habere
1491 2394 1727 2454 deﬁxam
1742 2440 1759 2469 ,
1789 2407 1845 2456 et
1869 2401 1938 2458 ad

337 2503 501 2560 quam
535 2487 962 2544 destinationem
997 2502 1217 2560 semper
1241 2490 1444 2547 animae
1481 2498 1685 2549 nostrae
1711 2509 1934 2552 revoce-

337 2596 462 2638 mus
496 2581 792 2650 intuitum;
821 2597 984 2655 quam
1028 2597 1159 2640 cum
1183 2584 1423 2656 potuerit
1463 2585 1713 2643 obtinere
1755 2602 1933 2658 mens,

335 2675 583 2748 gaudeat,
629 2683 684 2732 et
703 2691 735 2732 a
758 2691 866 2749 qua
900 2677 1219 2734 distractam
1241 2693 1302 2735 se
1342 2677 1524 2736 doleat
1555 2689 1720 2752 atque
1759 2683 1934 2755 suspi-

334 2779 446 2840 ret;
494 2772 768 2843 totiesque
799 2786 858 2828 se
901 2787 934 2828 a
975 2787 1200 2830 summo
1225 2772 1376 2838 bono
1403 2773 1606 2830 sentiat
1647 2774 1935 2846 recidisse,

336 2863 548 2938 quoties
575 2879 635 2921 se
673 2865 742 2922 ab
777 2863 872 2921 illo
907 2863 1110 2946 intuitu
1148 2863 1562 2936 deprehenderit
1577 2877 1884 2940 separatam
1917 2889 1930 2926 :

2050 1947 2129 1988 Lx
2139 1931 2210 2004 v).
2236 1933 2306 1986 Et
2322 1945 2544 1986 rursum
2571 1951 2583 1986 :
2607 1931 2882 1988 Gaudium
2898 1934 2948 1985 et
2968 1931 3163 1986 laetitia
3176 1929 3474 1983 inuenietur
3491 1927 3550 1980 in
3565 1926 3650 1988 ea,

2049 2029 2358 2096 gratiarum
2374 2027 2531 2088 actio,
2550 2029 2601 2081 et
2614 2041 2720 2080 vos:
2745 2025 2945 2088 laudis,
2969 2019 3022 2080 et
3035 2025 3141 2080 erit
3162 2025 3353 2079 mensis
3371 2037 3438 2077 ea:
3455 2034 3650 2083 mense,

2046 2125 2100 2176 et
2124 2120 2406 2176 sabbatum
2443 2135 2512 2173 ea:
2531 2119 2756 2174 sabbato
2782 2122 2920 2186 (Isa.
2953 2117 3068 2189 LI).
3102 2120 3174 2173 Et
3207 2117 3408 2172 iterum
3435 2135 3448 2170 :
3497 2115 3652 2172 Gau—

2047 2213 2198 2268 dium
2223 2217 2274 2268 et
2296 2213 2542 2268 laetitiam
2583 2212 2917 2278 obtinebunt,
2947 2212 3123 2280 fugiet
3161 2209 3314 2266 dolor
3331 2212 3393 2264 ret
3419 2206 3650 2277 gemitus

2049 2307 2327 2380 (Ibidem).
2363 2308 2428 2362 Et
2465 2305 2511 2362 si
2549 2303 2726 2362 adhuc
2740 2305 2968 2378 gelarius
3003 2305 3073 2362 de
3099 2303 3191 2361 illa
3225 2301 3647 2362 conversatione
3710 2337 3725 2344 -

2044 2411 2099 2459 et
2144 2401 2364 2458 civitate
2403 2407 2721 2458 sanctorum
2783 2399 2948 2458 vultis
3011 2413 3303 2474 agnoscere
3317 2441 3333 2469 ,
3383 2395 3648 2455 attendite

2045 2510 2168 2568 quae
2196 2494 2270 2552 ad
2295 2494 2473 2567 ipsam
2516 2493 2820 2552 Jerusalem
2855 2509 2990 2552 voce
3027 2493 3257 2550 Domini
3298 2492 3642 2566 dirigantur:

2041 2595 2113 2648 Et
2131 2605 2361 2661 ponam,
2391 2587 2598 2658 inquit,
2627 2588 2988 2644 visitationem
3015 2593 3164 2644 tuam
3189 2602 3398 2658 pacem,
3418 2591 3470 2642 et
3495 2601 3646 2658 prte-

2039 2675 2242 2754 positos
2266 2685 2384 2736 tuos
2402 2679 2711 2748 justitiam;
2731 2695 2838 2734 non
2861 2680 3120 2752 audietur
3141 2681 3290 2734 ultra
3305 2680 3565 2748 iniquitas
3586 2681 3649 2732 in

2045 2782 2195 2834 terra
2221 2780 2338 2839 tua,
2353 2776 2581 2830 vastitas
2597 2777 2648 2828 et
2669 2777 2913 2830 contritio
2933 2777 2990 2829 in
3016 2775 3258 2830 terminis
3279 2773 3410 2835 tuis,
3431 2776 3482 2828 et
3504 2787 3650 2826 occu-

2036 2874 2200 2944 pabit
2223 2873 2374 2928 salus
2401 2886 2584 2927 muros
2620 2877 2759 2934 tuos,
2790 2874 2842 2926 et
2861 2873 3048 2940 portas
3077 2872 3198 2924 tuas
3228 2867 3496 2922 laudatio.
3527 2867 3647 2924 Non

331 2958 755 3016 fornicationem
779 2957 1028 3030 judicans
1061 2958 1146 3015 vel
1170 2967 1626 3018 momentaneum
1663 2977 1695 3018 a
1725 2961 1932 3019 Christi
2041 2969 2141 3022 erit
2171 2967 2277 3022 tibi
2290 2967 2526 3036 amplius
2553 2966 2633 3021 sol
2655 2965 2731 3020 ad
2749 2963 3029 3036 tacendum
3044 2977 3147 3032 per
3169 2959 3333 3023 diem,
3358 2972 3453 3014 nec
3469 2957 3646 3029 splen-

333 3050 801 3124 contemplatione
841 3051 1164 3109 discessum.
1207 3055 1260 3110 A
1305 3069 1416 3125 quo
1465 3070 1594 3112 cum
1645 3053 1936 3113 deviaverit
2040 3063 2137 3118 dor
2155 3063 2296 3118 lunae
2309 3062 2646 3118 illuminabit
2668 3065 2738 3124 te,
2764 3059 2859 3116 sed
2876 3060 2978 3114 erit
3000 3057 3105 3113 tibi
3115 3057 3372 3114 Dominus
3400 3056 3460 3108 in
3477 3055 3644 3109 lucem

327 3146 619 3220 paululum
643 3153 836 3202 noster
861 3145 1110 3214 obtutus,
1136 3161 1327 3204 rursus
1349 3147 1420 3204 ad
1434 3163 1566 3204 eum
1593 3150 1775 3206 cordis
1801 3166 1938 3207 ocu-
1961 3165 2008 3230 ο
2044 3157 2440 3226 sempiternam,
2463 3159 2516 3212 et
2541 3159 2684 3211 Deus
2713 3157 2840 3210 tuus
2866 3155 2925 3208 in
2947 3153 3178 3222 gloriam
3197 3154 3351 3207 tuam
3383 3167 3400 3204 :
3423 3163 3533 3204 non
3558 3162 3642 3203 oc-

329 3241 429 3296 los
451 3245 852 3310 retorquentes,
876 3239 1024 3296 velut
1046 3239 1352 3296 rectissima
1378 3241 1748 3318 linea‘mentis
1768 3243 1936 3301 aciem
2043 3249 2183 3304 cidet
2207 3250 2356 3304 ultra
2383 3250 2462 3304 sol
2499 3252 2655 3312 tuus,
2697 3252 2748 3303 et
2794 3248 2928 3302 luna
2953 3251 3050 3301 tua
3075 3260 3184 3300 non
3224 3246 3528 3311 minuetur;
3551 3243 3646 3299 sed

325 3345 674 3390 revocemus.
693 3332 898 3388 Totum
916 3347 1157 3404 namque
1180 3332 1238 3389 in
1263 3331 1466 3390 animae
1491 3334 1742 3392 consistit
1757 3343 1938 3394 reces-
2047 3344 2146 3396 erit
2169 3344 2424 3397 Dominus
2449 3343 2508 3396 in
2535 3342 2700 3396 lucem
2733 3343 3130 3410 sempiternam,
3159 3341 3212 3393 et
3245 3337 3648 3410 complebuntur

324 3442 418 3485 su.
445 3424 614 3484 Unde
638 3427 863 3499 expulso
889 3425 1132 3496 diabolo,
1170 3441 1234 3484 ac
1274 3441 1621 3500 nequaquam
1647 3429 1704 3484 in
1737 3443 1800 3486 ea
1817 3431 1935 3503 jam
2045 3436 2160 3492 dies
2189 3437 2360 3494 luctus
2385 3437 2472 3490 tui
2491 3437 2628 3505 (Isa.
2659 3438 2794 3504 ιχ).
2824 3436 2898 3490 Et
2915 3431 3118 3490 idcirco
3137 3432 3331 3489 beatus
3348 3429 3646 3504 Apostolus

325 3520 689 3596 regnantibus
713 3520 871 3592 vitiis,
903 3529 1303 3594 consequenter
1339 3537 1572 3596 regnum
1602 3524 1708 3580 Dei
1733 3523 1934 3582 funda-

331 3625 428 3672 tur
463 3616 523 3674 in
557 3615 739 3685 nobis,
769 3615 980 3674 dicente
1007 3616 1352 3690 Evangelista
1393 3636 1406 3672 :
1438 3620 1676 3688 Regnum
1711 3622 1813 3676 Dei
1830 3635 1936 3676 non

330 3710 643 3782 venieﬁeum
661 3705 1044 3774 observatione,
1064 3710 1443 3781 nequedicent:
1465 3711 1596 3766 Ecce
1611 3712 1696 3767 hic
1708 3717 1805 3767 aut
1823 3728 1934 3768 ecce

328 3805 452 3860 illic
471 3811 566 3861 est.
588 3805 762 3861 Amen
779 3808 919 3860 enim
939 3805 1056 3860 dico
1069 3805 1222 3860 vobis
1243 3807 1376 3876 quia
1387 3814 1414 3840 ⁸
1427 3821 1651 3882 regnum
1668 3807 1770 3862 Dei
1785 3809 1936 3861 intra

327 3913 424 3954 vos
457 3903 534 3956 est
577 3898 720 3971 (Luc.
745 3903 925 3966 xvrr).
960 3901 1112 3952 Intra
1152 3911 1257 3954 nos
1291 3911 1421 3952 vero
1461 3896 1598 3952 nihil
1635 3897 1780 3954 aliud
1817 3913 1935 3956 esse

327 3999 515 4066 potest
547 4006 719 4064 quam
747 3991 978 4048 scientia
1015 3997 1113 4044 aut
1162 3987 1434 4058 ignoratio
1474 3987 1742 4056 veritatis,
1773 3998 1830 4046 et
1854 3993 1935 4048 vel

324 4086 596 4144 vitiorum
620 4083 885 4152 amicitia,
916 4081 1000 4137 vel
1023 4079 1290 4137 virtutum
1313 4098 1326 4135 :
1357 4094 1454 4152 per
1467 4093 1592 4152 quae
1607 4088 1704 4137 aut
1719 4081 1936 4140 diabolo

325 4185 434 4236 aut
468 4177 686 4234 Christo
707 4190 934 4248 regnum
971 4175 1246 4247 paramus
1267 4173 1324 4229 in
1363 4172 1548 4231 corde.
1575 4172 1747 4246 Cujus
1773 4173 1936 4232 etiam

321 4272 488 4346 regni
531 4269 848 4344 qualitatem
893 4269 1151 4328 describit
1186 4267 1492 4343 Apostolus
1532 4267 1777 4326 dicens‘:
1822 4273 1938 4329 Non

328 4372 476 4426 enim
497 4383 724 4438 regnum
743 4371 845 4424 Dei
865 4371 944 4423 est
959 4365 1139 4438 esca:et
1145 4370 1328 4438 potus,
1345 4365 1444 4422 sed
1459 4366 1707 4437 justitia,
1727 4369 1782 4423 et
1792 4382 1930 4438 pars,

330 4472 382 4522 et
406 4464 673 4538 gaudium
693 4463 754 4518 in‘
763 4465 974 4535 Spiritu
997 4466 1180 4518 sancto
1200 4466 1372 4532 (Rom.
1398 4461 1543 4534 le).
1573 4464 1764 4535 Itaque
1781 4462 1827 4519 si
1847 4478 1931 4520 re-

2043 3545 2156 3586 non
2203 3527 2550 3602 generaliter,
2591 3543 2786 3609 neque
2812 3527 3128 3600 simpliciter
3168 3540 3334 3584 omne
3381 3523 3646 3599 gaudium

2041 3639 2272 3698 regnum
2294 3623 2396 3682 Dei
2432 3622 2780 3696 pronuntiat,
2818 3621 3222 3696 sed_signanter
3246 3635 3312 3678 ac
3335 3617 3644 3693 specialiter

2041 3719 2175 3778 illud
2197 3718 2572 3808 solumtqupd
2599 3718 2655 3775 in
2693 3717 2897 3791 Spiritu
2925 3724 3112 3774 sancto
3153 3723 3235 3808 est
3475 3721 3642 3808 arm).

2041 3812 2204 3870 Novit
2229 3813 2376 3870 enim
2403 3805 2522 3870 esse
2545 3809 2696 3867 aliud
2731 3823 2950 3882 quoque
2976 3805 3333 3878 vituperabile
3361 3805 3640 3876 gaudium,
3675 3805 3680 3808 ’

2043 3907 2111 3962 de
2135 3921 2246 3976 quo
2264 3906 2484 3974 dicitur,
2505 3905 2739 3962 Mundus
2761 3905 2862 3960 iste
2875 3901 3132 3972 gaudebit
3150 3899 3166 3970 (
3181 3900 3335 3954 Joan.
3358 3893 3522 3964 xvr).
3552 3896 3640 3961 Et,

2052 3999 2146 4053 Va:
2166 3998 2312 4052 vobis
2341 4001 2439 4065 qui
2463 3999 2680 4064 ridetis,
2707 3999 2844 4066 quia
2865 3995 3154 4066 plorabitis
3175 3994 3322 4060 (Luc.
3350 3987 3454 4059 v1).
3477 3980 3505 4020 ¹³
3526 3989 3645 4044 Re-

2046 4103 2216 4162 gnum
2240 4103 2372 4144 sane
2391 4089 2659 4145 caelorum
2687 4087 2974 4160 tripliciter
2998 4081 3370 4156 accipiendam
3398 4087 3500 4137 est.
3532 4084 3648 4138 Aut

2045 4197 2156 4254 quo
2182 4183 2462 4254 regnaturi
2494 4189 2624 4238 sunt
2645 4181 2797 4246 coeli,
2827 4179 2886 4237 id
2913 4187 3016 4248 est,
3057 4177 3228 4234 sancti
3271 4176 3326 4232 in
3351 4173 3471 4232 aliis
3508 4174 3644 4232 sub—

2043 4268 2190 4339 ditis,
2218 4268 2522 4326 secundum
2544 4267 2678 4326 illud
2704 4272 2873 4326 :-Esto
2911 4273 2973 4324 tu
3004 4281 3165 4338 super
3189 4268 3427 4337 quinque
3462 4265 3647 4320 ciuita-

2045 4369 2141 4434 tes,
2170 4367 2220 4420 et
2250 4368 2312 4420 tu
2335 4380 2494 4436 super
2517 4364 2692 4420 decem
2723 4362 2869 4435 (Luc.
2903 4361 3066 4434 XIX).
3091 4358 3232 4417 Illud
3253 4374 3471 4432 quoque
3493 4356 3644 4432 quod

2037 4457 2238 4517 dicitur
2266 4457 2336 4516 ad
2358 4457 2670 4532 discipulos,
2691 4458 2951 4516 Sedebitis
2983 4471 3146 4528 super
3167 4455 3318 4514 sedes
3340 4455 3640 4520 duodecim,

329 4573 498 4632 gnum
519 4557 622 4614 Dei
650 4557 792 4614 intra
815 4573 922 4614 nos
943 4563 1047 4626 est,
1091 4564 1147 4613 et
1172 4555 1354 4630 ipsum
1387 4570 1621 4628 regnum
1652 4557 1755 4614 Dei
1776 4556 1930 4630 justi-
1955 4578 2008 4642 D
2028 4554 2342 4626 judicantes
2357 4553 2634 4610 duodecim
2649 4555 2820 4610 tribus
2831 4550 3003 4611 Israel
3015 4549 3393 4625 (Matth.xrx).
3410 4553 3525 4607 Aut
3539 4549 3643 4620 ipsi

329 4651 430 4720 tia,
459 4659 514 4707 et
537 4666 661 4722 pax,
684 4658 740 4706 et
760 4650 1021 4722 gaudium
1044 4655 1157 4716 est;
1175 4664 1305 4721 ergo
1327 4649 1423 4721 qui
1451 4647 1508 4704 in
1532 4647 1652 4706 istis
1678 4665 1932 4708 commo-

331 4753 504 4814 ratur,
531 4744 646 4802 sine
661 4741 830 4802 dubio
859 4744 920 4800 in
943 4757 1114 4816 regno
1142 4741 1244 4799 Dei
1271 4749 1381 4811 est;
1413 4749 1469 4798 et
1497 4755 1528 4798 e
1552 4743 1824 4800 contrario
1852 4743 1929 4802 illi

2037 4649 2161 4706 caeli
2199 4647 2460 4720 incipiant
2491 4663 2523 4704 a
2545 4647 2764 4706 Christo
2807 4647 3048 4722 regnari,
3075 4655 3098 4682 °
3123 4660 3252 4702 cum
3283 4643 3492 4700 scilicet
3516 4655 3645 4697 om-

2035 4743 2200 4803 nibus
2251 4743 2302 4800 ei
2345 4742 2608 4815 subjectis
2641 4741 2869 4815 cmperit
2916 4754 3035 4796 esse
3077 4736 3264 4793 omnia
3290 4735 3345 4788 in
3387 4729 3644 4787 omnibus

1429 4874 1683 4930 ALARDI
1721 4875 1946 4934 GAZ/EI
1983 4875 2544 4937 COMMENTARIUS.

398 5011 424 5040 ι
451 5005 621 5078 varia
663 5014 719 5062 et
761 5004 1045 5078 multiplex
1090 5009 1177 5060 est
1215 5001 1712 5078 hujus_sententiaz
1755 5001 1932 5058 inter-

330 5077 582 5146 pretatio.
615 5079 762 5132 Nam
795 5075 882 5132 hic
917 5072 1086 5131 abbas
1120 5072 1354 5146 regnum
1378 5072 1482 5146 Dei
1511 5073 1654 5128 intra
1682 5087 1799 5146 nos
1813 5087 1934 5146 esse

331 5142 495 5216 dicit,
549 5147 684 5205 dum
749 5147 866 5219 ejus
929 5142 1210 5202 habemus'
1237 5143 1630 5219 cognitionem.
1693 5142 1804 5200 Alii
1856 5143 1932 5198 in-

328 5227 413 5276 tra
439 5214 546 5276 nos
579 5234 698 5277 esse
724 5214 870 5276 idem
911 5231 1032 5274 esse
1065 5223 1288 5287 putant,
1317 5214 1473 5287 quod
1514 5214 1572 5269 in
1611 5223 1807 5287 nostra
1832 5229 1936 5285 po-

328 5297 530 5348 testate
553 5283 1182 5362 essegquemadmodum
1210 5283 1679 5362 Deut‘erontxxx
1705 5283 1931 5350 dicitur;

329 5365 654 5419 Mandatum
674 5356 768 5417 hoc
782 5361 923 5432 quod
942 5375 1032 5429 ego
1049 5360 1304 5432 praecipio
1323 5358 1428 5413 tibi
1439 5356 1614 5420 hodie,
1639 5371 1744 5412 non
1765 5370 1936 5432 supra

332 5438 399 5496 te,
424 5451 521 5491 nec
545 5434 732 5504 procul
753 5425 991 5504 pbsitum
1017 5425 1124 5498 est;
1153 5425 1247 5504 sed
1262 5429 1437 5499 juxta
1469 5432 1555 5504 est
1565 5442 1738 5504 sermo
1773 5425 1932 5481 valde

329 5506 387 5558 in
409 5520 499 5562 ore
538 5498 650 5586 tuo,
667 5509 740 5586 ut
753 5498 960 5586 ﬁctas,
989 5509 1096 5558 etc.
1124 5499 1236 5586 ἐκ]ἰὶ
1262 5498 1494 5583 regnum
1520 5498 1624 5586 Dei
1657 5498 1800 5555 intra
1825 5511 1932 5586 nos

329 5585 614 5703 extenuat
661 5569 937 5656 Christum
975 5588 1071 5644 per
1119 5570 1286 5654 ﬁdem
1326 5569 1388 5627 in
1431 5569 1688 5628 cordibus
1729 5569 1934 5652 nostris

328 5643 416 5724 ha_
439 5653 686 5724 nantem.
733 5647 838 5724 Ain
869 5659 1100 5724 regn_um
1127 5646 1226 5700 Del
1242 5650 1402 5724 lintra
1436 5657 1540 5700 nos
1565 5656 1686 5724 esse
1719 5641 1934 5724 dicunt,

401 5717 452 5800 ia
479 5717 582 5774 Dei
610 5717 908 5800 imaginem
932 5711 1012 5798 :ad
1038 5729 1210 5800 quam
1235 5711 1365 5800 facti
1409 5727 1633 5800 sumus,
1661 5712 1806 5800 intra
1829 5726 1934 5800 gos

473 5803 620 5846 mus.
667 5783 774 5846 Alii
817 5783 1223 5858 denique'intra
1255 5799 1364 5843 nos
1401 5800 1520 5844 esse
1559 5797 1794 5858 regnum
1829 5783 1932 5839 Dei

2039 5017 2136 5074 per
2173 4999 2641 5076 praelibationem,
2671 5013 2768 5054 seu
2793 4992 3268 5076 participationem
3285 5033 3302 5061 ,
3325 5000 3382 5050 et
3421 5001 3646 5076 gustum

2039 5065 2337 5144 quemdam
2380 5067 2551 5144 illius,
2590 5065 2755 5141 quem
2788 5065 2974 5144 inimo
3009 5065 3340 5144 percipimus
3371 5084 3384 5121 :
3416 5065 3471 5122 et
3497 5065 3643 5144 quia,

2040 5135 2101 5198 ut
2121 5141 2220 5226 ait
2256 5135 2551 5224 Apostolus
2559 5135 2744 5268 ﬁse
2764 5215 2774 5226 .
3062 5135 3418 5196 testimonium
3463 5135 3648 5192 reddit

2041 5215 2266 5268 spiritui
2291 5217 2494 5268 nostro.
2525 5227 2558 5268 α
2690 5213 2794 5268 ﬁlii
2813 5217 2910 5268 Dei
2932 5225 3117 5266 sumus
3144 5208 3321 5268 (Rom.
3352 5207 3522 5268 νῐιι).
3563 5208 3646 5263 Ita

2041 5213 2273 5284 spiritui
2291 5207 2494 5276 nostro,
2511 5207 2670 5284 Aquod
2688 5213 2796 5282 ﬁlii
2932 5225 3117 5284 sumus
3144 5208 3326 5284 (Rom.
3346 5207 3542 5284 vni).
3563 5208 3663 5264 Ita.

2043 5280 2343 5358 Gregorius
2389 5280 2644 5358 Nazianz.
2689 5280 2957 5358 apud};
2990 5282 3262 5358 Thomam
3306 5280 3401 5358 (In
3447 5280 3646 5358 catena

2043 5350 2276 5428 Aurea).
2307 5357 2446 5427 Quae
2473 5350 3084 5428 interpret'atio'videtur
3112 5353 3280 5410 etiam
3306 5350 3434 5409 huic
3460 5351 3643 5410 abbati

2038 5425 2425 5500 placuisse,'ut_
2443 5433 2592 5500 patet
2616 5425 2684 5483 ex
2706 5425 3081 5500 sequentibus.

2107 5492 2138 5571 δέ
2160 5492 2325 5556 Nota
2359 5492 2632 5571 triplicem
2679 5492 2830 5571 regni
2847 5568 2860 5571 Α
2902 5496 3176 5554 caelorum
3230 5495 3606 5568 acceptionem
3624 5535 3644 5563 ,

2037 5570 2294 5642 activam,
2322 5568 2616 5642 passivam,
2638 5576 2704 5642 et
2721 5568 2975 5642 lbcalem.

2107 5644 2133 5674 ο
2159 5643 2244 5696 De
2271 5637 2374 5698 hac
2413 5641 2682 5698 sententia
2705 5639 2944 5698 diximus
2989 5640 3097 5698 alio
3135 5637 3261 5710 loco
3305 5637 3456 5710 (Lib.
3489 5652 3521 5691 v
3547 5637 3640 5710 In-

2037 5713 2414 5856 c.4:_tl));
2452 5711 2521 5770 de
2543 5727 2652 5786 qua
2677 5719 2733 5771 et
2771 5715 2846 5770 D.
2871 5711 3099 5770 Hieron.
3129 5709 3282 5782 epist.
3307 5701 3380 5765 ad
3405 5701 3632 5763 Amand.

2113 5800 2156 5856 p
2236 5827 2246 5839 .
2381 5826 2393 5838 .

2113 5786 2246 5856 lpist.
2281 5789 2393 5850 47).
