4012 6192
376 224 482 277 499

1455 216 1735 273 JOANNIS
1771 214 2074 270 CASSIANI
2113 214 2602 272 COLLATIONES.

3570 222 3677 276 500

378 350 531 404 Deus
561 345 603 417 (ι
643 346 762 403 Cor.
790 345 924 417 xv).
958 345 1055 403 Vel
1085 351 1235 402 certe
1270 342 1418 417 quod
1445 343 1502 400 in
1524 341 1676 401 caelis
1717 342 1825 400 sint
1849 356 1977 400 cum
2002 344 2056 410 Α
2083 343 2231 399 enim
2247 346 2396 400 estin
2413 346 2582 400 morte
2597 342 2696 413 qui
2720 356 2924 398 memor
2947 342 3158 409 sitDei;
3178 342 3237 396 in
3262 340 3485 409 inferno
3497 348 3681 400 autem

380 441 630 499 Domino
657 440 953 514 regnaturi.

969 575 1213 631 CAPUT
1237 574 1390 630 XIV.

832 694 907 747 De
929 692 1125 744 anima:
1151 689 1527 760 perpetuitate.

456 816 836 887 Quamobrem
879 816 937 871 in
973 815 1080 872 hoc
1107 830 1336 889 corpore
1373 815 1699 873 constitutus
1718 815 1839 889 jam
1879 832 1981 874 no-

386 912 522 968 verit
548 911 919 984 unusquisque
946 910 1021 967 illi
1048 924 1107 968 se
1134 910 1378 983 religioni
1421 911 1505 968 vel
1544 910 1846 968 ministerio
1882 910 1985 969 de-

385 1003 707 1077 putandum,
742 1004 897 1079 cujus
924 1005 980 1061 in
1004 1004 1108 1061 hac
1146 1005 1255 1060 vita
1284 1004 1640 1078 semetipsum
1666 1005 1986 1078 participem

386 1100 761 1172 cultoremque
807 1100 1128 1173 praabuerit;
1191 1098 1443 1172 illiusque
1488 1115 1548 1157 se
1593 1087 1756 1156 efiam
1797 1100 1854 1157 in
1894 1100 1985 1157 illo

384 1195 608 1268 perenni
644 1194 845 1252 saeculo
884 1200 1200 1250 consortem
1224 1191 1479 1250 futurum
1516 1208 1633 1251 esse
1660 1209 1773 1250 non
1808 1192 1985 1250 ambi-

387 1296 499 1360 gat,
531 1286 616 1343 cui
648 1302 795 1342 nunc
819 1285 1136 1343 ministrum
1175 1300 1235 1342 se
1262 1285 1582 1359 sociumque
1604 1285 1860 1344 maluerit
1888 1301 1986 1343 ex-

389 1379 598 1447 hibere,
628 1378 931 1436 secundum
969 1379 1302 1437 sententiam
1337 1379 1562 1436 Domini
1602 1380 1675 1437 ita
1716 1379 1983 1437 dicentis:

390 1476 453 1532 Si
483 1475 606 1545 quis
631 1475 769 1529 mihi
794 1476 1093 1539 ministrat,
1121 1491 1203 1531 me
1225 1480 1504 1545 sequatur,
1539 1479 1590 1530 et
1621 1476 1716 1530 ubi
1732 1490 1850 1531 sum
1880 1490 1987 1543 ego,

392 1570 504 1624 illic
531 1574 582 1625 et
616 1570 857 1625 minister
884 1584 1031 1625 meus
1060 1572 1164 1625 erit
1187 1568 1364 1641 (Joan.
1395 1573 1537 1636 χιι).
1560 1571 1704 1624 Nam
1729 1566 2005 1639 quemad-,

393 1662 624 1720 modum
649 1667 674 1696 ³
704 1663 895 1720 Zabuli
937 1678 1172 1735 regnum
1199 1678 1298 1735 per
1334 1663 1773 1719 convenientiam
1817 1664 1989 1732 [Lips.

2084 439 2355 512 (peccati)
2383 442 2506 509 quis
2533 438 2867 509 conﬁtebitur
2887 435 3132 492 Domino
3163 435 3324 507 (Psat.
3344 434 3553 508 v1)?1d
3575 444 3681 513 est,

2081 548 2263 588 nemo.
2294 532 2491 589 Nullus
2513 532 2684 598 enim,
2715 530 2882 588 etiam
2908 529 2954 587 si
2981 528 3183 587 millies
3210 530 3571 603 semetipsum
3600 532 3684 589 vel

2088 627 2459 683 Christianum
2488 642 2607 683 esse
2644 626 2985 699 proﬁteatur,
3024 624 3108 682 vel
3143 623 3483 682 monachum
3500 668 3516 695 ,
3556 641 3686 683 cum

2014 742 2023 757 ι
2088 728 2299 799 peccat,
2323 719 2612 777 conﬁtetur
2638 721 2894 780 Domino.
2927 717 3121 776 Nullus
3149 717 3448 775 admittens
3474 733 3539 775 ea
3563 734 3687 792 quin

2091 814 2366 872 Dominus
2392 822 2719 885 exsecratur,
2761 814 3126 872 reminiscitur
3157 812 3292 880 Dei;
3331 827 3436 869 nec
3464 827 3686 871 servum

2091 923 2150 965 se
2171 908 2433 965 veraciter
2459 908 2747 981 proﬁtetur
2781 907 2949 976 illius,
2992 907 3148 980 cujus
3179 913 3448 979 praecepta
3489 913 3689 964 contu-

2093 1004 2236 1060 maci
2263 1003 2571 1060 temeritate
2596 1001 2914 1060 contemnit.
2965 1005 3031 1058 In
3058 1017 3169 1074 qua
3202 1007 3385 1058 morte
3426 1000 3579 1058 illam
3605 1000 3688 1058 vi-

2094 1096 2283 1167 duam,
2313 1104 2542 1170 quaeest
2568 1096 2627 1153 in
2641 1095 2865 1166 deliciis,
2892 1095 3083 1151 beatus
3106 1094 3553 1167 ApostolusZesse
3566 1110 3691 1167 pro-

2093 1192 2329 1260 nuntiat,
2362 1193 2563 1255 Vidua,
2596 1191 2862 1263 inquiens,
2911 1206 3030 1261 qua:
3058 1192 3117 1243 in
3143 1190 3344 1245 deliciis
3374 1194 3468 1254 est,
3507 1192 3691 1246 vivens

2093 1292 2307 1343 mortua
2327 1291 2406 1341 est
2432 1286 2473 1357 (ι
2505 1288 2639 1341 Tim.
2679 1284 2759 1357 v).
2812 1286 2951 1342 Sunt
2985 1297 3114 1355 ergo
3142 1281 3302 1338 multi
3328 1281 3419 1354 qui
3454 1281 3695 1341 viventes

2096 1382 2153 1438 in
2176 1381 2282 1437 hoc
2304 1394 2531 1453 corpore
2576 1378 2784 1435 mortui
2822 1384 2979 1447 sunt,
3027 1384 3083 1433 et
3125 1376 3183 1431 in
3210 1375 3422 1432 inferno
3456 1376 3696 1449 jacentes

2097 1478 2279 1532 Deum
2313 1473 2531 1530 laudare
2555 1488 2667 1529 non
2703 1478 2969 1544 possunt;
2996 1477 3051 1528 et
3088 1485 3119 1527 e
3145 1469 3420 1527 contrario
3446 1480 3577 1529 sunt
3603 1473 3697 1546 qui

2098 1585 2224 1626 cum
2248 1567 2453 1625 mortui
2501 1566 2610 1624 sint
2642 1581 2891 1639 corpore,
2920 1568 3099 1621 Deum
3138 1563 3334 1638 Spiritu
3358 1564 3695 1623 benedicunt

2098 1670 2259 1735 atque
2303 1661 2631 1730 collaudant,
2674 1660 2984 1717 secundum
3015 1658 3150 1715 illud
3180 1680 3192 1715 :
3223 1659 3541 1724 Benedicite,
3586 1664 3697 1731 spi-

394 1759 453 1811 in
470 1771 648 1825 marg.
673 1756 1110 1825 conniventiam]
1142 1756 1441 1829 suscipitur
1473 1757 1761 1823 vitiorum,
1792 1757 1868 1813 ita
1904 1771 1998 1813 re-
2101 1759 2242 1813 ritus
2271 1761 2321 1812 et
2346 1760 2540 1811 anima:
2553 1756 2846 1825 justorum,
2880 1756 3163 1810 Dominum
3209 1753 3449 1824 (Daniel.
3476 1754 3590 1825 In),
3618 1762 3697 1823 et,

396 1864 567 1923 gnum
595 1850 698 1906 Dei
724 1866 821 1923 per
841 1850 1283 1909 exercitationem
1300 1851 1592 1922 .virtutum,
1614 1851 1852 1924 puritate
1877 1866 1996 1908 cor-

398 1941 483 2000 dis
508 1958 573 2000 ae
614 1943 842 2015 spiritali
893 1945 1118 2002 scientia
1160 1944 1492 2016 possidetur.
1536 1942 1650 2003 Ubi
1678 1952 1864 2001 autem
1903 1959 1997 2000 re—

396 2052 568 2108 gnum
601 2038 701 2095 Dei
728 2045 843 2107 est,
893 2037 967 2094 ibi
1012 2038 1373 2110 proculdubio
1402 2044 1457 2093 et
1513 2036 1622 2093 vita
1676 2035 1997 2094 habeturas-

399 2140 583 2200 terna;
608 2140 665 2189 et
682 2132 774 2188 ubi
808 2135 1063 2204 Regnum
1104 2131 1297 2188 Zabuli
1335 2140 1441 2201 est,
1473 2131 1549 2188 ibi
1566 2140 1806 2190 mortem
1835 2141 1998 2206 atque

401 2223 675 2280 infernum
702 2239 820 2283 esse
867 2239 984 2281 non
1011 2224 1244 2282 dubium
1280 2232 1364 2282 est
1396 2244 1408 2280 :
1436 2226 1492 2282 in
1522 2241 1632 2298 quo
1663 2227 1757 2299 qui
1802 2226 1994 2299 fuerit,

401 2332 504 2374 nec
535 2317 756 2376 laudare
783 2317 1089 2375 Dominum
1119 2326 1327 2390 potest,
1369 2318 1669 2377 ecundum
1708 2320 1999 2393 Propheta:

404 2412 724 2470 sententiam
752 2412 984 2469 dicentis
1012 2430 1027 2468 :
1051 2416 1169 2473 Non
1192 2415 1394 2469 mortui
1422 2413 1721 2469 laudabunt
1742 2419 1810 2479 te,
1830 2430 2001 2485 neque

404 2525 580 2567 omnes
607 2513 706 2582 qui
726 2511 1051 2568 descendunt
1080 2514 1138 2567 in
1162 2514 1438 2582 infernum
1479 2512 1629 2584 (sine
1655 2511 1844 2581 dubio,
1879 2528 2002 2585 pec-

403 2604 509 2660 cati
527 2604 543 2677 )
560 2624 575 2674 ;
591 2607 684 2662 sed
707 2622 824 2670 nos,
848 2606 1040 2679 inquit,
1070 2608 1169 2677 qui
1186 2609 1415 2664 vivimus
1437 2606 1577 2679 (non
1603 2607 1749 2663 vitiis
1772 2606 1998 2677 scilicet,

402 2712 505 2754 nec
531 2700 737 2757 mundo
762 2700 910 2769 huic,
940 2700 1036 2759 sed
1061 2701 1231 2773 Deo),
1256 2702 1610 2758 benedicimus
1627 2704 1914 2759 Dominum
1934 2718 2002 2757 ea:

405 2792 519 2860 hoc,
550 2811 707 2861 nunc,
746 2800 797 2853 et
820 2812 991 2868 usque
1030 2799 1091 2853 in
1129 2799 1380 2854 saeculum
1420 2797 1595 2870 ({Psal.
1645 2796 1849 2867 σιω).
1882 2799 2002 2854 Non

2104 1853 2286 1910 Omnis
2326 1853 2551 1923 spiritus
2605 1850 2792 1905 laudet
2836 1850 3126 1907 Dominum
3168 1849 3335 1920 (Psal.
3376 1847 3491 1918 CL).
3535 1849 3610 1903 Et
3636 1849 3695 1903 in

2102 1944 2446 2019 Apocalypsi,
2498 1945 2697 2002 animae
2743 1943 3047 2000 occisorum
3092 1958 3205 1999 non
3246 1942 3418 1998 solum
3472 1940 3696 1998 laudare

2102 2043 2300 2111 Deum,
2324 2040 2420 2097 sed
2443 2041 2608 2096 etiam
2632 2038 2975 2111 interpellare
3000 2036 3255 2095 dicuntur
3281 2036 3471 2107 (Apoc.
3494 2034 3606 2107 v1).
3631 2038 3700 2090 In

2102 2135 2394 2209 Evangelia
2430 2149 2650 2207 quoque
2695 2132 2998 2190 evidentius
3047 2130 3321 2189 Dominus
3362 2129 3435 2187 ad
3482 2128 3703 2187 Saddu-

2104 2244 2249 2287 caeos
2279 2250 2292 2286 :
2338 2234 2455 2290 Non
2498 2231 2719 2300 legistis,
2748 2228 2942 2301 inquit,
2996 2228 3140 2299 quod
3177 2228 3385 2283 dictum
3416 2230 3496 2282 est
3532 2243 3569 2282 a
3596 2230 3705 2284 Deo

2105 2325 2310 2381 dicente
2336 2326 2502 2388 vobis,
2524 2328 2634 2393 Ego
2656 2339 2776 2379 sum
2798 2325 2938 2377 Deus
2958 2322 3258 2387 Abraham,
3282 2326 3334 2377 et
3363 2326 3500 2379 Deus
3525 2322 3700 2385 Isaac,

2106 2424 2157 2475 et
2184 2425 2324 2476 Deus
2365 2420 2558 2475 Jacob?
2582 2434 2687 2473 non
2716 2420 2794 2473 est
2830 2421 2969 2472 Deus
3012 2421 3371 2479 mortuorum,
3403 2416 3496 2472 sed
3520 2418 3704 2470 viven-

2106 2516 2241 2568 tium
2264 2512 2478 2582 (Matth.
2512 2515 2697 2578 xxu).
2716 2512 2929 2568 Omnes
2947 2510 3093 2567 enim
3115 2510 3164 2566 ei
3186 2510 3389 2566 vivunt.
3402 2512 3486 2566 De
3501 2510 3705 2582 quibus

2109 2614 2165 2663 et
2195 2606 2514 2678 Apostolus,
2540 2608 2766 2678 Propter
2809 2606 2973 2676 quod,
3004 2604 3200 2677 inquit,
3226 2620 3335 2660 non
3352 2604 3708 2672 cmtfunditur

2108 2705 2249 2757 Deus
2267 2703 2447 2755 vocari
2470 2704 2611 2757 Deus
2635 2691 2842 2769 eorum;
2872 2703 3098 2772 paravit
3125 2703 3268 2756 enim
3294 2701 3408 2755 illis
3434 2702 3706 2754 civitatem

2108 2797 2259 2863 (Heb.
2292 2795 2400 2867 x1).
2431 2798 2573 2852 Nam
2608 2796 2735 2868 quia
2757 2791 2785 2828 δ
2802 2810 2901 2852 nec
2920 2795 3108 2853 otiosae
3135 2795 3241 2852 sint
3261 2802 3384 2866 post
3410 2794 3706 2866 separatio-

1505 2956 1760 3011 ALARDI
1796 2955 2022 3011 GAZJEI
2057 2954 2612 3011 COMMENTARIUS.

478 3100 510 3165 ἦ
529 3090 752 3165 Zabuli,
795 3090 852 3146 id
892 3100 1005 3159 est,
1032 3091 1232 3165 diaboli
1266 3111 1278 3147 :
1308 3091 1376 3165 de
1421 3108 1530 3165 quo
1562 3094 1690 3165 vide
1721 3103 1906 3152 notata
1925 3096 2008 3151 in-

410 3160 581 3235 ferius
622 3161 744 3235 (Ad
769 3177 893 3235 cap.
935 3168 997 3216 21
1023 3164 1204 3235 hujus
1247 3160 1677 3235 coll.).'Quibus
1719 3165 1861 3221 addo
1904 3166 2009 3223 hoc

408 3234 484 3304 D.
527 3230 783 3302 Cypriani
827 3232 895 3304 de
924 3230 1184 3303 patientia
1232 3234 1339 3289 Job
1382 3230 1695 3291 disserentis
1739 3254 1752 3290 :
1796 3239 2010 3304 Quanta

410 3303 663 3357 adversus
687 3317 803 3357 eum
821 3302 1013 3371 jacula
1033 3306 1225 3359 Zabuli
1246 3309 1457 3361 emissa.
1484 3311 1555 3363 Et
1572 3314 1751 3364 armat
1773 3302 2008 3365 zabulus

410 3388 647 3448 τιίινιρνθηξ⁸
662 3373 677 3444 (
692 3376 950 3448 Cyprian.
974 3376 1040 3430 de
1079 3379 1221 3448 Bono
1244 3380 1450 3447 patien.
1469 3376 1508 3448 ).

479 3437 508 3476 δ
541 3444 649 3500 Alii
669 3437 952 3522 demittunt
978 3437 1311 3522 vocabulum
1351 3437 1568 3522 animle,
1600 3458 1657 3522 et
1691 3466 1788 3522 pro
1831 3454 2007 3507 otiosa:

414 3514 602 3585 legunt
627 3518 827 3592 otiosi,
854 3531 1053 3588 nempe
1081 3519 1320 3592 mortui,
1371 3521 1452 3592 vel
1493 3514 1713 3592 spiritus
1755 3531 2004 3578 mortuo-

413 3600 559 3639 rum.
607 3588 693 3659 At
720 3586 808 3639 hic
855 3586 1036 3643 textus
1065 3586 1334 3659 patentior
1378 3586 1540 3646 visus'
1565 3599 1665 3646 est.
1700 3594 1872 3647 Porro
1901 3608 2005 3646 no-

413 3662 599 3729 tantur
637 3654 729 3710 hic
774 3663 886 3710 tres
920 3654 1160 3726 errores,
1190 3674 1286 3715 seu
1331 3661 1584 3729 haereses,
1613 3663 1682 3716 de
1721 3661 2008 3719 animabus

414 3725 704 3782 hominum
726 3741 759 3782 a
790 3742 1018 3801 corpore
1042 3725 1325 3801 separatis.
1352 3725 1581 3787 Primus
1592 3746 1765 3801 error,
1797 3733 2007 3789 animas

416 3804 539 3880 post
571 3797 976 3880 separationem
1002 3797 1165 3880 hujus
1209 3803 1482 3880 corporis,
1526 3801 1579 3859 id
1612 3811 1712 3880 est,
1740 3797 1863 3880 post
1885 3804 2009 3880 obi-

414 3876 535 3924 tum
552 3883 772 3940 manere
792 3871 1019 3940 otiosas,
1042 3871 1398 3940 insensibiles,
1425 3874 1599 3929 immo
1624 3871 1786 3929 etiam
1806 3874 2007 3931 intelli-

415 3939 614 4065 gentiae
642 3948 698 3995 et
728 3939 908 3997 omnis
936 3911 1165 3999 affectus
1196 3914 1462 4016 expertes.
1494 3944 1775 4001 Secundus
1802 3911 2009 4002 anisz
2042 3968 2045 3969 ν

432 4026 703 4065 10mlnum
739 4027 852 4065 non
892 4027 1011 4065 esse
1034 4014 1372 4065 immortales
1389 4034 1405 4065 :
1431 4016 1526 4065 sed
1556 4015 1637 4065 vel
1662 4032 1789 4065 curm
1817 4031 2011 4065 corno-

432 4028 449 4065 1

448 4011 703 4091 ρωίιῃιω
739 4027 852 4091 non
892 4011 1405 4091 es_se_immortales;
1431 4015 1791 4091 sedvelcum
1817 4031 2011 4091 corpo-

414 4081 564 4137 ribus
594 4082 849 4152 interire,
880 4085 964 4140 vel
1009 4085 1065 4140 in
1092 4084 1328 4143 nihilum
1354 4081 1573 4143 resolvi.
1603 4089 1853 4152 Tertius,
1887 4081 2009 4144 abi-

416 4168 536 4234 mas
561 4153 1012 4234 etiamjustorum
1035 4173 1149 4212 non
1167 4159 1352 4234 statim
1380 4166 1506 4234 post
1533 4160 1826 4234 transitum
1850 4159 2010 4231 hujus

414 4224 539 4307 vitae
594 4225 662 4280 ad
714 4224 1104 4307 beati-tudinem
1172 4224 1477 4307 transferri,
1541 4230 1635 4286 sed
1703 4224 2010 4301 exspectare

416 4302 723 4374 extremum
758 4296 1024 4374 judicium
1080 4307 1135 4355 et
1160 4301 1641 4374 __resu_rrectionem
1691 4296 2004 4374 corporum.

363 4389 372 4392 η
418 4365 499 4444 De
519 4361 607 4444 his
628 4361 801 4444 tribus
820 4368 1097 4444 erroribus
1125 4370 1327 4444 aliquid
1354 4372 1668 4444 singillatim
1682 4361 2005 4444 dicendum.

414 4432 576 4511 Quod
598 4433 666 4511 a_d
692 4432 949 4511 primum
968 4437 1163 4511 attinet
1180 4432 1476 4511 {ambigue
1502 4441 1800 4498 admodum
1824 4444 1879 4498 in
1906 4443 2011 4498 hoc

415 4501 588 4581 capite
630 4500 872 4585 loquitur
908 4500 1229 4585 Cassianus,
1269 4500 1406 4564 tuni’
1430 4511 1611 4585 quoad
1642 4527 1832 4568 sensus
1872 4529 2010 4585 quos

369 4627 372 4631 ,
415 4576 638 4653 anima}-
662 4579 932 4653 separata:_
979 4576 1374 4653 tribuit,__tum
1426 4576 1605 4653 quoad
1641 4589 1851 4653 statum
1886 4576 2010 4653 Ejus

416 4643 559 4715 vitm.
589 4643 730 4698 Nam
755 4644 936 4714 quoad
979 4644 1135 4715 illud,
1170 4647 1379 4705 videtur
1406 4643 1602 4706 anima:
1622 4652 1881 4708 rationali
1910 4643 2009 4709 fri-

416 4713 581 4770 buere
607 4713 853 4790 sensus,
911 4725 969 4790 et
1009 4713 1236 4776 affectus
1278 4718 1439 4790 huius
1483 4720 1640 4790 vitai,
1672 4721 1808 4779 dum
1844 4726 2009 4781 semel

414 4794 578 4858 atque
603 4784 802 4843 iterum
832 4787 1063 4845 inculcat
1085 4790 1293 4847 animas
1327 4784 1711 4850 defunctorum
1748 4798 1858 4850 suis
1890 4812 2011 4851 sen-

414 4859 561 4915 sibus
589 4876 695 4915 non
713 4861 944 4930 privari,
976 4864 1135 4918 immo
1159 4880 1224 4919 ne
1250 4866 1371 4919 istis
1386 4865 1603 4935 quidem
1616 4868 1929 4934 affectibus,
1951 4869 2012 4922 id

414 4935 512 4998 est,
543 4947 634 5000 spe
654 4936 816 5003 atque
842 4936 1091 5002 tristitia,
1111 4936 1309 5003 gaudio
1333 4952 1395 4990 ac
1418 4941 1560 4991 metu
1586 4954 1789 4994 carere.
1817 4940 2011 4995 Postea

416 5009 603 5077 tamen
626 5000 774 5077 velut
798 5017 857 5077 se
898 5000 1191 5077 explicans,
1208 5006 1509 5077 concludit,
1535 5014 1763 5066 mentem
1793 5016 2012 5067 exutum

416 5072 517 5152 hac
564 5072 752 5152 carnis
775 5072 1142 5152 pinguedine,
1157 5075 1232 5152 Aid
1262 5086 1364 5146 est,
1389 5072 1648 5152 corpore,
1693 5098 1819 5139 suas
1864 5084 2014 5139 intel-

415 5142 670 5223 lectuales
684 5145 916 5223 .virtutes
940 5146 1004 5223 in
1038 5148 1224 5223 melius
1269 5142 1547 5220 reparare,
1575 5158 1626 5207 et
1636 5142 1896 5223 'puriores
1926 5170 2013 5210 eas

412 5227 475 5267 ac
501 5215 1069 5295 subtiliores‘recipere
1090 5221 1274 5295 potius
1316 5215 1479 5295 quam
1507 5215 1771 5281 amittere.
1805 5225 2013 5295 Quibus

414 5283 594 5366 verbis
625 5299 737 5366 non
773 5283 1003 5341 obscure
1051 5283 1254 5345 indicat
1293 5283 1501 5366 animai
1517 5302 1778 5366 separatae
1813 5283 2012 5366 sensus

414 5360 469 5436 et
490 5350 860 5436 affectuspon
889 5371 1182 5436 corporeos
1209 5368 1264 5416 et
1306 5350 1595 5436 animales:
1630 5350 2011 5436 sedspiritua;

415 5423 493 5479 les
528 5431 584 5479 et
625 5423 1009 5484 intellectuales
1048 5434 1431 5492 tantummodo
1472 5423 2011 5493 remanere.'Verum

414 5494 486 5579 ad
523 5495 862 5579 ampliorem
906 5497 1069 5579 hujus
1112 5500 1378 5579 dpctrinze
1424 5505 1870 5579 elucidationem,
1914 5523 2013 5565 no-

412 5565 893 5649 tanda‘irnprimis
919 5565 1093 5649 verba
1133 5576 1205 5649 Ι),
1235 5575 1527 5649 Augustini
1557 5575 1647 5631 lib.
1684 5591 1775 5633 χιι
1814 5565 1881 5634 de
1904 5580 2013 5637 Ge-

413 5637 621 5723 nesiad
650 5637 882 5723 litteram
914 5641 1072 5723 (Cap.
1102 5646 1200 5723 33)
1235 5666 1247 5701 :
1284 5637 1532 5723 Pro/lteri
1558 5649 1797 5705 animam
1823 5650 2012 5708 habere

412 5711 828 5789 similitudinem
852 5711 1101 5789 corporis,
1134 5711 1193 5773 et'
1221 5711 1580 5789 corporalium
1607 5723 1814 5777 omnino
1843 5722 2006 5779 mem-

414 5781 629 5839 brorum
648 5786 892 5856 quisquis
905 5781 1085 5858 negat,
1113 5794 1287 5858 potest
1296 5781 1489 5861 negare
1512 5792 1753 5851 animam
1767 5810 1874 5853 esse
1888 5812 2008 5868 qua:

2034 4479 2086 4541 D

2037 3099 2081 3163 C
2113 3097 2175 3151 in
2196 3098 2394 3151 somnis
2439 3097 2585 3151 videt
2619 3097 2701 3151 vel
2730 3086 3005 3152 ambulare
3031 3111 3104 3160 se,
3130 3097 3212 3152 vel
3239 3096 3435 3160 sedere,
3464 3097 3550 3151 vel
3580 3097 3704 3164 huc,

2116 3172 2278 3238 atque
2315 3169 2445 3223 illuc
2482 3182 2687 3236 gressu,
2720 3171 2802 3224 vel
2831 3171 2997 3223 etiam
3040 3167 3224 3223 volatu
3252 3170 3398 3235 ferri
3425 3186 3441 3222 :
3468 3168 3559 3222 hoc
3588 3171 3709 3227 sine

2115 3240 2356 3311 quadam
2384 3238 2739 3294 similitudine
2780 3242 3015 3311 corporis
3042 3254 3147 3295 non
3182 3242 3279 3311 Ῐῖι.⁸
3292 3237 3500 3308 Quibus
3528 3238 3711 3311 verbis

2117 3309 2329 3383 videtur
2359 3309 2949 3383 Augustinusinnuere
2988 3311 3227 3383 animam
3265 3309 3565 3383 humanam
3586 3309 3707 3383 pha-

2115 3379 2244 3454 bere
2257 3379 2552 3453 quamdam
2568 3380 2974 3454 similitudinem
2998 3381 3081 3437 sui
3099 3381 3363 3454 corporis,
3392 3397 3472 3454 ac_
3480 3380 3711 3454 proinde

2115 3451 2313 3534 habere
2351 3454 2516 3535 etiam
2533 3468 2759 3535 sensus
2774 3452 3062 3535 quosdam
3085 3451 3289 3509 similes
3314 3451 3710 3535 sensibus_eor-

2113 3524 2318 3604 porcis;
2346 3524 2442 3579 sed
2470 3524 2621 3580 valde
2652 3523 2968 3597 ambiguum
2986 3532 3072 3580 est
3104 3539 3270 3596 quam
3296 3523 3710 3581 similitudinem

2115 3595 2381 3667 intelligat
2412 3614 2424 3647 :
2453 3594 2929 3667 idemquerepetit
2962 3594 3057 3667 libi.
3090 3610 3157 3651 1v
3196 3594 3265 3652 de
3290 3595 3491 3667 Annua
3515 3603 3576 3667 et
3590 3594 3710 3667 ejus

2115 3664 2319 3736 origine
2343 3680 2463 3734 cap.
2507 3671 2593 3733 l7,
2616 3664 2730 3721 ’ubi
2760 3664 2924 3723 etiam
2954 3665 3173 3723 videtur
3197 3681 3387 3722 sensus
3414 3666 3470 3721 in
3491 3664 3712 3722 anima-

2115 3734 2223 3807 bus
2261 3744 2607 3807 mortuorum
2634 3750 2838 3807 ponere
2881 3740 3059 3807 (Tomo
3103 3738 3241 3807 VII).
3293 3737 3505 3792 Citatur
3542 3738 3710 3793 etiam

2114 3805 2217 3861 sub
2240 3805 2468 3878 nomine
2510 3805 2799 3877 Augustini
2842 3805 2906 3864 ex
2932 3808 3027 3865 lib.
3058 3806 3127 3864 de
3158 3805 3352 3878 spiritu
3394 3814 3450 3861 et
3470 3807 3708 3875 Anima,

2114 3875 2261 3947 quod
2290 3880 2477 3931 anima
2500 3875 2739 3932 recedens
2767 3894 2802 3932 a
2830 3895 3064 3948 corpore,
3085 3875 3253 3934 secum
3275 3879 3443 3932 trahit
3468 3892 3706 3943 sensum,

2113 3949 2590 4016 imaginationem,
2644 3950 2995 4013 intellectum,
3063 3950 3615 4020 concupiscibilitatem
3658 3955 3713 4006 et

2115 4020 2541 4092 irascibilitatem
2565 4022 2792 4092 (Tomol
2818 4022 2975 4092 Oper.
2995 4023 3138 4090 Aug.
3157 4037 3201 4076 c.
3228 4025 3339 4087 16).
3365 4022 3505 4076 Item
3524 4035 3589 4076 ex
3613 4020 3708 4078 lib.

2116 4090 2184 4146 de
2227 4091 2434 4146 Eccles.
2484 4090 2903 4163 Dogmatibus’:
2933 4094 3119 4151 Solum
3146 4094 3405 4149 hominem
3447 4093 3715 4148 credimus

2118 4164 2185 4216 ha
2193 4163 2310 4217 bere
2326 4165 2565 4217 animam
2587 4164 2977 4218 substantivam
2997 4163 3080 4231 (id
3097 4172 3199 4233 est,
3225 4178 3321 4235 per
3341 4178 3400 4220 se
3414 4163 3716 4219 subsisten-

2117 4236 2286 4300 tem),
2319 4249 2437 4317 φρει»
2475 4237 2642 4317 eruta
2662 4250 2871 4317 corpore
2894 4237 3063 4317 uiuit,
3102 4239 3542 4317 et‘sensusjuos
3554 4239 3716 4317 atque

2116 4319 2323 4378 organa
2338 4307 2598 4378 oioaciter
2622 4308 2779 4378 tenet.
2805 4305 3014 4378 Eodem
3038 4306 3212 4378 modo
3242 4305 3482 4378 loquitur
3500 4305 3716 4362 Cassio-

2114 4372 2284 4429 dorus
2313 4375 2453 4430 libro
2481 4375 2549 4431 de
2575 4375 2796 4443 Anima,
2815 4376 2998 4432 dicens
3029 4377 3192 4447 (Cap.
3220 4378 3279 4447 8)
3310 4372 3331 4433 ἶ
3347 4378 3550 4433 Anima
3572 4392 3718 4447 sepa-

2116 4450 2242 4519 rata
2271 4460 2306 4497 a
2346 4461 2560 4519 corpore
2596 4447 2770 4501 adhuc
2809 4448 2973 4516 videt,
3012 4448 3192 4519 audit,
3232 4452 3593 4519 imaginahtr,
3622 4464 3717 4503 re-

2117 4515 2389 4590 cordatur.
2414 4516 2667 4590 Denique
2690 4520 2879 4590 Petrus
2898 4515 3244 4590 Lembardus
3268 4515 3364 4588 (In
3386 4524 3444 4583 4,
3467 4520 3596 4573 dist.
3624 4523 3716 4583 44)

2116 4585 2186 4661 ad
2248 4586 2394 4661 hunc
2417 4585 2621 4661 locum
2677 4588 2920 4645 Cassiani
2969 4598 3219 4661 spectans
3273 4585 3285 4644 ἐ
3332 4594 3397 4646 In
3450 4592 3716 4652 Cassiani,

2117 4656 2317 4729 inquit,
2347 4659 2709 4715 voluminibus
2748 4662 2963 4730 legitur,
2997 4656 3155 4731 quod
3194 4677 3302 4716 non
3341 4664 3450 4717 sint
3501 4663 3716 4725 otiose,

2116 4745 2283 4798 neque
2327 4732 2467 4785 nihil
2515 4733 2777 4795 sentiant,
2823 4748 2939 4788 cum
2989 4733 3133 4791 dives
3173 4733 3262 4787 ille
3298 4735 3359 4787 in
3397 4734 3613 4799 inferno
3665 4748 3722 4787 se

2116 4802 2335 4875 flamma
2377 4804 2615 4856 cruciari
2649 4804 2865 4873 clamet’;
2894 4804 3037 4859 unde
3063 4804 3333 4875 probatur
3374 4806 3589 4858 animas
3621 4804 3719 4857 de-

2119 4874 2429 4939 functorum
2475 4889 2581 4928 non
2628 4875 2798 4929 solum
2855 4878 2966 4930 suis
3023 4874 3260 4930 sensibus
3306 4891 3413 4929 non
3469 4876 3716 4944 privari,

2120 4944 2213 5016 sed
2235 4959 2328 4997 nec
2365 4946 2486 4998 istis
2530 4945 2851 5012 affectibus,
2894 4947 3089 5002 scilicet
3117 4961 3241 5016 spe,
3275 4948 3533 5009 tristitia,
3575 4962 3723 5015 gau-

2122 5014 2229 5078 dio,
2261 5030 2322 5069 ac
2342 5019 2487 5071 metu
2513 5031 2722 5083 carere;
2743 5022 2794 5072 et
2818 5032 2885 5071 ea:
2903 5018 2986 5072 his
3011 5014 3265 5088 quce'sibi
3278 5020 3337 5072 in
3364 5018 3458 5071 illo
3480 5014 3727 5085 generali

2119 5088 2363 5141 examine
2384 5093 2739 5160 reservantur,
2772 5104 2860 5143 eas
2891 5091 3135 5159 quaedam
3156 5089 3279 5158 jam
3318 5091 3551 5159 incipere
3568 5103 3727 5160 prce-

2120 5162 2362 5229 gustare.
2393 5157 2484 5214 Sic
2517 5158 2634 5229 ipse
2654 5157 3092 5217 Cassiani—verba
3120 5157 3371 5216 recitans.
3402 5157 3505 5215 His
3532 5157 3729 5217 aucto-

2119 5227 2388 5303 ritatibus,
2419 5237 2480 5303 ut
2512 5227 2730 5303 opinor,
2762 5239 2950 5303 motus
2984 5235 3055 5287 D.
3090 5230 3329 5288 Thomas
3357 5231 3729 5303 quaestionem

2118 5297 2262 5375 hanc
2302 5297 2568 5375 pluribus‘
2595 5299 2649 5356 in
2676 5297 2806 5358 lucis
2843 5302 3049 5375 agitat:
3084 5305 3275 5359 Utrum
3317 5297 3493 5358 omnes
3520 5306 3726 5372 poten-

2118 5373 2210 5425 tite
2237 5374 2431 5445 animce
2472 5378 2781 5430 remaneant
2809 5373 3081 5430 inanima
3110 5392 3144 5429 a
3181 5390 3393 5445 corpore
3421 5376 3731 5443 separata?

2117 5456 2347 5512 eamque
2394 5443 2448 5498 in
2487 5445 2714 5502 Summa
2768 5445 2842 5501 ita
2888 5447 3113 5503 iasolvit
3166 5466 3178 5501 :
3234 5443 3519 5503 Dicendum
3570 5445 3730 5514 quod

2116 5528 2289 5587 omnes
2294 5518 2552 5584 potentia:
2560 5519 2757 5573 anima:
2776 5523 3164 5587 comparantur
3178 5519 3254 5573 ad
3266 5520 3500 5574 animam
3523 5517 3727 5581 solam,

2115 5586 2252 5640 sicut
2264 5586 2338 5660 ad
2354 5589 2704 5658 principium.
2727 5590 2831 5646 Sed
2846 5586 3097 5659 quaedam
3118 5593 3373 5660 potentia:
3390 5604 3731 5659 comparan-

2116 5660 2205 5711 tur
2230 5657 2305 5711 ad
2330 5657 2567 5715 animam
2586 5662 2776 5729 solam,
2804 5657 2940 5717 sicut
2968 5663 3043 5717 ad
3067 5657 3384 5732 subjectum,
3420 5666 3483 5716 ut
3501 5657 3729 5718 intelle—

2114 5732 2229 5784 ctus
2249 5732 2300 5786 et
2318 5733 2587 5806 voluntas,
2599 5737 2649 5787 et
2667 5734 2975 5803 hujusmodi
2987 5736 3246 5806 potentia:
3264 5748 3467 5789 necesse
3483 5738 3566 5790 est
3582 5733 3731 5804 quod

2114 5806 2369 5859 maneant
2409 5805 2470 5859 in
2493 5806 2677 5862 anima
2716 5820 2933 5876 corpore
2970 5806 3256 5864 destructo.
3291 5806 3551 5873 Quaedam
3604 5821 3727 5861 vein
