4012 6192
363 225 457 276 501

1110 222 1457 279 COLLATIO
1499 226 1537 278 l.
1578 174 1779 304 -ἶιιξ
1812 190 2122 282 ΜΟΝΑΟΗΙ
2163 227 2577 284 ΙΝΤΕΝΤΙΟΝΕ
2615 230 2700 283 AC
2739 229 2912 284 FlNE.

3557 238 3660 292 502

359 359 492 402 nem
530 344 688 418 hujus
731 347 975 418 corporis
1018 346 1248 417 animae,
1290 362 1464 421 neque
1510 347 1645 404 nihil
1682 350 1950 418 sentiant,
1980 353 2033 418 Α
2060 366 2211 421 zaro,
2241 360 2297 408 et
2321 351 2492 409 divite
2519 360 2783 425 purpurto
2812 352 3135 425 proferatur,
3191 354 3431 413 ostendit
3471 360 3654 425 (Luca:

360 440 528 498 etiam
554 440 826 513 Evangelii
865 440 1152 514 parabola,
1196 456 1318 514 qum
1345 441 1414 499 de
1449 441 1543 499 illo
1572 458 1809 515 paupere
1847 445 1955 499 La-

2064 445 2235 512 xvf);
2266 460 2499 517 quorum
2518 461 2662 504 unus
2685 446 3052 505 beatissimam
3070 448 3278 519 sedem,
3306 448 3362 508 id
3380 453 3483 520 est,
3505 450 3658 508 sinus

1458 649 1715 705 ALARDI
1751 649 1977 704 GAZzEI
2012 649 2567 707 COMMENTARIUS.

348 829 609 899 potentia
639 832 762 883 sunt
798 830 857 883 in
885 828 1155 899 conjuncta
1186 828 1273 899 (id
1301 832 1400 896 est,
1429 830 1729 898 composito,
1756 811 1952 884 scilicet

351 898 600 965 homine)
625 902 762 955 sicut
778 902 835 955 in
858 898 1116 970 subjecto,
1144 903 1282 956 sicut
1308 916 1483 954 omnes
1500 902 1750 969 potentiae
1784 902 1946 955 sensi-

240 980 245 987 '
352 970 483 1022 time
497 973 707 1038 partis.
744 976 794 1026 et
834 975 1134 1027 nutritiva
1174 977 1447 1028 Destructo
1500 975 1678 1025 autem
1719 972 1949 1041 subjecto

352 1055 459 1093 non
470 1045 647 1111 potest
671 1042 915 1097 accidens
954 1059 1241 1098 remanere.
1282 1043 1427 1098 Unde
1458 1045 1702 1111 corrupto
1721 1043 1949 1111 conjun-

350 1114 435 1185 cto
463 1109 549 1176 (id
570 1120 673 1179 est,
692 1114 1025 1185 composito)
1061 1130 1163 1168 non
1189 1119 1405 1167 manent
1431 1109 1739 1181 hujusmodi
1760 1109 1946 1182 poten-

349 1183 447 1235 tia:
487 1188 653 1245 actu,»
673 1185 767 1240 sed
804 1183 1000 1240 uirtute
1021 1189 1229 1239 tantum
1252 1188 1471 1239 manent
1490 1186 1550 1237 in
1585 1186 1785 1247 anima,
1811 1187 1948 1238 sicut

348 1254 410 1324 in
436 1256 726 1324 principio,
747 1257 827 1309 vel
844 1257 1037 1310 radice.
1053 1259 1125 1311 Et
1151 1258 1225 1311 sic
1236 1257 1443 1323 falsum
1462 1260 1539 1310 est
1557 1256 1701 1324 quod
1724 1256 1948 1324 quidam

348 1322 561 1385 dicunt,
586 1322 894 1393 huiusmodi
907 1329 1175 1395 potentias
1202 1329 1259 1380 in
1289 1329 1470 1381 anima
1500 1322 1767 1380 remanere
1786 1328 1946 1395 etiam

348 1399 600 1463 corrupto
629 1411 857 1466 corpore.
888 1401 961 1452 Et
995 1398 1162 1452 multo
1186 1398 1383 1463 falsius
1407 1397 1552 1466 quod
1576 1398 1763 1451 dicunt
1784 1400 1947 1451 etiam

346 1468 497 1519 actus
523 1466 718 1520 harum
740 1471 1103 1536 potentiarum
1124 1484 1392 1523 remanere
1402 1470 1459 1522 in
1476 1470 1659 1522 anima
1672 1473 1943 1538 separata,

348 1539 481 1605 quia
504 1538 698 1591 talium
718 1542 1078 1607 potentiamm
1106 1540 1259 1594 nulla
1277 1546 1355 1596 est
1370 1542 1529 1604 actio,
1556 1541 1772 1609 nisipcr
1785 1556 1945 1608 orga-

345 1624 479 1681 num
496 1624 822 1681 corporeum.
847 1611 932 1665 lta
957 1612 1013 1666 S.
1031 1610 1270 1666 Thomas
1299 1613 1351 1679 (ι
1370 1615 1607 1681 part.,4,
1630 1617 1722 1673 77,
1751 1616 1857 1664 art.
1877 1616 1943 1676 8;

345 1680 476 1752 inft,
494 1680 624 1734 dist.
643 1686 732 1752 44,
750 1698 803 1751 q.
832 1687 887 1751 3,
913 1698 967 1737 α.
988 1688 1039 1747 3,
1070 1700 1120 1752 q.
1147 1689 1207 1751 1;
1234 1686 1283 1737 et
1301 1680 1545 1752 qu’odlib.
1568 1687 1626 1748 7,
1660 1686 1745 1752 t4,
1768 1697 1820 1735 a.
1854 1684 1935 1748 8).

345 1749 437 1806 Ad
459 1749 840 1825 apctoritatem
869 1749 934 1808 ex
981 1749 1116 1810 libro
1154 1749 1223 1809 de
1264 1749 1468 1825 spiritu
1507 1760 1563 1808 et
1607 1751 1811 1819 anima,
1849 1769 1936 1808 re-

342 1820 577 1893 spondet
611 1824 831 1879 Librum
866 1825 1023 1879 illum
1048 1840 1151 1880 non.
1175 1820 1366 1880 habere
1410 1826 1802 1893 auctoritatem,
1826 1840 1938 1879 non

346 1892 497 1966 enim
524 1901 609 1948 est
636 1894 953 1966 Augustini;
980 1894 1051 1950 de
1076 1911 1183 1966 quo
1214 1895 1332 1952 vide
1356 1895 1753 1951 Bellarminum
1779 1892 1932 1961 (Lib.

344 1964 414 2037 de
444 1965 701 2037 Scriptor.
733 1964 872 2021 Eccl.
912 1970 970 2021 in
1006 1964 1359 2037 Augustino).
1397 1969 1575 2022 Potest
1614 1974 1789 2021 tamen
1811 1967 1942 2030 dici,

342 2034 540 2105 inquit,
567 2037 709 2105 quod
731 2040 913 2091 anima
939 2034 1116 2093 secum
1146 2039 1318 2093 trahit
1348 2037 1656 2107 hujusmodi
1681 2040 1944 2107 potentias

343 2121 449 2160 non
473 2112 617 2180 actu,
642 2109 736 2163 sed
754 2110 975 2180 virtute.
1005 2109 1167 2178 Quod
1193 2107 1432 2180 intellige
1456 2108 1524 2164 de
1551 2107 1942 2180 sensibuscor-

345 2177 637 2258 porei§,__ct
664 2177 1082 2258 imaginatione,
1111 2187 1165 2236 et
1182 2177 1440 2258 appetitu
1455 2177 1855 2258 concupiscibili
1894 2189 1947 2235 et

346 2247 632 2316 irascibili;
678 2247 811 2305 nam
862 2247 1304 2307 intellectum'ét
1354 2247 1692 2306 voluntatem
1733 2258 1943 2307 certum

345 2329 433 2394 est
451 2330 821 2394 manereactu
843 2322 906 2394 in
929 2322 1110 2394 anima
1140 2328 1387 2394 separata
1418 2342 1430 2377 :
1460 2320 1721 2394 memoria
1759 2330 1943 2377 autem

344 2389 722 2475 intellectualis
776 2392 952 2475 reipsa
987 2393 1159 2475 idem
1201 2389 1303 2448 'est
1331 2408 1473 2475 cum
1539 2390 1842 2475 intellectu,
1867 2402 1943 2475 __et

346 2470 559 2548 tantmn
580 2465 794 2548 ratione
822 2460 1035 2548 differt,
1063 2465 1129 2548 de
1168 2479 1271 2548 qua
1298 2460 1704 2548 etiamepuloni
1727 2463 1952 2548 sepulto
2050 2477 2157 2548 ρος.
2179 2462 2528 2548 Γειιίνιιθδῐὶιιι

342 2532 401 2587 in
427 2532 639 2591 inferno
667 2535 876 2592 dictum
906 2538 1035 2591 est":
1066 2532 1379 2597 Recordare,
1401 2535 1502 2604 ﬁli,
1522 2532 1662 2604 quia
1701 2532 1943 2605 recepisti

342 2606 479 2659 bona
498 2608 554 2661 in
586 2609 700 2661 vita
730 2612 824 2661 tua
846 2610 1001 2672 (Luc.
1032 2611 1188 2673 xvn),
1212 2613 1317 2661 etc.
1352 2605 1607 2662 Similiter
1639 2614 1695 2661 et
1720 2605 1855 2663 liber
1873 2605 1942 2662 de

342 2676 741 2752 Ecclesiasticis
767 2677 1131 2752 Dogmatibus
1154 2692 1267 2733 non
1295 2685 1377 2733 est
1400 2680 1472 2731 D.
1498 2675 1818 2752 Augustini,
1845 2676 1942 2733 sed

339 2747 632 2821 Gennadii
652 2747 1001 2821 Massiliensis
1042 2765 1155 2805 non
1188 2763 1404 2821 magnae
1439 2747 1773 2821 auctoritatis
1798 2747 1942 2803 inter

337 2818 734 2892 ecclesiasticos
758 2819 1091 2892 scriptores:
1138 2819 1233 2891 qui
1260 2818 1444 2875 tamen
1486 2820 1653 2877 etiam
1699 2818 1938 2890 seipsum

336 2896 489 2944 recte
525 2891 775 2962 explicat,
800 2890 934 2947 dum
983 2890 1056 2946 ait
1083 2890 1239 2959 (cap.
1274 2894 1409 2959 19):
1444 2896 1659 2949 Duabus
1686 2892 1934 2945 substan-

334 2962 435 3015 tiis
468 2964 683 3017 tantum
706 2967 909 3017 constat
936 2964 1116 3025 homo,
1148 2964 1335 3016 anima
1363 2966 1412 3016 et
1440 2978 1653 3033 corpore
1696 2981 1711 3016 :
1753 2965 1937 3017 anima

332 3046 462 3085 cum
492 3036 701 3087 ratione
727 3049 857 3095 sua,
888 3036 937 3087 et
971 3048 1182 3101 corpore
1205 3048 1323 3086 cum
1366 3036 1601 3090 sensibus
1627 3036 1758 3089 suis.
1797 3036 1937 3100 Quos

331 3106 523 3155 tamen
552 3118 735 3157 sensus
763 3104 963 3171 absque
991 3104 1188 3157 anima:
1210 3104 1453 3157 societate
1491 3121 1596 3158 non
1624 3108 1793 3158 movet
1819 3119 1938 3157 cor-

321 3188 478 3243 pus.‘
497 3174 698 3243 Anima
719 3189 841 3227 vero
866 3177 915 3243 et
935 3175 1049 3225 sine
1072 3188 1295 3243 corpore
1313 3175 1572 3227 rationale
1595 3190 1751 3227 suum.
1775 3176 1932 3226 tenet.

326 3240 514 3298 Unde
540 3240 705 3297 infert
744 3245 800 3299 S.
833 3242 1075 3298 Thomas
1110 3240 1399 3311 (Quodlib.
1446 3250 1476 3297 7
1527 3249 1635 3298 art.
1664 3247 1726 3306 8)
1755 3262 1770 3296 :
1801 3247 1939 3311 Ergo

328 3314 604 3385 defuncta
645 3330 803 3369 carne
835 3315 1090 3385 potentia:
1130 3315 1397 3368 sensitivce
1436 3330 1537 3368 non
1586 3317 1820 3369 manent.
1854 3314 1937 3369 Ad

330 3382 739 3457 Cassiodorum
768 3382 1086 3457 respondet,
1125 3385 1270 3453 quod
1300 3386 1440 3457 sicut
1485 3386 1813 3455 operationcs
1848 3400 1938 3457 ro-

334 3456 570 3509 luntatis
597 3461 816 3527 propter
851 3456 1142 3526 quamdam
1182 3456 1587 3511 similitudinem
1636 3456 1938 3511 nominibus

2059 831 2241 897 tanget
2266 831 2390 883 illas
2428 835 2747 886 tormentum
2773 834 2980 888 mortis.
3014 834 3138 903 Sap.
3168 847 3262 888 ιιι.
3304 836 3375 889 Et
3395 834 3557 889 nolite
3580 837 3656 889 ti-

2058 916 2194 953 mere
2213 915 2296 955 eos
2314 904 2412 975 qui
2437 903 2679 975 occidunt
2702 918 2917 975 corpus,
2939 906 3177 960 animam
3204 908 3383 975 autem
3405 920 3511 960 non
3534 921 3658 975 pos—

2053 975 2180 1024 sunt
2199 973 2448 1047 occidere.
2488 975 2551 1026 In
2581 972 2844 1047 Symbolo
2872 982 2987 1047 tam
3028 974 3340 1045 Apostolico
3369 972 3658 1047 quam'Ni-

2055 1055 2209 1096 caeno
2257 1050 2320 1114 et
2350 1043 2760 1113 Constantinop.
2816 1043 3138 1114 proﬁtemur
3198 1043 3657 1103 Resurrectionem

2052 1113 2249 1179 carnis,
2278 1113 2390 1168 sive
2414 1119 2773 1188 mortuorum,
2795 1113 2845 1169 et
2868 1117 3037 1188 vitam
3068 1120 3321 1188 aeternam
3337 1158 3353 1179 ,
3378 1132 3501 1188 quae
3540 1119 3657 1174 ani-

2054 1197 2203 1238 mam
2232 1192 2481 1255 nostram
2518 1184 2775 1255 supponit
2820 1200 2936 1241 esse
2964 1186 3352 1241 immortalem.
3392 1184 3537 1244 Hinc
3577 1189 3658 1245 di-

2053 1269 2151 1337 vus
2178 1253 2543 1337 {lieronymus
2568 1253 2850 1337 adlocuta
2873 1256 3257 1337 illum'lviatth.
3299 1273 3471 1337 xxu,_
3488 1273 3652 1337 quem

2054 1323 2139 1379 hic
2163 1325 2291 1381 citat
2322 1323 2486 1381 etiam
2515 1330 2724 1400 Auctor
2756 1348 2767 1382 :
2798 1328 2889 1382 Ad
2926 1330 3295 1400 ceternitatem,
3319 1323 3523 1400 inquit,
3542 1333 3653 1386 ani-

2054 1412 2261 1471 marum
2284 1399 2641 1466 probandam,
2682 1399 2747 1453 de
2764 1401 2905 1456 Mose
2924 1398 3005 1469 (id
3033 1407 3149 1467 est,
3178 1400 3247 1456 de
3273 1398 3424 1456 libris
3448 1400 3648 1471 Mo‘sis)

2048 1470 2203 1536 ponit
2243 1471 2541 1538 exemplum
2569 1489 2585 1524 :
2616 1474 2729 1539 Ego
2762 1486 2882 1525 sum
2916 1474 3055 1526 Deus
3089 1472 3389 1535 Abraham,
3414 1472 3480 1526 'et
3511 1477 3650 1529 Deus

2054 1542 2235 1599 Isaac,
2264 1545 2314 1595 et
2349 1545 2490 1597 Deus
2516 1541 2671 1596 Iacob
2700 1542 2906 1608 (Exod.
2934 1546 3064 1609 ιιι).
3099 1544 3398 1611 Statimque
3434 1546 3601 1611 infert
3631 1564 3647 1599 :

2055 1612 2173 1666 Non
2214 1614 2291 1663 est
2330 1616 2660 1666 mortuorum
2707 1616 2867 1675 Deus,
2914 1614 3007 1666 sed
3044 1615 3329 1666 viventium
3369 1632 3385 1666 :
3430 1619 3493 1667 ut
3532 1631 3683 1668 cum-

2042 1681 2354 1748 probaverit
2382 1685 3034 1751 animaspermanerepost
3056 1687 3274 1737 mortem
3291 1684 3311 1750 (
3324 1699 3490 1752 neque
3510 1688 3650 1738 enim

2040 1754 2256 1820 poterat
2280 1755 2401 1821 ﬁeri
2424 1758 2486 1807 ut
2506 1770 2682 1808 eorum
2717 1759 2849 1807 esset
2891 1758 3028 1809 Deus
3052 1756 3147 1822 qui
3170 1770 3508 1823 nequaquam
3530 1757 3653 1809 sub-
3683 1775 3690 1781 ο

2045 1824 2349 1889 sisterent),
2399 1829 2772 1894 consequenter
2808 1825 3232 1880 introduceretur
3276 1830 3327 1879 et
3370 1841 3649 1894 corporum

2046 1897 2387 1965 resurrectio,
2437 1911 2558 1965 qua:
2606 1911 2723 1949 cum
2765 1896 3048 1951 animabus
3100 1897 3234 1950 bona
3280 1896 3491 1950 malure
3537 1913 3681 1965 ges-7

2051 1970 2251 2037 serunt.
2277 1964 2379 2019 His
2408 1964 2633 2037 demum
2663 1966 2890 2022 accessit
2932 1981 3183 2037 expressa
3221 1966 3484 2023 Ecclesiae
3512 1964 3649 2023 deﬁ-

2054 2034 2193 2091 nitio
2248 2036 2304 2091 in
2347 2036 2579 2092 concilio
2614 2037 2965 2093 Lateranensi
3001 2034 3236 2101 'ultimo,
3289 2052 3421 2093 sess.
3456 2038 3515 2104 ’8,
3556 2038 3648 2094 ubi

2052 2107 2215 2162 etiam
2252 2107 2541 2164 damnatur
2584 2108 2684 2163 iste
2729 2107 2931 2163 modus
2979 2107 3234 2179 loquendi
3276 2126 3289 2160 :
3323 2110 3526 2164 Anima
3570 2115 3649 2165 est

2052 2180 2371 2233 immortalis
2406 2180 2691 2234 secundum
2718 2180 2913 2249 fidem;
2940 2179 3034 2234 sed
3074 2179 3323 2233 mortalis
3357 2180 3646 2235 secundum

2054 2251 2330 2320 rationem,
2358 2249 2441 2305 vel
2468 2252 2886 2320 philosophiam.
2917 2251 3039 2320 Quo
3063 2249 3360 2307 utebantur
3397 2251 3642 2307 nonnulli

2052 2319 2408 2392 philosophiae
2444 2319 2926 2379 nimium’addicti.
2948 2319 3111 2378 Circa
3138 2321 3390 2388 tertium,
3429 2322 3644 2378 animas

2048 2400 2363 2465 sanctorum
2395 2408 2425 2448 a
2447 2393 2779 2465 corporibus,
2794 2401 3071 2465 separatas
3091 2408 3200 2465 non
3224 2392 3403 2450 videre
3432 2395 3638 2463 Deum,

2531 2410 2544 2447 τ
2583 2409 2767 2449 oribus
2794 2409 3071 2465 separatas
3091 2409 3200 2449 non
3224 2409 3403 2450 vnaere
3432 2409 3638 2463 neum,

2531 2409 2919 2536 dinecoelesti,
2948 2463 3047 2536 sed
3089 2463 3158 2536 ad
3179 2479 3359 2536 usque
3413 2465 3641 2520 extremi

2042 2531 2408 2606 judiciiqdiem
2430 2534 2633 2590 servari
2659 2534 3063 2606 in‘quibusdam
3091 2531 3291 2606 abditis
3308 2604 3314 2606 Α
3330 2543 3644 2606 receptacu-

2052 2603 2141 2669 lis,
2162 2604 2256 2658 ubi
2286 2618 2387 2659 nec
2422 2607 2606 2674 Deum
2644 2603 2880 2672 videant,
2915 2619 3015 2659 nec
3050 2604 3225 2660 beatae
3263 2604 3371 2660 dici
3402 2603 3640 2674 possint,

2048 2673 2149 2756 nisi
2186 2673 2242 2755 in
2270 2689 2405 2756 sp_e,.
2435 2673 2723 2756 d‘oc_ui‘tuin
2750 2674 2957 2756 primis
3000 2674 3362 2756 Tertulliapus
3400 2673 3644 2756 pluribus

2048 2690 2149 2755 nis:
2186 2690 2242 2755 in
2270 2690 2390 2798 eis,
2435 2690 2620 2730 nocuit
2665 2690 2723 2728 ιιι
2767 2690 2957 2756 primis
3007 2690 3362 2755 rertuuianus
3400 2690 3643 2755 pluribus

2046 2760 2101 2799 in
2120 2744 2273 2799 locis.
2360 2745 2516 2801 einde
2530 2744 2883 2816 Vigilarmus,
2913 2760 3075 2816 quem
3098 2744 3406 2816 suggillans
3424 2747 3643 2800 D.Hie-

2045 2830 2310 2887 ronymus
2336 2818 2481 2882 (Lib.
2510 2814 2695 2871 contra
2727 2814 3026 2885 Vigilant.)
3059 2835 3074 2870 :
3100 2814 3229 2879 Ais,
3262 2814 3453 2887 inquit,
3478 2816 3559 2869 vel
3585 2818 3643 2870 in
3744 2865 3763 2878 ,

2044 2886 2168 2941 sinu
2196 2888 2447 2952 Abralue,
2479 2888 2560 2943 vel
2584 2891 2642 2942 in
2673 2888 2779 2942 loco
2819 2888 3117 2957 refrigerii,
3156 2887 3238 2942 vel
3276 2886 3451 2941 subter
3483 2902 3640 2941 aram

2043 2960 2143 3012 Dei
2166 2960 2380 3013 animas
2403 2960 2761 3029 apostolorum
2787 2963 2837 3014 et
2862 2963 3159 3027 martyrum
3203 2957 3518 3021 consedisse,
3547 2972 3640 3013 nec

2038 3045 2191 3098 posse
2227 3032 2337 3085 suis
2361 3033 2582 3085 tumulis
2611 3036 2662 3084 et
2680 3029 2773 3085 ubi
2800 3031 3067 3084 voluerint
3089 3044 3196 3084 esse
3212 3033 3502 3099 praesentes
3520 3044 3639 3083 :se-

2043 3103 2270 3155 natorice
2300 3103 2541 3157 videlicet
2558 3102 2845 3169 dignitatis
2863 3106 3019 3164 sunt,
3041 3104 3105 3155 ut
3130 3115 3235 3155 non
3254 3102 3397 3155 inter
3420 3101 3640 3155 homici-

2044 3171 2143 3225 das
2164 3174 2434 3228 teterrimo
2457 3188 2693 3234 carcere,
2716 3173 2808 3226 sed
2838 3175 2897 3226 in
2916 3172 3089 3227 libera
3117 3173 3439 3239 honestoque
3467 3176 3640 3227 custo-

2046 3241 2166 3312 dia,
2196 3244 2251 3294 in
2269 3244 2664 3309 fortunatorum
2684 3243 2897 3306 insulis,
2921 3248 2972 3299 et
2996 3244 3056 3297 in
3082 3245 3285 3312 campis
3311 3243 3512 3311 Elysiis
3547 3259 3637 3298 re-

2046 3311 2352 3384 cludantur.
2384 3314 2503 3369 Hos
2540 3312 2710 3369 secuti
2753 3321 2880 3368 sunt
2904 3312 3112 3384 Graeci,
3148 3311 3215 3368 ut
3238 3320 3384 3384 patet
3405 3328 3473 3368 ex
3502 3327 3635 3384 con-

2045 3379 2171 3436 cilio
2213 3382 2451 3456 Elorent,
2501 3398 2635 3440 sess.
2685 3389 2755 3456 1,
2788 3398 2851 3456 ac
2892 3379 3341 3456 demumhnostri
3373 3383 3635 3456 temporis

2043 3452 2271 3518 sectarii,
2315 3453 2617 3520 Lutherus,
2665 3453 2943 3523 Calvinus,
2974 3463 3029 3510 et
3076 3453 3209 3517 alii,
3238 3462 3299 3511 ut
3334 3452 3515 3511 videre
3550 3462 3633 3511 est

326 3512 670 3598 passionum,
691 3512 815 3597 qua:
847 3512 973 3583 sunt
1000 3530 1057 3582 in
1088 3529 1333 3597 appetitu
1357 3530 1731 3596 sensitiro;ita
1772 3530 1935 3582 etiam
1969 3512 2015 3577 C
2042 3523 2186 3598 apud
2214 3512 2614 3583 Bellarminum'
2635 3525 2781 3598 (Lib.
2808 3512 3143 3598 Ipde'Beatis,
3177 3512 3296 3598 cap.
3326 3531 3347 3582 1
3386 3534 3442 3583 et
3463 3530 3630 3597 seq.),

330 3597 637 3652 intellectus
673 3602 1000 3669 operationes
1041 3600 1397 3653 nominantur
1439 3600 1505 3653 ab
1544 3599 1937 3669 curationibus

329 3682 589 3741 sensuum
628 3674 848 3739 propter
886 3670 1320 3741 similitzulinmn;
1356 3673 1405 3724 et
1432 3672 1508 3726 sic
1546 3672 1785 3741 loquitur
1815 3672 1936 3741 Cas-

328 3738 600 3813 siodorus.
628 3738 824 3811 ’Atque
853 3740 1048 3813 eodem
1074 3739 1246 3796 modo
1285 3743 1489 3811 exponi
1518 3738 1699 3813 potest
1725 3740 1932 3813 Cassiao

331 3823 473 3880 nus,
503 3810 638 3866 dum
664 3810 756 3867 ait
798 3810 1385 3880 animamiseparatam,
1421 3810 1544 3880 non
1586 3826 1769 3868 carere
1814 3810 1935 3866 istis

328 3877 654 3952 affectibus,
685 3897 881 3952 nempe
929 3877 1221 3952 gaudio—et
1245 3878 1498 3952 tristitia,
1529 3895 1625 3952 spe
1662 3889 1718 3935 et
1759 3888 1931 3952 metu.

325 3952 481 4027 Nam
510 3945 651 4008 sicut
677 3945 1219 4027 beatorumianimm
1270 3945 1505 4027 gaudenl
1543 3945 1636 4027 de
1660 3948 1933 4027 praemiis,

319 4023 654 4079 ita‘certum
678 4029 761 4077 est
783 4020 1169 4075 damnatorum
1196 4016 1408 4072 animas
1437 4016 1638 4073 tristari
1664 4016 1732 4073 dc
1765 4018 1938 4087 poenis

318 4091 798 4171 etispppliciisuet
826 4089 1016 4171 eadem
1044 4094 1308 4156 metuere,
1329 4095 1395 4171 ut
1420 4094 1570 4171 patet
1591 4087 1660 4145 de
1686 4086 1935 4171 epulone.

319 4171 373 4221 A
388 4158 763 4233 t_hujusmodi
791 4160 1065 4233 passiones
1089 4174 1201 4233 non
1220 4164 1349 4233 sunt
1374 4158 1642 4231 appetitus
1660 4158 1900 4216 sensitivi
1919 4199 1934 4226 ,

321 4230 436 4291 sed
467 4230 869 4288 intellectivi'et
909 4230 1204 4303 rationalis.
1227 4232 1379 4303 Spes
1406 4230 1614 4303 iautem
1659 4245 1787 4303 eum
1835 4246 1935 4287 nec

321 4303 510 4363 beatis
553 4318 656 4359 nec
695 4302 968 4360 damnatis
1013 4302 1322 4366 conveniat,
1351 4302 1484 4359 solis
1534 4302 1821 4360 animabus
1876 4302 1933 4358 in

319 4374 655 4447 purgatorio
672 4372 1049 4447 existentibus
1092 4373 1257 4430 tribui
1289 4382 1496 4447 potest,
1523 4375 1664 4432 sicut
1690 4382 1745 4447 et
1772 4373 1928 4431 ﬁdes.

322 4444 566 4517 Spei-ant
596 4446 741 4502 enim
772 4454 826 4503 et
863 4444 1092 4501 credunt
1112 4444 1570 4503 vitam'aeternam
1599 4454 1654 4503 et
1690 4446 1924 4515 beatam,

323 4532 504 4591 quam
530 4517 774 4591 nondum
798 4517 1061 4591 obtinent.
1200 4537 1207 4547 -

406 4588 600 4657 Quoad
638 4589 967 4656 secundum,
998 4596 1187 4644 contra
1227 4586 1694 4644 immortalitatem
1725 4588 1925 4645 animae

326 4660 617 4717 rationalis
655 4659 766 4717 duo
807 4659 1130 4715 exstiterunt
1178 4673 1404 4715 errores.
1458 4658 1673 4714 Primus
1726 4659 1926 4716 Saddu-

326 4745 610 4803 caeorum,
652 4731 743 4803 qui
794 4730 992 4803 anima:
1040 4728 1508 4803 immortalitatem
1543 4729 1839 4803 negabant,
1871 4738 1921 4786 et

2045 3596 2136 3670 qui
2174 3596 2313 3653 hanc
2338 3595 2765 3670 controversiam
2813 3595 2933 3654 fuse
2965 3606 3019 3654 et
3053 3595 3301 3670 acCurafte
3328 3595 3631 3670 pertracta-

2046 3667 2150 3734 vit,
2190 3676 2246 3722 et
2291 3669 2475 3725 multis
2523 3667 3469 3740 Seripturarumtestimoniis,'nec
3520 3684 3632 3723 non

2044 3746 2354 3796 sanctorum
2378 3742 2603 3795 Patrum
2632 3738 3072 3804 auctoritatibus,
3104 3747 3336 3809 partem
3361 3738 3634 3809 afﬁrman-

2042 3815 2156 3863 tem
2201 3818 2262 3867 ut
2300 3810 2625 3867 catholicam
2661 3810 2950 3866 veritatem
2999 3806 3222 3877 astruit;
3262 3806 3401 3862 nihil
3432 3816 3493 3863 ut
3518 3822 3637 3877 am-

2044 3878 2185 4000 plius
2209 3880 2334 3960 addi
2358 3889 2456 3937 aut
2490 3880 2694 3953 requiri
2719 3894 2878 3951 posse
2910 3878 3189 3936 videatur:
3212 3876 3381 3961 quem
3409 3876 3636 3949 proinde

2062 3953 2231 4000 ectori
2269 3950 2577 4000 adeundum
2614 3959 2669 4000 et
2703 3949 3103 4000 consulendum
3154 3950 3497 4000 relinquens.
3525 3947 3634 4000 duo

2062 3949 2231 4002 ectori
2269 3947 2587 4006 adeundunf
2614 3959 2669 4005 et
2703 3947 3104 4007 consulendum
3154 3947 3497 4018 relinquens,
3525 3947 3634 4003 duo

2044 4024 2262 4073 tantum
2289 4019 2371 4074 vel
2412 4021 2515 4075 tria
2543 4019 2702 4089 hujus
2742 4020 3010 4075 doctrinae
3043 4020 3411 4089 stabilimenta
3440 4032 3637 4089 propo-
3672 4040 3681 4044 ·

2045 4102 2203 4156 nam;
2236 4104 2488 4161 quorum
2528 4087 2768 4161 primum
2811 4097 2912 4161 es_t__
2936 4088 3192 4161 Ecclesiae
3231 4087 3633 4161 testimonium;

2044 4172 2173 4229 cum
2217 4157 2285 4215 de
2325 4159 2380 4214 S.
2412 4157 2705 4229 Gregorio,
2733 4167 2787 4213 et
2826 4157 2943 4214 aliis
2987 4157 3190 4216 sanctis
3233 4157 3638 4216 confessoribus

2044 4228 2173 4284 dicit
2200 4234 2400 4292 :Deus,
2441 4228 2549 4299 qui
2566 4232 2761 4284 anima:
2794 4230 2996 4297 famuli
3023 4233 3108 4286 tui
3145 4231 3402 4302 Gregorii,
3431 4230 3514 4288 vel
3538 4234 3633 4302 N.,

2043 4304 2252 4379 aeterna:
2292 4302 2912 4379 beatitudinisuprcemia
2941 4304 3240 4379 cpntulisti,
3285 4311 3637 4379 etc.;_secun—

2040 4370 2173 4428 dum
2212 4372 2445 4430 duorum
2488 4370 2841 4430 concilibrum
2880 4370 3365 4433 oecumenicorum.
3406 4375 3634 4434 Floren-

2041 4442 2139 4520 tini
2181 4453 2235 4520 et
2262 4444 2587 4520 Tridentini,
2621 4446 2917 4520 auctoritas
2964 4455 3019 4504 et
3045 4446 3307 4520 deﬁnitio.
3354 4447 3632 4520 Siquidem

2038 4514 2142 4588 hoc
2178 4517 2358 4588 ipsum
2379 4516 2665 4574 deﬁnitum
2692 4526 2778 4575 est
2801 4519 2858 4574 in
2886 4519 3111 4575 concilio
3130 4514 3472 4586 Florentino,
3497 4535 3631 4576 sess.

2038 4587 2160 4652 ult.,
2200 4587 2294 4646 ubi
2341 4589 2518 4645 Graeci
2571 4588 2789 4645 tandem
2840 4588 2911 4645 ad
2946 4591 3202 4646 Ecclesiae
3237 4590 3504 4644 unitatem
3542 4603 3630 4643 re-

2036 4657 2202 4721 ducti,
2230 4660 2392 4716 simul
2426 4676 2552 4715 cum
2589 4660 2827 4725 Latinis,
2851 4674 2916 4714 ex
2959 4660 3177 4715 decreto
3216 4657 3447 4725 Eugenii
3480 4671 3637 4724 papa:

2034 4733 2125 4796 (In
2160 4731 2356 4785 decret.
2406 4733 2651 4797 unionis)
2676 4730 2996 4798 profitentur
3040 4729 3259 4798 illorum
3301 4726 3509 4798 animas
3540 4726 3639 4793 qui

329 4802 454 4859 ideo
480 4796 648 4858 etiam
666 4796 1154 4870 resurrectionem,
1178 4799 1374 4855 Matth.
1403 4814 1558 4870 xxu.
1582 4796 1671 4865 (S.
1700 4801 1879 4855 Thom.
1903 4816 1923 4856 ι
2028 4805 2148 4869 post
2182 4802 2453 4868 baptisma
2476 4796 2803 4870 susceptum,
2823 4798 3033 4870 nullam
3057 4796 3268 4870 omnino
3291 4796 3500 4870 peccati
3521 4811 3639 4849 ma-

324 4880 476 4955 part.
489 4914 502 4939 ,
520 4879 722 4955 quast.
747 4881 778 4929 7
784 4873 1076 4955 5_,.art.n6.)
1096 4872 1246 4954 Alter
1257 4869 1919 4955 quorumdam'grabum,
1952 4891 2004 4955 Β

331 4942 443 5015 qui.
475 4942 641 5001 ut'ait
664 4944 929 5001 Eusebius
957 4942 1301 5001 Cineariensis
1339 4943 1484 5008 (Lib.
1518 4955 1585 4996 γι
1624 4942 1773 4996 Hist.
1816 4958 1927 5015 cap.

333 5014 429 5079 30,
456 5018 765 5073 asserebant
793 5018 1067 5072 hominum
1084 5017 1287 5069 animos
1312 5030 1422 5068 una
1453 5028 1571 5067 cum
1599 5014 1928 5081 corporibus,

332 5106 435 5144 uno
464 5090 749 5158 eodemque
789 5091 1041 5157 temporis
1077 5087 1303 5140 articulo
1348 5087 1518 5139 morte
1542 5084 1858 5158 occumbere,
1885 5087 1933 5158 et

330 5164 546 5230 penitus
590 5156 909 5229 ecstinguif
936 5164 995 5213 at
1025 5158 1502 5230 demumrtempore
1533 5156 1935 5230 resurrectionis

334 5227 597 5287 uniuersae
620 5227 817 5299 carnis,
848 5247 966 5286 cum
989 5230 1181 5284 eisdem
1202 5229 1369 5282 vitam
1392 5227 1563 5282 denuo
1588 5229 1933 5299 recuperatu-

284 5354 293 5361 .
339 5319 436 5359 ros.
464 5304 642 5367 (Vide
656 5297 951 5371 Augustin.
980 5302 1073 5378 lib.
1093 5300 1160 5355 de
1177 5302 1378 5378 Haeres.
1409 5314 1557 5378 num.
1587 5301 1708 5378 23.7)
1732 5297 1935 5378 gentm

338 5381 627 5445 utrumque
660 5368 930 5445 errorem,
960 5370 1442 5445 animaa‘humana':
1469 5368 1936 5445 immortalitatem

336 5452 483 5522 gerta
532 5439 639 5522 {ide
681 5444 999 5522 feriendam
1025 5440 1341 5522 manifeste“
1360 5441 1561 5522 docent
1609 5439 1899 5522 scripturae
1916 5481 1930 5508 ,

335 5515 856 5587 SymbolumrFidei,
882 5524 938 5587 et
961 5513 1215 5573 Ecclesiae
1238 5512 1515 5587 deﬁnitio,
1544 5512 1932 5587 praeter-ratio-

334 5584 451 5668 nes.
473 5593 585 5641 tam
607 5585 1027 5671 .philospphicas
1066 5600 1229 5657 quam
1267 5584 1617 5711 theoloﬁgas.
1649 5584 1820 5666 (Vide
1848 5586 1935 5639 Pe-

336 5672 539 5711 rmum
573 5658 668 5711 lib.
700 5672 766 5711 ιν
799 5675 855 5711 in
903 5660 1065 5711 Genes
1103 5662 1292 5711 quaest.
1325 5661 1413 5711 2.)
1539 5671 1602 5711 ca
1640 5657 1935 5711 Scriptura:

336 5657 539 5712 rerium
573 5657 668 5715 lib.
700 5672 766 5714 ιν
799 5657 862 5713 in
903 5660 1065 5715 Genes
1103 5662 1292 5726 quaest.
1325 5661 1413 5723 2.)
1452 5657 1602 5712 Loca
1640 5657 1937 5726 Scriptura:

338 5728 595 5800 nonnulla
639 5729 727 5785 hic
754 5727 963 5800 profert
1002 5728 1317 5796 Cassianus,
1364 5726 1560 5799 quibus
1601 5727 1725 5783 addi
1780 5732 1933 5797 pote-

338 5808 461 5856 rant
483 5799 601 5857 hzec
619 5820 633 5857 :
652 5799 921 5857 Justorum
951 5803 1145 5855 anima:
1170 5802 1227 5854 in
1238 5805 1420 5855 ‘manu
1450 5802 1548 5856 Dei
1572 5802 1726 5863 sunt,
1754 5802 1804 5853 et
1832 5813 1937 5853 non

2033 4867 2205 4925 calam
2237 4867 2614 4928 incurrerunt,
2641 4869 2769 4921 illas
2796 4867 2961 4921 etiam
2986 4880 3107 4934 quae
3133 4869 3257 4933 post
3314 4868 3639 4921 contractam

2031 4941 2238 5011 peccati
2280 4938 2580 5011 maculam,
2602 4938 2684 4991 vel
2720 4939 2780 4990 in
2811 4937 2926 4990 suis
2946 4937 3297 5011 (corporibus,
3329 4938 3413 5011 uel
3443 4940 3638 4994 eisdem

2040 5007 2216 5065 canitie
2230 5008 2539 5081 corporibus
2561 5007 2753 5076 (prout
2769 5009 3013 5081 superius
3039 5009 3245 5064 dictum
3264 5008 3367 5081 est)
3385 5016 3509 5066 sunt
3514 5028 3639 5081 pur-

2042 5084 2218 5149 gatce,
2263 5080 2327 5134 in
2356 5079 2541 5134 ctutum
2572 5094 2700 5134 mea:
2735 5080 2927 5149 recipi,
2956 5084 3006 5135 et
3049 5082 3253 5137 intueri
3286 5079 3429 5136 clare
3459 5079 3637 5151 ipsum

2044 5157 2210 5207 Deum
2231 5153 2463 5218 trinum,
2493 5154 2544 5205 et
2570 5166 2755 5215 unum,
2777 5152 2936 5207 sicuti
2958 5157 3036 5207 est
3078 5171 3095 5207 :
3124 5154 3437 5208 meritomm
3460 5157 3637 5210 tamen

2043 5223 2385 5287 diversitate,
2416 5223 2587 5278 alium
2611 5223 2718 5277 alio
2734 5224 3057 5293 perfectius;
3085 5225 3301 5279 illorum
3317 5228 3496 5281 autem
3516 5229 3637 5283 ani-

2042 5311 2153 5351 mas
2181 5297 2279 5367 qui
2302 5297 2361 5351 in
2380 5295 2613 5359 actuali,
2643 5295 2862 5350 mortali
2890 5300 3120 5365 peccato,
3145 5297 3228 5351 vel
3252 5297 3360 5352 solo
3384 5298 3643 5367 originali

2043 5311 2153 5351 mas
2165 5311 2279 5421 (qui
2302 5312 2361 5351 in
2380 5311 2613 5359 acmaa,
2643 5311 2859 5350 mortua
2890 5311 3120 5365 peccato,
3145 5311 3227 5351 vel
3252 5311 3360 5352 SOlO
3384 5311 3638 5367 originali

2043 5368 2164 5448 decc
2204 5372 2324 5448 unt,
2362 5382 2488 5423 mace
2503 5369 2577 5448 in
2603 5368 2885 5448 infernum
2907 5368 3233 5448 descendere,
3257 5370 3638 5448 tamen

2044 5440 2351 5509 disparibus
2374 5439 2703 5510 puniendus.
2747 5438 2806 5493 In
2834 5438 3067 5496 concilio
3095 5438 3281 5496 autem
3314 5438 3637 5510 Tridentino

2043 5510 2205 5579 (Sess.
2230 5511 2399 5576 251de
2420 5513 2646 5567 invocat.
2672 5510 2932 5582 sanctor.)
2960 5510 3289 5568 damnantur
3316 5509 3409 5581 qui
3440 5518 3642 5583 negant

2041 5588 2247 5638 sanctos
2275 5588 2472 5639 (eterna
2501 5583 2763 5651 felicitate
2798 5584 2858 5637 in
2885 5584 3006 5638 caelo
3032 5585 3290 5651 fruentes,
3320 5582 3639 5651 invocandos

2043 5652 2361 5734 esse_._Vide#
2385 5650 2578 5712 caetera
2610 5652 2757 5734 apud
2799 5650 3187 5734 Bellarminum
3224 5660 3279 5709 et
3318 5653 3544 5734 Scotum

2043 5732 2099 5797 4,
2133 5724 2260 5782 dist.
2296 5730 2389 5793 45,
2414 5742 2467 5797 q.
2503 5734 2525 5797 ι
2558 5724 2661 5781 ιιι-ιζ
2693 5724 2856 5793 3,ubi
2881 5725 3040 5797 etiam
3076 5725 3330 5797 pleraque
3346 5724 3637 5790 Scriptura:

2047 5796 2161 5852 loca
2183 5812 2212 5851 a
2232 5792 2484 5853 Cassiario
2512 5796 2600 5853 hic
2623 5792 2788 5854 citata
2814 5796 3038 5867 exponit
3065 5792 3121 5849 et
3146 5792 3400 5861 explicat.
