4042 6198
363 207 467 262 505

1097 203 1468 276 ,COLLATIO
1508 207 1546 261 l.
1588 235 1656 246 —
1695 206 1784 261 DE
1817 205 2130 264 MONACHI
2168 205 2587 264 INTENTIONE
2623 207 2714 266 AC
2750 206 2928 264 FlNE.

3571 217 3675 274 506

357 320 629 401 factorum
668 326 863 399 (Hebr.
917 326 1064 399 xu).
1105 331 1189 385 De
1211 327 1407 401 quibus
1453 327 1750 405 spiritibus
1777 331 1834 387 in
1869 331 1975 389 alio
2000 337 2055 401 Α
2078 332 2378 390 versarium
2405 333 2628 390 vincens
2655 334 2714 390 in
2738 332 2896 392 nobis
2922 350 3021 408 pro
3049 335 3169 394 solo
3195 335 3356 394 bona
3384 337 3675 398 voluntatis

357 425 488 482 loco
519 443 534 481 :
562 422 764 482 Deinde
787 425 994 493 patres,
1019 421 1225 495 inquit,
1251 425 1426 480 carnis
1454 428 1650 480 nostrae
1677 426 1963 483 habuimus

2071 441 2321 496 assensu,
2353 435 2558 485 aeterna
2593 427 2924 486 beatitudine
2965 445 3031 485 ac
3071 429 3342 502 perpetuis
3384 445 3488 488 nos
3526 448 3672 504 prai—

359 520 700 581 eruditibres,
731 521 782 572 et
809 517 1187 573 reverebantur
1206 532 1316 586 eos;
1337 533 1443 574 non
1467 519 1634 574 multo
1657 523 1830 590 magis
1849 522 1966 577 sub-
2071 521 2195 580 miis
2245 530 2524 592 munerat;
2570 538 2700 580 cum
2745 532 3026 596 postremo
3066 523 3524 596 dispensationem
3557 541 3672 584 sum

353 615 610 686 jia'emur
617 613 774 684 patri
796 611 1108 681 spirituum,
1131 614 1183 666 et
1200 612 1434 666 vivemus
1460 610 1754 683 (Ibidem)?

380 721 398 733 ’
970 703 1210 760 CAPUT
1233 705 1359 760 XV.

818 802 894 858 De
925 799 1364 869 contemplatione
1390 801 1506 854 Dei.

370 957 374 960 ,
433 892 843 966 Contemplatio
894 895 921 924 ⁸
969 907 1096 949 vero
1133 891 1240 948 Dei
1287 892 1584 951 multifarie
1638 895 1960 968 concipitur.

359 993 507 1050 Nam
543 990 695 1044 Deus
721 1002 835 1043 non
879 986 994 1042 sola
1039 985 1606 1058 incomprehensibilis
1642 987 1786 1044 illius
1830 987 1958 1045 sub-

357 1084 578 1144 stantiae
619 1097 736 1141 sum
785 1080 1149 1138 admiratione
1192 1080 1554 1152 cognoscitur,
1593 1081 1744 1154 quod
1777 1089 1960 1140 tamen

359 1181 539 1239 adhuc
589 1179 646 1236 in
701 1193 798 1252 spe
841 1175 1224 1251 promissionis
1277 1176 1658 1234 absconditum
1704 1185 1835 1248 est;,
1863 1178 1960 1236 sed

357 1275 524 1334 etiam
567 1282 942 1331 creaturarum
985 1287 1210 1329 suarum
1253 1271 1649 1345 magnitudine,
1678 1273 1762 1330 vel
1784 1273 1960 1346 aequi-

355 1370 484 1428 tatis
529 1384 646 1426 suae
686 1366 1140 1435 consideratione,
1192 1365 1275 1422 vel
1316 1365 1646 1438 quotidianae
1682 1366 1958 1441 dispensa-

359 1465 523 1525 tionis
571 1463 806 1534 auxilio,
855 1460 1202 1536 pervidetur;
1241 1459 1491 1533 quando,
1541 1461 1780 1531 scilicet,
1833 1477 1957 1535 quae

357 1575 486 1617 cum
513 1558 716 1616 sanctis
754 1556 868 1614 suis
907 1571 1004 1628 per
1048 1555 1292 1628 singulas
1333 1555 1707 1628 generationes
1754 1557 1923 1629 egerit
1939 1597 1954 1624 ,

354 1660 542 1710 mente
610 1649 904 1724 purissima
967 1647 1390 1721 perlustramus,
1462 1663 1589 1703 cum
1657 1647 1959 1720 potentiam

352 1748 526 1821 ipsius
550 1761 659 1818 qua
697 1743 950 1800 universa
985 1741 1279 1815 gubernat,
1324 1740 1644 1799 moderatur
1679 1757 1744 1798 ac
1783 1742 1955 1815 regit,
1986 1724 2035 1786 Β

351 1856 483 1898 cum
530 1838 962 1897 immensitatem
1007 1835 1244 1893 scientia:
1265 1835 1403 1908 ejus,
1448 1843 1504 1892 et
1545 1835 1766 1892 oculum
1793 1851 1958 1907 quem

349 1942 564 1994 secreta
611 1933 862 1990 cordium
888 1931 1056 1989 latere
1084 1947 1196 1988 non
1231 1939 1483 2003 possunt,
1508 1930 1766 1987 trementi
1789 1929 1955 1988 corde

349 2029 655 2097 miramur;
679 2042 806 2084 cum
832 2041 1054 2083 arenam
1091 2025 1292 2092 maris,
1331 2023 1714 2098 undarumque
1755 2039 1955 2081 nume-

349 2139 485 2181 rum
527 2122 840 2180 dimensum
865 2121 914 2177 ei
957 2121 1338 2193 cognitumque
1379 2119 1560 2194 pavidi
1609 2121 1950 2193 cogitamus;

353 2230 489 2273 cum
536 2212 837 2288 pluviarum
865 2223 1071 2288 guttas,
1113 2229 1242 2271 cum
1285 2215 1615 2272 saeculorum
1669 2213 1837 2272 horas
1889 2231 1953 2272 ac

354 2309 511 2380 dies,
561 2323 690 2366 cum
730 2317 1024 2382 praeterita,
1071 2306 1353 2367 futurave‘
1385 2309 1636 2366 universa
1685 2308 1950 2382 obstupe-

345 2411 566 2464 scentes
589 2403 830 2462 scientia
873 2404 990 2478 ejus
1030 2405 1283 2462 assistere
1308 2404 1745 2476 contemplamur
1777 2425 1792 2461 :
1820 2419 1950 2462 cum

345 2497 682 2556 ineffabilem
727 2498 1076 2556 clementiam
1103 2484 1218 2572 ejus
1257 2498 1696 2568 consideramus,
1731 2514 1839 2571 qua
1862 2499 1946 2556 in-

343 2608 577 2651 numera
623 2593 865 2666 ﬂagitia,
895 2609 1024 2667 quae
1050 2593 1272 2667 singulis
1301 2593 1616 2667 quibusque
1651 2593 1952 2652 momentis

345 2687 453 2747 sub
486 2687 657 2760 ipsius
706 2687 1127 2746 committuntur
1165 2697 1415 2763 aspectu,
1463 2685 1735 2758 indefessa
1761 2687 1950 2760 longa-

345 2781 594 2840 nimitate
619 2790 920 2852 sustentat;
962 2799 1090 2840 cum
1136 2783 1416 2840 intuemur
1445 2782 1791 2840 vocationem
1839 2798 1948 2855 qua

344 2891 448 2934 nos
466 2875 634 2934 nullis
669 2875 1100 2950 pmcedentibus
1138 2877 1350 2935 meritis
1376 2871 1547 2950 gratia
1575 2891 1692 2935 suae
1717 2875 1946 2935 misera-

347 2969 510 3027 tionis
535 2970 764 3028 ascivit:
804 2986 933 3028 cum
970 2969 1203 3044 denique
1239 2979 1376 3043 quot
1415 2971 1730 3030 occasiones
1757 2971 1948 3029 salutis

345 3063 537 3122 tribuit
581 3063 904 3138 adoptandis
947 3065 1121 3138 [Lips.
1167 3068 1228 3122 in
1267 3081 1444 3136 marg.
1487 3065 1762 3138 adoptata]
1815 3081 1944 3138 cum

343 3158 590 3232 quodam
627 3159 1006 3219 admirationis
1056 3161 1336 3218 intuemur
1382 3175 1636 3230 excessu;
1679 3159 1829 3234 quod
1869 3159 1945 3217 ita

346 3269 458 3312 nos
481 3255 629 3312 nasci
659 3255 932 3329 praecepit,
961 3263 1026 3312 ut
1059 3255 1129 3314 ab
1175 3255 1307 3328 ipsis
1342 3255 1623 3313 cunabulis
1653 3255 1824 3328 gratia
1851 3269 1948 3312 no-

345 3347 434 3406 bis
487 3348 720 3424 legisque
749 3365 866 3409 suae
910 3350 1104 3408 notitia
1145 3349 1470 3419 traderetur,
1499 3347 1652 3422 quod
1687 3348 1804 3422 ipse
1845 3347 1947 3406 ad-

2072 617 2473 674 Incarnationis
2511 633 2610 691 pro
2645 627 2832 676 nostra
2859 619 3034 678 salute
3068 619 3328 691 suscepit,
3351 635 3414 677 ac
3448 620 3671 679 mirabi-

2074 711 2144 769 lia
2171 711 2560 786 mysteriorum
2605 727 2835 770 suorum
2864 713 2922 770 in
2955 713 3165 771 cunctis
3203 715 3454 786 gentibus
3480 715 3670 774 dilata-

2073 808 2166 864 vit.
2198 809 2337 866 Sunt
2368 814 2555 865 autem
2587 807 2707 866 alim
2735 823 2953 881 quoque
2983 807 3300 883 hujusmodi
3327 809 3668 882 contempla-

2070 901 2248 961 tiones
2277 903 2598 972 innumeraa,
2631 919 2755 975 quae
2781 918 2880 976 pro
2907 904 3169 976 qualitate
3193 902 3318 960 vitae
3343 919 3407 960 ac
3429 903 3668 977 puritate

2071 996 2252 1055 cordis
2301 997 2360 1053 in
2394 995 2593 1054 nostris
2656 997 2902 1053 sensibus
2946 997 3230 1067 oriuntur,
3270 997 3472 1070 quibus
3517 999 3668 1054 Deus

2066 1091 2150 1147 vel
2199 1090 2414 1148 videtur
2459 1089 2682 1148 mundis
2737 1089 3039 1160 obtutibus,
3088 1091 3171 1147 vel
3225 1099 3460 1148 tenetur.
3517 1091 3666 1161 Quas

2065 1185 2312 1259 profecto
2351 1184 2533 1242 nullus
2576 1191 2838 1258 perpetuo
2885 1184 3204 1252 retentabit,
3241 1184 3298 1240 in
3339 1199 3448 1256 quo
3489 1183 3666 1242 adhuc

2064 1279 2268 1352 aliquid
2291 1279 2592 1336 carnalium
2619 1279 2750 1336 vivit
2779 1277 3116 1347 affectuum;
3151 1278 3279 1350 quia
3301 1294 3409 1332 non
3439 1283 3662 1349 poteris,

2063 1375 2141 1432 ait
2168 1373 2461 1442 Dominus,
2490 1374 2670 1430 videre
2695 1375 2892 1442 faciem
2911 1388 3114 1440 meam;
3134 1372 3160 1406 δ
3180 1387 3285 1426 non
3301 1373 3442 1426 enim
3461 1372 3667 1426 videbit

2064 1484 2147 1524 me
2188 1467 2366 1532 homo,
2391 1473 2442 1523 et
2468 1471 2606 1523 vivet
2656 1467 2863 1539 (Exod.
2911 1463 3164 1537 χχχιιι),
3205 1463 3412 1522 scilicet
3457 1463 3665 1521 mundo

2065 1560 2192 1618 huic
2210 1559 2603 1633 alTectibusque
2629 1560 2876 1616 terrenis.

2651 1663 2896 1720 CAPUT
2925 1664 3078 1718 XVI.

2149 1825 2153 1829 _
2255 1761 2610 1829 Interrogatio
2641 1759 2709 1814 de
2737 1760 3124 1828 cogitationum
3150 1757 3468 1813 mobilitate.

2135 1855 2446 1911 Germanus
2475 1874 2488 1908 :
2521 1852 2664 1924 Quid
2691 1868 2821 1925 ergo
2850 1860 2934 1909 est
2953 1851 3104 1925 quod
3134 1853 3304 1908 etiam
3329 1850 3661 1920 nolentibus,

2060 1951 2237 2008 immo
2264 1964 2393 2006 vero
2417 1949 2582 2006 etiam
2597 1947 2966 2005 nescientibus
2983 1947 3144 2005 nobis
3163 1947 3240 2004 ita
3265 1946 3554 2020 superﬂuae
3572 1961 3664 2003 co-

2061 2043 2349 2118 gitationes
2370 2042 2640 2102 subtiliter
2673 2058 2736 2098 ac
2771 2043 3002 2098 latenter
3029 2040 3319 2110 inhaerent,
3348 2049 3412 2098 ut
3440 2056 3554 2098 non
3581 2056 3663 2098 so-

2059 2141 2177 2197 lum
2223 2153 2316 2196 eas
2371 2136 2660 2210 expellere,
2691 2151 2884 2192 verum
2911 2136 3079 2192 etiam
3126 2135 3424 2206 intelligere
3461 2150 3526 2192 ac
3564 2135 3658 2191 de-

2060 2229 2394 2304 prehendere
2425 2228 2764 2286 difticultatis
2811 2227 3126 2284 immodicae
3165 2226 3274 2283 sit?
3320 2227 3508 2282 Potest
3532 2241 3662 2298 ergo
3695 2226 3699 2230 ’

2059 2341 2216 2384 mens
2245 2323 2534 2398 aliquando
2557 2324 2626 2382 ab
2655 2321 2772 2381 istis
2799 2338 2970 2380 vacua
2996 2321 3246 2395 reperiri,
3275 2327 3332 2379 et
3352 2334 3660 2393 numquam

2057 2418 2437 2494 hujuscemodi
2467 2417 2812 2477 illusionibus
2837 2417 3138 2474 incursari?

2635 2524 2879 2579 CAPUT
2904 2523 3088 2577 XVII.

2057 2619 2343 2689 Responsio
2367 2617 2502 2688 quid
2522 2619 2695 2688 possit
2711 2630 2865 2689 _mens
2889 2630 3050 2684 super
3083 2616 3462 2689 cogitationum
3485 2618 3656 2678 statu,

2591 2687 2788 2757 quidve
2813 2701 2918 2741 non
2939 2687 3131 2754 possit.

2125 2786 2346 2858 Moyses
2376 2795 2436 2840 :°
2487 2786 2730 2842 Mentem
2769 2782 2992 2856 quidem
3035 2798 3150 2840 non
3188 2781 3534 2854 interpellari,
3562 2795 3659 2837 co-

2052 2879 2402 2954 gitationibus
2434 2878 2769 2951 impossibile
2795 2886 2906 2948 est;
2938 2877 3212 2950 suscipere
3245 2891 3372 2934 vero
3397 2890 3511 2945 eas,
3547 2875 3660 2934 sive

2052 2987 2306 3046 respuere
2335 2971 2486 3030 omni
2509 2971 2754 3029 Studenti
2777 2969 3032 3044 possibile
3071 2977 3155 3027 est
3191 2968 3359 3043 [Lips.
3391 2971 3450 3023 in
3476 2984 3655 3039 marg.

2054 3065 2294 3123 studenti
2322 3080 2418 3138 per
2435 3064 2667 3137 gratiam
2688 3062 2791 3120 Dei
2813 3063 3070 3136 possibile
3099 3065 3222 3132 est].
3253 3063 3418 3129 (Vide
3437 3064 3659 3118 tertiam

2055 3160 2279 3230 Cuychii
2351 3161 2755 3214 annotationem
2799 3161 2924 3228 post
2987 3159 3150 3226 finem
3211 3154 3373 3226 hujus
3426 3157 3662 3225 operis.)

2052 3251 2532 3323 Quemadmodum
2561 3252 2728 3322 igitur
2751 3259 2908 3308 ortus
2930 3265 3119 3307 earum
3141 3264 3254 3306 non
3273 3247 3497 3306 omnino
3521 3263 3655 3320 pen-

2053 3346 2146 3404 det
2182 3363 2214 3403 a
2241 3346 2421 3417 nobis,
2433 3335 2480 3417 δά
2533 3346 2606 3403 ita
2648 3345 2899 3418 probatio
2945 3346 3029 3404 vel
3073 3344 3262 3402 electio
3306 3343 3556 3403 consistit
3598 3343 3656 3400 in

1443 3529 1696 3586 ALARDI
1736 3527 1960 3586 GAZEI
1997 3524 2556 3584 COMMENTARIUS.

348 3671 443 3746 bet
473 3691 487 3728 :
514 3676 585 3746 Et
605 3676 827 3746 spiritus
858 3674 1134 3744 justorum
1169 3677 1534 3746 perfectorum
1550 3717 1568 3738 ,
1615 3680 1743 3746 etc.,
1773 3681 1836 3730 ut
1856 3670 1946 3728 hic

349 3745 514 3800 etiam
541 3744 805 3818 habetur;
842 3754 904 3801 ut
943 3759 1134 3818 sensus
1161 3744 1232 3802 sit
1253 3746 1402 3818 quod
1439 3745 1734 3818 Christiani
1759 3758 1942 3818 acces‘

345 3824 534 3888 serunt
561 3817 683 3888 (per
709 3815 877 3888 ﬁdem
901 3815 1110 3874 scilicet
1138 3826 1195 3872 et
1222 3815 1572 3888 charitatem)
1593 3815 1672 3888 _a_d
1698 3815 1942 3886 spiritus,

348 3885 531 3956 idest,
555 3885 1060 3956 animasjustorum
1086 3885 1566 3956 etperfectorum,
1591 3885 1646 3939 id
1673 3885 1789 3953 est,
1817 3900 1945 3956 cum

343 3953 542 4014 sanctis
589 3953 878 4014 animabus
920 3953 1194 4012 felicitatis
1245 3960 1467 4010 aeternae
1493 3961 1778 4009 consortes
1818 3953 1944 4010 facti

343 4037 502 4096 sunt;
534 4029 642 4096 vel,
665 4036 726 4084 ut
753 4027 922 4096 habet
949 4028 1009 4081 S.
1049 4022 1321 4088 Thomas,
1356 4030 1422 4077 ut
1445 4021 1742 4096 habeamus
1779 4023 1946 4096 socie-

345 4093 516 4176 tatem
548 4093 678 4176 cum
719 4095 1000 4176 spiritibus
1042 4101 1392 4176 sanctorum,
1425 4093 1516 4176 qui
1563 4093 1851 4176 sunt_justi
1893 4103 1948 4176 et

342 4169 591 4242 perfecti.
625 4162 868 4242 Pertinet
904 4173 1088 4233 autem
1117 4163 1236 4242 haec
1263 4162 1546 4242 sententia,
1573 4162 1737 4242 sicuti
1761 4163 1945 4242 hic_ah

336 4233 571 4308 auctore
613 4235 952 4308 producitur,
977 4251 1091 4292 non
1137 4237 1315 4308 solum
1355 4234 1426 4292 ad
1471 4233 1812 4308 probandam
1853 4236 1946 4292 im-

336 4305 1136 4389 mortalitatem_anima_1-um,__
1157 4307 1224 4365 de
1258 4323 1366 4389 qua
1405 4305 1678 4389 praicipue
1697 4306 1802 4389 ‘hic
1842 4309 1948 4389 agi-

337 4390 464 4444 tur;
495 4393 686 4435 verum
713 4377 877 4434 etiam
901 4379 971 4436 ad
996 4376 1471 4436 conﬁrmationem
1509 4376 1655 4434 illius
1682 4376 1944 4436 doctrinae

340 4449 647 4522 catholicae,
713 4465 821 4522 qua
870 4450 1144 4508 credimus
1196 4451 1412 4507 animas
1460 4449 1754 4522 justorum
1785 4451 1942 4522 plene

341 4515 600 4596 purgatas
626 4515 759 4596 moi
803 4521 863 4576 in
897 4523 1099 4592 omium
1125 4521 1318 4594 recipi,
1350 4529 1404 4577 et
1433 4515 1540 4596 Dei
1579 4515 1826 4578 beatiﬁca
1858 4522 1946 4596 _vi-

344 4591 497 4651 sione
520 4591 752 4666 perfrui,
795 4601 986 4650 contra
1012 4591 1259 4649 errorem
1307 4591 1641 4649 contrarium
1691 4593 1940 4665 superius

340 4674 729 4722 memoratum.
1228 4685 1232 4690 '

411 4739 440 4769 ⁸
487 4734 635 4793 Varii
684 4735 754 4806 de
795 4737 917 4791 Deo
958 4741 1279 4806 conceptus,
1303 4741 1360 4790 et
1409 4731 1706 4790 meditandi
1726 4803 1735 4806 Α
1758 4735 1933 4792 modi.

339 4807 638 4933 33312:“
659 4805 782 4864 vide
806 4809 880 4862 D.
910 4803 1237 4881 Gregorium
1267 4804 1418 4862 hom.
1455 4808 1519 4860 l7
1549 4813 1605 4862 et
1637 4809 1700 4862 18
1721 4803 1778 4861 in
1805 4808 1936 4866 Eze-

339 4892 588 4933 cmelem.

2050 3671 2258 3730 Paulus
2287 3679 2495 3741 quoque
2531 3669 2841 3740 Apostolus,
2867 3669 2966 3740 qui
2993 3651 3170 3724 adhuc
3195 3668 3294 3724 Dei
3328 3667 3652 3741 invisibilia,

2049 3746 2189 3800 sicut
2238 3739 2352 3812 ipse
2399 3739 2644 3804 testatur,
2691 3757 2759 3796 ea:
2798 3739 2977 3812 parte
3006 3743 3350 3812 cognoverat,
3373 3739 3496 3808 jam
3533 3739 3655 3812 huic

2050 3810 2275 3869 munda
2290 3819 2459 3869 totum
2473 3829 2528 3869 se
2563 3810 2836 3868 mortuum
2859 3811 3200 3882 perhibebat,
3243 3810 3423 3882 dicens
3457 3827 3473 3862 :
3519 3810 3657 3882 Mihi

2049 3887 2285 3940 mundus
2328 3887 2613 3954 cruciﬁxus
2654 3889 2759 3954 est,
2779 3887 2829 3937 et
2855 3879 2954 3954 ego
2975 3880 3174 3954 mundo
3194 3879 3364 3954 _(Gal.
3404 3882 3520 3944 v1).
3572 3880 3654 3954 Ita

2053 3955 2352 4026 Gregorius
2399 3948 2679 4012 moraliter
2708 3953 2798 4009 illa
2843 3948 3014 4010 verba
3060 3948 3236 4006 Exodi
3287 3953 3654 4026 cnm__nost_ro

2052 4017 2328 4096 Collatore
2376 4040 2670 4096 exponens.
2729 4027 2902 4081 Porro
2951 4034 3242 4096 germanus
3275 4034 3357 4096 _ac
3410 4017 3654 4096 litteralis

2041 4108 2238 4165 sensus
2283 4093 2412 4165 ejus
2426 4088 2722 4165 sententia:
2763 4102 2853 4165 est
2884 4088 3148 4165 neinnem
3174 4091 3231 4146 in
3255 4089 3384 4165 _hac_
3415 4089 3532 4165 _vita
3570 4088 3650 4144 vi-

2051 4163 2182 4220 dere
2207 4159 2524 4220 aut'vidisse
2565 4167 2769 4231 Deum,
2805 4163 2860 4220 id
2888 4170 2972 4218 est
2991 4163 3137 4217 clare
3163 4168 3235 4231 et,
3252 4159 3496 4231 intuitive
3522 4173 3654 4231 con-

2050 4233 2293 4307 spexisse
2348 4233 2585 4307 divinam
2627 4229 2926 4307 essentiam
2947 4273 2963 4300 ,
3003 4231 3159 4288 sicuti
3187 4305 3201 4307 _
3220 4229 3365 4288 beati
3411 4230 3470 4307 in
3486 4229 3651 4307 _cmlo

2051 4301 2397 4378 conspiciunt
2415 4305 2668 4378 (Vides.
2698 4305 2878 4378 Thom.
2912 4308 3028 4372 2-2,
3059 4305 3269 4378 q._1_80_,
3290 4320 3346 4378 a.
3376 4301 3452 4378 5).
3482 4303 3649 4378 Nam,

2050 4385 2114 4434 ut
2143 4374 2348 4434 ibidem
2376 4374 2451 4432 ait
2479 4379 2541 4432 Β.
2567 4375 2861 4448 Gregorius
2890 4391 2905 4429 :
2937 4375 3208 4443 Quamdiu
3239 4374 3327 4429 hic
3348 4374 3654 4448 mertaliter

2048 4452 2276 4512 vivitur,
2306 4449 2484 4504 videri
2491 4465 2591 4520 per
2615 4445 2883 4519 quasdam
2907 4448 3173 4517 imagines
3191 4451 3332 4504 Deus
3341 4449 3536 4520 potest,
3557 4445 3653 4502 sed

2040 4537 2147 4650 p31-
2151 4523 2340 4648 lipsa";
2357 4517 2570 4578 natura:
2592 4517 2704 4576 sua:
2721 4522 2944 4592 speciem
2965 4535 3072 4576 non
3086 4522 3281 4591 potest.
3302 4521 3380 4576 At
3399 4517 3520 4575 haec
3536 4531 3649 4573 non

2049 4607 2080 4650 a
2191 4607 2296 4648 unc
2341 4608 2521 4650 ocum.

2049 4607 2119 4650 aa
2151 4607 2296 4648 nunc
2321 4607 2521 4650 locum.

2115 4673 2137 4701 °
2161 4667 2245 4720 De
2295 4663 2585 4748 multiplici
2648 4662 2902 4748 varietate
2967 4661 3392 4748 cogitatign‘um‘,

2044 4750 2202 4814 mens
2239 4744 2432 4814 nostra
2454 4727 2848 4814 interpellatur,
2871 4727 3487 4814 _praacl'are_diss‘eriE_D‘I
3509 4727 3649 4814 ger:

2043 4807 2248 4864 nardus
2278 4808 2335 4862 in
2358 4806 2450 4860 lib.
2486 4805 2556 4861 de
2595 4795 2940 4876 Conscientia
2981 4815 3100 4876 cap.
3132 4805 3186 4866 5,
3217 4795 3310 4852 ubi
3353 4795 3474 4850 haec
3509 4795 3650 4876 inter

2045 4878 2147 4934 alia
2171 4878 2592 4948 :Cogitationum
2609 4873 2899 4948 multiplex
2921 4871 3160 4948 varietas
3179 4882 3287 4948 esse
3299 4869 3646 4948 cognoscitur.

3453 4656 3650 4728 quibus

410 4941 687 5037 fbigalis
722 4949 988 5032 expositio
1023 4947 1525 5037 illiususenitentlaan,
1563 4961 1728 5037 quam
1775 4945 1940 5004 etiam
1961 4975 2012 5037 Β
2047 4937 2428 5037 stataria-inque
2443 4937 2904 5037 corinﬂantialt'gz
2925 4937 3646 5037 eleuarita'lireperturbaiit,

339 5018 502 5092 habet
527 5022 600 5092 D.
629 5009 928 5092 Gregdrius
959 5033 1124 5077 xvm
1145 5017 1348 5092 _Moral.
1375 5035 1427 5075 c.
1457 5009 1547 5092 38,
1575 5009 1668 5075 ubi
1705 5025 1942 5092 tractans
1961 5009 2012 5037 υ
2049 5019 2172 5092 alue
2199 5009 2486 5092 dissipant,
2514 5009 2640 5092 alite
2655 5012 3015 5092 confundunt,
3033 5013 3157 5092 alite
3171 5010 3508 5092 distendunt,
3521 5009 3649 5066 aliae

338 5091 424 5147 illa
451 5091 618 5148 verba
643 5089 923 5163 Job—(Cap.
943 5090 1159 5161 XXVIII)
1193 5090 1562 5163 :Abscondita
1587 5093 1664 5146 est
1683 5090 1752 5144 ab
1778 5091 1942 5144 oculis

339 5165 578 5218 omnium
592 5161 906 5219 viventium.
931 5163 1206 5232 Quisquis,
1222 5161 1420 5232 inquit,
1439 5163 1793 5232 Sapientiam,
1821 5177 1943 5230 qua

339 5237 477 5290 Deus
505 5238 605 5298 est,
648 5234 816 5297 videt,
851 5236 974 5289 huic
1003 5235 1130 5288 vitae
1164 5233 1421 5300 funditus
1466 5234 1717 5295 moritur,
1741 5247 1808 5286 ne
1822 5233 1944 5302 jam
1995 5260 2000 5268 -

337 5306 448 5376 ejus
471 5320 652 5360 amore
678 5309 934 5361 teneatur.
962 5305 1157 5363 Nullus
1183 5307 1383 5376 quippe
1405 5320 1520 5360 eam
1541 5303 1702 5365 vidit,
1733 5303 1837 5376 qui
1846 5303 1946 5357 ad-

339 5375 434 5430 huc
461 5377 757 5431 carnaliter
783 5379 947 5444 vivit,
979 5378 1110 5447 quia
1126 5373 1470 5447 neruo—potest
1493 5380 1662 5432 Deum
1689 5373 1943 5446 amplecti

342 5448 496 5501 simul
519 5453 572 5504 et
594 5447 860 5504 saeculum.
896 5449 1002 5516 Qui
1025 5449 1165 5504 enim
1200 5451 1370 5504 Deum
1397 5448 1562 5510 videt,
1590 5463 1646 5502 eo
1680 5449 1794 5517 ipso
1821 5460 1941 5517 mo-

343 5518 504 5596 ritur,
531 5535 636 5596 quo
655 5519 1060 5596 velintentione
1077 5519 1273 5583 cordis,
1305 5519 1390 5596 vel
1424 5520 1612 5596 e/[ectu
1639 5516 1836 5596 operis,
1867 5516 1937 5596 ab

339 5585 501 5661 hujus
525 5585 648 5647 vita:
677 5591 1110 5647 delectationibus
1138 5585 1632 5661 separaturfUnde
1659 5585 1836 5645 ddhuc
1863 5587 1940 5643 ad

339 5660 577 5716 eumdem
601 5665 823 5732 Moysen
859 5664 1062 5718 dicitur
1088 5660 1244 5720 :an
1261 5664 1402 5718 enim
1428 5662 1632 5718 videbit
1653 5677 1737 5718 me
1762 5661 1935 5724 homo,

334 5735 388 5786 et
400 5732 571 5801 civ-et;
588 5749 651 5789 ac
668 5735 720 5788 si
740 5739 924 5804 aperte
947 5734 1216 5789 diceretur
1235 5751 1252 5788 :
1276 5733 1472 5794 Nullus
1491 5749 1750 5804 umquam
1767 5737 1938 5804 Deum

333 5804 708 5874 spiritualiter
752 5802 920 5868 videt,
963 5810 1018 5861 et
1042 5805 1242 5860 mundo
1264 5806 1563 5862 carnaliter
1590 5802 1749 5861 vivit.
1791 5802 1940 5859 Unde

2050 5090 2246 5159 ligant,
2275 5083 2400 5144 alite
2418 5087 2728 5159 inquinant,
2750 5085 2876 5159 alia:
2898 5085 3239 5147 contrahunt,
3262 5083 3387 5138 aliae
3415 5095 3651 5159 corrumf

2043 5151 2212 5232 puni.
2230 5151 2523 5232 ’Inﬂantu't
2537 5157 2799 5232 superbae,
2820 5155 3026 5232 elevaut
3049 5160 3111 5212 ut
3127 5169 3315 5232 va_nce,_
3324 5151 3650 5232 perturbant

2051 5225 2115 5287 ut
2135 5225 2357 5303 invidie,
2387 5225 2655 5303 dissipant
2679 5233 2742 5284 ut
2755 5228 3062 5303 iracundis,
3077 5225 3424 5303 confundunt
3437 5229 3501 5280 ut
3515 5240 3648 5303 ace-

2051 5304 2234 5369 diosaz,
2267 5297 2582 5360 distendunt
2606 5305 2672 5356 ut
2697 5300 3016 5364 ambitiosis,
3043 5300 3221 5369 ligant
3245 5301 3308 5352 ut
3329 5297 3548 5368 gulosus,
3563 5299 3646 5352 in-
3721 5355 3726 5360 ,

2047 5378 2280 5447 quinant
2301 5380 2364 5430 ut
2389 5375 2707 5447 luxuriosae,
2726 5371 3050 5447 contrahunt
3077 5375 3138 5447 ut
3157 5370 3387 5434 timidis,
3410 5383 3648 5447 corrum-

2041 5443 2183 5518 punt
2200 5451 2263 5502 ut
2284 5447 2585 5502 malitiosos.
2615 5446 2714 5518 His
2733 5445 2909 5518 igitur
2930 5443 3153 5498 emclusis
3181 5457 3328 5518 mens
3347 5443 3644 5518 purgatur,

2047 5512 2100 5575 si
2121 5521 2320 5574 sanctis
2340 5515 2752 5588 cogitationibus
2767 5515 2978 5585 jugiter
2996 5516 3330 5588 egeerceatur,
3355 5513 3495 5566 sicut
3517 5512 3648 5565 scri-

2039 5595 2198 5662 ptum
2216 5595 2294 5662 est
2321 5610 2332 5646 :
2358 5587 2625 5662 Cogitatio
2643 5591 2844 5662 sancta
2857 5587 3120 5662 custodiet
3148 5590 3216 5662 te.

2115 5661 2142 5696 α
2169 5660 2364 5718 Melius
2391 5653 2478 5716 alii
2512 5679 2524 5714 :
2555 5663 2640 5718 Ita
2667 5659 3000 5731 reprobatio,
3027 5661 3110 5714 vel
3133 5657 3335 5720 electio,
3371 5661 3476 5711 etc.
3503 5653 3641 5731 (_lum

2045 5731 2206 5804 paulo
2236 5741 2363 5788 ante
2389 5731 2585 5788 dixerit
2617 5751 2630 5786 :
2657 5725 2953 5804 suscipere,
2983 5733 3066 5787 vel
3087 5743 3356 5799 respuere,
3384 5725 3537 5802 quod
3560 5731 3643 5778 est

2045 5803 2242 5861 eligere
2265 5811 2358 5861 aut
2377 5803 2688 5861 reorobare.

2044 5818 2242 5874 eligere
2265 5818 2358 5861 aut
2377 5818 2688 5875 repronare.
