4012 6192
384 205 486 258 507

1459 180 1738 254 JOANNIS
1775 158 2078 253 CAssmu
2116 195 2610 252 COLLATIONES.

3576 196 3681 251 508

382 327 560 383 nobis.
611 328 724 383 Nec
761 333 945 383 tamen
974 341 1041 382 ex
1081 341 1145 383 eo
1187 325 1335 398 quod
1363 324 1598 382 diximus
1640 322 1974 393 impossibile
2004 326 2058 389 Α
2081 324 2447 379 tentationum
2486 318 2845 388 torrentibus,
2876 317 3225 388 circumacta,
3266 331 3433 372 vacua
3462 317 3682 388 quidem

385 435 503 478 esse
531 429 771 476 mentem
799 418 1213 492 cogitationibus
1247 433 1360 474 non
1388 416 1519 473 adiri
1539 458 1554 485 ,
1582 423 1763 473 totum
1790 416 1873 473 vel
1899 416 1980 472 in-

385 515 595 585 cursui,
646 515 726 571 vel
760 512 862 571 illis
904 499 1176 585 spiritibus
1218 510 1577 569 tribuendum
1625 519 1710 567 est
1752 510 1846 584 qui
1886 525 1978 567 eas

385 609 540 666 nobis
572 609 818 666 nituntur
842 608 1119 679 ingerere;
1150 604 1385 678 alioquin
1410 620 1511 662 nec
1537 604 1768 663 liberum
1789 606 1846 661 in
1872 607 1980 662 ho-

389 705 533 760 mine
571 709 813 759 maneret
840 701 1148 769 arbitrium,
1173 715 1276 757 nec
1304 700 1359 757 in
1377 701 1536 758 nobis
1571 707 1741 757 staret
1775 707 1981 777 nostra;

388 797 741 870 correptionis
779 796 1038 853 industria
1066 798 1234 866 [Lips.
1278 799 1336 851 in
1367 812 1541 866 marg.
1587 792 1976 863 correctionis].

385 892 493 949 Sed
522 900 623 961 est,
655 893 897 964 inquam,
927 897 1185 947 nostrum
1220 905 1416 964 magna
1455 906 1517 946 ex
1546 898 1715 961 parte,
1745 897 1805 945 ut
1827 889 1981 962 cogi-

386 988 657 1045 tationum
683 987 911 1059 qualitas
939 985 1278 1053 emendetur,
1305 993 1359 1041 et
1399 985 1481 1042 vel
1510 995 1713 1042 aucta:
1760 1001 1823 1041 ac
1871 984 1980 1057 spi-

386 1081 567 1139 ritales
611 1081 667 1137 in
703 1079 957 1136 cordibus
995 1079 1223 1147 nostris,
1259 1078 1341 1133 vel
1371 1085 1601 1134 terrenae
1638 1077 1985 1148 carnalesque

388 1181 757 1235 concrescant.
792 1173 922 1230 Ideo
964 1187 1380 1245 nonnumquam
1427 1170 1682 1243 frequens
1718 1171 1875 1227 lectio
1933 1178 1985 1226 et

384 1270 527 1343 jugis
571 1267 858 1325 adhibetur
911 1265 1189 1322 meditatio
1227 1265 1658 1334 Scripturarum,
1692 1271 1755 1320 ut
1796 1262 1988 1319 exinde

388 1363 547 1420 nobis
578 1360 831 1433 spiritalis
868 1359 1151 1417 memoriae
1187 1358 1495 1432 praebeatur
1525 1358 1754 1415 occasio.
1779 1357 1986 1414 Idcirco

390 1455 697 1514 decantatio
721 1456 909 1511 crebra
923 1454 1293 1525 Psalmorum,
1310 1462 1372 1511 ut
1385 1453 1596 1511 assidua
1614 1453 1775 1510 nobis
1798 1452 1989 1509 exinde

390 1551 829 1609 subministretur
878 1541 1246 1622 compunctio.
1312 1549 1524 1606 Idcirco
1576 1548 1878 1621 vigiliarum
1928 1563 1991 1604 ac

386 1646 720 1719 jejuniorum
749 1644 1163 1715 orationumque
1190 1643 1447 1701 sedulitas
1471 1642 1786 1710 adhibetur,
1816 1650 1877 1701 ut
1905 1658 1990 1697 cx-

2084 416 2476 490 cogitationum
2513 412 2744 472 aestibus
2786 426 2903 469 esse
2928 426 3041 468 non
3069 410 3304 482 poterit;
3332 410 3528 482 quales
3556 426 3682 470 vero

2084 511 2170 569 vel
2194 511 2503 577 admittere,
2536 509 2617 566 vel
2648 523 2837 582 parare
2879 506 2977 564 sibi
3018 504 3237 573 debeat,
3266 503 3435 561 studii
3468 521 3532 562 ac
3551 520 3573 544 ο
3600 506 3686 564 di-

2084 607 2327 681 ligentiae
2369 620 2482 663 suae
2504 603 2812 677 providebit
2845 599 3126 659 industria.
3167 599 3222 656 Si
3251 597 3421 670 enim,
3452 607 3515 657 ut
3549 601 3691 659 dixi.

2086 716 2229 767 mus,
2261 699 2329 757 ad
2355 706 2668 756 sanctarum
2706 698 3111 769 Scripturarum
3150 693 3561 752 meditationem
3592 698 3689 769 ju-

2089 796 2226 868 giter
2253 806 2618 860 recurramus,
2646 806 2709 846 ac
2736 791 3055 848 memoriam
3075 796 3328 845 nostram
3344 789 3414 846 ad
3434 792 3689 848 recorda-

2090 890 2297 947 tionem
2323 885 2645 960 spiritalium
2664 900 2851 941 rerum
2877 893 2931 941 et
2956 882 3285 941 desiderium
3314 883 3686 959 perfectionis,

2088 997 2349 1055 Spemque
2378 980 2577 1038 futura:
2612 978 2956 1036 beatitudinis
2996 979 3299 1051 erigamus,
3341 996 3568 1039 necesse
3605 993 3691 1041 est

2090 1084 2152 1133 ut
2194 1080 2328 1132 ortae
2368 1074 2721 1147 cogitationes
2766 1071 2961 1129 exinde
3000 1072 3301 1146 spiritales,
3348 1073 3403 1128 in
3438 1074 3525 1132 his
3564 1093 3691 1148 qua:

2092 1169 2337 1227 meditati
2363 1180 2554 1225 sumus
2577 1174 2821 1224 mentem
2853 1166 3053 1223 faciant
3084 1167 3384 1223 immorari.
3425 1168 3522 1225 Sin
3560 1186 3691 1227 vero

2093 1263 2292 1321 desidia
2331 1278 2427 1319 seu
2453 1261 2781 1335 negligentia
2807 1260 3066 1334 superati,
3097 1260 3243 1317 vitiis
3273 1269 3328 1317 et
3350 1261 3542 1319 otiosis
3560 1278 3693 1321 con-

2093 1357 2516 1415 fabulationibus
2572 1371 2924 1427 occupemur,
2970 1370 3067 1412 seu
3119 1356 3263 1413 curis
3301 1354 3600 1414 mundanis
3642 1367 3695 1415 et

2094 1452 2383 1526 superﬂuis
2441 1450 2894 1510 sollicitudinibus
2942 1450 3306 1522 implicemur,
3355 1448 3693 1524 conSequen-

2092 1554 2177 1602 ter
2206 1545 2431 1615 exinde,
2456 1545 2605 1601 velut
2632 1532 2660 1576 ά
2694 1542 2949 1615 quaedam
2979 1542 3315 1600 zizaniorum
3361 1545 3568 1617 species
3609 1562 3697 1620 ge-

2096 1648 2311 1709 nerata,
2355 1639 2728 1712 operationem
2776 1653 2996 1711 quoque
3038 1646 3228 1695 nostro
3275 1639 3427 1697 cordi
3473 1642 3697 1699 noxiam

393 1749 609 1797 tenuata
634 1755 786 1798 mens
826 1754 939 1795 non
974 1746 1187 1795 terrena
1216 1740 1409 1810 sapiat,
1454 1739 1548 1796 sed
1577 1736 1812 1794 cmlestia
1854 1752 1985 1793 con-
2022 1728 2070 1791 Β
2098 1736 2458 1806 ministrabit;
2489 1743 2545 1793 et
2566 1735 2869 1793 secundum
2896 1734 3225 1791 sententiam
3260 1736 3481 1793 Domini
3508 1739 3700 1795 Salva-

327 1892 337 1906 ,
391 1835 701 1907 templetur.
732 1834 943 1907 Quibus
986 1848 1208 1890 rursum
1231 1833 1556 1906 negligentia
1582 1833 1849 1905 irrepente
1877 1846 1992 1888 ces-

389 1929 662 1999 santibus,
692 1933 718 1962 ι
760 1944 978 1986 necesse
1024 1936 1108 1985 est
1144 1935 1207 1983 ut
1247 1943 1403 1983 mens
1440 1928 1693 1983 vitiorum
1739 1925 1991 1998 squalore

391 2032 646 2081 concreta
673 2024 731 2079 in
756 2021 1027 2078 carnalem
1056 2028 1267 2092 partem
1309 2035 1437 2075 mox
1473 2019 1759 2076 inclinetur
1787 2026 1839 2075 et
1865 2033 1990 2074 cor-

393 2127 535 2174 ruat.

964 2194 1200 2248 CAPUT
1236 2192 1439 2247 XVIII.

649 2292 987 2359 Contparatio
1012 2291 1259 2359 aqrtaria:
1278 2292 1429 2345 mola:
1452 2294 1501 2345 et
1525 2293 1738 2346 animle.

467 2390 493 2428 ³³
518 2395 680 2466 Quod
707 2394 1021 2451 exercitium
1044 2393 1227 2451 cordis
1248 2410 1360 2452 non
1395 2396 1692 2468 incongrue
1720 2397 1990 2454 molarum

395 2489 731 2549 similitudini
766 2498 1114 2562 comparatur
1140 2504 1276 2562 quas
1300 2498 1514 2546 meatus
1555 2505 1819 2561 aquarum
1851 2507 1992 2562 prae-

393 2600 521 2659 ceps
544 2585 749 2657 impetu
791 2592 1003 2641 rotante
1033 2584 1324 2657 provolvit.
1362 2586 1497 2654 Qum
1533 2585 1843 2643 nullatenus
1867 2586 1991 2659 qui-

396 2678 523 2736 dem
548 2693 755 2735 cessare
796 2686 1026 2750 possunt
1050 2678 1119 2734 ab
1148 2693 1312 2751 opere
1335 2693 1435 2735 suo
1457 2693 1722 2751 aquarum
1751 2678 1997 2751 impulsi-

396 2772 499 2828 bus
528 2772 900 2839 circumactae;
942 2771 999 2827 in
1027 2771 1143 2843 ejus
1183 2786 1313 2828 vero
1357 2771 1448 2844 qui
1478 2780 1674 2845 praeest
1704 2772 1873 2829 situm
1915 2780 1998 2828 est

398 2872 693 2938 potestate,
727 2874 1046 2922 utrumnam
1108 2865 1351 2922 triticum
1397 2866 1600 2934 molat,
1631 2882 1700 2922 an
1726 2866 1992 2923 hordeum

398 2958 653 3016 loliumve
681 2958 1036 3015 comminuat.
1080 2958 1221 3015 Illud
1261 2974 1497 3030 namque
1524 2968 1608 3016 est
1637 2959 1994 3031 proculdubio

397 3053 840 3111 commolendum
856 3095 870 3120 ,
897 3052 1045 3125 quod
1071 3053 1341 3125 ingestum
1367 3052 1437 3109 ab
1458 3052 1553 3109 illo
1574 3052 1736 3109 fuerit
1754 3053 1837 3109 cui
1867 3069 1996 3133 ope-

2097 1830 2254 1898 toris,
2280 1829 2370 1886 ubi
2393 1829 2557 1886 fuerit
2579 1828 2866 1885 thesaurus
2894 1843 3123 1901 Operum
3142 1837 3449 1886 nostrorum
3472 1844 3570 1887 seu
3604 1831 3696 1886 in-

2099 1923 2359 1981 tentionis
2385 1930 2611 1991 nostrae,
2642 1923 2717 1980 ibi
2746 1931 2800 1979 et
2826 1938 2923 1980 cor
2962 1931 3215 1980 nostrum
3242 1924 3541 1981 necessario
3565 1939 3701 1997 per-

2100 2018 2341 2076 manebit
2368 2019 2597 2088 (Matth.
2626 2033 2685 2075 vr
2704 2021 2742 2083 ).
3519 2037 3523 2041 -

2681 2153 2923 2210 CAPUT
2961 2154 3127 2209 XIX.

2205 2276 2280 2328 De
2307 2273 2482 2327 tribus
2512 2272 2895 2340 cogitationum
2940 2275 3252 2326 nostrarum
3272 2273 3590 2342 principiis.

2170 2398 2309 2455 Illud
2336 2412 2465 2454 sane
2490 2410 2604 2468 prae
2643 2395 2897 2452 omnibus
2921 2410 3082 2452 nosse
3107 2394 3391 2463 debemus,
3415 2399 3438 2428 °
3459 2394 3563 2451 tria
3598 2412 3705 2450 co—

2096 2492 2423 2565 gitationum
2444 2498 2756 2547 nostrarum
2783 2505 2900 2547 esse
2921 2488 3206 2562 principia,
3236 2488 3292 2546 id
3323 2496 3427 2558 est,
3458 2504 3526 2545 ex
3556 2492 3703 2560 Deo,

2098 2599 2169 2640 ex
2194 2583 2408 2641 diabolo
2439 2591 2493 2639 et
2511 2584 2591 2653 {ex
2625 2582 2803 2640 nobis.
2836 2584 2918 2637 Ex
2960 2584 3078 2638 Deo
3120 2580 3343 2653 quidem
3382 2590 3513 2638 sunt
3533 2624 3549 2651 ,
3576 2599 3711 2639 cum

2100 2679 2330 2752 Spiritus
2371 2679 2540 2735 sancti
2601 2677 2955 2734 illustratione
3010 2692 3116 2734 nos
3163 2675 3383 2734 visitare
3425 2677 3710 2749 dignatur,

2102 2774 2315 2847 erigens
2342 2787 2445 2829 nos
2468 2772 2535 2829 ad
2558 2770 2941 2829 sublimiorem
2968 2769 3297 2843 profectum,
3332 2778 3389 2827 et
3415 2770 3471 2826 in
3509 2771 3714 2844 quibus

2100 2869 2183 2925 vel
2209 2867 2392 2924 minus
2413 2866 2795 2939 acquisivimus
2813 2908 2828 2934 ,
2869 2866 2952 2922 vel
2997 2865 3265 2923 desidiose
3296 2872 3518 2939 agentes
3549 2881 3714 2939 supe-

2099 2962 2201 3019 rati
2241 2977 2452 3030 sumus,
2483 2961 2841 3018 saluberrima
2870 2960 3296 3033 compunctione
3326 2961 3591 3033 castigat;
3625 2963 3711 3018 vel

2100 3072 2228 3113 cum
2248 3062 2453 3112 reserat
2487 3056 2645 3113 nobis
2686 3054 2924 3113 coelestia
2957 3063 3294 3112 sacramenta
3315 3097 3330 3125 ,
3367 3064 3420 3112 et
3447 3057 3707 3127 proposi-

396 3145 469 3201 ris
511 3146 656 3204 illius
693 3162 821 3204 cura
854 3146 1150 3202 commissa
1187 3152 1293 3202 est.
1334 3149 1413 3203 Ita
1445 3146 1606 3220 igitur
1635 3146 1798 3204 etiam
1840 3162 1997 3205 mens
2034 3138 2079 3201 C
2104 3157 2224 3205 tum
2260 3157 2516 3206 nostrum
2539 3148 2609 3206 ad
2637 3149 2891 3208 meliores
2917 3158 3069 3206 actus
3101 3150 3543 3221 voluntatemque
3574 3164 3710 3205 con-

397 3253 493 3310 per
522 3239 645 3298 vita
682 3238 964 3313 praesentis
1014 3239 1298 3311 incursus,
1337 3240 1576 3314 undique
1616 3240 1994 3313 ingruentibus

2103 3244 2286 3312 vertit,
2311 3252 2375 3300 ut
2399 3243 2499 3314 ibi,
2543 3259 2671 3300 cum
2700 3244 2717 3280 τ
2747 3260 2843 3301 rex
2873 3248 3143 3301 Assuerus
3176 3244 3470 3317 castigatus
3514 3259 3549 3299 a
3591 3246 3706 3299 Do-

1492 3385 1746 3440 ALARDI
1784 3386 2009 3439 GAZr-EI
2048 3385 2606 3442 COMMENTARIUS.

470 3497 693 3570 8{Divus
733 3498 1028 3567 Gregorius
1061 3502 1084 3553 Ι
1115 3502 1251 3569 Reg.
1295 3515 1413 3570 cap.
1448 3503 1515 3553 14
1549 3518 1561 3553 :
1600 3503 1790 3556 Vitare
1815 3505 1993 3569 turpes

399 3569 736 3635 cogitationes
752 3584 854 3620 non
872 3570 1147 3635 prievalet,
1178 3572 1276 3637 qui
1294 3569 1539 3624 honestas
1555 3573 1609 3623 in
1625 3585 1676 3623 se
1691 3586 1791 3623 non
1813 3572 1989 3625 habet.

402 3640 541 3705 Quia
573 3640 709 3690 enim
750 3653 955 3710 semper
982 3641 1297 3706 cogitamus,
1329 3642 1666 3710 exquirenda
1695 3642 1845 3696 nobis
1872 3648 1997 3698 sunt

402 3710 554 3777 bona,
583 3724 648 3777 ne
686 3709 830 3762 mala
854 3711 1159 3777 cogitemus.

471 3772 498 3810 ¹³
526 3772 792 3861 Eamdem
813 3772 1224 3861 similitudinem
1254 3789 1308 3838 et
1320 3783 1801 3861 comparationem
1820 3783 1998 3861 cordis

402 3850 658 3926 humani,
699 3850 809 3926 sive
864 3852 1065 3926 animae
1110 3851 1421 3926 rationalis,
1461 3850 1532 3910 'et
1561 3855 1723 3910 mola:
1766 3855 1999 3925 aquaria:

401 3922 614 4003 egregie
648 3922 881 4003 explicat
908 3925 978 4003 D_.
1006 3922 1998 4003 B_e_rnardus'i_n’suisMeditatiénibus

397 3993 772 4068 devotissimis
792 4009 909 4065 cap.
938 4000 1001 4068 79.
1026 3998 1196 4060 Sicut,
1224 3996 1417 4068 inquit,
1437 3999 1800 4053 molendinum
1819 4000 1999 4053 veloci-

400 4070 480 4120 ter
492 4065 762 4139 uoluitur,
786 4071 837 4121 et
864 4067 1004 4121 nihil
1020 4071 1255 4137 respuit,-
1280 4065 1373 4123 s'ed
1393 4070 1664 4139 quidquid
1682 4072 1996 4139 imponitur,

398 4138 579 4211 metit;
625 4140 676 4192 si
697 4142 876 4193 autem
905 4139 1047 4193 nihil
1086 4138 1658 4211 apponi'tur,’seipsum
1694 4145 1953 4196 consumit
1982 4161 1998 4197 :

397 4209 579 4283 sic_cor
589 4224 763 4283 meum
772 4224 976 4283 semper
991 4209 1133 4266 estin
1144 4209 1309 4275 motu,
1323 4218 1373 4267 et
1382 4209 1675 4283 numquam
1686 4216 1968 4281 requiescit
1980 4232 1997 4277 ,-

399 4279 609 4353 sed_s_ive
623 4279 910 4342 dormiam,
929 4283 1039 4336 sive
1053 4285 1168 4349 vigi
1173 4285 1291 4345 lem,
1308 4279 1540 4340 somniat
1557 4290 1607 4339 et
1632 4279 1829 4351 cogitat
1849 4285 2000 4353 quid-

399 4349 535 4418 quid
559 4351 611 4402 ei
630 4353 878 4423 occurrit.
908 4353 980 4404 Et
1003 4354 1142 4406 sicut
1163 4355 1550 4419 molendinum,
1577 4349 1745 4408 arena
1759 4357 1807 4409 si
1828 4349 1999 4423 impo-

400 4423 587 4485 natur,
620 4422 973 4494 exterminat,
998 4424 1105 4490 pia:
1136 4424 1422 4490 inquinat,
1450 4427 1609 4492 palea
1650 4422 2001 4494 occupat;isic

402 4505 490 4544 cor
515 4503 689 4543 meum
712 4490 967 4557 cogitatio
995 4507 1181 4545 amara
1204 4494 1401 4555 turbat,
1436 4490 1720 4549 immunda
1744 4490 1997 4558 maculat,

400 4576 542 4616 vana
571 4561 838 4629 inquietat
856 4565 906 4615 et
924 4562 1144 4631 fatigat.
1171 4566 1255 4617 Ita
1280 4579 1366 4618 cor
1384 4580 1582 4631 meum,
1601 4566 1730 4619 dum
1750 4568 2001 4631 futurum

402 4647 507 4687 non
531 4635 686 4686 curat
706 4632 986 4701 gaudium,
1012 4650 1106 4688 nec
1132 4634 1378 4690 divinum
1406 4638 1603 4704 qucerit
1621 4637 1909 4700 auxilium,
1932 4639 2000 4690 ab

401 4719 577 4759 amore
604 4704 891 4759 scelestium
932 4707 1237 4775 elongatur,
1278 4712 1328 4762 et
1364 4709 1421 4761 in
1463 4723 1643 4761 amore
1673 4711 2002 4763 terrestrium

399 4780 704 4847 occupatur.
735 4777 968 4847 Cumque
1004 4778 1234 4832 elabitur
1265 4780 1333 4833 ab
1370 4778 1499 4843 illis,
1546 4783 1595 4833 et
1624 4780 1917 4834 involvitur
1944 4783 2001 4834 in

318 4854 321 4859 ’
400 4851 540 4911 istis,
565 4851 777 4905 vanitas
794 4850 934 4904 illud
954 4851 1162 4921 recipit,
1178 4852 1459 4905 curiositas
1473 4851 1711 4919 deducit,
1730 4854 2000 4921 cupiditas

402 4921 597 4993 allicit,
628 4921 876 4993 voluptas
908 4922 1130 4989 seducit,
1169 4923 1393 4977 lumuria
1425 4924 1640 4993 polluit,
1681 4928 1889 4992 torquet
1922 4927 2002 4977 in-

397 4992 566 5053 uidia,
592 4991 778 5045 turbat
811 4993 1125 5063 iracundia,
1166 4997 1371 5049 cruciat
1395 4991 1657 5061 tristitia;
1689 4991 1869 5063 sicque
1894 4998 2006 5049 mi-

402 5063 535 5117 seris
551 5062 659 5125 cast
664 5062 759 5116 bus
770 5062 1127 5130 submergitur
1139 5066 1379 5120 omnibus
1394 5068 1563 5133 uitiis,
1577 5062 1829 5134 quoniam
1838 5083 2005 5122 unum

402 5137 588 5204 Deum,
618 5136 718 5203 qui
740 5135 791 5188 ei
811 5135 1057 5201 sufﬁcere
1076 5139 1313 5204 poterat,
1336 5138 1566 5193 dimisit.
1598 5139 1733 5194 Haec
1766 5140 2006 5194 Bernar-

405 5203 528 5269 dus,
561 5213 617 5259 et
643 5219 766 5274 quae
786 5211 1102 5275 sequuntur.

476 5277 501 5348 ξ
530 5274 993 5348 ςρορσξτεωῐθξῌρί
1020 5274 1225 5345 gratia;
1256 5292 1361 5348 qua
1390 5276 1457 5334 de
1495 5292 1555 5334 re
1583 5276 1719 5334 alias
1748 5277 1929 5348 latius.

472 5331 770 5431 ‘f‘Ziz‘a'pia,
800 5345 882 5401 vel
902 5331 1361 5431 ἓξκθῆἱυῳξςῦᾦί
1380 5331 1744 5431 Gnidiae},
1770 5331 1862 5429 vel
1888 5345 2004 5418 αἴρα

404 5413 830 5490 Suidaidicitur,
864 5416 1063 5490 vitium
1096 5413 1261 5476 tritici
1305 5418 1605 5490 hordeique
1648 5418 1816 5490 nimia
1844 5413 2004 5475 terra:

404 5485 724 5563 humiditate
748 5488 1016 5563 corrupti,
1043 5488 1374 5563 jugibusque
1403 5485 1597 5563 pluiiis
1638 5488 1833 5553 diluti;
1857 5490 2004 5563 quod

405 5558 597 5634 Latino
625 5560 887 5617 vocabulo
914 5558 1460 5634 'lolium'appellatu'r.
1495 5561 1735 5634 Isidorus
1762 5558 2000 5634 Etyinol.

404 5628 496 5685 lib.
535 5646 665 5686 xvn
686 5646 806 5703 cap.
842 5638 908 5688 10
934 5632 1111 5699 (Hom.
1157 5628 1299 5700 5'0'):
1332 5635 1589 5696 Zizania,
1635 5628 1847 5704 inquit;
1864 5634 2006 5703 quod

398 5706 569 5771 poeta:
587 5717 797 5772 semper
816 5706 1019 5773 infeler
1044 5705 1231 5760 lolium
1252 5706 1461 5767 d-icimt,
1484 5705 1629 5773 quod
1640 5706 1712 5759 sit
1742 5706 1932 5759 inutile
1955 5709 2007 5761 et

404 5775 770 5841 infecundum.
805 5778 875 5831 At
900 5779 947 5830 D
1002 5775 1232 5833 Basilius
1260 5776 1315 5831 in
1343 5778 1684 5834 Hexaemero
1716 5775 1834 5835 hac
1866 5791 2005 5834 non-

2101 3499 2232 3556 nihil
2263 3501 2592 3572 distinguere
2623 3502 2853 3568 videtur,
2895 3516 3020 3557 cum
3046 3501 3120 3556 ait
3157 3520 3173 3555 ς
3206 3504 3345 3558 Nam
3378 3502 3432 3554 id
3457 3501 3606 3570 quod
3634 3503 3707 3555 lo-

2105 3572 2580 3642 Iium'appellutur,
2594 3579 2885 3643 creteraquc
2900 3574 3211 3627 adulterina
3228 3575 3454 3637 semina,
3467 3588 3591 3641 qtae
3601 3588 3710 3628 sese

2103 3660 2221 3698 cum
2246 3646 2522 3716 esculentis
2544 3646 2757 3698 miscere
2786 3646 2975 3716 solent,
2999 3660 3222 3714 qumque
3240 3646 3523 3712 Scriptura
3546 3659 3711 3697 saera

2104 3721 2120 3779 (
2139 3716 2332 3771 Matth.
2362 3730 2479 3770 xm
2495 3714 2509 3784 )
2524 3730 2833 3785 nuncupare
2848 3714 3063 3771 zizania
3074 3717 3334 3770 consuerit
3355 3733 3371 3768 :
3390 3730 3492 3767 non
3515 3716 3709 3769 tritico

2102 3790 2333 3854 mutato,
2373 3788 2466 3841 sed
2508 3803 2573 3841 ea:
2600 3790 2804 3855 origine
2843 3804 2943 3841 sua
2967 3789 3338 3857 principioque
3377 3790 3706 3857 nascuntur,

2100 3861 2487 3927 propriumque
2514 3873 2668 3912 suum
2690 3854 2942 3913 ’obtinent
2967 3854 3166 3927 genus:
3211 3854 3377 3927 Porro
3406 3854 3623 3927 zizania
3650 3856 3710 3911 in

2107 3925 2275 3984 sacris
2298 3925 2521 3984 Litteris
2549 3929 2921 4001 metaphorice
2944 3925 3195 4001 dicuntur
3214 3928 3295 4001 vel
3316 3925 3609 4001 doctrinae,
3627 3929 3709 3983 vel

2105 4015 2347 4073 morum,
2393 4001 2475 4056 vel
2517 3999 2908 4073 cogitationum
2959 4004 3054 4073 (ut
3109 3999 3424 4073 hic)_pr_‘ava
3467 3999 3706 4073 semina.

2107 4070 2269 4127 Unde
2298 4071 2453 4128 divus
2492 4068 2861 4143 Hieronymus
2890 4071 3043 4143 epist.
3084 4076 3153 4125 22
3199 4068 3281 4126 ad
3299 4068 3664 4143 Eustochium
3693 4086 3706 4123 :

2108 4144 2240 4198 Nolo
2277 4145 2425 4198 sinas
2450 4142 2819 4211 cegitationem
2840 4142 3061 4198 crescere
3088 4161 3105 4197 :
3129 4143 3261 4197 dum
3284 4156 3485 4210 pannis
3507 4148 3590 4195 est
3618 4142 3710 4195 ho-

2109 4216 2228 4279 stis,
2258 4217 2519 4283 interﬁce;
2542 4217 2805 4283 nequitia,
2832 4230 2895 4268 ne
2936 4217 3151 4267 zizania
3180 4216 3441 4281 crescant,
3467 4213 3712 4267 elidatur

2108 4302 2166 4337 in
2198 4300 2362 4338 εσηηη
2370 4302 2413 4339 ϐ.

2179 4364 2198 4388 ο
2223 4356 2407 4425 Quaeri
2440 4363 2615 4424 potest
2644 4370 2742 4411 cur
2767 4356 2868 4411 tria
2895 4363 3109 4412 tantum
3147 4354 3392 4426 posuerit
3427 4353 3713 4426 cogitatio-

2106 4433 2581 4506 numnostrarum
2628 4426 2903 4506 principia,
2935 4441 3063 4506 cum
3105 4425 3162 4482 et
3194 4426 3322 4482 boni
3346 4425 3540 4506 _angeli
3571 4440 3712 4506 saepe

2107 4443 2239 4481 num
2270 4443 2581 4481 nosu'arum
2628 4443 2903 4552 Enncipia,
2935 4443 3061 4481 cum
3105 4443 3160 4482 et
3194 4443 3322 4482 non:
3364 4443 3540 4506 angeli
3571 4443 3712 4495 saepe

2107 4496 2406 4552 immittant
2432 4496 2589 4552 nobis
2667 4512 2800 4553 onas
2831 4513 2894 4553 ac
2930 4498 3193 4568 salutares
3239 4496 3623 4568 cogitationes,
3654 4504 3713 4549 ut

2109 4576 2301 4623 notum
2332 4576 2433 4623 est.
2463 4568 2651 4623 Paucis
2680 4568 2973 4639 respondet
2998 4571 3066 4623 D.
3102 4566 3345 4624 Thomas
3388 4572 3445 4632 (ι
3466 4572 3625 4637 part.
3657 4584 3708 4635 q.

2115 4645 2236 4711 litt,
2278 4644 2399 4711 art.
2440 4638 2702 4711 2),_quod
2731 4638 2908 4711 bona“:
2952 4639 3307 4711 cogitationes
3346 4640 3715 4711 attribuantur

2109 4710 2292 4782 altiori
2324 4707 2617 4781 principid,
2669 4709 2873 4766 scilicet
2905 4707 3052 4777 Deo',
3093 4710 3221 4765 licet
3260 4710 3585 4782 angelorum
3614 4707 3709 4762 mi-

2110 4781 2332 4837 nisterio
2356 4789 2730 4852 procurentur.

2181 4853 2199 4886 ί
2226 4854 2300 4906 De
2332 4850 2460 4924 rege
2503 4855 2742 4924 Assuero
2792 4850 3041 4924 quisnam
3068 4850 3315 4924 “fuerat
3341 4850 3515 4924 habes
3542 4850 3712 4924 varias

2110 4918 2426 4979 sententiasw
2443 4921 2587 4993 apud
2632 4918 3023 4978 Bellarhtinum
3066 4921 3165 4978 lib.
3214 4937 3236 4978 ι
3276 4918 3353 4979 de
3394 4918 3705 4993 VerboADei

2113 5010 2233 5066 cap.
2264 5000 2317 5059 7,
2348 5002 2421 5066 Aet
2460 4991 2733 5066 Serarium
2762 4992 2817 5049 in
2858 4993 3282 5066 commentariis
3322 4993 3443 5066 libri
3472 4991 3700 5066 “Esther.

2113 5062 2403 5142 Quomodo
2425 5073 2607 5142 autem
2629 5065 2674 5120 is
2702 5080 2733 5120 a
2751 5065 3003 5142 gemino
3041 5065 3336 5142 castigatus
3361 5062 3708 5142 intelligatur,

2113 5131 2307 5207 partim
2332 5152 2395 5191 ex
2424 5136 2700 5207 Scriptura
2742 5136 2964 5207 (Esther
2992 5138 3112 5205 γι),
3150 5131 3353 5207 partim
3390 5152 3458 5191 ex
3492 5131 3710 5207 Iosephi

2114 5206 2277 5278 veluti
2302 5206 2711 5263 Commentario
2731 5206 2987 5278 colligere
3010 5206 3136 5263 licet
3154 5206 3178 5277 “(
3193 5207 3405 5278 Joseph.
3427 5206 3701 5273 Antiquit.

2113 5277 2207 5333 lib.
2239 5293 2309 5334 x1
2336 5295 2455 5348 cap.
2488 5281 2579 5347 6).
2612 5280 2814 5334 Textus
2842 5278 3136 5349 Scriptura:
3164 5278 3241 5333 sic
3265 5277 3433 5333 habet
3458 5298 3470 5332 :
3497 5278 3707 5349 Noctua

2114 5350 2265 5404 illam
2290 5347 2452 5404 duxit
2464 5366 2561 5405 rem
2580 5353 2888 5413 insomnem,
2904 5347 3176 5421 jussitque
3196 5350 3301 5405 sibi
3316 5348 3518 5417 afferri
3522 5347 3577 5400 H
3578 5348 3709 5421 isto-

2110 5423 2222 5475 rius
2271 5424 2323 5474 et
2358 5423 2595 5477 Annales
2634 5424 2881 5491 priorum
2906 5416 3205 5490 temporum
3258 5440 3273 5475 :
3312 5433 3567 5490 quacum
3610 5416 3711 5491 illo

2106 5496 2367 5569 prafsente
2395 5486 2711 5561 legerentur,
2741 5496 2953 5569 rentum
2991 5486 3069 5569 est
3096 5486 3357 5569 adiuuat
3397 5486 3714 5569 locum,_uhi

2109 5566 2370 5633 scriptum
2400 5570 2535 5631 erat,
2566 5566 2825 5634 quomodo
2853 5566 3153 5619 nuntiasset
3176 5564 3539 5621 Mardochanis
3572 5564 3712 5613 insi-

2112 5636 2234 5690 dias
2255 5637 2538 5704 Bagathan
2564 5643 2613 5691 et
2648 5638 2839 5691 Thares
2876 5638 3259 5703 cunuchorum,
3300 5650 3479 5703 regem
3502 5634 3709 5686 Assue—

2110 5707 2493 5783 rumjugulqre
2510 5711 2857 5783 cupientium.
2887 5708 3042 5775 Quod
3054 5706 3570 5783 eumaudissetrcx,
3591 5704 3673 5754 (ιίέ
3690 5718 3705 5753 -'

2114 5780 2257 5846 Quid
2270 5795 2374 5850 pro
2399 5778 2497 5835 hac
2515 5781 2620 5849 fide
2639 5780 2853 5836 honoris
2879 5796 2942 5835 ac
2959 5782 3181 5849 prtemii
3205 5778 3567 5836 Mardocha'us
3586 5787 3706 5826 con-
