4012 6192
282 223 387 278 509

1024 217 1357 275 COLLATIO
1396 222 1442 275 1.
1477 248 1550 261 —
1588 221 1676 276 ne
1713 218 2024 278 MONACHI
2062 184 2483 277 ISITENTIONE
2522 224 2608 278 AC
2646 224 2825 279 FlNE.

3488 234 3591 289 5l0

280 346 465 411 mino,
506 342 677 401 libros
716 342 937 400 annales
985 342 1275 418 instigatur
1319 345 1625 417 inquirere,
1675 346 1874 419 quibus
1900 348 1954 412 Α
1983 348 2278 403 ascenderit
2301 340 2460 419 super
2501 352 2569 411 te,
2602 350 2769 405 locum
2797 353 2951 405 tuum
2990 365 3056 407 ne
3098 351 3341 409 dimittas
3367 355 3584 423 (Eccles.

279 437 615 498 Mardochaci
654 437 918 495 beneﬁcia
940 437 1288 509 recordatus,
1325 440 1526 497 summi
1555 455 1683 498 eum
1707 441 1878 515 gradu

277 534 508 593 honoris
536 533 769 603 exaltat,
819 548 883 590 ac
936 533 1184 606 protinus
1232 534 1668 594 crudelissimam
1716 552 1878 610 super

275 647 411 689 nece
435 631 608 705 gentis
642 630 853 688 Iudaeas
896 630 1219 689 sententiam
1254 639 1475 689 revocat
1510 633 1739 700 (Esther
1761 632 1874 704 γι).

278 725 377 784 Vel
405 741 533 783 cum
555 724 829 798 Propheta
846 733 1269 794 commemorat,
1297 726 1540 782 Audiam
1551 728 1687 798 quid
1711 725 1881 797 loqua-

278 827 370 878 tur
406 824 467 877 in
493 837 576 878 me
590 822 845 878 Dominus
867 822 1198 890 Deus(Psal.
1224 825 1523 887 Lxxxw).
1561 820 1720 879 Alius
1743 837 1880 895 quo-

276 930 408 988 que,
434 919 506 972 Et
532 916 697 978 dt'a‘it,
730 917 934 986 inquit,
963 916 1187 985 angelus
1222 918 1322 986 qui
1357 917 1672 988 loquebatur
1705 920 1761 972 in
1803 934 1883 972 me

276 1012 301 1081 (
316 1010 476 1065 Zach.
504 1012 571 1077 Ι).
598 1007 696 1065 Vel
725 1023 853 1065 cum
884 1008 1055 1066 Filius
1092 1009 1195 1066 Dei
1222 1018 1514 1067 venturum
1536 1026 1594 1068 se
1622 1027 1731 1069 una
1757 1027 1882 1068 cum

274 1104 443 1161 Patre
458 1145 474 1172 ,
506 1108 560 1158 et
596 1101 938 1159 mansionem
974 1103 1121 1175 apud
1149 1117 1252 1160 nos
1299 1103 1570 1162 facturum
1612 1120 1734 1163 esse
1759 1121 1879 1179 pro-

273 1200 448 1259 mittit
475 1202 660 1272 (Joan.
684 1214 817 1258 XIV.
856 1203 957 1269 Et,
982 1203 1100 1258 Non
1127 1202 1252 1257 estis
1285 1216 1395 1265 uos,
1427 1201 1636 1274 inquit,
1668 1202 1760 1271 qui
1800 1204 1874 1258 lo-

271 1298 535 1369 quimini,
550 1295 643 1352 sed
657 1296 892 1367 Spiritus
916 1297 1097 1351 Patris
1113 1296 1281 1352 uestri
1299 1298 1397 1366 qui
1411 1298 1645 1367 loquitur
1660 1299 1720 1351 in
1735 1297 1878 1352 vobis

274 1390 506 1459 (Matth.
536 1392 634 1456 Χ).
683 1390 753 1446 Et
785 1402 877 1444 vas
918 1387 1220 1457 electionis,
1258 1390 1699 1459 Erpemeentum
1760 1390 1876 1459 ejus

278 1484 524 1555 queritis
561 1484 661 1553 qui
696 1484 753 1537 in
780 1496 863 1537 me
891 1483 1128 1552 loquitur
1159 1484 1399 1539 Christus
1426 1482 1508 1546 (ΙΙ
1538 1483 1656 1538 Cor.
1688 1485 1873 1547 xm)?

277 1580 303 1611 ³
330 1579 415 1635 Ex
441 1574 658 1633 diabolo
688 1590 815 1641 vero
844 1574 1233 1648 cogitationum
1257 1574 1498 1633 nascitur
1524 1575 1722 1643 series,
1745 1592 1871 1633 cum

276 1675 588 1733 subvertere
626 1687 728 1730 nos
782 1680 900 1731 tam
953 1672 1206 1729 vitiorum
1263 1673 1655 1745 oblectatione,
1710 1691 1878 1747 quam

276 1772 439 1848 etiam
465 1768 693 1828 occultis
735 1776 963 1825 conatur
1004 1767 1213 1826 insidiis
1230 1811 1247 1839 ,
1275 1768 1627 1827 subtilissima
1667 1769 1871 1827 callidi-
1902 1802 1952 1865 B

276 1874 386 1924 tate
403 1864 555 1922 malo
583 1879 682 1937 pro
710 1862 867 1936 bonis
890 1860 1267 1919 fraudulenter
1290 1871 1567 1921 ostentans
1584 1907 1598 1933 ,
1626 1872 1680 1920 et
1703 1873 1876 1921 trans-

279 1960 517 2033 ﬁgurans
543 1973 603 2015 se
629 1956 787 2014 nobis
827 1955 884 2013 in
910 1955 1167 2029 angelum
1204 1956 1338 2012 lucis
1370 1956 1448 2029 (ΙΙ
1471 1958 1588 2015 Cor.
1624 1957 1741 2030 x1).
1778 1957 1874 2014 Vel

277 2070 404 2112 cum
427 2051 756 2126 evangelista
774 2049 973 2108 refert:
997 2054 1068 2108 Et
1086 2067 1233 2107 cama
1254 2053 1426 2119 facta,
1446 2044 1473 2083 δ
1488 2068 1609 2107 cum
1627 2053 1874 2107 diabolus

266 2151 391 2221 jam
408 2150 637 2205 misisset
664 2150 723 2202 in
739 2162 830 2202 cor
851 2146 1006 2202 Iuda:
1025 2147 1256 2203 Simonis
1279 2147 1540 2209 Scarioth,
1557 2152 1619 2202 ut
1643 2149 1876 2203 traderet

278 2245 564 2303 Dominum
592 2243 774 2307 (Joan.
820 2242 986 2312 x111).
1026 2242 1099 2296 Et
1138 2240 1337 2297 iterum
1372 2259 1385 2295 :
1415 2244 1540 2297 Post
1568 2242 1872 2298 buccellam.

283 2335 489 2409 inquit,
515 2336 757 2391 introivit
796 2335 858 2389 in
894 2334 1052 2389 illum
1074 2335 1311 2390 Satanas
1354 2334 1638 2403 (Ibidem).
1686 2335 1878 2392 Petrus

281 2444 502 2504 quoque
524 2427 592 2485 ad
613 2426 905 2497 Ananiam,
930 2430 1125 2496 Quare,
1157 2426 1252 2497 ait,
1278 2430 1504 2484 tentavit
1532 2429 1766 2486 Satanas
1789 2445 1877 2487 cor

276 2531 452 2596 tuum,
482 2526 704 2582 mentiri
731 2529 780 2581 te
803 2526 1039 2595 Spiritui
1064 2528 1246 2580 sancto
1271 2526 1490 2593 (Actor.
1543 2529 1619 2584 v?
1647 2528 1717 2581 Et
1739 2525 1872 2584 illud

279 2620 429 2695 quod
450 2620 510 2678 in
549 2618 865 2693 Evangelio,
891 2627 948 2677 et
976 2619 1152 2676 multo
1201 2627 1325 2676 ante
1368 2634 1465 2692 per
1493 2619 1875 2678 Ecclesiastem

277 2714 599 2788 praedictum
626 2711 859 2786 legimus
891 2734 905 2770 :
938 2715 1002 2771 Si
1023 2714 1258 2785 Spiritus
1288 2718 1605 2785 potestatem
1634 2715 1877 2771 habentis

1982 444 2068 508 ι).
2089 440 2232 497 Illud
2259 456 2477 515 quoque
2495 442 2642 513 quod
2665 442 2866 500 dicitur
2890 442 2958 501 ad
2979 445 3150 501 Deum
3176 454 3366 503 contra
3396 449 3582 508 Achab

1986 534 2042 591 in
2063 534 2224 591 tertio
2251 538 2471 608 Regum
2494 535 2631 593 libro
2668 552 2732 592 ex
2757 552 2989 610 persona
3012 538 3231 611 spiritus
3254 539 3524 599 immundi
3558 559 3572 598 :
3596 536 3607 547 ’

1984 630 2255 700 Egredior
2268 634 2320 686 et
2338 646 2422 687 cro
2440 632 2668 702 spiritus
2686 634 2922 690 mendam
2940 637 2999 689 in
3016 650 3103 691 ore
3113 638 3346 693 omnium
3354 638 3586 708 prophe-

1985 731 2167 783 tarum
2193 727 2308 799 ejus
2339 731 2449 795 (ΙΙΙ
2482 732 2611 799 Reg.
2646 732 2831 800 χχιι).
2865 740 2886 767 ο
2908 733 2990 786 Ex
3011 731 3172 788 nobis
3192 741 3377 789 autem
3402 734 3587 790 oriun-

1984 829 2095 893 tur,
2119 839 2247 880 eum
2272 824 2590 881 naturaliter
2627 839 2689 882 ea
2732 840 2857 897 quae
2885 827 3123 899 gerimus
3143 869 3159 897 ,
3182 828 3264 883 vel
3287 828 3554 900 gessimus
3570 868 3585 895 ,

1988 915 2070 970 vel
2099 916 2423 987 audivimus,
2435 918 2788 975 recordamur
2811 922 2831 988 (
2855 922 2991 976 Vide
3010 924 3406 977 annotationem
3421 910 3588 992 quar-

1988 1013 2099 1064 tam
2128 1011 2353 1080 Cuychii
2368 1015 2490 1081 post
2512 1014 2668 1081 ﬁnem
2693 1014 2917 1081 operis).
2944 1015 3030 1068 De
3046 1012 3243 1084 quibus
3270 1014 3463 1071 beatus
3479 1018 3587 1072 Da-

1986 1105 2095 1172 vid,
2124 1107 2384 1175 Cogitavi,
2411 1105 2604 1177 inquit,
2636 1108 2749 1162 dies
2773 1110 3054 1177 antiquos,
3074 1114 3126 1164 et
3153 1125 3319 1166 annos
3358 1116 3583 1167 aeternos

1985 1201 2043 1255 in
2060 1208 2233 1255 mente
2255 1201 2443 1264 habui,
2457 1204 2509 1255 et
2527 1200 2818 1255 meditatus
2833 1216 2952 1256 sum
2975 1207 3123 1257 nocte
3146 1218 3263 1257 cum
3274 1205 3432 1258 corde
3452 1221 3584 1267 meo,

1985 1298 2034 1348 et
2079 1294 2433 1357 etcercitabar,
2474 1298 2525 1350 et
2558 1295 2827 1364 scopebam
2877 1297 3131 1365 spiritum
3175 1311 3350 1350 meum
3391 1297 3414 1365 (
3428 1300 3578 1353 PsaI.

1983 1391 2228 1457 LXXVI).
2253 1389 2326 1444 Et
2347 1388 2570 1457 iterum,
2600 1392 2857 1445 Dominus
2880 1390 2980 1444 scit
3022 1390 3367 1458 cogitationes
3409 1392 3584 1445 homi-

1980 1499 2127 1545 num,
2150 1485 2415 1553 .quoniam
2438 1498 2593 1539 vana:
2615 1487 2740 1539 sunt
2768 1484 2937 1551 (Psal.
2971 1485 3166 1551 xcm).
3201 1485 3267 1538 In
3290 1482 3584 1554 Evangelio

1981 1591 2197 1648 quoque
2220 1576 2494 1633 Dominus
2522 1577 2591 1634 ad
2619 1576 2942 1648 Pharisacos,
2974 1579 3119 1648 Quid
3160 1580 3404 1648 cogitatis
3437 1580 3586 1634 mala

1988 1673 2047 1725 in
2071 1672 2315 1727 cordibus
2343 1674 2536 1727 vestris
2558 1672 2783 1739 (Matth.
2825 1671 2959 1741 lx)?

2580 1810 2820 1866 CAPUT
2856 1810 2989 1864 XX.

2056 1941 2212 1993 Docet
2255 1951 2324 1989 ea:
2362 1933 2719 1989 similitudine
2754 1934 2974 2003 probati
3006 1934 3284 2003 trapezitae
3332 1916 3590 2003 quomodo

2221 2007 2567 2077 cogitationes
2594 2008 2793 2060 nostrae
2819 2005 3176 2060 discernenda
3207 2006 3334 2059 sint.

2053 2146 2210 2200 Hanc
2236 2142 2402 2216 igitur
2430 2147 2649 2214 oportet
2675 2139 3003 2213 tripartitam
3029 2138 3300 2195 rationem
3319 2151 3424 2194 nos
3435 2136 3587 2210 jugi-

1983 2243 2069 2294 ter
2101 2238 2407 2307 observare,
2447 2244 2501 2293 et
2535 2234 2815 2293 universas
2855 2233 3207 2307 cogitationes
3244 2246 3369 2305 quas
3407 2246 3584 2288 emer-

1985 2340 2122 2405 gunt
2161 2332 2217 2388 in
2243 2331 2406 2389 corde
2437 2339 2646 2399 nostro,
2693 2330 2869 2403 sagaci
2924 2329 3251 2386 discretione
3278 2328 3549 2385 discutere
3564 2368 3578 2394 ,

1985 2427 2219 2502 origines
2248 2442 2437 2485 earum
2469 2433 2524 2483 et
2550 2441 2741 2483 causas
2769 2432 3126 2498 auctoresque
3150 2413 3581 2497 primitus'inda-

1985 2531 2278 2597 gantes,'ut
2315 2523 2504 2597 quales
2528 2538 2631 2579 nos
2657 2522 2735 2579 eis
2758 2521 3000 2594 praebere
3022 2514 3344 2591 debeamus,
3375 2534 3440 2576 ex
3467 2518 3584 2576 illo-

1983 2634 2111 2676 rum
2151 2618 2350 2675 merito
2380 2617 2472 2688 qui
2524 2630 2616 2673 eas
2655 2624 2987 2688 suggerunt,
3017 2614 3359 2672 considerare
3401 2613 3583 2685 possi-

1984 2700 2180 2783 mus,’,d
2205 2720 2267 2768 ut
2308 2710 2612 2768 efficiamur
2656 2707 2959 2766 secundum
3000 2715 3336 2780 praeceptum
3364 2706 3587 2764 Domini

1375 2848 1635 2904 ALARDI
1672 2849 1896 2905 ΕΑΖᾹΞΙ
1933 2845 2494 2906 COMMENTARIUS.

277 2978 485 3031 secutus
506 2977 622 3029 est?
650 2975 922 3030 Dixerunt
949 2976 1000 3029 ei
1031 2976 1172 3029 servi
1194 2974 1309 3043 ejus
1343 2991 1405 3031 ac
1427 2977 1671 3031 ministri
1693 2995 1704 3031 :
1728 2976 1879 3035 Nihil

277 3048 493 3102 omnino
515 3045 769 3107 mercedis
797 3046 1016 3115 accepit,
1047 3052 1152 3100 etc.
1177 3045 1395 3115 Josephi
1428 3061 1550 3103 vero
1589 3050 1899 3103 Commem-

277 3115 453 3172 tarius
484 3136 496 3172 :
528 3119 689 3182 Deus,
719 3114 925 3186 inquit,
950 3130 1097 3184 spem
1139 3114 1433 3183 malignam
1461 3119 1642 3173 Aman
1681 3119 1882 3173 deride-

281 3189 397 3248 bat,
428 3191 500 3252 et,
531 3187 827 3240 accidentia
846 3186 1170 3255 prcevidens,
1194 3187 1259 3241 de
1284 3188 1489 3252 futuris
1502 3188 1877 3243 delectabatur.

276 3261 425 3315 Nam
445 3259 560 3323 regi
580 3271 819 3328 sgmnum
840 3253 1109 3324 peritiam
1126 3258 1594 3328 noctemabStulit,
1608 3266 1662 3312 et
1670 3273 1790 3328 qua:
1804 3274 1884 3314 se-

277 3324 925 3400 quuntur._Castigatum
951 3340 1142 3400 _ergo_a
1186 3325 1419 3400 Domino
1462 3324 1761 3400 assuertim
1800 3328 1886 3385 hic

277 3388 522 3456 insinuat
543 3388 773 3463 Auctor;
797 3411 924 3452 cum
948 3388 1186 3469 immissa
1210 3396 1468 3469 divinitus
1484 3396 1572 3469 illa
1591 3388 1885 3469 insomnia,
1920 3388 1965 3450 C

285 3469 548 3541 lectisque
584 3482 768 3541 coram
816 3482 881 3541 eo
906 3467 1203 3541 Annalium
1229 3475 1288 3541 et
1322 3466 1673 3541 historiarum
1702 3466 1889 3527 monu-

284 3537 518 3614 mentis,
554 3537 862 3614 Madochaei
894 3537 1061 3595 ﬁdem
1080 3547 1159 3614 _et
1199 3537 1442 3614 ofﬁcium
1480 3539 1534 3596 in
1573 3539 1886 3614 detegendis

280 3610 489 3668 insidiis
517 3611 651 3668 olim
682 3610 986 3683 praestitum
1031 3609 1099 3667 ad
1128 3610 1450 3683 memoriam
1487 3609 1776 3682 revocatis,
1815 3613 1884 3671 de

281 3683 403 3754 ipso
450 3690 512 3738 ut
551 3697 652 3757 par
684 3681 844 3757 ‘erat,
881 3681 1521 3757 digneremunerando,
1562 3687 1681 3741 Deo
1704 3681 1881 3757 inspi-

281 3752 482 3825 fante,
504 3752 648 3809 serio
676 3753 913 3825 cogitare
934 3752 1104 3825 empit
1140 3773 1152 3809 :
1180 3753 1324 3812 unde
1366 3752 1657 3813 consecuta
1686 3752 1881 3813 deinde

279 3795 678 3907 crudelissimas
704 3795 988 3907 sebnteutiae
1014 3795 1074 3907 in
1095 3795 1316 3907 Iudiciis
1360 3825 1429 3882 ab

279 3901 418 3951 rata:
443 3896 716 3967 revocatio
753 3896 1136 3967 et_abrogati_o.
1184 3899 1356 3967 Porro
1383 3897 1514 3967 quid
1541 3896 1705 3953 inter'
1723 3899 1884 3955 histo-

276 3967 393 4022 rias
415 3974 487 4032 “.et
527 3966 750 4022 annales
794 3964 1119 4021 discriminis
1169 3965 1273 4030 sit,
1300 3964 1469 4019 tradit
1504 3967 1689 4021 Gelius
1725 3967 1821 4023 lib.
1853 3986 1884 4022 v

273 4052 405 4108 cap.
427 4043 517 4108 18,
532 4043 590 4108 et
609 4034 850 4108 Isidorus
874 4032 1116 4108 Etymol.
1148 4032 1240 4108 lib.
1273 4047 1439 4108 reap.
1469 4034 1571 4108 ult.
1594 4038 1674 4108 Ex
1689 4036 1887 4108 quibus

272 4102 559 4163 Batonius
576 4105 652 4160 ita
681 4102 866 4160 retulit
889 4102 979 4165 (In
1022 4108 1046 4156 ι
1073 4104 1306 4172 prcefat.
1323 4103 1529 4157 Annal.
1549 4106 1569 4170 )
1587 4122 1600 4155 :
1621 4102 1890 4161 Eodiscri,

268 4179 435 4234 mine
463 4180 661 4229 ueteres
692 4174 762 4227 ab
800 4174 1026 4229 historia
1071 4172 1292 4228 annales
1321 4173 1725 4238 distinxerunt,
1749 4179 1890 4246 quod

264 4248 388 4306 illa
416 4247 634 4315 proprie
661 4259 745 4299 res
763 4260 988 4316 suorum,
1000 4249 1293 4316 temporum
1316 4249 1515 4313 gestas,
1544 4262 1681 4316 quas
1706 4253 1892 4303 auctor

270 4317 372 4375 υρι
400 4317 558 4377 uidit,
580 4316 663 4369 vel
701 4318 881 4385 potuit
905 4315 1104 4380 uidere,
1124 4321 1434 4387 pertractat,
1473 4315 1642 4387 neque
1677 4324 1889 4374 tantum

273 4388 423 4462 quid
449 4390 655 4462 gestum
668 4390 771 4462 sit,
800 4387 893 4441 sed
910 4391 960 4441 et
988 4390 1346 4462 quaratione,
1363 4404 1528 4458 quove
1546 4392 1784 4454 consilio,
1805 4393 1891 4447 in-

275 4458 447 4517 dicet.
471 4458 778 4514 Annalibus
799 4462 983 4513 contra
999 4461 1228 4534 scriptor
1241 4476 1325 4514 res
1338 4462 1612 4534 antiquas,
1635 4468 1698 4519 ut
1704 4464 1883 4534 pluri-

278 4546 431 4587 mum
446 4572 469 4604 ,A
484 4544 621 4604 quas
645 4544 748 4583 sua
773 4544 880 4583 non
907 4532 1055 4585 novit
1082 4535 1234 4595 retas,
1257 4531 1568 4601 easdemque
1588 4550 1690 4604 per
1704 4531 1886 4591 “annos

276 4602 526 4677 singulos
563 4602 868 4677 litterarum
895 4604 1231 4677 monimeutis
1260 4602 1609 4677 commendet:
1629 4606 1718 4677 _Sic
1747 4607 1881 4677 ipse.

361 4676 385 4704 ⁸
408 4674 773 4728 Damascenus
810 4670 903 4727 lib.
941 4671 1092 4743 nde
1132 4671 1262 4727 Fide
1281 4687 1404 4743 cap.
1435 4678 1491 4740 4,
1524 4672 1593 4730 de
1615 4670 1887 4732 daemoni-

281 4744 393 4835 bus
416 4759 579 4835 agens
607 4763 619 4798 :
649 4744 853 4810 Omnis,
876 4742 1330 4835 inquitfprauitus
1361 4744 1430 4796 ab
1466 4746 1598 4813 ipsis
1621 4761 1884 4835 procura-
1915 4773 1965 4835 ι)

283 4822 398 4878 tur,
432 4814 481 4869 et
525 4817 752 4886 impura:
774 4814 1224 4884 perturbationes.
1258 4816 1329 4868 Et
1355 4814 1634 4882 suggeerre
1669 4819 1886 4885 quidem

284 4888 495 4942 homini
514 4887 773 4956 permissi
793 4890 938 4948 sunt,
983 4900 1165 4953 cogere
1209 4890 1388 4939 autem
1420 4900 1527 4940 non
1547 4892 1791 4956 possunt.
1823 4893 1889 4945 In

284 4962 472 5014 nostra
500 4959 639 5012 enim
663 4961 925 5027 potestate
935 4961 1013 5012 est
1028 4956 1314 5011 admittere
1349 4960 1446 5013 aut
1468 4972 1576 5011 non
1610 4958 1892 5016 admittere

286 5045 467 5085 eorum
488 5031 896 5097 suggestionem.
924 5030 1006 5083 Ita
1023 5029 1416 5083 Damascenus.
1444 5030 1515 5083 D.
1530 5027 1770 5085 Thomas
1800 5030 1890 5086 ubi

284 5115 451 5172 supra
474 5119 487 5155 :
520 5105 807 5163 Damones,
831 5098 925 5163 ait,
943 5115 1050 5172 non
1070 5102 1298 5168 possunt
1316 5101 1601 5155 immittere
1616 5114 1707 5167 cog
1715 5102 1889 5155 itatio-

288 5171 399 5234 nes,
422 5173 649 5226 interius
668 5186 755 5226 eas
792 5171 1082 5237 causando,
1098 5186 1218 5225 cum
1241 5185 1370 5226 usus
1391 5173 1693 5239 cogitatione
1712 5173 1892 5226 uirtu-

290 5246 360 5297 tis
383 5242 658 5311 subjaceat
669 5243 952 5297 uoluntati.
978 5244 1191 5298 Dicitur
1210 5246 1385 5297 tamen
1399 5244 1893 5299 diabolusincensor

386 5315 695 5377 itationum,
716 5315 776 5368 in
808 5317 1071 5383 quantum
1098 5316 1287 5370 incitat
1302 5316 1377 5370 ad
1403 5315 1771 5384 cogitandum,
1810 5315 1893 5369 vel

288 5385 363 5439 ad
383 5385 742 5455 appetendum
760 5388 1010 5453 cogitata,
1033 5401 1135 5456 per
1156 5386 1371 5442 modum
1396 5387 1793 5457 persuadentis,
1810 5388 1893 5440 rel

282 5459 591 5526 passionem
614 5458 943 5513 comitantis.
970 5460 1148 5514 Potest
1166 5460 1307 5513 enim
1346 5458 1658 5528 hujusmodi
1674 5460 1891 5528 passio-

288 5542 383 5581 nes
411 5531 671 5584 concitare
687 5530 748 5583 in
768 5529 1131 5593 sensualitate,
1156 5534 1319 5600 atque
1340 5533 1415 5585 ita
1434 5532 1760 5586 uoluntatem
1790 5545 1892 5585 mo-

289 5611 440 5661 vere;
464 5615 566 5655 non
590 5605 768 5656 tamen
798 5616 865 5673 em
901 5603 1237 5671 necessitate,
1262 5604 1391 5673 quia
1416 5604 1662 5657 uoluntas
1685 5617 1891 5672 semper

288 5676 525 5744 remanet
548 5673 715 5744 libera
737 5672 811 5727 ad
833 5672 1371 5744 consentiendum’uel
1393 5674 1748 5730 resistendum
1770 5690 1891 5744 pas-

471 5743 711 5827 _l_)uobus
755 5759 883 5827 ergo
930 5742 1129 5827 modis_
1153 5743 1402 5827 immittit
1444 5745 1602 5827 uobis
1639 5742 1910 5827 diabolus-

288 5812 666 5887 cogitationes,
690 5820 784 5871 aut
819 5812 1168 5874 immutando
1218 5812 1576 5889 phantasiam,
1616 5832 1712 5873 seu
1758 5816 1891 5873 ima-

630 5990 659 5999 κ

1984 2973 2339 3048 ginationem,
2364 2980 2419 3028 et
2439 2969 2656 3048 varia_ei
2688 2968 2897 3048 objecta
2926 2966 3172 3048 suasoria
3189 2964 3585 3048 proponendo;

1985 3039 2079 3117 aut
2123 3039 2432 3117 passionem
2477 3039 2769 3117 excitando
2805 3040 2861 3095 in
2894 3039 3257 3117 sensualitate,
3296 3052 3408 3117 per.
3424 3052 3588 3117 quam

1986 3107 2238 3174 voluntas
2264 3114 2514 3171 allicitur.
2558 3114 2871 3185 Utrumque
2906 3111 3055 3168 enim
3094 3117 3274 3181 potest
3296 3107 3585 3173 diabolus,

1987 3188 2032 3244 si
2068 3192 2218 3244 Deus
2266 3186 2571 3259 permittet;
2627 3184 2965 3241 voluntatem
2994 3190 3193 3259 tamen
3247 3195 3440 3252 cogere
3496 3186 3589 3235 aut

1991 3252 2287 3315 efﬁcaciter
2322 3270 2539 3314 movere
2560 3252 2688 3320 inon
2712 3263 2921 3329 potest,
2954 3252 3056 3310 nisi
3087 3253 3201 3325 ipsa
3242 3260 3437 3325 Sponte
3466 3266 3589 3308 con-

1990 3338 2554 3470 ΒθῗἝἛἈιιειιεῑίηιιε
2577 3404 2737 3452 tract.
2755 3401 2823 3452 55
2845 3396 2901 3450 in
2925 3397 3198 3451 Joannem
3225 3415 3237 3450 τ
3275 3396 3467 3470 Missio
3483 3397 3589 3448 ista

1994 3466 2719 3541 spiritualis'suggestioest;
2743 3474 2793 3523 et
2815 3484 2920 3522 non
2948 3471 3008 3537 ﬁt
3027 3482 3126 3537 per
3151 3482 3355 3529 aurem,
3376 3466 3590 3536 sedper

1993 3540 2494 3612 cogitationembia
2500 3540 2676 3595 bolica:
2689 3545 2825 3603 enim
2841 3541 3182 3608 cogitationes
3196 3541 3587 3601 immittuntur,

1990 3619 2042 3670 et
2062 3615 2311 3669 humanis
2333 3613 2741 3683 cogitationibus
2761 3613 3146 3683 immiscentur.

2060 3688 2083 3718 θ
2104 3680 2407 3757 Quomodo
2441 3684 2794 3757 cogitationes
2839 3682 3081 3739 oriantur
3117 3697 3183 3757 ex
3220 3680 3413 3748 nobis,
3461 3694 3591 3757 cum

1988 3752 2281 3830 Apostolus
2333 3756 2477 3812 dicat
2511 3752 2539 3811 ἶ
2573 3758 2688 3830 Non
2750 3770 2934 3830 sumus
2960 3756 3314 3830 “sufﬁcientes
3359 3752 3590 3830 cpgitare

1988 3821 2204 3910 aliquid
2226 3844 2293 3884 ea:
2312 3828 2757 3910 nobisuquas‘iiccc
2772 3828 2927 3910 nobis
2952 3826 3035 3895 (ll
3059 3826 3289 3910 corium
3305 3827 3345 3888 ).
3377 3821 3513 3876 Vide
3536 3821 3590 3874 in

1990 3896 2270 3955 notatione
2297 3898 2453 3955 dom.
2482 3896 2703 3971 Cuychii
2727 3897 2797 3953 ad
2824 3896 3031 3975 calcem
3060 3896 3256 4019 operis.

2061 3957 2089 4003 ί¹
2118 3972 2199 4024 De
2226 3969 2327 4025 hac
2356 3984 2485 4025 voce
2529 3985 2593 4025 ac
2618 3968 2891 4036 sententia.
2917 3965 3078 4036 nihil
3111 3976 3203 4036 ere
3242 3967 3323 4018 est
3345 3959 3507 4036 quod
3525 3958 3593 4015 ad

1994 4040 2302 4113 natationes
2340 4039 2580 4113 Cuychii
2616 4047 2671 4093 et
2714 4031 2975 4113 Ciaeonii,
3017 4034 3179 4113 adjici
3216 4031 3435 4113 possit,.
3460 4045 3593 4101 quas

1997 4107 2224 4191 proinde
2248 4105 2506 4191 utrasque
2530 4110 2712 4191 visum
2732 4117 2819 4191 est
2834 4108 2927 4191 hic
2944 4105 3245 4191 ascribere;
3274 4105 3595 4191 septimum

1998 4171 2223 4249 Cuychii
2255 4171 2464 4249 notatio
2500 4179 2577 4234 sic
2600 4176 2775 4249 habet
2791 4197 2804 4231 :
2834 4175 3135 4249 Trapezitae
3170 4171 3392 4249 Graecis
3415 4171 3596 4227 dicun-

1998 4243 2110 4331 tur',
2136 4262 2278 4331 quos
2302 4248 2500 4331 Latine
2522 4246 2928 4304 nummularios
2944 4243 2963 4314 ξ
2982 4244 3310 4331 φθῃβξνὶοε,
3348 4243 3462 4299 sive
3487 4257 3597 4331 ruo-

1996 4316 2236 4392 netarios
2280 4319 2548 4392 appellare
2588 4332 2907 4392 possumus;
2950 4317 3030 4373 sic
3071 4316 3248 4374 dictos
3272 4332 3303 4372 a
3345 4321 3593 4392 moneta,

1995 4391 2106 4464 sive
2140 4387 2408 4464 argento:
2440 4406 2551 4447 non
2588 4387 2745 4464 'quod
2791 4398 3048 4463 argentea
3110 4404 3234 4464 vasa
3275 4389 3469 4464 eicient
3493 4387 3593 4464 ',ve_l

1997 4458 2265 4542 iuaurelit,
2308 4462 2414 4542 hoc
2450 4458 2925 4542 enim-fabrorum
2973 4470 3098 4542 est_:
3134 4461 3228 4519 sed
3265 4460 3414 4535 quod
3453 4458 3593 4542 apud

1995 4534 2117 4608 illos
2152 4535 2601 4608 examinarentur
2643 4534 2915 4608 pecuniae,
2953 4542 3009 4608 et
3048 4532 3480 4608 deponerbntur,
3517 4532 3596 4587 in-

1994 4606 2211 4664 terdum
2246 4603 2807 4680 fenerato,intei'dum
2838 4606 3093 4680 gratuito,
3124 4603 3323 4662 horum
3352 4603 3595 4680 tabernae

1994 4679 2310 4753 argentariae
2347 4679 2701 4753 vocabantur.
2754 4676 2966 4737 Griecis
2988 4685 3195 4753 autem
3242 4676 3529 4752 τραπεζίεςαι
3555 4688 3598 4751 _a

1994 4750 2181 4820 mensa
2224 4767 2430 4808 nomen
2469 4751 2699 4818 habent;
2740 4766 2872 4805 nam
2909 4750 3128 4820 τρέπεζα
3155 4758 3405 4820 mensam
3433 4750 3595 4820 signi.

1995 4819 2137 4877 ﬁcat.
2175 4822 2336 4891 Apud
2374 4821 2598 4877 Iudaeos
2635 4812 2857 4891 quoque
3115 4812 3436 4891 trapeuitas,
3487 4812 3601 4891 sive

1994 4878 2408 4961 nummularius,
2444 4891 2536 4961 qui
2583 4891 2636 4943 in
2650 4878 2881 4961 'terriplu
2928 4878 3601 4961 Hierosolymi_tano,_.de-

1997 4970 2147 5016 creto
2188 4950 2537 5015 sacerdotum
2584 4950 2898 5019 constituti,
2929 4950 3194 5008 mutuam
3222 4951 3323 5007 sub
3351 4950 3599 5012 cautione

1998 5030 2286 5107 pecuniam
2334 5028 2565 5107 dabant,
2612 5042 2678 5107 ex_
2746 5023 3037 5107 Evangelio
3084 5022 3433 5107 manifestum
3493 5030 3593 5079 est.

1998 5096 2270 5173 Quoniam
2309 5106 2493 5154 autem
2527 5105 2749 5173 propter
2775 5096 3374 5173 continuum_pecuniae
3412 5110 3594 5173 usum,

1998 5166 2331 5228 adulterinos
2355 5175 2410 5225 et
2436 5166 2683 5240 exoticos
2726 5183 2983 5225 nummos
3029 5185 3060 5225 a
3108 5166 3251 5225 bona
3278 5176 3347 5240 et
3371 5166 3595 5240 probata

2001 5249 2222 5314 moneta
2261 5240 2467 5314 optime
2487 5239 2907 5314 _discernebant,
2935 5241 3061 5314 hinc
3086 5239 3475 5314 trapezitarum
3504 5254 3598 5314 ap:

2000 5312 2245 5395 pcll_atio_
2255 5311 2560 5395 generatim
2592 5312 2694 5395 “ad
2725 5327 2925 5395 omnes
2966 5313 3086 5370 illos
3134 5311 3595 5395 extenditur,_q'ui

1993 5384 2286 5458 judicandi‘
2310 5384 2501 5458 peritia
2526 5384 2732 5458 valent,
2760 5385 2985 5458 etintel'
3003 5400 3198 5442 aurum
3232 5394 3287 5441 et
3322 5384 3592 5458 aurichal-

1996 5456 2144 5526 cum,
2169 5456 2566 5514 interitriticum
2595 5464 2650 5513 et
2669 5456 2892 5523 zizania,
2924 5457 3065 5514 inter
3078 5473 3269 5514 verum
3297 5465 3351 5513 et
3373 5457 3592 5522 falsum,

1997 5528 2137 5585 inter
2161 5529 2385 5602 bonum
2413 5538 2469 5586 et
2498 5529 2727 5602 malum,
2769 5529 3353 5602 recteuprudenterque
3392 5527 3595 5583 discer-

1996 5609 2153 5657 nunt.
2192 5603 2263 5657 Et
2289 5600 2345 5675 in
2371 5599 2475 5675 hac
2497 5599 2892 5675 signiﬁcatione
2928 5599 3032 5675 hoc
3068 5599 3331 5675 vocabulo
3344 5613 3488 5675 _usus
3514 5604 3595 5653 est

1996 5669 2583 5746 Joanneugassianus'.
2618 5676 2757 5730 Haec
2803 5672 3093 5746 Cuychius.
3140 5669 3425 5746 Qiaconius
3450 5682 3592 5746 _vero

1996 5744 2113 5802 haec
2131 5744 2339 5817 addidit
2367 5746 2687 5817 :gTrapezita
2714 5739 2904 5817 Latine
2931 5741 3332 5817 nummulurius
3359 5739 3554 5817 dicitur
3563 5751 3589 5817 5

1996 5802 2298 5874 mensarius
2345 5816 2415 5873 ad
2462 5802 2690 5875 verbum
2738 5815 2891 5874 reddi
2932 5823 3131 5887 potest.
3183 5814 3324 5867 Nam
3374 5802 3591 5874 ,τράπεαζ
