3982 6202
316 188 386 240 5l7
1025 184 1359 240 COLLATIO
1398 187 1435 238 1.
1478 213 1549 267 -τ
1588 180 2018 252 DEMONACHI
2061 180 2475 239 INTENTIONE
2513 181 2600 235 AC
2638 182 2815 237 FINE.

3463 192 3566 246 518

312 308 371 365 nis
391 307 698 376 multorum,
727 316 785 364 et
804 323 996 364 amore
1034 308 1169 365 lucri
1204 308 1460 381 spiritalis
1490 308 1736 382 instigat,
1764 321 1863 379 per
1890 309 1943 370 Α
1972 308 2089 361 viro
2118 326 2134 361 :
2168 309 2458 363 novissima
2481 312 2657 363 autem
2685 322 2868 363 earum
2900 311 3115 366 uenient
3141 311 3202 366 in
3224 312 3567 383 profundum

309 402 424 477 quod
446 419 544 460 nos
570 403 635 459 ab
656 401 964 459 humilitate
988 403 1244 476 propositi
1260 402 1425 476 hujus
1441 420 1505 463 ac
1526 402 1865 462 districtione

309 497 504 554 divellat.
534 500 667 569 Quae
705 498 891 553 omnia
933 512 1060 554 cum
1101 497 1208 553 sint
1240 505 1446 555 nostrae
1473 496 1636 554 saluti
1661 496 1867 570 profes-

305 588 512 662 sionique
549 590 841 659 contraria,
896 598 1082 646 tamen
1118 591 1379 646 velamine
1418 591 1660 663 quodam
1703 590 1868 647 mise-

304 684 514 742 ricordiae
543 702 608 742 ac
626 686 909 758 religionis
937 685 1173 757 obtecta,
1197 686 1353 745 facile
1374 686 1652 760 imperitos
1676 687 1869 743 incau—

300 786 460 852 tosque
504 779 802 853 decipiunt.
859 782 1153 839 Imitantur
1184 782 1330 841 enim
1373 782 1706 840 numismata
1757 780 1867 838 veri

298 874 444 946 regis,
476 874 600 946 quia
650 874 901 933 videntur
940 876 1013 934 ad
1040 893 1277 950 praesens
1312 878 1471 949 plena
1505 877 1745 950 pietatis,
1774 877 1870 933 sed

297 981 388 1022 non
427 974 556 1023 sunt
582 983 611 1022 a
640 968 905 1040 legitimis
944 970 1261 1027 monetariis
1279 1012 1294 1039 ,
1319 970 1373 1027 id
1409 978 1522 1041 est,
1546 968 1787 1041 probatis
1814 977 1869 1026 et

294 1059 552 1118 catholicis
584 1062 834 1121 Patribus
871 1064 1126 1137 ﬁgurata;
1153 1080 1253 1121 nec
1296 1064 1365 1121 de
1394 1064 1647 1122 cardinali
1684 1079 1747 1120 ac
1769 1079 1869 1135 pu-

291 1149 407 1206 blica
429 1151 740 1210 collationis
767 1169 960 1211 eorum
987 1153 1256 1226 prodeunt
1284 1153 1521 1218 ofﬁcina,
1553 1152 1649 1209 sed
1676 1152 1870 1209 furtim

289 1244 466 1302 fraude
511 1246 824 1303 daemonum
872 1245 1163 1315 fabricata,
1205 1261 1319 1301 non
1373 1245 1491 1302 sine
1542 1244 1871 1301 detrimento

288 1340 540 1413 imperitis
562 1341 867 1413 quibusque
889 1348 946 1397 et
979 1340 1350 1413 ignorantibus
1374 1339 1710 1412 ingeruntur.
1735 1340 1872 1408 Quae

287 1434 520 1506 quamvis
565 1434 718 1491 utilia
754 1450 818 1491 ac
846 1434 1142 1491 necessaria
1177 1434 1457 1490 videantur
1500 1432 1570 1490 ad
1602 1447 1867 1504 praesens,

288 1537 453 1586 tamen
492 1529 537 1585 si
568 1528 930 1586 soliditatibus
971 1527 1336 1600 professionis
1373 1534 1577 1583 nostra:
1612 1526 1874 1599 incipiant

286 1631 396 1695 post
420 1622 537 1685 (hoc
574 1638 692 1680 esse
721 1622 1012 1692 contraria,
1038 1628 1092 1679 et
1117 1629 1297 1678 totum
1316 1619 1726 1693 quodammodo
1754 1634 1876 1676 cor-

1970 403 2179 470 inferm‘
2198 402 2482 470 (Pro-verb.
2514 404 2667 468 xlv).
2710 404 2779 457 Et
2807 402 3004 459 iterum
3034 423 3045 460 :
3070 398 3096 436 ι)
3120 407 3393 477 Malignus
3419 418 3568 469 nocet

1971 511 2090 551 cum
2124 510 2180 552 se
2223 496 2499 551 miscuerit
2517 495 2669 565 justo
2694 498 2876 564 (Prov.
2918 501 3070 569 xvr),
3100 497 3153 556 id
3192 508 3289 575 est,
3321 501 3568 563 diabolus

1972 587 2170 661 decipit
2197 605 2326 646 cum
2365 588 2530 646 fuerit
2574 588 2757 645 colore
2786 591 3089 649 sanctitatis
3135 594 3398 654 obtectus.
3440 598 3569 657 Odit

1973 691 2159 740 autem
2186 698 2383 741 sonum
2423 683 2630 751 tutelae,
2662 682 2718 740 id
2760 693 2864 755 est,
2903 684 3242 746 discretionis
3286 690 3416 763 vim,
3446 708 3569 766 quae

1975 776 2043 834 de
2072 778 2353 835 seniorum
2381 777 2559 835 verbis
2589 793 2653 835 ac
2674 780 2982 837 monitione
3008 782 3264 854 procedit.

2554 873 2799 931 CAPUT
2827 877 2990 931 ΧΧΙ.

2332 970 2406 1021 De
2444 967 2694 1020 illusione
2722 968 2935 1023 abbatis
2978 972 3217 1027 Joannis.

2047 1061 2109 1112 In
2136 1073 2245 1129 quo
2270 1057 2433 1113 etiam
2463 1068 2482 1094 ο
2521 1058 2776 1115 abbatem
2806 1076 2981 1131 nuper
3007 1064 3299 1136 Joannem,
3325 1069 3414 1139 qui
3444 1071 3577 1144 Lyci
3672 1118 3677 1123 .

1976 1158 2379 1219 commoratur,
2407 1152 2766 1223 cognovimus
2794 1152 2961 1211 fuisse
2986 1156 3227 1213 illusum.
3252 1162 3390 1217 Nam
3425 1180 3575 1235 cum,

1976 1244 2239 1301 exhausto
2284 1260 2513 1317 corpore
2540 1253 2702 1318 atque
2740 1244 2982 1318 defecto,
3019 1252 3428 1323 perceptionem
3467 1257 3575 1313 cibi

1975 1338 2213 1396 biduano
2234 1339 2445 1412 jejunio
2483 1339 2806 1411 distulisset,
2835 1341 3111 1400 accedenti
3153 1344 3200 1401 ei
3228 1345 3297 1403 ad
3320 1347 3576 1407 refectio-

1977 1448 2104 1488 nem
2132 1432 2217 1489 die
2244 1441 2487 1505 postero,
2513 1434 2538 1469 ἀ
2573 1434 2791 1491 veniens
2817 1434 3054 1493 Zabulus
3083 1438 3140 1492 in
3169 1438 3347 1511 ﬁgura
3372 1443 3580 1501 Ethio-

1979 1526 2062 1596 pis
2090 1526 2246 1595 tetri,
2272 1534 2435 1598 atque
2460 1526 2530 1582 ad
2559 1527 2675 1598 ejus
2713 1543 2886 1599 genua
2929 1531 3280 1601 provolutus,
3319 1535 3544 1610 lndulge
3563 1580 3579 1607 ,

1979 1619 2174 1692 inquit,
2209 1619 2368 1687 mihi,
2396 1618 2519 1690 quia
2550 1635 2649 1691 ego
2674 1618 2773 1675 tibi
2800 1619 2947 1676 hunc
2974 1621 3221 1679 laborem
3249 1624 3434 1683 indixi.
3468 1631 3582 1686 Ita-

285 1734 378 1791 pus
415 1718 587 1775 nostri
618 1715 939 1776 labefactare
975 1717 1276 1791 propositi,
1314 1723 1596 1788 tamquam
1628 1730 1874 1772 necessa-
1907 1724 1954 1786 Β
1983 1731 2088 1788 que
2115 1714 2203 1771 ille
2228 1715 2308 1770 vir
2328 1722 2513 1771 tantus
2532 1722 2587 1770 et
2607 1713 2661 1769 in
2683 1714 3024 1772 discretionis
3050 1716 3265 1774 ratione
3287 1720 3578 1793 perfectus,

281 1813 416 1870 rium
458 1813 707 1887 quidem,
736 1814 832 1871 sed
876 1813 1247 1870 scandalizans
1285 1813 1615 1882 membrum,
1649 1820 1705 1868 et
1727 1810 1874 1883 quod
1967 1810 2084 1867 sub
2122 1810 2303 1867 colore
2331 1808 2677 1867 continentiae
2714 1809 3136 1883 incongruenter
3162 1814 3465 1872 exercitatae
3495 1817 3583 1872 in-

281 1909 479 1966 dextrae
506 1923 702 1965 manus
724 1907 807 1965 vel
823 1907 972 1980 pedis
997 1922 1154 1980 agere
1180 1906 1426 1963 videatur
1453 1905 1721 1975 ofﬁcium,
1746 1921 1874 1978 pro-

274 2002 361 2075 jiei
391 2019 423 2059 a
445 2003 607 2060 nobis
644 2009 807 2074 atque
848 2000 1089 2058 abscindi
1130 1999 1343 2057 salubre
1378 2008 1478 2056 est.
1511 2000 1689 2056 Satius
1726 1999 1874 2055 enim

282 2104 360 2153 est
404 2096 611 2169 absque
660 2094 821 2151 unius
863 2092 1116 2166 praecepti
1161 2092 1446 2161 membro,
1474 2091 1527 2148 id
1557 2100 1660 2161 est,
1686 2107 1875 2163 opera-

279 2189 419 2246 tione
445 2190 524 2245 vel
546 2189 750 2258 fructu,
780 2187 837 2243 in
855 2187 1066 2245 caeteris
1096 2198 1290 2243 sanum
1306 2183 1635 2256 ﬁrmumque
1658 2184 1874 2253 durare,

281 2292 333 2341 et
356 2293 640 2357 tamquam
668 2281 910 2341 debilem
938 2281 1165 2338 introire
1206 2280 1265 2336 in
1291 2294 1521 2353 regnum
1563 2278 1684 2348 Dei,
1713 2294 1877 2350 quam

280 2395 401 2436 cum
437 2378 712 2437 soliditate
751 2375 991 2434 mandati
1029 2374 1262 2431 incidere
1290 2374 1347 2429 in
1391 2371 1609 2444 aliquod
1651 2370 1879 2429 scanda-

280 2473 412 2542 lum,
459 2472 609 2545 quod
647 2471 952 2545 perniciosa
994 2466 1386 2526 consuetudine
1411 2473 1688 2538 separatos
1717 2481 1878 2523 nosa

278 2567 629 2624 districtionis
674 2565 880 2640 regula,
945 2570 1106 2635 atque
1147 2561 1347 2634 arrepti
1392 2559 1657 2633 propositi
1718 2558 1877 2617 disci-

278 2662 417 2734 plina
435 2703 451 2730 ,
476 2661 695 2719 inducat
739 2663 795 2716 in
823 2659 929 2717 tale
958 2656 1303 2730 dispendium
1322 2697 1339 2726 ,
1364 2653 1513 2728 quod
1539 2668 1880 2727 nequaquam

276 2754 462 2812 futura
513 2755 839 2813 detrimenta
890 2768 1277 2826 compensans,
1340 2764 1530 2807 omnes
1577 2748 1882 2822 praeteritos

276 2847 491 2907 fructus
514 2857 801 2921 totumque
824 2847 1150 2920 operationis
1173 2853 1376 2903 nostra:
1399 2859 1598 2918 corpus
1624 2843 1882 2917 gehennae

273 2940 441 2999 faciat
470 2942 682 3015 ignibus
711 2941 1046 3013 concremari
1071 2942 1285 3009 (Matth.
1316 2944 1528 3006 xvm).
1558 2941 1642 2994 De
1669 2939 1885 3011 generi-

275 3035 383 3093 bus
436 3035 741 3094 istiusmodi
787 3035 1097 3091 illusionum
1136 3035 1302 3090 etiam
1350 3035 1408 3089 in
1440 3032 1743 3089 Proverbiis
1774 3033 1880 3088 ele-

1983 1902 2183 1959 tellexit
2205 1918 2263 1959 se
2306 1901 2378 1957 ob
2408 1901 2515 1957 hoc
2560 1902 2846 1960 calliditate
2883 1903 3079 1960 diaboli
3117 1905 3581 1980 circumventum,

1983 1996 2184 2069 talique
2224 1996 2529 2054 distentum
2563 1996 2804 2069 jejunio,
2843 2005 2904 2053 ut
2942 1997 3317 2057 lassitudinem
3343 2017 3457 2060 non
3487 2019 3585 2061 nc-
3626 2072 3627 2075 η

1982 2092 2271 2148 cessariam
2293 2132 2309 2161 ,
2340 2092 2517 2148 immo
2550 2090 2715 2148 etiam
2756 2091 2969 2164 spiritui
2994 2095 3335 2166 nocituram,
3358 2096 3584 2171 fatigato

1985 2186 2201 2257 corpori
2227 2194 2614 2259 superponeret
2649 2190 2706 2242 ιθ
2729 2186 3153 2260 paraebaragmo
3175 2189 3375 2246 scilicet
3398 2191 3586 2251 illusus

1984 2279 2339 2347 numismate,
2370 2270 2505 2337 dum
2532 2279 2587 2335 in
2621 2280 2711 2337 illo
2730 2280 2840 2336 veri
2871 2281 3010 2353 regis
3036 2280 3328 2354 imaginem
3361 2299 3586 2343 venera-

1985 2380 2092 2438 tus,
2120 2389 2314 2446 parum
2337 2373 2558 2432 discutit
2585 2389 2655 2431 an
2671 2382 2813 2431 esset
2844 2374 3077 2447 legitime
3103 2376 3418 2449 ﬁguratum.
3438 2379 3457 2414 ι
3484 2380 3586 2438 Ul-

1985 2468 2119 2524 tima
2165 2485 2294 2525 vero
2347 2467 2655 2525 observatio
2706 2468 2868 2541 hujus
2919 2468 3215 2540 probabilis
3275 2474 3580 2545 trapezitae,

1987 2574 2153 2631 quam
2177 2560 2246 2616 de
2274 2560 2623 2631 inquisitione
2658 2560 2919 2632 ponderis
2954 2576 3073 2618 esse
3096 2562 3469 2634 praediximus,
3504 2575 3589 2624 ta-

1988 2652 2112 2709 liter
2130 2669 2160 2710 a
2184 2653 2341 2709 nobis
2377 2652 2714 2725 implebitur,
2746 2654 2789 2709 si
2833 2653 3093 2726 quidquid
3118 2657 3418 2728 gerendum
3444 2661 3589 2732 cogi-

1992 2745 2127 2802 tatio
2167 2753 2353 2802 nostra
2396 2747 2752 2819 suggesserit,
2801 2748 2829 2786 8
2861 2746 3011 2803 omni
3047 2748 3284 2820 scripulo
3331 2753 3500 2821 [Lips
3529 2754 3590 2807 in

1991 2857 2162 2910 marg.
2190 2841 2471 2913 scrupulo]
2492 2849 2847 2898 retractantes
2862 2883 2877 2911 ,
2898 2850 3065 2915 atque
3083 2843 3138 2899 in
3161 2843 3335 2901 nostri
3360 2846 3592 2916 pectoris

1988 2936 2194 2993 trutina
2213 2935 2560 3005 collbcantes,
2584 2935 3017 3009 aaquilibratione
3040 2937 3339 3009 justissima
3365 2955 3593 3011 perpen-

1990 3030 2206 3101 damus,
2240 3046 2311 3087 an
2336 3031 2560 3103 plenum
2588 3030 2659 3087 sit
2674 3030 2960 3090 honestate
2975 3034 3280 3104 communi,
3301 3050 3371 3091 an
3394 3034 3592 3092 timore

273 3140 476 3202 ganter
490 3130 816 3202 exprimitur
839 3131 1045 3186 :“Sunt
1065 3130 1165 3183 eice
1192 3144 1309 3198 qua:
1336 3128 1587 3182 videntur
1601 3131 1754 3182 recta:
1778 3140 1885 3182 esse
1911 3112 1957 3177 C
1990 3126 2095 3182 Dei
2123 3126 2197 3181 sit
2219 3141 2402 3199 grave,
2443 3126 2487 3181 si
2518 3127 2792 3199 integrum
2822 3142 2982 3186 sensu
3000 3168 3015 3198 ,
3045 3128 3089 3185 si
3122 3128 3363 3187 humana
3401 3138 3588 3188 osten-

1380 3281 1634 3349 ALARDI
1674 3280 1893 3334 GAZAZI
1933 3279 2500 3336 COMMENTARIUS.

350 3426 376 3455 ⁸
405 3419 639 3493 Vulgata
660 3419 824 3476 editio
854 3439 866 3475 :
889 3424 988 3478 Est
1010 3422 1101 3475 via
1129 3434 1249 3493 quae
1267 3419 1482 3474 videtur
1502 3419 1708 3473 homini
1706 3419 1887 3493 justa,

278 3491 577 3549 nouissima
595 3497 773 3547 autem
786 3493 895 3562 ejus
918 3493 1124 3546 ducunt
1147 3492 1222 3545 ad
1238 3496 1457 3562 mortem
1479 3491 1747 3562 (Proverb.
1779 3506 1889 3545 xw

280 3572 330 3620 et
349 3565 501 3635 xvr).
538 3566 661 3620 Duo
680 3560 1097 3620 Proverbiorum
1121 3562 1237 3617 loca
1257 3561 1540 3635 conjunxit
1566 3560 1883 3635 cassianus:

279 3631 523 3692 alterum
553 3651 619 3690 ex
637 3650 752 3706 cap.
772 3650 896 3705 XIV,
919 3648 1089 3707 quem
1117 3636 1188 3688 D.
1222 3631 1599 3707 Hieronymus
1622 3631 1714 3688 lib.
1744 3648 1766 3688 Ῑ
1791 3632 1888 3688 ad-

280 3721 476 3764 versus
503 3705 813 3779 Pelagianos
832 3707 906 3763 ita
930 3705 1060 3763 citat
1087 3723 1101 3760 :
1130 3709 1225 3761 Est
1244 3707 1332 3779 eia
1356 3721 1477 3774 quia
1506 3705 1717 3779 videtur
1746 3708 1888 3759 recta

281 3793 392 3833 esse
410 3778 562 3848 apud
580 3777 828 3840 homines,
844 3784 893 3832 et
907 3779 1195 3831 novissima
1212 3777 1325 3843 ejus
1337 3779 1566 3848 ueniunt
1572 3778 1627 3829 in
1649 3778 1890 3848 profun-

280 3849 415 3904 dum
442 3844 926 3925 inferatalterum
948 3862 1149 3925 excap.
1184 3860 1306 3907 XVI,
1333 3860 1499 3925 quem
1518 3844 1665 3925 idem
1692 3845 1889 3924 Hiero-

277 3911 572 3991 uymus'in
735 3933 865 3991 _cap.
907 3932 959 3970 ιι
985 3923 1040 3991 et
1075 3911 1169 3968 lib.
1206 3927 1252 3991 ιε
1291 3911 1547 3991 adversus
1573 3911 1893 3991 Pelagianos

278 3983 407 4061 cap.
446 3998 466 4061 ι
501 3989 631 4042 citat
654 3989 710 4061 in
735 3983 881 4061 hunc
908 3983 1139 4061 modum
1170 4000 1182 4035 :
1216 3983 1349 4035 Sunt
1379 3984 1478 4033 vice
1498 3996 1616 4061 quia
1642 3984 1895 4061 ridentur

280 4052 416 4114 uiro
440 4060 626 4126 justw,
654 4056 945 4109 n'ov'issima
971 4057 1151 4107 autem
1174 4067 1359 4106 earum
1376 4052 1664 4120 respiciunt
1692 4054 1751 4105 in
1770 4068 1895 4121 pro-

275 4129 531 4196 fundum
561 4129 769 4193 inferii.

366 4192 396 4282 ξ’
440 4200 525 4283 [ια
546 4198 708 4283 LXX
733 4197 1049 4283 interpretes
1076 4194 1317 4283 ςτῖονηεὸς⁹
1335 4193 1602 4275 xaxoxou‘i‘
1618 4193 1737 4283 ὅτε)
1759 4211 1895 4283 ’συμ-

288 4269 423 4342 μίξῃ
447 4269 644 4340 δικαίῳ,
681 4270 823 4342 plus?
850 4262 901 4342 δξ
946 4262 1074 4336 ἦχον
1109 4262 1401 4342 daedalus;
1449 4264 1533 4320 cui
1566 4264 1633 4342 _in
1669 4262 1896 4342 Vulgata

280 4336 539 4411 versione
567 4336 856 4411 respondet
881 4336 1001 4394 haec
1040 4355 1068 4394 e
1102 4338 1319 4410 regione
1346 4336 1634 4411 sententia,
1661 4337 1898 4411 multum

282 4421 477 4469 tamen
510 4409 722 4468 diversa
751 4430 763 4463 :
805 4411 1103 4479 Afﬂigetur
1129 4409 1291 4473 malo,
1328 4412 1422 4478 qui
1455 4409 1613 4479 ﬁdem
1636 4410 1775 4475 facit
1793 4424 1897 4478 pro

285 4490 578 4549 extraneo;
606 4486 700 4553 qui
711 4480 886 4537 autem
905 4483 1141 4551 laqueos,
1164 4496 1375 4553 semirus
1390 4481 1781 4553 crit(1?r0‘verb.
1798 4485 1893 4547 x1).

360 4565 380 4589 ε
410 4558 493 4609 De
518 4551 631 4610 hoc
641 4557 877 4620 Joanne,
908 4561 962 4607 et
988 4555 1137 4623 Lyco
1161 4551 1381 4622 oppido,
1409 4565 1504 4605 seu
1526 4551 1663 4618 vico,
1685 4551 1895 4607 dictum

290 4627 491 4705 cstJlﬂi.
520 4642 585 4705 1_v
620 4625 797 4681 Instit.
832 4639 951 4705 cap.
981 4629 1069 4702 23_.

360 4685 387 4728 δ
418 4698 666 4768 Plerique
685 4711 811 4770 cum
835 4685 1101 4770 Dionysio
1122 4691 1345 4770 legunt:
1368 4690 1596 4770 Veiiiens
1622 4692 1889 4770 diabolus,

292 4768 400 4822 Sed
448 4760 636 4824 noster
682 4766 845 4823 etiam
882 4760 1232 4832 Manuscrip't.
1288 4760 1895 4832 Plantinjauzelectioni

293 4836 458 4906 favet,
490 4848 545 4896 et
585 4847 670 4895 est
709 4838 841 4895 satis
881 4828 1449 4906 familiare'gl’atribus
1487 4828 1767 4906 diabolum
1797 4837 1897 4906 Za-

286 4907 403 4965 buli
440 4901 704 4966 vocabulo
728 4909 1035 4981 designare.
1052 4909 1139 4981 7D.
1167 4903 1476 4981 pyprianus
1503 4901 1574 4957 ad
1597 4905 1898 4981 Demetria-

285 4993 425 5037 num
452 4999 466 5036 :
500 4983 644 5050 Quid
672 4984 728 5037 in
755 4976 975 5036 ruir'iam
998 4976 1210 5050 diaboli
1228 4990 1341 5050 per
1361 4976 1544 5050 ipsum
1568 4977 1900 5050 et‘cumgipso

285 5054 484 5109 cadis?
502 5044 605 5109 ubi
632 5052 719 5108 alii
745 5052 949 5123 legunt,
975 5055 1113 5123 teste
1138 5044 1416 5123 Pamelio’:
1437 5044 1582 5123 Quid
1606 5046 1664 5099 in
1686 5047 1901 5123 ritimim

281 5125 513 5188 Zabuli,
566 5133 697 5191 etc.;
747 5115 902 5195 cujus
928 5115 1196 5195 rationem
1240 5117 1386 5195 hanc
1432 5115 1668 5195 assignat
1696 5115 1899 5195 ibidem

282 5186 559 5268 diorelius
592 5214 604 5250 :
633 5186 908 5268 varietas,
936 5190 1138 5263 inquit,
1169 5187 1293 5268 inde
1322 5196 1442 5245 orta
1466 5229 1498 5268 ,_
1522 5186 1903 5268 quod__Dorica

279 5260 478 5340 lingua
508 5282 632 5338 quae
659 5266 864 5340 Latinae
885 5260 1049 5336 quam
1068 5260 1317 5340 proxima
1338 5271 1444 5340 est,
1469 5262 1540 5340 ξε
1554 5260 1778 5340 ponitur
1800 5274 1901 5330 pro

277 5329 401 5411 ea:
431 5329 619 5411 lins'ua
668 5337 868 5411 Attica.
899 5329 972 5392 ἰιι
1007 5329 1257 5411 ριξεωριί
1301 5335 1482 5411 ante.
1502 5329 1769 5411 Ζαεᾴλλειι
1802 5329 1903 5402 pro

276 5400 582 5478 ὂιαῦάλλῖὗ,
629 5400 1251 5479 ζάκοροςᾯϊοηδςάκορός.
1304 5400 1400 5479 Sic
1429 5404 1518 5479 ille
1538 5446 1569 5479 ,Δ
1592 5400 1904 5479 signiﬁcans

276 5474 577 5537 Zabulum‘
599 5474 805 5536 dictum
835 5474 1197 5549 prodiabolo,
1233 5478 1437 5533 Dorica
1477 5474 1801 5529 imitatione.
1822 5476 1898 5549 _D.

276 5551 431 5607 item
460 5553 709 5609 Hilarius
728 5550 781 5605 in
801 5544 1123 5605 Matthznum
1150 5551 1303 5618 (Cap.
1335 5551 1428 5612 ιν)
1455 5566 1466 5602 :
1491 5549 1796 5609 Contusam,
1818 5544 1901 5600 in-

278 5623 450 5691 quit,
480 5627 538 5679 in
573 5624 865 5679 teutatione
887 5622 1119 5691 primam
1139 5636 1344 5675 onmem
1379 5619 1572 5676 Zabuli
1592 5619 1798 5691 indicat
1813 5632 1905 5691 po:

286 5687 570 5753 festatem.
621 5698 692 5751 D.
740 5687 1067 5751 Ambrosius
1107 5691 1199 5747 lib.
1231 5691 1299 5747 de
1332 5691 1463 5747 Fide
1496 5705 1614 5762 cap.
1651 5694 1685 5744 8
1716 5708 1728 5745 :
1763 5687 1906 5754 Quid

283 5768 517 5831 mirum,
553 5766 748 5839 inquit,
778 5767 829 5820 si
860 5765 1026 5820 Arius
1052 5779 1207 5819 suum
1239 5765 1484 5819 imitatur
1506 5765 1777 5817 auctorem
1796 5802 1813 5823 ,
1844 5763 1906 5814 ut

1924 4733 1974 4795 D

1998 3420 2223 3487 usurpet
2250 3416 2477 3483 illicita;
2503 3416 2622 3471 licet
2641 3417 2784 3486 quod
2804 3421 2963 3487 pater
2983 3433 3112 3474 suus
3130 3418 3359 3475 Zabulus
3378 3434 3479 3490 per
3505 3436 3584 3477 se-

1996 3492 2281 3558 metipsum
2297 3504 2401 3563 acii
2419 3489 2569 3556 fecit,
2598 3490 3018 3563 intolerabiliore
3038 3493 3137 3546 iste
3159 3489 3433 3561 sacrilegio
3444 3509 3591 3563 prce-

1994 3565 2193 3616 sumat.
2225 3562 2456 3615 Zabulus
2493 3576 2678 3615 verum
2720 3562 2820 3616 Dei
2858 3563 3055 3617 Filium
3085 3564 3393 3632 fatebatur;
3422 3562 3591 3621 Arius

1994 3636 2182 3705 negat.
2216 3632 2547 3705 Cassianum_
2578 3632 2741 3705 etiam
2767 3633 3015 3705 superius
3057 3635 3237 3705 (Cap.
3275 3639 3373 3700 20)
3398 3634 3593 3692 dixisse

1995 3703 2184 3760 monui
2202 3719 2432 3776 regnum
2456 3702 2643 3759 Zabuli
2671 3718 2766 3773 pro
2786 3702 2956 3775 regno
2980 3702 3200 3772 diaboli,
3230 3712 3291 3760 ut
3318 3705 3391 3760 ibi
3416 3706 3593 3763 videre

1996 3780 2096 3831 est.
2131 3777 2294 3842 (Vide
2327 3776 2547 3831 Caelium
2578 3776 2809 3843 Rhedig.
2842 3777 3046 3846 Antig.
3076 3777 3285 3846 Lecti.
3321 3791 3365 3830 II
3392 3792 3437 3846 c_.
3472 3780 3593 3846 1,0.)

1996 3846 2242 3917 Denique
2294 3846 2349 3900 in
2387 3846 2579 3917 hymn.
2628 3846 2695 3901 de
2724 3847 2778 3900 S.
2823 3843 3085 3900 ll'licha'ele
3126 3843 3272 3917 canit
3305 3843 3590 3917 Ecclesia:

1999 3914 2303 3970 Michaelem
2324 3914 2523 3970 virtute
2540 3919 2887 3970 conterentem
2908 3917 3186 3970 Zabulum.
3219 3916 3392 3969 Porro
3422 3914 3595 3970 Zabu-

2000 3984 2095 4056 lon
2116 3984 2171 4056 in
2194 3986 2360 4056 sacris
2386 3986 2579 4056 litteris
2601 3989 2814 4056 (Gcnes.
2846 3987 2979 4056 xxx)
3004 3986 3149 4041 (ilius
3170 3983 3339 4056 Jacob
3366 3986 3597 4056 patriar-

2001 4052 2121 4109 chae
2140 4053 2382 4110 decimus
2410 4071 2473 4109 ex
2500 4055 2596 4109 Lia
2625 4076 2636 4110 :
2665 4055 2807 4110 unde
2835 4052 3011 4111 tribus
3035 4055 3318 4123 Zabulon;
3348 4052 3443 4113 s'ed
3460 4054 3594 4112 nihil

2003 4122 2123 4179 haec
2147 4123 2216 4178 ad
2245 4123 2531 4179 Zabulum.

2075 4203 2096 4228 °
2138 4193 2200 4250 ld
2244 4202 2360 4263 est,
2396 4192 2568 4259 falso,
2623 4192 2951 4251 adulterino.
3010 4194 3157 4252 Alibi
3196 4196 3362 4254 utitur
3402 4197 3595 4255 eodem

2003 4265 2304 4338 vocabulo,
2359 4264 2483 4321 licet
2513 4264 2676 4338 forte
2746 4274 3035 4338 corrupto,
3094 4271 3288 4326 Petrus
3315 4330 3321 4337 ,
3348 4272 3597 4327 Damiani

2003 4337 2240 4407 quodam
2288 4338 2428 4404 loco,
2471 4336 2563 4393 ubi
2603 4336 2711 4392 ait:
2743 4339 2805 4394 Si
2832 4336 3003 4408 ipsius
3035 4346 3259 4397 moneta:
3285 4343 3598 4399 oblitterata

2002 4410 2083 4462 vel
2106 4411 2306 4464 detrita
2332 4411 2405 4464 sit
2430 4410 2634 4487 regula,
2660 4415 2948 4487 postquam
2978 4416 3206 4470 metallis
3236 4416 3595 4487 imprimitur,

2002 4495 2106 4563 nou
2129 4497 2427 4566 emeramus,-
2443 4483 3043 4566 sednpai'fzcha'raminius
3070 4483 3346 4543 invenitur
3383 4490 3525 4554 (Lib.
3548 4503 3599 4543 ιι

2001 4554 2161 4621 epist.
2194 4557 2214 4608 1
2247 4554 2321 4607 ad
2340 4558 2495 4624 cpisc.
2530 4554 2739 4620 Card.).
2772 4556 2891 4611 Itai
2935 4571 3014 4613 se.
3468 4596 3473 4603 ι

2034 4622 2091 4703 ,τ
2118 4626 2388 4706 Quartum
2436 4640 2637 4706 munus
2692 4640 2788 4706 seu
2838 4573 3108 4706 ofﬁcium.
3144 4626 3274 4682 boni
3324 4626 3600 4706 trapezita:

2002 4694 2115 4775 sive
2136 4694 2492 4751 nummularii
2512 4695 2565 4750 in
2584 4696 2946 4775 examinando
2968 4696 3207 4775 pondere
3228 4694 3599 4775 numismatis,

2002 4764 2070 4820 de
2096 4781 2223 4835 quo
2247 4780 2408 4835 supra
2439 4783 2451 4818 :
2484 4764 2727 4835 quodet
2770 4764 2824 4817 in
2858 4761 3080 4835 spiritali
3123 4761 3458 4835 discussione
3496 4762 3599 4817 ob-

2003 4830 2333 4890 servandum
2375 4830 2588 4903 egregie
2626 4832 2786 4887 docet
2810 4830 2935 4886 tuin
2979 4830 3082 4887 hoc
3127 4830 3332 4903 capite,
3360 4838 3480 4889 tum
3520 4848 3602 4891 se-

2043 4904 2211 4959 uenti.

2005 4920 2439 5048 ?ugnsltlaripulum
2464 4986 2529 5027 ex
2552 4972 2811 5028 Vaticano
2832 4970 3287 5048 legit_Ciaconius.
3317 4977 3416 5033 Est
3433 4977 3600 5048 enim,

2007 5043 2202 5124 inquit,
2238 5041 2536 5124 scripulum
2571 5058 2797 5124 parvum
2833 5041 3071 5124 pondus,
3100 5062 3306 5124 nempe
3346 5041 3602 5124 vigesima

2008 5114 2208 5191 quarta
2244 5129 2369 5185 pars
2415 5114 2605 5191 unciae.
2646 5114 3446 5191 Dicituretiamgscriptulum',
3487 5120 3601 5177 sive

2008 5183 2332 5272 s‘cribulu'm,
2363 5200 2393 5267 ᾳ
2423 5185 2588 5272 verbo
2617 5185 3022 5272 scribo_ubique
3048 5183 3289 5272 derivata
3318 5183 3599 5272 vocabulo,

2009 5258 2329 5336 Graecorum
2361 5257 2687 5336 imitatione,
2728 5259 2824 5336 qu_i_
2857 5257 3170 5331 huiusmodi
3199 5261 3410 5333 pondus
3438 5257 3601 5336 γράμὲ

2012 5349 2100 5400 μα,
2138 5330 2222 5406 yel
2251 5327 2513 5406 γεᾳμμὴν,
2554 5328 2610 5386 id
2637 5327 2760 5406 est,
2792 5327 3025 5406 litteram
3066 5327 3278 5397 vocant,
3316 5327 3600 5406 propterea

2009 5400 2282 5476 quod_ut_
2300 5403 2475 5476 littera
2515 5400 2658 5473 apud
2704 5415 2796 5458 eos
2833 5401 3088 5476 vigesima
3117 5400 3333 5475 quarta'
3357 5400 3483 5476 pars
3523 5416 3604 5462 est

2010 5471 2316 5557 alphabeti;
2366 5473 2441 5529 ita
2501 5471 2917 5557 grammasive
2982 5471 3283 5557 gripulum
3349 5471 3603 5557 vigesima

2011 5551 2203 5616 quarta
2233 5558 2358 5614 pars
2388 5544 2565 5600 uncia:
2602 5544 2699 5608 sit.
2723 5544 2813 5599 Sic
2844 5545 2956 5616 ille.
2988 5544 3198 5602 Dicitur
3226 5544 3603 5605 tamen'etiam

2011 5615 2298 5688 Scrupulus
2324 5626 2380 5672 et
2419 5616 2733 5687 scrupulum
2760 5615 2953 5688 eadem
2986 5616 3379 5688 signiﬁcatione
3414 5627 3469 5688 et
3494 5633 3606 5688 me-

2012 5685 2290 5770 taphorice
2333 5685 2610 5770 procura
2641 5694 2696 5745 et
2730 5685 3094 5745 sollicitudine
3123 5706 3135 5742 :
3170 5703 3278 5758 quo
3311 5687 3479 5743 modo
3514 5685 3602 5738 hic

2013 5767 2176 5815 etiam
2206 5767 2347 5816 sumi
2375 5767 2570 5831 potest.
