4042 6198
369 299 473 352 519

1445 270 1727 328 JOANNIS
1762 264 2066 322 CASSIANI
2101 257 2589 319 COLLATIONES.
2638 336 2649 345 ᾖ

3566 267 3676 322 520

371 421 577 478 tatione
607 422 704 475 aut
743 412 918 487 aliqua
966 404 1219 467 novitatis
1260 396 1681 475 prazsumptione
1718 392 1790 449 sit
1818 391 1966 461 leve;
1992 392 2047 456 Α
2073 389 2131 445 in
2157 402 2251 445 eos
2290 384 2510 458 vestigia
2555 380 2901 455 indagatione
2926 382 3268 455 sagacissima
3299 385 3675 456 retractanda,

374 518 419 573 si
456 514 639 572 meriti
681 509 798 584 ejus
828 485 1049 581 pondus
1079 498 1252 559 inanis
1280 490 1595 552 cenodoxite
1635 504 1748 545 non
1787 485 1967 543 immi-

374 612 577 679 nuerit,
604 592 687 664 vel
709 581 971 663 arroserit
998 596 1188 677 gloria.
1218 596 1287 650 Et
1313 591 1391 648 sic
1412 604 1475 646 ea
1503 585 1754 679 protinus
1775 581 1845 640 ad
1880 598 1971 655 pu-

2074 494 2143 539 ne
2171 497 2276 554 qua
2303 478 2452 538 forte
2475 477 2854 535 intellectualis
2895 474 3099 533 ibidem
3134 477 3331 546 bestia,
3370 480 3452 537 vel
3478 480 3566 539 leo
3596 482 3678 540 vel

2080 576 2248 633 draco
2277 572 2676 647 pertransiens,
2707 571 3009 644 perniciosa
3046 572 3273 645 vestigia
3300 572 3539 632 latenter
3564 574 3682 631 im-

598 701 964 778 appendentes
996 664 1244 760 examen,
1270 687 1329 746 id
1356 692 1459 756 est,
1487 683 1558 741 ad
1580 678 1969 755 prophetarum
2079 669 2337 776 presserit
2354 709 2370 738 ,
2406 668 2608 774 quibus
2652 681 2923 774 accessus.
2947 666 3115 723 etiam
3150 666 3362 724 caeteris
3409 668 3468 725 in
3493 664 3711 726 abdita;

377 760 832 873 ct-apdstdlomm
858 801 1042 860 actus,
1068 804 1134 846 ac
1152 781 1467 843 testimonia
1498 775 1865 841 conferentes,
1891 769 1973 827 νθ¹
2082 763 2322 873 Pauor“
2345 763 2535 873 303m
2571 777 2672 835 per
2706 760 3098 835 cogitationum
3128 760 3510 835 negligentiam
3546 777 3688 836 pm

377 906 657 967 tamquam
678 891 889 962 integra
916 894 1080 958 atque
1102 879 1360 954 perfecta,
1391 876 1601 948 illisque
1627 881 1975 967 compensan-

376 990 452 1046 tia
489 961 885 1059 suscipiamus;
923 979 1007 1037 vel
1027 987 1311 1049 tamquam
1337 967 1656 1044 imperfecta
1697 973 1861 1059 atque
1884 961 1975 1019 da-

376 1097 593 1152 mnosa,
622 1058 723 1137 nec
758 1078 980 1135 illorum
1007 1069 1231 1146 ponderi
1270 1062 1645 1131 consonantia,
1670 1058 1825 1115 omni
1849 1070 1978 1112 eau-

376 1178 526 1236 tione
543 1175 859 1234 refutemus.

947 1261 1189 1320 CAPUT
1218 1258 1408 1314 XXII.

606 1367 683 1420 De
709 1358 1113 1432 quadripartito
1142 1350 1482 1408 discretionis
1511 1345 1747 1401 ratione.

450 1458 575 1515 Erit
594 1460 621 1490 ⁸
641 1429 771 1528 ergo
804 1453 912 1510 hoc
937 1445 1351 1524 quadripartito,
1379 1455 1488 1514 quo
1525 1439 1786 1503 diximus,
1817 1429 1985 1488 modo

381 1550 683 1610 necessaria
705 1546 866 1604 nobis
907 1547 1013 1601 ista
1063 1538 1348 1605 discretio,
1392 1533 1447 1594 id
1482 1539 1586 1599 est,
1615 1529 1858 1603 primum
1874 1566 1895 1597 ,
1924 1531 1987 1579 ut

382 1646 607 1702 materia
646 1656 752 1698 nos
793 1639 912 1696 auri
956 1636 1069 1693 veri
1118 1648 1215 1690 seu
1261 1629 1430 1687 fucati
1477 1623 1826 1694 fallentisque
1865 1634 1982 1676 non

2082 858 2292 917 beatur.
2345 858 2416 914 Et
2457 858 2532 913 ita
2573 871 2670 929 per
2705 856 2940 930 singulas
2981 855 3151 913 horas
3180 864 3349 929 atque
3394 865 3686 915 momenta

2085 960 2283 1009 terram
2330 949 2512 1009 cordis
2564 950 2741 1008 nostri
2780 950 3104 1023 Evangelico
3149 960 3358 1021 aratro,
3401 952 3515 1010 hoc
3569 960 3687 1023 est,

2079 1045 2191 1119 jugi
2244 1044 2556 1102 Dominicm
2600 1043 2778 1100 crucis
2824 1042 3203 1101 recordatione
3246 1045 3546 1115 sulcantes,
3598 1045 3689 1102 vel

2085 1140 2376 1197 noxiarum
2403 1154 2471 1196 ex
2508 1138 2668 1196 nobis
2710 1137 2953 1196 ferarum
2997 1138 3223 1209 cubilia,
3271 1140 3353 1198 vel
3399 1140 3693 1199 virulento-

2088 1248 2212 1290 rum
2240 1232 2575 1306 serpentium
2616 1233 2980 1291 exterminare
3009 1232 3264 1305 latibula,
3309 1242 3472 1308 atque
3500 1243 3694 1293 extru-

2090 1328 2217 1386 dere
2240 1330 2564 1402 poterimus.

2638 1423 2883 1480 CAPUT
2919 1425 3137 1480 XXIII.

2093 1522 2168 1574 De
2186 1532 2424 1574 sermone
2450 1516 2680 1574 doctoris
2717 1519 3010 1574 secundum
3042 1518 3384 1574 audientium
3417 1513 3693 1576 meritum.

2158 1611 2246 1669 Ad
2277 1611 2393 1669 haec
2433 1611 2840 1685 obstupefactos
2891 1627 2993 1669 nos
3034 1611 3257 1669 intuens
3298 1628 3488 1684 senex,
3531 1623 3589 1670 et
3625 1613 3699 1671 ad

387 1741 575 1805 lateat;
625 1732 887 1799 secundo,
934 1738 997 1787 ut
1050 1727 1148 1783 bas
1201 1723 1421 1782 easdem
1463 1716 1817 1792 cogitationes
1863 1728 1984 1786 qua:
2088 1708 2249 1765 verba
2304 1705 2629 1765 narrationis
2686 1722 2801 1765 sum
2845 1705 3153 1779 inexplebili
3214 1706 3408 1764 ardore
3465 1722 3702 1765 succen-

386 1799 724 1886 mentiuntur
753 1839 914 1897 opera
951 1819 1195 1894 pietatis,
1238 1825 1522 1887 tamquam
1549 1808 1853 1867 adulterina
1885 1823 1987 1863 nu-
2016 1831 2065 1894 B
2094 1816 2206 1874 sos,
2254 1816 2353 1874 pro
2399 1800 2761 1858 admiratione
2784 1799 3035 1858 desiderii
3062 1799 3237 1857 nostri
3279 1801 3548 1873 paulisper
3581 1816 3702 1857 ser-

388 1921 639 1978 mismata
659 1927 715 1975 et
737 1914 1214 1990 paracharagmata
1235 1907 1591 1981 reprobemus
1605 1946 1620 1974 ,
1646 1910 1836 1976 utpote
1864 1914 1987 1990 qua:

392 2010 584 2066 falsam
610 1988 906 2079 imaginem
948 2002 1095 2076 regis
1123 2015 1236 2057 non
1281 1997 1518 2072 legitime
1561 1994 1773 2066 signata
1805 1988 1987 2048 conti-

389 2112 585 2175 neant;
615 2102 697 2160 vel
720 2101 810 2158 illa
849 2114 972 2174 quae
1000 2098 1059 2154 in
1083 2112 1218 2154 auro
1256 2090 1664 2168 pretiosissima
1684 2086 1989 2160 Scriptura-

387 2216 546 2265 rum,
578 2198 774 2255 vitioso
803 2203 859 2252 et
881 2192 1145 2251 basretico
1182 2204 1374 2258 sensu,
1399 2202 1514 2245 non
1535 2183 1650 2241 veri
1694 2182 1834 2256 regis
1854 2222 1870 2249 ,
1894 2179 1992 2239 sed

389 2295 604 2371 tyranni
626 2290 929 2367 praeferunt
950 2289 1161 2346 vultum
1179 2326 1195 2353 ,
1225 2283 1478 2342 similiter
1508 2280 1877 2339 discernentes
1903 2290 1989 2333 re-

396 2390 571 2449 futare
609 2386 912 2462 possimus;
955 2383 1066 2440 sive
1103 2381 1197 2438 illa
1240 2391 1478 2451 quorum
1520 2372 1733 2447 pondus
1768 2387 1831 2428 ac
1868 2385 1991 2443 pre-

395 2484 532 2539 tium
584 2494 775 2553 aerugo
833 2474 1083 2536 vanitatis
1152 2471 1412 2531 arrodens
1459 2468 1652 2541 exagio
1713 2463 1994 2522 seniorum

396 2579 423 2612 ι’
446 2573 719 2647 adeequari
747 2567 1039 2639 non-sinit,
1069 2574 1130 2624 ut
1170 2563 1506 2623 numismata
1544 2558 1673 2616 levia
1715 2564 1875 2628 atque
1898 2554 1997 2611 da-

399 2646 616 2739 mnosa,
642 2666 935 2737 minusque
958 2660 1240 2735 pensantia
1276 2669 1593 2716 recusemus
1626 2674 1639 2710 :
1674 2666 1746 2708 ne
1768 2650 1828 2707 in
1864 2646 1999 2705 illud

401 2763 697 2821 incidentes
744 2757 894 2833 quod
944 2755 1241 2813 observare
1284 2759 1415 2809 tota
1475 2749 1676 2806 virtute
1728 2749 1999 2817 pmcepto

402 2856 627 2915 Domini
654 2865 1096 2918 commonemur,
1143 2845 1350 2905 eunetis
1391 2843 1644 2901 laborum
1681 2845 2001 2896 nostrorum

404 2952 686 3025 stipendiis
710 2949 1031 3019 meritisque
1053 2942 1387 3001 fraudemur.
1419 2939 1593 2997 Nolite
1611 2977 1628 3000 ,
1659 2932 1854 3005 inquit,
1885 2931 2003 2984 the-

406 3047 688 3103 saurizare
709 3044 858 3098 vobis
883 3042 1163 3096 thesauros
1190 3038 1249 3089 in
1271 3039 1439 3095 terra,
1470 3031 1566 3085 ubi
1585 3042 1767 3096 aerugo
1785 3029 1840 3081 et
1863 3026 2008 3080 tinea

408 3140 717 3200 demolitur,
748 3140 800 3191 et
825 3136 920 3189 ubi
942 3136 1096 3200 fures
1124 3127 1386 3198 eﬂ‘odiunt
1417 3128 1467 3179 et
1491 3124 1762 3192 furantur
1787 3118 2004 3186 (Matth.

2095 1911 2263 1952 moue
2288 1910 2573 1968 suspenso,
2606 1910 2795 1953 rursus
2807 1894 3019 1953 addidit
3048 1913 3063 1949 :
3091 1896 3358 1968 Quoniam
3380 1911 3501 1965 nos,
3521 1911 3556 1952 ο
3572 1895 3697 1962 ﬁlii,

2094 1989 2165 2047 ad
2200 1988 2623 2062 disputationem
2669 1996 2786 2044 tam
2815 1989 3034 2062 longam
3062 1996 3241 2044 vestra
3280 1987 3533 2045 sedulitas
3560 2001 3704 2059 pro-

2097 2081 2328 2149 vocavit,
2360 2089 2416 2138 et
2445 2081 2582 2154 ignis
2607 2080 2830 2153 quidam
2867 2080 3139 2138 collationi
3178 2089 3384 2138 nostrae
3410 2079 3711 2138 tenentia-

2097 2191 2186 2234 res
2209 2190 2399 2233 sensus
2424 2191 2523 2248 pro
2563 2183 2765 2239 vestro,
2789 2174 3058 2233 desiderio
3103 2173 3507 2239 subministrat,
3534 2182 3600 2231 ut
3634 2188 3709 2229 ex

2099 2269 2206 2327 hoc
2243 2269 2405 2327 etiam
2425 2269 2542 2341 ipso
2571 2267 2854 2326 manifeste
2899 2269 3239 2343 contempler
3269 2269 3326 2325 in
3349 2268 3581 2326 veritate
3604 2281 3711 2324 vos

2101 2364 2451 2438 perfectionis
2511 2364 2663 2421 sitire
2716 2363 3029 2422 doctrinam
3074 2383 3088 2419 :
3145 2363 3270 2420 volo
3319 2362 3475 2420 vobis
3528 2361 3712 2418 adhuc

2103 2474 2267 2532 super
2292 2457 2627 2515 discretionis
2654 2458 2963 2516 eximietate
2997 2459 3079 2514 vel
3121 2457 3288 2531 gratia
3309 2499 3325 2526 ,
3352 2459 3378 2489 °
3408 2470 3531 2529 quae
3560 2455 3712 2512 inter

2104 2562 2326 2621 cunctas
2346 2553 2589 2623 ivirtutes
2636 2551 2825 2609 arcem
2860 2568 2924 2608 ac
2973 2553 3271 2625 primatum
3304 2558 3486 2621 tenet,
3535 2559 3714 2621 pauca

2107 2647 2402 2716 disserere,
2448 2644 2923 2717 excellentiamque
2989 2644 3105 2717 ejus
3158 2653 3214 2701 et
3257 2642 3537 2700 utilitatem
3596 2655 3718 2698 non

2106 2741 2287 2798 solum
2339 2738 2667 2813 quotidianis
2708 2738 3004 2811 exemplis,
3072 2736 3176 2795 sed
3240 2737 3407 2794 etiam
3467 2736 3717 2807 antiquis

2108 2838 2335 2891 Patrum
2373 2833 2753 2890 collationibus
2796 2849 2859 2890 ac
2890 2831 3169 2889 sententiis
3212 2830 3532 2904 approbare.
3584 2831 3719 2887 Fre-

2111 2935 2341 3000 quenter
2378 2941 2615 2997 namque
2659 2926 2888 2983 memini
2928 2924 3206 2982 nonnullis
3244 2921 3559 2996 hujusmodi
3603 2935 3719 2978 ser-

2109 3036 2335 3078 monem
2365 3037 2510 3091 .cum
2541 3020 2746 3093 gemitu
2784 3019 3149 3092 lacrymisque
3180 3016 3574 3091 ‘poscentibus,
3616 3029 3721 3071 me

2110 3130 2330 3189 quoque
2378 3114 2581 3188 aliquid
2635 3114 2716 3170 eis
2776 3110 3039 3169 doctrinm
3093 3109 3344 3167 conferre
3391 3109 3722 3181 cupientem

408 3247 468 3288 v1
488 3237 526 3298 ).
554 3226 833 3301 Quidquid
869 3225 1016 3282 enim
1043 3218 1500 3293 contemplatione
1536 3216 1793 3273 humana:
1817 3211 2004 3285 gloria;
2038 3235 2084 3300 ρ
2115 3211 2424 3268 nullatenus
2451 3208 2716 3283 potuisse,
2742 3216 2798 3264 et
2823 3208 2898 3264 ita
2926 3206 2983 3263 in
3021 3221 3110 3263 me
3143 3221 3258 3262 non
3293 3204 3473 3262 solum
3500 3216 3721 3269 sensus,

407 3323 723 3389 fecerimus,
767 3320 826 3377 in
854 3327 999 3375 terra
1036 3330 1142 3372 nos
1165 3310 1530 3370 thesaurizarc
1564 3306 1870 3366 secundum
1899 3308 2010 3363 Do-

409 3419 542 3475 mini
591 3416 919 3476 sententiam
964 3410 1308 3478 noverimus,
1357 3415 1413 3463 et
1438 3411 1836 3476 consequenter
1878 3398 2012 3456 illud

412 3515 559 3570 velut
605 3512 760 3568 humi
789 3506 1133 3567 reconditum
1175 3513 1442 3575 terraeque
1483 3497 1794 3565 defossum,
1817 3494 1902 3551 vel
1929 3493 2013 3551 di-

412 3605 579 3663 versis
601 3603 888 3662 dasmoniis
907 3596 1372 3672 depopulandum,
1410 3593 1495 3649 vel
1522 3591 1672 3649 edaci
1703 3588 2016 3647 cenodoxiae

412 3693 649 3772 aerugine
699 3693 1167 3761 consumendum,
1213 3706 1312 3748 seu
1372 3685 1644 3761 superbiae
1694 3682 1858 3740 tineis
1921 3681 2020 3739 de-

412 3792 737 3859 vorandum,
766 3799 829 3847 ut
852 3787 923 3846 ad
941 3787 1150 3845 nullam
1169 3781 1513 3843 recondentis
1536 3778 1827 3837 utilitatem
1855 3792 2013 3833 emo-

414 3888 829 3958 lumentumque
870 3881 1134 3956 proﬁciat.
1175 3882 1383 3950 Omnes
1419 3874 1583 3949 igitur
1627 3872 1812 3930 cordis
1839 3869 2011 3927 nostri

414 3996 660 4040 recessus
677 3979 881 4054 jugiter
914 3972 1290 4051 perscrutandi
1317 3973 1476 4041 sunt,
1508 3976 1563 4026 et
1603 3964 2010 4025 ascendentium

2118 3321 2312 3363 verum
2345 3304 2511 3362 etiam
2545 3304 2725 3376 ipsum
2756 3301 3035 3375 eloquium
3070 3298 3357 3368 defecisse,
3386 3306 3449 3355 ut
3473 3312 3585 3354 non
3627 3296 3723 3352 in-

2119 3399 2365 3456 venirem
2402 3395 2870 3471 quemadmodum
2917 3409 3037 3464 eos,
3066 3393 3149 3450 vel
3176 3408 3307 3450 eum
3344 3392 3449 3449 levi
3472 3390 3725 3449 consola-

2119 3490 2268 3549 tione
2296 3490 2653 3550 dimitterem.
2706 3488 2921 3559 Quibus
2964 3487 3175 3546 indieiis
3212 3486 3491 3545 evidenter
3548 3500 3730 3558 agno-

2121 3585 2311 3655 scitur,
2339 3585 2568 3643 Domini
2595 3585 2824 3658 gratiam
2864 3598 2964 3657 pro
3000 3582 3197 3641 merito
3225 3598 3291 3639 ac
3315 3580 3577 3640 desiderio
3613 3595 3731 3637 au-

2122 3678 2386 3735 dientium
2433 3677 2836 3751 disputantibus
2878 3675 3113 3751 aspirare
3161 3691 3492 3734 sermonem.
3541 3674 3729 3744 Quem

2118 3773 2247 3847 quia
2268 3771 2652 3831 brevissimum
2675 3771 2855 3842 istud,
2905 3772 3052 3845 quod
3095 3778 3355 3845 superest,
3395 3767 3573 3826 noctis
3599 3784 3731 3840 spa-

2117 3866 2257 3924 tium
2295 3880 2409 3925 non
2445 3866 2682 3924 occurrit
2722 3865 2961 3938 explere,
2996 3864 3328 3939 indulgentes
3367 3860 3506 3919 illud
3532 3860 3734 3934 potius

2118 3963 2284 4036 quieti
2321 3978 2625 4036 corporeae,
2654 3962 2742 4019 cui
2781 3975 3002 4018 necesse
3028 3968 3114 4018 est
3156 3966 3334 4017 totum
3379 3955 3615 4030 persolvi
3633 3997 3650 4027 ,
3675 3955 3729 4012 si

1513 4141 1766 4198 ALARDI
1804 4137 2027 4195 GAZZEI
2064 4135 2619 4193 COMMENTARIUS.

486 4306 512 4333 ι
539 4293 1018 4365 Auaeephaleeosis
1045 4287 1489 4365 praecedentium.

487 4369 527 4437 ιιᾼ
548 4367 700 4421 Alias
725 4352 1011 4430 congruere
1036 4352 1064 4415 τ’
1082 4363 1173 4417 ubi
1197 4359 1472 4437 Cuycbius
1501 4374 1515 4410 :
1546 4355 1776 4437 E'xa‘gio,
1816 4352 2015 4434 inquit,

418 4435 710 4507 seniorum_
731 4422 1148 4507 eon'gru'untea,
1173 4422 1317 4507 quae.
1336 4422 1783 4507 illorum_judieio
1809 4422 2017 4507 etiami-

418 4514 549 4561 nata
595 4494 915 4574 probantur.
932 4535 940 4541 -
958 4494 1209 4574 yidetur’
1231 4497 1380 4554 enim
1413 4494 1608 4574 exagii.
1633 4494 1959 4574 vocabulum
1987 4508 2017 4549 a

420 4563 618 4651 Graeco
644 4570 907 4651 iﬁayigpai
942 4569 1237 4626 deductum
1275 4581 1414 4634 esse,
1463 4563 1632 4637 qu'od,
1667 4573 1865 4645 praeter
1892 4563 2013 4651 alia2

420 4646 583 4703 etiam
633 4634 906 4714 significat
948 4655 1174 4714 narrare
1192 4681 1208 4708 ,
1251 4634 1552 4714 exponere,
1608 4634 1918 4714 examinare
1942 4641 2020 4714 _et

419 4688 930 4775 EHéiihe‘Sia‘iiT'Xi)
949 4688 1072 4768 liac-
1083 4688 1515 4769 Eth’teﬁiia'ﬁéh'
1532 4688 1691 4779 longe
1701 4688 1706 4690 ν
1718 4688 1920 4761 recedit
1934 4688 2015 4779 7D.
2047 4688 2098 4751 D

420 4788 673 4863 Dionysii
703 4784 1091 4863 paraphrasis,
1120 4798 1256 4863 quas
1273 4779 1435 4863 liabet
1461 4796 1474 4834 :
1500 4778 1767 4863 seuin
1814 4778 2022 4863 actibus

421 4849 727 4932 adaquari:
767 4849 1183 4932 lta_Cuycbius.
1226 4856 1303 4932 ᾼῑ
1336 4851 1491 4908 aliter
1528 4849 1832 4932 piaconius.
1878 4852 2024 4932 lixa:-

421 4920 595 5005 gium,
624 4932 721 4999 ait,
753 4929 886 5005 quid
906 4920 1079 5005 esset,
1107 4925 1463 5005 nesciremus,
1493 4920 1595 5004 nisi
1622 4936 1725 5005 nos
1740 4920 2028 5005 docuisset

421 4992 731 5059 marmorea
769 4992 977 5072 tabula,
1007 4992 1132 5072 quae
1167 5005 1251 5055 est
1288 4999 1486 5072 Romae
1515 4993 1570 5049 in
1603 4992 1831 5072 palatio
1859 4992 2025 5072 colu-

423 5074 757 5139 mnensium,
800 5070 859 5125 in
884 5067 991 5141 qua
1022 5067 1103 5125 'sic
1131 5077 1213 5125 est
1255 5068 1521 5141 scriptum
1550 5084 1567 5141 ς
1596 5067 1684 5122 Ere
1709 5068 2028 5141 auctoritate

428 5148 590 5202 Turci
613 5137 925 5210 Apruniani
950 5142 1017 5197 V.
1063 5141 1121 5196 C.
1145 5137 1393 5210 prafecti
1425 5139 1605 5210 Urbis,
1650 5139 1797 5192 ratio
1824 5137 2023 5210 docuit,

116 5209 125 5241 ί
141 5236 163 5295 αξ
176 5215 257 5289 ,πῇ-ί
271 5214 325 5285 gr.
333 5207 938 5295 t»~-‘?Jsitt1itateisuadente
962 5207 1335 5295 consuetudine
1354 5209 1595 5295 micaridi
1606 5212 1902 5295 _summota,
1914 5207 2005 5295 'sul

424 5291 612 5355 emagio
630 5279 810 5357 potius
823 5298 1019 5354 pecora
1037 5282 1285 5350 vendere,
1311 5297 1472 5357 quam
1496 5281 1684 5357 digitis
1708 5279 2020 5357 concluden-

427 5349 591 5419 tibus,
630 5349 702 5411 ut
727 5349 959 5425 appmtso
986 5368 1186 5423 pecore,
1218 5349 1409 5425 capite,
1436 5351 1663 5425 pedibus
1686 5353 1907 5425 et__scevo
1937 5349 2026 5401 la-

427 5433 628 5491 ctaueo,
658 5430 711 5481 et
752 5419 1100 5494 subjuguiari
1124 5419 1629 5494 lanio—cederitibus,
1658 5419 1871 5494 reliqua
1900 5433 2025 5473 caro

429 5515 553 5555 cum
561 5499 700 5570 pelle
708 5502 758 5553 et
771 5491 1059 5570 interaneis
1070 5496 1324 5570 proﬁciat
1337 5493 1625 5570 venditori,
1644 5491 1742 5545 sub
1754 5494 2026 5570 conspectu

423 5565 634 5642 publico
647 5569 769 5640 ﬁde
791 5567 1050 5642 ponderis
1090 5566 1462 5642 comprobata;
1509 5566 1572 5616 ut
1599 5565 2024 5642 guaptum_caro

429 5631 587 5698 occisi
837 5631 1218 5712 appendat,_ef
1248 5631 1451 5712 emptor
1488 5631 1650 5697 πονεῖ,
1679 5637 1730 5687 et
1755 5631 2019 5712 veriditor,

430 5721 534 5771 etc.
554 5702 729 5794 _I§rgo
771 5702 958 5794 exegi-0
989 5707 1193 5794 aliquid
1213 5702 1737 5794 _adéquatur,__cum
1763 5703 1832 5760 ad
1857 5702 2024 5759 ﬁdem

431 5777 693 5859 ponderis
708 5777 903 5859 publici
923 5777 1151 5859 exigitur
1179 5786 1235 5859 et
1260 5777 1625 5859 examinator.

501 5860 521 5883 ‘
548 5857 667 5928 Qua
701 5845 909 5931 ratione
943 5845 1259 5927 prudentia,
1300 5864 1466 5921 quam
1516 5846 1605 5907 hic
1639 5845 2022 5905 discretionem

2125 4287 2300 4345 vocat,
2349 4278 2492 4348 inter
2521 4276 2782 4348 virtutes,
2817 4289 3015 4348 nempe
3064 4273 3388 4348 cardinales,
3434 4272 3733 4344 primatum

2124 4357 2331 4418 teneat,
2373 4347 2679 4419 declaratur
2702 4347 2888 4419 collat.
2916 4346 3175 4419 sequenti
3204 4346 3381 4419 (Cap._
3414 4348 3482 4412 2)
3495 4359 3569 4419 ex
3602 4356 3732 4419 sen-

2128 4413 2513 4500 tentia-magni
2544 4418 2802 4500 Antonii,
2832 4418 2925 4500 qui
2973 4413 3327 4500 prudentiam
3348 4413 3536 4500 docuit
3556 4413 3737 4500 omni-

2126 4490 2229 4547 bus
2251 4488 2369 4546 aliis
2392 4484 2684 4545 virtutibus
2715 4484 3127 4561 prieférendam,
3157 4496 3441 4560 tamquam
3483 4484 3736 4561 directrj-

2125 4567 2611 4633 cemcteterarum,
2633 4554 2773 4633 quas
2814 4577 2926 4633 non
2967 4554 3122 4616 sinat
3140 4574 3234 4633 eas
3266 4554 3483 4633 a'recto
3504 4554 3671 4633 ξφφί

2125 4633 2196 4706 ad
2237 4632 2509 4701 dextram,
2562 4626 2764 4688 vel'ad
2802 4631 3083 4706 sinistram
3127 4629 3418 4706 deﬂectere
3445 4626 3645 4706 _(Kide
3670 4627 3736 4706 S:

2132 4704 2343 4787 [Imma
2364 4708 2469 4787 1-2,
2598 4708 2693 4770 66,
2722 4719 2776 4757 a.
2829 4707 2913 4784 3).
2944 4704 3183 4784 Caeteros
3225 4696 3658 4787 enimivirttites‘,
3683 4696 3735 4752 si

2129 4775 2383 4832 discretio
2399 4765 2573 4846 absit,
2619 4765 2923 4830 necessario
2946 4773 3279 4846 impingere,
3310 4771 3394 4827 vel
3423 4768 3593 4846 nimio
3618 4765 3732 4846 fer-

2130 4862 2282 4916 vore,
2327 4845 2410 4902 vel
2438 4835 2663 4916 torpore
2680 4885 2696 4914 ,
2725 4851 2784 4900 et
2821 4835 3168 4901 remissione"
3186 4862 3216 4916 :A
3236 4835 3379 4916 hanc
3406 4840 3584 4916 solam
3613 4835 3739 4894 efﬁ-

2133 4909 2280 4986 cere,
2317 4926 2379 4974 ut
2411 4909 2663 4988 medium
2684 4909 2968 4988 teneatur,
3002 4923 3057 4972 et
3106 4914 3251 4988 regia
3293 4913 3379 4968 via
3424 4909 3734 4988 incedatur.

2132 4980 2379 5061 Denique
2407 4987 2549 5044 hanc
2579 5002 2717 5057 esse,
2746 5000 2869 5059 quae
2906 4980 2965 5061 in
2982 4980 3276 5058 Evangélio
3306 4991 3534 5061 vocatur
3554 4980 3741 5061 acidus

2135 5065 2188 5115 et
2233 5054 2449 5116 lucerna
2478 5054 2921 5130 corporisnostri
2944 5076 2963 5130 _:
2999 5073 3031 5113 a
3065 5054 3174 5130 qua
3204 5063 3385 5130 totum
3406 5054 3747 5130 veluﬁ_eor-

2135 5146 2238 5203 pus
2266 5132 2527 5203 virtutum
2559 5123 2644 5185 sit
2678 5123 3183 5203 illustrandum-ﬂ
3223 5125 3551 5203 Ambrosius
3590 5123 3742 5203 lib_.n1

2135 5192 2205 5285 de
2227 5200 2390 5285 foic.
2421 5219 2540 5285 cap.
2561 5206 2646 5284 .27
2664 5200 2799 5283 dicit
2811 5200 3175 5285 prudentiam
3201 5213 3321 5285 esse
3344 5197 3587 5285 primum
3606 5192 3750 5285 piﬁ—

2135 5274 2202 5329 cii
2228 5274 2283 5331 id
2310 5282 2414 5345 est,
2447 5270 2575 5345 boni
2599 5272 2779 5345 operis
2805 5270 3038 5345 fontem.
3071 5270 3225 5345 Idem
3259 5270 3519 5345 docet_I_).
3552 5270 3747 5345 Augu-

2133 5345 2312 5402 stinus
2340 5335 2435 5401 lib.
2477 5361 2500 5401 1
2527 5344 2596 5400 de
2625 5335 2871 5400 Moribus
2910 5342 3163 5399 Ecclesiae
3192 5357 3243 5397 c.
3281 5345 3370 5396 24.
3405 5339 3571 5395 Divus
3597 5335 3745 5392 item

2133 5415 2457 5472 Benedictus
2482 5414 2866 5472 discretionem
2893 5422 3127 5471 matrem
3164 5413 3429 5469 virtutum
3454 5406 3583 5465 dicit
3603 5421 3745 5479 cap.

2132 5492 2203 5571 (id
2253 5487 2507 5571 Regulae.
2548 5490 2620 5542 D.
2671 5485 2983 5571 Bernartius
3034 5500 3200 5571 serui.
3253 5489 3324 5540 49
3372 5483 3427 5571 in
3461 5478 3693 5571 Cautica
3725 5498 3743 5535 :

2131 5551 2411 5625 Discretio,
2442 5557 2537 5627 ait,
2563 5561 2710 5614 omni
2740 5560 2940 5613 virtuti
2963 5557 3205 5612 ordinem
3241 5557 3439 5627 ponit;
3478 5551 3608 5607 ordo
3636 5566 3748 5627 me:

2132 5629 2262 5684 dum
2291 5625 2601 5698 tribuit,'et
2647 5630 2883 5685 decorem
2924 5633 2975 5683 et
3011 5625 3456 5700 perpetuitatem,
3492 5630 3624 5700 etc._
3646 5625 3748 5679 Est

2132 5716 2257 5770 ergo
2284 5694 2533 5757 discretio
2555 5716 2663 5756 non
2689 5705 2801 5756 tam
2825 5702 3000 5755 uirtus
3011 5694 3194 5769 ’quam
3219 5697 3471 5769 quaedam
3496 5694 3747 5770 moderaf

2131 5768 2248 5829 tria:
2270 5778 2322 5828 ct
2348 5775 2543 5842 auriga
2570 5775 2853 5835 uirtutum,
2885 5768 3299 5841 ordiriatrirque
3337 5770 3667 5837 affectuum,
3693 5768 3749 5819 et

2129 5860 2337 5901 morum
2363 5846 2619 5913 ductriw;
2651 5845 2773 5901 tolle
2797 5844 2956 5907 hanc,
2983 5847 3033 5897 et
3057 5845 3233 5897 virtus
3255 5843 3452 5897 vitium
3471 5842 3593 5895 erit.
