3982 6202
356 266 459 321 523
1430 253 1711 311 JOANNIS
1747 252 2048 309 CASSIANI
2086 250 2554 307 COLLATIONES
3549 248 3657 305 524

354 388 441 446 vel
476 388 722 447 maxime
771 392 1080 459 opportuna
1117 382 1394 440 habentur
1429 388 1484 438 et
1509 394 1772 453 congrua,
1802 377 1951 452 quod
1978 382 2033 447 Α
2061 375 2221 435 fuerit
2261 375 2333 435 ad
2366 372 2703 434 movendum
2750 370 2948 430 habilis
2985 370 3233 427 materiai
3260 368 3505 442 levisque
3553 384 3661 426 na-

353 500 469 541 non
521 484 704 541 solum
755 482 864 540 sint
911 481 1253 554 aliquatenus
1300 477 1513 546 mollia,
1570 492 1845 550 parvoque
1897 483 1954 532 et
2057 478 2196 529 turze
2239 471 2368 532 sint.
2434 473 2617 541 Atque
2653 467 2727 524 ita
2766 471 3039 540 praecepto
3082 463 3229 521 senis
3289 463 3516 519 tandem
3563 478 3662 520 su-

353 593 519 651 opere
548 583 922 650 praeparentur
944 584 1000 631 et
1045 573 1245 647 pretio,
1270 578 1461 643 utpote
1497 570 1701 644 passim
1745 585 1952 644 papyro
2059 582 2187 625 mus
2221 566 2293 623 ad
2346 564 2781 640 degustationem
2838 561 3019 619 somni
3066 575 3300 617 onerosa
3365 559 3659 632 compositi

354 679 670 745 emergente
690 685 785 743 per
807 672 829 701 ⁸
860 667 973 724 Nili
995 666 1243 723 ﬂuminis
1262 664 1424 737 ripas,
1455 679 1620 739 quam
1646 664 1845 737 cuique
1862 679 1956 721 νο·
2062 661 2267 735 quiete,
2306 667 2418 718 tam
2453 659 2677 734 digesta:
2722 657 3029 715 collationis
3056 654 3382 713 inﬂammati
3432 653 3662 728 gaudio,

355 767 487 823 lenti
513 767 573 822 in
614 779 777 822 usum
822 775 1102 818 assumere
1151 775 1319 817 nemo
1356 757 1643 832 prohibeat
1678 757 1952 826 desecare,
2060 771 2228 829 quam
2253 754 2601 827 repromissae
2643 752 3043 827 disputationis
3088 749 3502 823 exspectatione
3537 765 3665 808 sus-

355 858 452 917 sed
497 858 664 916 etiam
706 854 854 929 quod
892 854 962 913 ad
999 853 1415 922 removendum,
1448 867 1543 910 seu
1573 867 1698 909 cum
1736 865 1955 909 necesse
2062 848 2238 922 pensi.
3008 852 3015 860 '

1446 970 1703 1026 ALARDI
1741 968 1966 1025 GAZA-ZI
2004 965 2559 1023 COMMENTARIUS.

429 1085 453 1117 ³
480 1082 639 1139 Nilus
662 1079 875 1154 Egypti
905 1078 1097 1136 ﬂuvius
1123 1077 1414 1154 (Pliniusl.
1440 1090 1499 1154 ,γ
1524 1093 1644 1148 cap.
1667 1081 1736 1154 9_;
1764 1076 1961 1154 Strabo
2067 1083 2202 1154 tur;_
2237 1090 2302 1131 ex
2345 1075 2474 1154 ipso
2511 1080 2704 1130 trunco
2752 1069 2967 1154 navigia
3010 1075 3225 1154 texunt,
3273 1084 3339 1154 ex
3393 1067 3533 1126 libro
3565 1084 3664 1154 seu

362 1156 400 1209 Ι.
457 1168 630 1221 xvn;
659 1140 912 1218 ϐεἵιῖἰι).
939 1159 994 1206 et
1019 1140 1161 1223 unus
1187 1165 1218 1204 e
1253 1146 1562 1223 majoribus
1584 1140 1776 1223 'totius
1813 1147 1961 1223 orbis
2066 1140 2268 1223 cortice
2300 1140 2433 1223 teia,
2462 1153 2693 1223 tegetes,
2724 1140 2925 1223 restes,
2984 1140 3247 1223 stragula,
3281 1140 3478 1223 funes,
3533 1140 3667 1223 alia-

358 1226 562 1294 ﬂuviis,
600 1212 986 1295 aquibusdam
1016 1220 1197 1277 Gihon
1223 1212 1440 1295 ‘dict'us,
1484 1227 1697 1295 septem
1726 1218 1959 1295 habens
2066 1233 2172 1295 que
2220 1212 2564 1295 hujusmodi'.
2613 1218 2696 1295 Ex
2724 1214 2830 1272 hoc
2884 1214 3021 1295 item
3077 1212 3284 1295 frutice.
3325 1213 3666 1295 parabantur

360 1296 495 1352 ostia
544 1283 743 1366 quibus
785 1308 846 1366 se
889 1298 1167 1366 exonerat
1220 1290 1280 1366 in
1324 1283 1488 1366 mare
1523 1283 1865 1366 Ᾱῑεγριίιι-ιιιἱ
1905 1298 1960 1345 et
2068 1283 2271 1366 charta:
2293 1283 2403 1344 'acn
2456 1287 2644 1366 divisae
2679 1286 2736 1342 in
2772 1294 3072 1358 praetenues
3101 1292 3157 1340 et
3174 1283 3483 1366 latissimas
3511 1283 3667 1358 phyl-

359 1355 578 1441 parteni
622 1364 841 1441 Egypti
887 1362 1198 1441 inferiorem
1240 1362 1439 1441 dextra
1474 1355 1713 1441 iaiva'qiie
1757 1355 1961 1441 divisus
2068 1359 2196 1441 liras
2218 1375 2344 1441 quis
2368 1376 2433 1415 eo
2467 1359 2722 1441 meliores
2753 1355 2912 1441 erant
2935 1373 3048 1441 quo
3068 1355 3667 1441 mediae‘papyro'pr'o-

358 1427 615 1510 amplexu
655 1427 781 1510 sua
802 1433 1259 1510 ita_determii_iat_
1283 1442 1348 1489 ut
1391 1427 1742 1510 Triquetram
1767 1440 1961 1510 __terra:
2069 1427 2409 1510 pinquiores,
2429 1446 2554 1503 quae
2576 1430 2649 1485 ab
2675 1427 3079 1510 bujusifru'ticis
3111 1427 3486 1510 appellatione
3498 1427 3666 1509 etiam

360 1498 596 1579 ﬁguram
621 1505 845 1563 efﬁciat.
889 1505 1052 1562 Unde
1079 1514 1135 1579 et
1161 1506 1382 1561 Deliam
1425 1518 1457 1560 a
1481 1498 1749 1579 KGraecae
1767 1502 1960 1559 litterae
2068 1498 2257 1579 papjfri
2284 1498 2490 1579 nomen
2542 1498 2888 1579 acceperunt,
2931 1498 3393 1579 quibus’veteres
3420 1498 3492 1556 ad
3528 1499 3669 1579 scri-

360 1518 596 1579 tiguram
621 1518 845 1563 eiiiciat.
896 1518 1052 1562 Unde
1079 1518 1135 1561 et
1162 1518 1382 1561 Deliam
1425 1518 1457 1560 a
1481 1518 1743 1560 auraecaa
1769 1518 1960 1559 litterae
2068 1518 2257 1627 Bapyri
2284 1518 2490 1558 nomen
2542 1518 2888 1572 acceperunt,
2931 1518 3130 1572 quibus
3176 1518 3385 1556 veteres
3420 1518 3492 1556 au
3528 1518 3668 1556 scri—

358 1579 713 1635 similitudine
734 1583 1079 1633 vocaverunt.
1110 1578 1282 1647 Porro
1319 1589 1571 1647 papyrus,
1612 1573 1787 1647 Plinio
1820 1581 1959 1647 teste
2106 1573 2311 1629 endum
2350 1573 2431 1629 usi
2456 1582 2604 1629 sunt.
2647 1575 2842 1629 Postea
2875 1587 3004 1647 vero
3042 1570 3098 1627 id
3135 1586 3307 1647 genus
3347 1569 3552 1627 chartae
3578 1570 3668 1647 in-

361 1652 510 1719 (Lib.
533 1664 657 1706 xui
677 1665 794 1720 cap.
827 1652 939 1717 11),
965 1646 1255 1705 arbuscula
1265 1644 1354 1720 est
1374 1644 1655 1720 praecipue
1664 1644 1957 1720 iii_,Egypti

361 1714 691 1793 palustribus
734 1714 990 1785 nascens,
1043 1726 1137 1773 aut
1186 1714 1590 1793 quiescentibus
1625 1714 1744 1793 Nili
1801 1714 1958 1793 aquis

360 1785 451 1872 {ibi
468 1799 708 1863 evagata:
732 1798 1010 1872 stagnant,
1028 1796 1094 1872 ‘et
1109 1785 1415 1872 "gurgitum
1443 1786 1682 1872 altitudo
1696 1785 1806 1843 duo
1829 1785 1958 1872 bra-

360 1863 483 1919 chia
511 1857 624 1919 non
656 1857 890 1919 excedit.
922 1857 1229 1919 Badicibus
1242 1857 1450 1916 incolae
1490 1873 1590 1931 pro
1618 1857 1761 1931 ligno
1790 1866 1957 1915 utun-

2065 1652 2411 1726 ventumnest
2438 1658 2548 1726 quo
2587 1658 2743 1726 nunc
2750 1642 2964 1726 passim
2991 1641 3256 1726 mortales
3278 1649 3539 1726 utuntur;
3572 1642 3667 1697 ﬁt-

2065 1730 2170 1786 que
2206 1730 2270 1797 ex
2298 1712 2531 1771 linteolis
2568 1712 2835 1799 contritis,
2866 1722 2924 1772 et
2966 1712 3324 1771 nihilominus
3364 1714 3665 1786 pristinum

2066 1794 2254 1859 papyri
2284 1800 2493 1844 nomen
2514 1794 2727 1843 retinet.

1220 2121 1730 2225 COLLA
1748 2121 2007 2223 T10
2075 2121 2815 2269 SECUNDA

1395 2309 1553 2383 Quae
1591 2308 1692 2373 est
1724 2303 2023 2373 secunda
2058 2304 2325 2373 abbatis
2356 2302 2618 2393 Moysis.

1728 2429 1811 2483 DE
1848 2428 2288 2483 DISCRETIONE.

845 2652 1088 2709 CAPUT
1138 2651 1463 2709 PRIMUM.
1988 2657 2036 2721 Β
2067 2669 2308 2727 gressus,
2364 2653 2535 2709 finem
2603 2657 2809 2709 nostrae
2870 2647 3222 2722 disputationi
3296 2646 3469 2717 dedit,
3527 2663 3672 2705 con-

429 2749 734 2818 Degustato
777 2745 960 2819 itaque
994 2745 1265 2803 matutino
1305 2760 1525 2819 sopore,
1585 2762 1712 2804 cum
1769 2757 1957 2806 ortum
2066 2763 2266 2820 gruum
2308 2746 2581 2805 credimus
2623 2746 2744 2820 ejus
2788 2744 3162 2803 excellentiam
3216 2745 3442 2801 Patrum
3487 2743 3670 2817 primo

357 2841 497 2898 lucis
520 2838 745 2897 tandem
783 2840 943 2897 nobis
981 2840 1242 2897 claruisse
1291 2840 1616 2912 gaudentes,
1653 2844 1957 2915 repromis-

356 2951 475 2993 sam
527 2935 896 2992 narrationem
933 2950 1219 3008 reposcere
1260 2935 1643 3007 cmpissemus,
1688 2944 1716 2971 ⁸
1759 2936 1957 2994 beatus

359 3030 576 3101 Moyses
604 3028 678 3083 ita
725 3042 955 3086 exorsus
976 3038 1059 3087 est
1081 3048 1094 3085 :
1119 3030 1261 3086 Cum
1291 3028 1504 3085 videam
1525 3044 1630 3086 vos
1656 3031 1793 3086 tanti
1819 3030 1961 3088 desi-

358 3121 495 3177 derii
539 3120 734 3177 ardore
783 3120 1117 3192 ﬂammatos,
1165 3131 1227 3179 ut
1257 3138 1327 3179 ne
1349 3121 1530 3194 ipsum
1575 3123 1801 3196 quidem
1832 3141 1956 3199 par-

358 3212 649 3270 vissimum
698 3213 897 3287 quietis
941 3225 1318 3283 momentum,
1348 3216 1498 3290 quod
1526 3218 1755 3290 spiritali
1784 3220 1956 3277 colla-

358 3307 499 3364 tioni
537 3307 882 3380 subtrahens,
916 3308 1202 3370 refectioni
1233 3312 1418 3369 carnis
1462 3313 1770 3371 malueram
1795 3314 1960 3389 depu-

359 3411 497 3475 tare,
534 3403 605 3462 ad
627 3405 873 3477 requiem
902 3406 1123 3464 credam
1163 3407 1328 3464 vestri
1359 3409 1606 3481 corporis
1635 3408 1955 3483 profecisse,

361 3499 496 3555 mihi
547 3515 766 3572 quoque
796 3500 939 3557 hunc
977 3510 1220 3559 vestrum
1272 3504 1638 3562 consideranti
1690 3506 1958 3563 fervorem

359 3591 673 3649 soliicitudo
705 3592 882 3663 major
909 3593 1196 3649 incumbit.
1225 3597 1457 3651 Necesse
1491 3604 1576 3653 est
1615 3598 1763 3653 enim
1787 3598 1958 3655 etiam

362 3699 450 3741 me
473 3684 530 3740 in
554 3682 912 3756 persolvendo
934 3684 1144 3753 debito,
1174 3694 1328 3742 tanto
1351 3687 1621 3760 majorem
1651 3689 1961 3749 devotionis

364 3793 556 3836 curam
587 3792 800 3852 gerere,
830 3786 1038 3851 quanto
1067 3794 1174 3837 vos
1199 3780 1461 3838 attentius
1507 3781 1660 3840 video
1695 3782 1836 3842 illud
1862 3800 1960 3842 ex-

277 3901 283 3907 -
362 3881 564 3948 petere,
611 3871 911 3930 secundum
958 3873 1112 3931 illam
1167 3874 1495 3932 sententiam
1539 3870 1613 3928 τι)
1658 3880 1723 3936 Si
1762 3878 1962 3935 sederis

364 3980 570 4022 coenare
614 3967 689 4022 ad
724 3981 961 4023 mensam
983 3969 1243 4041 potentis,
1289 3970 1557 4040 sapienter
1584 3972 1821 4041 intellige
1843 3988 1962 4044 qius

2064 2843 2389 2917 consignare
2441 2840 2751 2910 sententiis,
2800 2847 2862 2897 ut
2884 2855 3011 2896 cum
3052 2839 3288 2913 patuerit
3314 2837 3449 2910 quid
3476 2837 3546 2895 de
3576 2838 3668 2894 illa

2064 2935 2333 2993 senserint
2377 2935 2460 2993 vel
2505 2934 2978 3008 pronuntiaverint
3014 2933 3269 3006 majores.
3302 2932 3496 3004 nostri,
3546 2941 3669 2990 tum

2068 3029 2294 3101 prolatis
2343 3036 2482 3109 tam”
2522 3028 2763 3102 antiquis
2793 3028 3103 3086 multorum
3143 3042 3313 3101 quam
3355 3026 3671 3084 recentibus

2067 3122 2241 3180 ruinis
2262 3129 2318 3181 et
2343 3121 2559 3180 casibus
2582 3124 2699 3198 qui,
2731 3138 2831 3195 pro
2871 3138 2937 3180 eo
2969 3122 3119 3194 quod
3149 3123 3340 3180 minus
3378 3137 3496 3178 eam
3539 3121 3666 3178 fue-

2068 3224 2194 3274 rant
2241 3217 2497 3286 assecuti,
2556 3216 2864 3289 pernicioso
2917 3214 3112 3288 deiecti
3180 3223 3312 3273 sunt
3363 3215 3558 3289 'lapsu,
3603 3215 3668 3272 in

2068 3318 2329 3384 quantum
2369 3326 2683 3384 possumus,
2729 3309 2995 3366 utilitates
3029 3307 3145 3382 ejus
3167 3316 3223 3364 et
3249 3308 3542 3365 commoda
3580 3323 3670 3364 re-

2065 3412 2368 3462 tractemus
2400 3424 2414 3461 :
2440 3404 2638 3478 quibus
2656 3402 2914 3461 discussis
2937 3401 3402 3476 quemadmodum
3418 3402 3667 3460 excolam

2064 3516 2187 3558 eam
2218 3509 2382 3574 atque
2404 3509 2655 3574 expetere
2686 3499 3010 3567 debeamus,
3039 3498 3441 3557 considerantes
3479 3498 3667 3556 meriti

2065 3595 2186 3669 ejus
2228 3605 2285 3653 et
2323 3596 2514 3667 gratiae
2581 3595 2816 3668 pondus,
2857 3593 3133 3652 efﬁcacius
3175 3594 3528 3651 instruamur.
3564 3596 3671 3650 Est

2067 3690 2217 3747 enim
2255 3706 2368 3746 non
2407 3688 2701 3746 mediocris
2729 3688 2983 3763 quaedam
3015 3689 3207 3757 virtus,
3254 3704 3356 3746 nec
3394 3703 3520 3760 quae
3566 3687 3671 3745 hu-

2067 3800 2231 3842 mana
2281 3784 2483 3858 passim
2528 3784 2708 3841 valeat
2776 3782 3043 3841 industria
3104 3779 3506 3855 comprehendi,
3557 3782 3671 3839 nisi

2069 3879 2260 3939 divino
2310 3878 2475 3936 fuerit
2521 3886 2750 3935 munere
2803 3878 3085 3952 gratiaque
3123 3875 3333 3934 collata.
3379 3873 3673 3947 Siquidem

2068 3975 2213 4032 inter
2252 3973 2594 4032 nobilissima
2623 3973 2860 4045 Spiritus
2908 3973 3082 4029 sancti
3136 3971 3304 4037 dona,
3331 3968 3474 4025 hanc
3522 3985 3669 4042 quo-

368 4065 717 4135 apponuntur
740 4062 859 4127 tibi,
883 4067 934 4120 et
961 4065 1191 4120 immitte
1209 4078 1433 4120 manum
1448 4069 1618 4130 tuam,
1641 4068 1808 4122 sciens
1832 4070 1964 4138 quia
1994 4076 2040 4141 ο
2068 4083 2173 4141 que
2199 4069 2272 4125 ita
2307 4067 2539 4141 legimus
2558 4067 2625 4123 ab
2665 4066 2933 4140 Apostolo
2981 4064 3261 4124 numerari
3295 4083 3309 4121 :
3351 4064 3477 4121 Alii
3500 4064 3675 4120 datur

360 4158 501 4212 talia
544 4160 750 4228 oportet
778 4161 829 4213 te
860 4173 1173 4230 prmparare
1228 4159 1402 4230 (Prov.
1433 4173 1591 4216 χχιιι
1625 4174 1723 4217 see.
1767 4160 1959 4230 LXX).

364 4249 745 4321 Quamobrem
780 4248 851 4308 de
894 4251 1041 4308 bono
1084 4250 1438 4309 discretionis
1486 4253 1712 4327 ejusque
1757 4253 1963 4311 virtute

363 4340 584 4411 dicturi,
643 4340 701 4397 in
749 4357 918 4412 quam
965 4358 1150 4402 sermo
1186 4352 1473 4403 nocturnae
1510 4347 1820 4405 collationis
1884 4347 1964 4403 in-

2064 4178 2166 4234 per
2215 4165 2473 4235 Spiritum
2502 4177 2671 4218 sermo
2725 4163 3008 4232 sapientiae
3033 4163 3054 4216 !
3096 4161 3198 4215 alii
3221 4159 3350 4229 ﬁdes
3388 4160 3445 4212 in
3490 4158 3673 4214 eodem

2067 4259 2304 4326 spiritu;
2344 4256 2447 4311 alii
2470 4256 2654 4326 gratia
2693 4256 2995 4311 sanitatum
3026 4256 3083 4309 in
3110 4269 3217 4309 uno
3244 4252 3442 4323 spiritu
3479 4251 3523 4318 (Ι
3547 4250 3667 4307 Cor.

2068 4350 2204 4419 xu).
2261 4352 2333 4405 Et
2379 4358 2503 4422 post
2549 4365 2721 4422 pauca
2774 4368 2788 4405 :
2834 4357 2855 4384 ε
2915 4350 3037 4405 Alii
3079 4348 3327 4405 discretio
3374 4347 3675 4417 spirituum

1461 4462 1717 4519 ALARDI
1756 4464 1980 4523 GAZ/El
2017 4437 2571 4523 COMMENTARIUS.

437 4562 462 4594 ³
492 4561 630 4617 Haec
652 4560 895 4641 secunda
917 4562 1132 4641 collatio
1172 4565 1387 4641 abbatis
1401 4567 1660 4641 _Moysis:
1686 4569 1843 4641 cujus
1878 4572 1966 4628 iti-

2144 4582 2166 4610 θ
2198 4576 2377 4647 Dona
2427 4573 2662 4647 Spiritus
2715 4572 2911 4647 sancti,
2933 4588 3029 4630 seu
3079 4573 3280 4647 gratias
3306 4587 3446 4647 quas
3474 4577 3676 4630 vocant

361 4633 1279 4718 dem-summam‘Photiuspaucis
1309 4636 1489 4695 verbis
1510 4633 1843 4713 'compleius
1881 4651 1966 4700 est
2073 4644 2241 4718 gratis
2266 4644 2443 4718 datas,
2467 4633 2536 4701 ab
2570 4646 2837 4717 Apostolo
2858 4633 2914 4718 et
2937 4660 3001 4700 ex
3032 4633 3297 4718 Aposto‘lo
3321 4633 3427 4700 'hic
3476 4659 3674 4700 recen-

366 4706 608 4779 (letius
635 4702 857 4779 Bibliot.
894 4707 960 4765 G.
1005 4702 1148 4776 497').

432 4771 459 4810 ¹³
485 4781 569 4857 lta_
588 4777 891 4857 secundum
923 4771 1234 4857 versionem
1259 4781 1435 4857 LXX,
1461 4784 1668 4855 Interp.
1699 4782 1963 4857 Vulgatus

365 4865 495 4929 vero
525 4849 641 4929 sic:
941 4852 1141 4908 sederis
1168 4857 1231 4929 ut
1257 4856 1497 4912 coniectas
1536 4849 1657 4911 cuin
1689 4849 1957 4929 mnam,

361 4922 648 4999 diligenter
656 4925 875 4999 aitende
885 4939 1010 4999 quae
1024 4928 1275 4996 apposita
1293 4933 1423 4983 sunt
1440 4931 1566 4982 ante
1574 4922 1771 4996 faciem
1792 4922 1962 4999 tuam,

362 4996 413 5047 et
429 4996 606 5073 statue
625 4992 861 5073 culirum
886 4992 944 5049 in
974 4992 1197 5073 gutture
1209 5002 1321 5063 tuo,
1350 5006 1456 5055 etc.
1486 4992 1656 5072 Cujus
1675 4992 1963 5058 ententiaé

364 5067 512 5145 varia
529 5067 951 5145 expositioutum
978 5067 1230 5145 litteralis
1257 5077 1314 5124 et
1340 5067 1621 5145 germana,
1665 5078 1785 5128 tum
1814 5088 1963 5145 mys-

364 5133 473 5214 tica
493 5132 877 5214 et_spiriiuaiis
914 5150 947 5190 a
979 5138 1233 5214 Patribus
1269 5132 1618 5214 proponitur
1637 5145 1802 5214 (Vide
1830 5132 1960 5200 Diel-

361 5207 509 5260 rium
545 5206 972 5287 in’Adagial..p.
1010 5208 1083 5287 2).
1116 5206 1390 5281 Mysticus'
1413 5212 1556 5287 inter
1580 5206 1717 5270 alios
1748 5223 1833 5287 est
1870 5214 1957 5272 hic

361 5289 554 5356 sensus
573 5290 736 5356 quem
749 5283 1005 5356 sequitur
1026 5283 1252 5356 Auctor,
1272 5296 1405 5356 quo
1434 5284 1598 5356 docet
1624 5284 1955 5356 magistrum

360 5350 527 5427 tanta
568 5347 763 5427 majori
821 5347 1213 5427 εοιιίρῇιιιάἰιιθΔ
1242 5347 1544 5424 discipulis
1617 5347 1953 5427 satisfacere,

362 5423 592 5489 quanto_
632 5419 895 5489 majorem
939 5419 1158 5477 illorum
1189 5419 1458 5480 fervorem
1490 5431 1544 5479 et
1589 5419 1950 5484 attentionem

1983 5394 2034 5457 D

2071 4715 2206 4789 sitas
2226 4716 2443 4789 egregie
2466 4715 2699 4789 explicat
2724 4718 2795 4771 D.
2814 4716 3062 4789 fl‘homas
3085 4715 3201 4773 tam
3232 4715 3290 4772 in
3327 4722 3677 4789 commenta-

2070 4787 2172 4854 rio,
2202 4785 2386 4915 guam'
2408 4787 2475 4870 in
2496 4785 2727 4870 Summa
2752 4786 3091 4870 _Theolo_gica
3121 4793 3242 4869 {1-2
3283 4805 3340 4859 q.
3376 4791 3562 4868 11.2.11.
3595 4785 3672 4855 4),

2074 4874 2170 4915 uer
2242 4867 2589 4915 iscretionem
2631 4867 2931 4915 snirituum
2962 4857 3271 4915 intelligens
3295 4866 3672 4915 cognitionem

2074 4874 2170 4930 per
2186 4857 2589 4931 discretionem
2631 4858 2931 4930 spirituum
2962 4857 3271 4931 intelligens
3292 4857 3675 4931 cognitionem

2074 4929 2257 4988 cordis
2296 4930 2522 5002 humani
2557 4938 2622 5002 et
2640 4929 2977 5002 secretorum
3015 4929 3164 5002 ejus:
3184 4930 3337 4986 Sicut
3363 4929 3679 5002 enim,_in-

2070 5002 2207 5075 quit,
2261 5001 2546 5075 prophetia
2591 4999 2752 5075 datur
2777 5001 2847 5075 ad
2889 4997 3269 5075 cognoscenda
3297 4997 3681 5075 germanitas—

2068 5071 2231 5130 fanda
2262 5071 2460 5155 futura
2505 5072 2883 5155 contingentia.
2914 5071 3037 5155 qua:
3082 5072 3253 5155 solius
3295 5071 3537 5155 Deimest
3566 5084 3677 5155 co-

2066 5160 2343 5216 gnoscere,
2396 5144 2472 5216 ita
2496 5139 2756 5199 discretio
2801 5139 3094 5216 spirituum
3153 5144 3220 5199 ad
3268 5139 3678 5216 maniiestanda

2067 5211 2278 5273 occulta
2306 5215 2555 5272 cordium
2582 5229 2706 5287 quae
2732 5211 3057 5287 soliisDeus
3078 5221 3371 5287 scrutatur
3382 5232 3407 5287 _:
3449 5219 3511 5287 ut
3555 5211 3675 5267 sci-

2065 5287 2193 5343 licet
2221 5283 2722 5358 homogdisceri'iere
2750 5286 2925 5358 possit
2944 5301 3053 5357 quo
3096 5284 3292 5358 spiritu
3323 5283 3523 5356 aliquis
3545 5297 3677 5337 mo-

2063 5366 2252 5413 veatur
2285 5357 2354 5429 ad
2397 5356 3424 5429 loquendum'eroperandiim,puga
3475 5360 3677 5409 utrum

2061 5428 2256 5500 spiritu
2281 5427 2585 5493 charitatis,
2616 5428 2699 5484 vel
2730 5427 2952 5496 invidia,
2967 5428 3121 5500 juxta
3144 5427 3283 5484 illud
3306 5427 3331 5481 Ι
3356 5427 3515 5481 Joan.
3550 5438 3620 5500 iv
3658 5442 3676 5479 :

360 5486 1080 5582 gsse‘atnitgiadrerteritlgic
1105 5493 1304 5582 etiam
1320 5492 1492 5582 ferina
1517 5497 1589 5582 D‘.
1623 5496 1953 5582 Ambrosius
2060 5486 2237 5582 Nolite
2256 5502 2404 5582 omni
2422 5486 2648 5582 spiritui
2657 5500 2887 5564 credere,
2923 5486 3018 5555 sed
3029 5501 3274 5582 probate
3287 5500 3513 5582 apii-iiiis
3538 5497 3679 5578 sica:

265 5627 269 5630 _
361 5558 455 5639 lib.
479 5564 499 5615 1
524 5558 691 5639 pfﬂc.
718 5575 840 5639 cap.
864 5561 1310 5639 22_hincAprobat
1332 5564 1676 5639 referendam
1698 5568 1950 5639 gratiam,

2062 5573 2167 5625 Deo
2187 5572 2319 5626 sint.
2351 5567 2524 5627 Paulo
2554 5571 2719 5628 latius
2743 5585 2961 5627 sumere
2992 5567 3212 5627 videtur
3236 5567 3698 5627 DfAmbrosius.

358 5629 406 5714 si
446 5631 569 5701 quis
594 5631 672 5714 ab
710 5629 894 5714 aliquo
938 5629 1264 5693 beneficium
1299 5636 1596 5708 acceperit,
1637 5629 1957 5697 etvimitani
2062 5639 2200 5714 dum
2228 5643 2334 5698 ait:
2360 5646 2620 5700 Discretio
2639 5644 2956 5714 spirituum,
2981 5648 3045 5698 ut
3063 5644 3340 5711 intelligat
3360 5645 3412 5714 et
3431 5640 3673 5714 judieet,

356 5699 488 5756 daifi
519 5702 677 5782 nobis
710 5699 964 5782 naturam
1014 5715 1308 5782 terrarum,
1356 5699 1479 5779 quin
1499 5699 1832 5782 susceptum
1866 5728 1955 5769 se-

354 5788 485 5918 $31;
516 5774 959 5904 iitiultiplicatiori‘
987 5777 1127 5835 solet
1151 5774 1389 5836 numero
1416 5778 1645 5841 reddere
1668 5774 1835 5857 quam
1869 5800 1957 5842 ac-

490 5863 533 5903 ri
569 5889 582 5905 .

490 5863 582 5905 ΙΊῐ.

2062 5712 2207 5787 quod
2221 5714 2460 5787 dicitur,
2476 5731 2549 5787 an
2574 5712 3017 5787 sancti
3040 5716 3112 5787 sit
3139 5730 3214 5787 an
3240 5712 3542 5787 mundani.
3566 5713 3673 5787 La-

2062 5781 2276 5842 tissime
2304 5802 2431 5842 vero
2450 5785 2539 5842 hic
2554 5781 2751 5913 accipit
2779 5785 2951 5841 abbas
2971 5801 3068 5857 pro
3086 5784 3297 5867 judicio
3316 5781 3669 5864 discretionis

2062 5870 2226 5913 uuam
2255 5859 2553 5913 Apostolus
2580 5859 2678 5913 (He
2748 5898 2762 5913 .
2790 5861 2851 5913 vl
2871 5865 3039 5913 vocat
3051 5856 3444 5913 discretionem
3466 5855 3596 5913 boni
3614 5859 3669 5909 et

2060 5870 2226 5929 quam
2255 5859 2553 5931 Apostolus
2580 5859 2678 5927 (He

2748 5898 2762 5914 .
2790 5861 2851 5928 ν)
2871 5853 3039 5914 vocat
3051 5853 3444 5913 discretionem
3466 5853 3596 5913 boni
3614 5859 3669 5909 et
