3982 6202
298 274 400 327 525

1356 272 1693 330 COLLATIO
1731 274 1802 328 Il.
1841 302 1916 315 —
1952 272 2045 329 DE
2082 272 2552 330 DISCRETIONE.

3508 284 3613 337 526

266 444 267 451 η
298 398 346 464 (I
377 396 497 469 Cor.
524 399 653 464 xu).
681 394 893 453 Deinde
913 396 1190 469 completo
1211 398 1363 455 omni
1381 398 1626 472 catalogo
1650 398 1900 471 spiritua-
1926 401 1981 465 Α
2006 395 2189 455 dicens
2219 414 2234 453 :
2262 400 2470 463 Venite,
2498 399 2762 456 benedicti
2780 402 2958 472 patris
2999 404 3124 467 mei,
3149 375 3417 474 possidete
3440 418 3615 475 para-

298 488 437 547 lium
474 490 891 559 charismatum,
935 488 1139 548 infert:
1173 493 1366 550 Omnia
1402 498 1586 550 autem
1615 495 1726 550 hare
1771 509 1897 564 ope-
1975 497 2123 583 .tum
2160 493 2308 548 vobis
2356 509 2583 563 regnum
2624 510 2659 549 a
2701 497 3079 553 constitutione
3127 498 3322 553 mundi
3356 515 3372 552 :
3411 499 3618 553 esurivi

299 589 459 641 ratur
496 601 639 641 unus
687 590 853 655 atque
888 584 1032 641 idem
1073 586 1335 658 Spiritus,
1385 588 1638 645 dividens
1681 587 1914 656 singulis

296 684 469 751 prout
487 681 607 737 uult
645 680 864 752 (Ibid).
911 679 1118 739 Videtis
1160 698 1292 756 ergo
1330 698 1445 741 non
1498 692 1778 740 terrenum
1811 695 1915 737 nec

297 790 532 848 parvum
580 790 699 833 esse
728 774 1075 833 discretionis
1100 791 1330 846 munus,
1368 775 1469 834 sed
1494 776 1697 833 divinae
1725 774 1913 848 gratim

306 869 622 926 maximum
661 870 958 943 praemium
989 888 1002 925 :
1053 885 1220 942 quam
1262 870 1370 927 nisi
1415 868 1724 927 monachus
1763 868 1911 925 omni

302 963 608 1022 intentione
686 961 852 1020 fuerit
915 972 1215 1035 assecutus,
1269 973 1326 1022 et
1384 963 1796 1022 ascendentium
1856 960 1908 1017 in

300 1072 422 1116 sese
466 1058 762 1132 spirituum
817 1057 1202 1117 discretionem
1257 1066 1406 1116 certa
1458 1058 1671 1115 ratione
1716 1070 1903 1131 posse-

298 1152 467 1224 derit,
512 1169 736 1211 necesse
769 1162 852 1211 est
881 1168 1009 1210 eum
1050 1153 1196 1210 velut
1243 1152 1305 1209 in
1346 1160 1508 1210 nocte
1548 1167 1690 1210 caeca
1721 1150 1907 1207 tetris-

299 1263 412 1320 que
437 1247 683 1305 tenebris
726 1246 1095 1315 oberrantem,
1137 1250 1164 1279 ³
1204 1261 1319 1305 non
1360 1247 1541 1304 solum
1575 1243 1900 1319 perniciosis

296 1340 479 1398 foveis
527 1341 918 1414 praeruptisque
967 1338 1241 1411 incidere‘,
1282 1339 1379 1399 ed
1405 1340 1569 1397 etiam
1623 1340 1679 1395 in
1729 1337 1904 1412 planis

301 1452 367 1494 ac
389 1434 615 1494 directis
642 1435 952 1510 frequenter
974 1433 1275 1493 offendere.

980 1535 1225 1593 CAPUT
1240 1536 1310 1591 Il.

304 1633 649 1691 Discretionis
677 1635 888 1691 utilitas
916 1651 985 1690 ecc
1032 1636 1395 1706 disputatione
1438 1633 1652 1690 abbatis
1681 1631 1914 1689 Antonii

710 1745 723 1759 κ
905 1707 1323 1763 demonstratur.

2021 588 2184 651 enim,
2217 591 2270 643 et
2296 587 2526 644 dedistis
2564 589 2703 644 mihi
2724 590 3083 658 manducare;
3109 593 3279 657 sitiei,
3312 597 3361 648 et
3387 592 3615 648 dedistis

2022 682 2162 736 mihi
2180 681 2378 746 bibere,
2408 689 2511 738 etc.
2541 680 2752 754 (Matth.
2782 683 2956 756 xxv).
2983 685 3233 757 Cumque
3257 685 3311 740 in
3335 684 3484 742 hunc
3502 700 3620 743 mo-

2021 773 2158 830 dum
2204 773 2426 832 diversis
2451 774 2746 833 virtutibus
2776 776 2989 835 aditum
3018 778 3311 835 certiorem
3343 778 3411 835 ad
3442 781 3618 836 Deum

2020 869 2196 941 parari
2237 884 2395 942 posse
2447 870 2824 942 decernerent,
2886 880 3136 946 essetque
3212 872 3392 931 noctis
3446 873 3623 930 maxi-

2018 978 2176 1020 mum
2201 971 2418 1035 tempus
2455 962 2559 1020 hac
2599 963 2951 1038 inquisitione
2987 977 3413 1041 consumptum;
3442 967 3624 1025 intulit

2017 1055 2242 1112 demum
2264 1054 2455 1111 beatus
2478 1055 2779 1125 Antonius;
2810 1056 2836 1093 ἀ
2864 1057 3071 1114 Omnia
3095 1058 3317 1130 quidem
3359 1058 3478 1116 haec
3496 1073 3621 1132 qua:

2016 1145 2233 1202 dixistis
2272 1144 2574 1202 necessaria
2604 1152 2735 1201 sunt
2782 1153 2838 1201 et
2886 1145 3039 1202 utilia
3061 1147 3396 1204 'sitientibus
3442 1151 3617 1205 Deum

2014 1247 2178 1314 atque
2216 1239 2286 1297 ad
2315 1255 2447 1297 eum
2476 1239 2821 1312 cupientibus
2851 1241 3165 1313 pervenire;
3212 1242 3309 1299 sed
3347 1241 3437 1297 his
3467 1243 3621 1315 prin-

2012 1335 2246 1407 cipalem
2263 1334 2505 1393 tribuere
2533 1335 2766 1409 gratiam
2810 1350 3163 1409 nequaquam
3203 1350 3308 1393 nos
3336 1335 3614 1394 innumeri

2015 1431 2324 1489 multorum
2368 1446 2527 1490 casus
2575 1439 2631 1489 et
2675 1431 3041 1504 experimenta
3086 1430 3430 1505 permittunt.
3473 1433 3617 1489 Nam

2018 1524 2285 1598 quosdam
2309 1540 2687 1598 saepenumero
2736 1524 3000 1581 acerrime
3035 1524 3255 1597 jejuniis
3293 1540 3390 1582 seu
3430 1524 3620 1599 vigiliis

2020 1619 2342 1677 incubantes
2361 1661 2377 1689 ,
2441 1634 2506 1676 ac
2560 1618 2790 1676 miriﬁce
2838 1618 2895 1674 in
2941 1602 3230 1676 solitudine
3281 1618 3622 1689 accedentes,

2022 1716 2385 1789 privationem
2411 1731 2627 1789 quoque
2667 1715 2919 1772 omnium
2950 1713 3271 1771 facultatum
3302 1714 3378 1770 ita
3405 1722 3619 1771 sectan-

375 1807 602 1865 Memini
643 1807 812 1881 igitur
831 1807 1111 1879 quondam
1154 1808 1213 1865 in
1239 1808 1401 1865 annis
1424 1806 1612 1865 adhuc
1660 1805 1909 1881 pueritia
1939 1811 1989 1876 B
2017 1818 2122 1880 tes,
2151 1817 2215 1867 ut
2240 1826 2306 1867 ex
2327 1810 2460 1884 ipsis
2482 1826 2551 1867 ne
2575 1809 2734 1867 unius
2762 1807 2989 1883 quidem
3013 1808 3121 1867 diei
3148 1809 3356 1865 victum
3399 1807 3619 1866 sibimet

306 1904 647 1962 constitutus
671 1904 725 1960 in
746 1903 994 1977 partibus
1014 1898 1043 1938 δ
1060 1903 1375 1972 Thebaidis,
1395 1904 1492 1961 ubi
1514 1902 1709 1961 beatus
1727 1904 1910 1960 Anto-

304 1999 434 2056 nius
458 1997 798 2069 morabatur,
841 2009 864 2035 α
888 1998 1135 2057 seniores
1153 1997 1223 2055 ad
1255 2013 1386 2056 eum
1424 1997 1775 2071 perfectionis
1819 1996 1912 2053 in-

307 2092 589 2165 quirendaa
642 2093 814 2167 gratia
840 2093 1181 2151 convenisse.
1231 2093 1488 2164 Cumque
1517 2108 1548 2149 a
1587 2091 1914 2164 vespertinis

310 2187 468 2245 horis
519 2202 693 2261 usque
739 2187 811 2246 ad
852 2188 1031 2245 lucem
1075 2185 1274 2244 fuisset
1320 2194 1594 2259 protracta
1652 2185 1910 2254 collatio,

316 2281 677 2353 quaestionem
727 2280 871 2340 hanc
917 2281 1221 2340 maximum
1263 2280 1444 2337 noctis
1504 2280 1743 2353 spatium
1778 2282 1916 2336 eon-

314 2377 630 2450 sumpsisse.
688 2379 832 2434 Nam
894 2376 1202 2435 diutissime
1259 2375 1605 2448 quaerebatur
1659 2389 1914 2449 quanam

306 2471 482 2529 virtus
515 2471 600 2528 vel
639 2470 985 2529 observantia
1036 2470 1374 2529 monachum
1419 2470 1592 2550 possit
1637 2484 1669 2527 a
1706 2468 1913 2550 diaboli

306 2565 523 2638 laqueis
563 2580 628 2622 ac
655 2564 1070 2637 deceptionibus
1099 2565 1375 2624 custodire
1411 2548 1631 2637 semper
1656 2548 1917 2635 illaesum,

306 2658 398 2716 vel
423 2666 570 2716 certe
597 2666 747 2716 recto
795 2659 1016 2716 tramite
1083 2659 1354 2733 ﬁrmoque
1391 2673 1579 2732 gressu
1621 2656 1692 2714 ad
1741 2654 1922 2729 perfe-

305 2753 515 2812 ctionis
536 2754 752 2811 culmen
784 2753 1099 2826 perducere.
1131 2756 1385 2827 Cumque
1430 2769 1529 2826 pro
1558 2759 1718 2825 captu
1749 2766 1914 2807 men-

306 2848 390 2905 tis
419 2863 534 2907 sute
567 2849 935 2923 unusquisque
969 2850 1295 2907 sententiam
1340 2865 1501 2907 suam
1546 2846 1833 2921 proferret,
1863 2851 1919 2902 et

307 2941 406 2999 alii
435 2941 660 3014 quidem
689 2942 796 3000 hoc
827 2943 886 2999 in
915 2935 1252 3016 jejuniorum
1291 2943 1707 3017 vigiliarumque
1737 2940 1918 2999 studio

309 3036 668 3106 collocarent,
723 3036 870 3108 quod
914 3037 1000 3094 his
1036 3036 1286 3095 videlicet
1316 3045 1606 3095 extenuata
1656 3053 1815 3093 mens
1854 3051 1920 3092 ac

309 3115 617 3203 puritatem
661 3129 844 3187 cordis
878 3137 936 3186 et
974 3130 1219 3203 corporis
1251 3139 1519 3195 assecuta,
1562 3134 1683 3188 Deo
1710 3130 1920 3187 facilius

2013 1920 2293 1978 unumque
2336 1905 2625 1963 denarium
2663 1919 2945 1978 superesse
2984 1911 3321 1978 paterentur,
3363 1903 3623 1963 humani-

2015 2001 2143 2058 tatis
2167 2000 2334 2057 etiam
2363 1999 2543 2057 studia
2568 2006 2687 2056 tota
2712 1999 3004 2056 devotione
3031 1999 3393 2071 complentes,
3424 1999 3497 2056 ita
3536 1999 3619 2055 vi-

2019 2094 2202 2152 dimus
2227 2100 2449 2168 repente
2486 2092 2761 2166 deceptos,
2809 2100 2871 2148 ut
2905 2100 3187 2166 arreptum
3215 2107 3352 2165 opus
3387 2108 3503 2149 non
3528 2109 3624 2166 po-

2018 2189 2224 2247 tuerint
2252 2203 2496 2263 congruo
2527 2187 2674 2246 exitu
2714 2186 3034 2258 terminare,
3063 2201 3457 2260 summumque
3508 2185 3620 2242 fer-

2019 2299 2209 2342 vorem
2237 2292 2293 2341 et
2330 2281 2795 2341 conversationem
2822 2280 3153 2339 laudabilem
3176 2279 3479 2338 detestabili
3509 2279 3617 2337 ﬁne

2017 2378 2328 2438 clauserint.
2369 2377 2743 2450 Quamobrem
2783 2375 2915 2452 quid
2939 2375 3306 2449 principaliter
3355 2373 3522 2433 ducat
3549 2373 3619 2432 ad

2016 2476 2203 2531 Deum
2230 2472 2520 2531 manifeste
2552 2470 2853 2546 poterimus
2879 2485 3196 2543 agnoscere,
3241 2470 3290 2527 si
3335 2469 3509 2528 ruinae
3558 2485 3624 2526 ac

2022 2568 2355 2641 deceptionis
2382 2567 2605 2625 illorum
2646 2564 3142 2637 causa_diligentius
3186 2580 3220 2622 a
3253 2562 3418 2621 nobis
3458 2564 3626 2622 fuerit
3658 2588 3663 2593 ι

2022 2663 2293 2737 indagata.
2324 2661 2433 2719 Illis
2468 2674 2708 2733 namque
2758 2673 2886 2716 cum
2921 2658 3282 2715 exuberarent
3337 2656 3630 2730 praedicta-

2024 2773 2152 2816 rum
2180 2772 2344 2830 Opera
2381 2755 2673 2826 virtutum,
2714 2751 2970 2812 discretio
3006 2751 3123 2810 sola
3158 2751 3418 2810 deﬁciens
3456 2767 3630 2825 usque

2023 2851 2092 2910 ad
2114 2851 2283 2908 ﬁnem
2315 2866 2379 2908 ea
2422 2849 2623 2908 durare
2644 2863 2757 2906 non
2779 2846 2924 2905 sivit.
2963 2847 3079 2903 Nec
3107 2844 3256 2902 enim
3299 2844 3404 2903 alia
3442 2845 3627 2917 lapsus

2024 2962 2218 3005 eorum
2249 2960 2410 3003 causa
2445 2942 2890 3018 deprehenditur,
2915 2941 3021 2998 nisi
3064 2939 3214 3015 quod
3264 2939 3451 2997 minus
3478 2956 3510 2998 a
3538 2956 3624 2997 se-

2024 3041 2271 3100 nioribus
2326 3039 2585 3107 instituti,
2622 3051 2968 3112 nequaquam
3015 3041 3317 3109 potuerunt
3356 3033 3626 3092 rationem

2028 3133 2368 3193 discretionis
2417 3132 2664 3205 adipisci,
2696 3145 2823 3204 quae
2852 3129 3273 3204 praetermittens
3329 3134 3624 3203 utramque

311 3223 575 3280 uniretur
607 3242 620 3279 :
664 3223 754 3280 alii
806 3223 862 3278 in
911 3223 1162 3281 nuditate
1186 3231 1240 3281 et
1284 3231 1605 3295 contemptu
1633 3224 1914 3280 universa-
1946 3238 1992 3304 ρ
2023 3230 2382 3298 nimietatem,
2440 3226 2528 3282 via
2560 3225 2709 3298 regia
2736 3223 2897 3282 docet
2927 3223 3264 3281 monachum
3291 3238 3514 3296 semper
3543 3222 3629 3279 in-

308 3330 449 3373 rum
474 3330 659 3372 rerum
695 3314 897 3390 quibus
922 3331 1082 3374 mens
1110 3317 1155 3373 si
1182 3315 1398 3389 penitus
1438 3324 1744 3386 exueretur,
1773 3325 1916 3374 tam-

2024 3323 2236 3390 cedere,
2277 3329 2333 3377 et
2376 3334 2478 3376 nec
2528 3318 2747 3376 dextera
2794 3317 3056 3376 virtutum
3097 3316 3365 3391 permittit
3415 3317 3634 3388 extolli,

315 3425 496 3487 quam
524 3410 691 3468 nullis
713 3410 969 3484 deinceps
996 3410 1359 3469 retinentibus
1383 3410 1593 3484 laqueis
1629 3411 1701 3469 ad
1741 3414 1925 3468 Deum
2029 3419 2087 3477 id
2113 3424 2218 3488 est,
2274 3414 2507 3475 fervoris
2552 3429 2776 3472 excessu
2811 3413 3160 3471 continentia:
3202 3413 3370 3487 justas
3398 3411 3633 3471 modum

314 3505 620 3580 expeditior
660 3506 999 3580 perveniret;
1024 3507 1115 3564 alii
1166 3505 1488 3580 ἀναχώρησιν
1536 3507 1922 3578 necessariam,
2029 3511 2208 3585 inepta
2234 3508 2664 3584 praesumptione
2687 3505 3107 3575 transcendere,
3160 3521 3262 3564 nec
3291 3504 3629 3564 oblectatum

316 3601 383 3660 id
406 3608 508 3671 est.
547 3601 905 3659 remotione!!!
958 3610 1013 3660 et
1040 3602 1210 3660 eremi
1255 3610 1463 3659 secreta
1509 3610 1816 3673 censerent,
1868 3601 1924 3659 in
2024 3606 2350 3666 remissione
2377 3602 2670 3662 deﬂectere
2696 3601 2766 3660 ad
2808 3602 2936 3659 vitia
2974 3602 3194 3659 sinistra
3214 3602 3493 3671 concedit,
3520 3600 3630 3658 hoc

320 3708 433 3766 qua
458 3708 814 3751 commanens
840 3693 968 3765 quis
1000 3690 1341 3750 familiarius
1365 3693 1708 3767 interpellare
1740 3697 1923 3751 Deum

318 3788 482 3860 eique
530 3788 702 3861 possit
758 3789 1082 3861 peculiarius
1130 3789 1398 3847 inhaerere
1452 3808 1470 3845 :
1526 3790 1777 3847 nonnulli
1838 3805 1925 3847 se-

318 3881 518 3938 ctanda
572 3881 870 3950 charitatis,
916 3882 976 3938 id
1015 3888 1121 3949 est,
1166 3882 1537 3938 humanitatis
1575 3881 1758 3938 ofﬁcia
1789 3882 1925 3938 deﬁ-

314 3973 528 4044 nirent,
570 3972 716 4045 quod
758 3972 846 4027 his
888 3987 1054 4044 regna
1104 3972 1376 4027 caelorum
1413 3972 1671 4028 daturum
1706 3988 1767 4029 se
1810 3977 1928 4030 Do-

317 4068 517 4128 minus
567 4068 623 4123 in
662 4064 952 4136 Evangelio
1004 4063 1155 4120 velut
1205 4064 1496 4137 specialius
1558 4066 1928 4138 repromittat,

2026 3712 2130 3772 est,
2177 3701 2283 3759 sub
2339 3704 2606 3772 praetextu
2662 3696 2997 3772 gubernandi
3050 3696 3298 3768 corporis
3358 3695 3633 3753 contrario

2031 3795 2251 3869 spiritus
2306 3801 2496 3867 tepore
2551 3792 2870 3849 lentescere.
2915 3791 3053 3846 Haec
3097 3802 3338 3860 namque
3389 3795 3472 3843 est
3518 3785 3640 3845 dis-

2033 3889 2227 3955 cretio,
2274 3903 2399 3959 quae
2442 3886 2653 3955 oculus,
2684 3892 2743 3941 et
2787 3884 3009 3941 lucerna
3045 3880 3293 3954 corporis
3353 3881 3412 3937 in
3464 3882 3642 3937 Evano

2033 3980 2175 4051 gelio
2192 3985 2560 4049 nuncupatur,
2589 3975 2892 4035 secundum
2915 3976 3063 4032 illam
3097 3973 3427 4032 sententiam
3467 3973 3643 4031 Salva-

2034 4069 2177 4126 toris
2204 4087 2220 4123 :
2247 4077 2270 4105 °
2289 4072 2543 4141 Lucerna.
2556 4069 2789 4139 corporis
2818 4069 2904 4124 tui
2923 4071 3001 4123 est
3038 4067 3222 4124 oculus
3247 4065 3579 4138 tuus:un
3594 4068 3647 4123 si

1434 4191 1691 4249 ALARDI
1731 4193 1813 4248 GA
1825 4196 1861 4249 7.
1869 4196 1953 4250 ,λΕῐ
1992 4193 2547 4252 COMMENTARIUS.

318 4298 490 4369 mali,
520 4314 617 4357 seu
663 4296 920 4357 facultate
962 4297 1300 4356 discernendi
1356 4301 1496 4358 inter
1535 4316 1725 4358 verum
1755 4310 1810 4359 et
1834 4301 1938 4359 fal-

318 4391 482 4440 sum,
505 4373 716 4449 bonum
743 4380 799 4449 e_t
831 4370 1061 4439 malum,
1106 4372 1469 4449 appetendum
1496 4382 1551 4449 et
1585 4372 1934 4449 fugiendum,

324 4462 457 4519 quae
484 4442 777 4530 nihilaliud
798 4452 882 4500 est
897 4442 1216 4530 quam‘xera
1241 4451 1296 4530 et
1321 4445 1627 4530 Christiana
1650 4442 1936 4530 prudentia

322 4514 503 4593 quam
526 4515 689 4593 divus
704 4514 1045 4587 Augustinus
1064 4514 1161 4571 lib.
1195 4529 1219 4570 1
1253 4514 1777 4593 de_libernArbitri_o
1797 4534 1920 4593 cap.

324 4585 404 4648 f3
447 4585 821 4662 deﬁnitesse‘
849 4601 1037 4662 rerum
1078 4585 1505 4662 appetendarum
1536 4597 1605 4662 et
1644 4585 1926 4662 fugienda-

2046 4308 2134 4360 tus
2153 4319 2292 4367 sum,
2324 4302 2489 4373 quasi
2506 4300 2637 4373 ﬁliis
2656 4298 2923 4373 indicabo.
2963 4298 3148 4359 Habes
3175 4298 3324 4360 aliud
3345 4300 3521 4362 simile
3531 4301 3644 4362 col-

2045 4376 2264 4433 lationis
2291 4371 2598 4445 exemplum
2625 4371 2767 4429 infra
2792 4371 2964 4445 capite
2986 4377 3070 4432 11.

2116 4450 2142 4485 ³³
2189 4443 2465 4504 Praeclara
2489 4445 2752 4519 sententia
2792 4443 3101 4519 liIAntonii
3124 4443 3194 4503 de
3221 4445 3505 4519 prudentia
3543 4462 3640 4506 seu

2031 4519 2376 4577 discretione.
2415 4517 2514 4576 Cui
2546 4517 2776 4575 succinit
2813 4517 2877 4572 Β.
2922 4518 3155 4575 Basilius
3192 4517 3488 4576 Constitut.
3521 4522 3643 4575 Mo-

2029 4600 2174 4648 nast.
2217 4607 2335 4664 cap.
2382 4596 2453 4648 95
2499 4588 2587 4664 his
2629 4588 2807 4664 verbis
2850 4590 3162 4664 :V_In_o;mni
3186 4605 3308 4664 qua:
3350 4592 3647 4664 suscipitur

324 4605 404 4648 ιε
447 4605 637 4645 nennit
681 4605 799 4642 esse
849 4605 1037 4642 rerum
1078 4605 1505 4657 appetendarum
1550 4605 1605 4643 et
1644 4605 1926 4662 rugienoa-
2029 4605 2174 4648 naSt.
2217 4607 2335 4664 cap.
2382 4605 2453 4648 95
2504 4605 2587 4646 ms
2629 4605 2807 4646 verbis
2850 4609 2864 4644 :
2903 4605 2969 4644 ιη
3013 4606 3160 4645 omni
3186 4605 3308 4657 qua:
3350 4605 3490 4643 susci
3531 4605 3645 4643 itur

319 4675 460 4718 rum
480 4657 760 4714 scientiam
786 4678 801 4725 ς
825 4666 882 4714 et
902 4657 996 4712 lib.
1015 4670 1255 4712 Lxxxm
1270 4659 1386 4726 QQ.
1409 4673 1464 4728 q.
1491 4660 1580 4739 39,
1602 4674 1720 4741 esse
1739 4675 1923 4717 rerum
2033 4666 2237 4719 actione
2280 4662 2600 4743 intercedere
2624 4661 2927 4745 prudentia
2963 4661 3137 4715 debet.
3180 4662 3319 4739 Nam
3349 4605 3645 4778 prodantur

326 4734 604 4778 hnnamm
634 4738 689 4778 et
716 4730 1010 4778 malarum.
1036 4735 1092 4778 et
1113 4735 1432 4778 neutramm
1466 4737 1767 4778 scientiam-
1956 4723 2010 4778 D
2038 4740 2241 4778 rpmntn
2262 4735 2404 4778 nihil
2429 4747 2661 4778 ml'nlsvts
2688 4746 2898 4778 nmms
2926 4734 3027 4778 est.
3054 4726 3198 4778 auod
3216 4727 3333 4778 licet
3383 4740 3543 4778 onum
3555 4740 3645 4778 vt-

325 4734 605 4790 bonarum
634 4738 689 4784 et
716 4730 1010 4794 malarum,
1036 4735 1092 4783 et
1113 4735 1433 4783 neutramm
1466 4728 1767 4785 scientiam.

329 4834 346 4853 .
405 4806 432 4835 ³
486 4802 552 4885 in
596 4799 839 4885 editione
863 4798 1213 4885 Lugdunensi
1237 4798 1616 4885 legitur_;ij
1654 4801 1823 4855 solum
1875 4804 1934 4857 in

324 4873 652 4947 perniciosis
679 4873 844 4940 foveis
874 4871 1284 4942 praeruptisque
1299 4871 1594 4926 concidere.

408 4946 435 4981 ι’
460 4945 542 4999 De
572 4942 850 4999 Thebaide
869 4942 1080 4998 dictum
1102 4941 1326 4997 estalibi
1347 4943 1486 5007 (Lib.
1508 4956 1574 4998 iv
1594 4945 1771 4999 Instit.
1794 4959 1839 4999 c.
1856 4949 1932 5009 3),

334 5016 495 5087 cujus
523 5013 707 5087 etiam!
735 5013 926 5087 crebra
954 5013 1166 5069 mentio
1194 5013 1254 5068 in
1286 5012 1392 5068 vita
1421 5013 1569 5069 beati
1612 5016 1836 5070 Antonii
1866 5015 1937 5070 ab

336 5085 648 5145 Athanasio
677 5085 963 5145 descripta.

406 5102 648 5144 :nanasio
677 5102 848 5142 deseri
887 5102 963 5141 ta.

406 5167 430 5195 ο
482 5159 618 5219 Hac
665 5102 903 5214 formura
952 5153 1259 5212 collationis
1316 5154 1459 5213 inter
1486 5155 1607 5212 illos
1648 5157 1841 5212 Patres
1884 5162 1940 5212 et

341 5228 701 5303 anachoretas
737 5227 1164 5303 agitariusolitae;
1210 5226 1300 5283 cui
1336 5242 1447 5283 non
1485 5226 1665 5284 solum
1711 5241 1942 5299 magnus

343 5296 848 5382 Antonius‘saepiup.
881 5296 1074 5382 affuit;
1122 5314 1314 5382 verum
1352 5306 1407 5355 et
1442 5313 1776 5382 magnopere
1810 5296 1939 5355 'eam

342 5370 773 5442 commendavit.
799 5372 940 5442 Nam
969 5371 1301 5442 Athanasius
1327 5410 1344 5438 ,
1373 5370 1672 5442 quamdam
1703 5371 1820 5442 eius
1844 5385 1942 5426 ex-

341 5441 720 5513 hortationem
754 5441 822 5499 ad
847 5440 1047 5498 fratres
1086 5442 1141 5497 in
1171 5440 1484 5513 hujusmbdi
1520 5440 1794 5513 conventu
1845 5457 1943 5498 seu

342 5512 635 5570 collatione
685 5512 929 5570 habitam
979 5512 1444 5580 commemorans,
1493 5514 1565 5569 ab
1616 5512 1707 5571 his
1764 5513 1948 5570 verbis

344 5597 480 5639 eum
514 5598 767 5656 exorsum
795 5584 873 5641 ait
902 5602 916 5639 :
956 5583 1049 5640 Ad
1070 5600 1275 5641 omnem
1313 5586 1531 5656 quidem
1567 5585 1950 5641 mandatorum

345 5655 695 5725 disciplinam
734 5658 1047 5727 Scripturas
1074 5672 1232 5727 posse
1277 5655 1528 5728 sufﬁcere
1557 5676 1573 5713 :
1628 5659 1722 5713 sed
1759 5662 1812 5712 et
1856 5658 1951 5712 hoc

344 5728 610 5797 optimum
632 5729 774 5797 fore,
793 5730 845 5785 si
860 5729 1063 5783 mutuis
1077 5744 1132 5784 se
1151 5728 1374 5784 invicem
1393 5732 1601 5797 fratres
1617 5729 1952 5784 sermonibus

1956 4723 2010 4786 D
2038 4740 2241 4791 remota
2262 4735 2404 4789 nihil
2429 4723 2661 4801 cujusvis
2688 4732 2898 4801 generis
2926 4734 3031 4801 est,
3054 4726 3198 4801 quod
3216 4727 3333 4801 licet
3349 4723 3543 4801 bonum
3555 4728 3646 4779 vi-

2040 4806 2260 4868 deatur,
2291 4820 2398 4858 non
2419 4794 2710 4855 in'vitium
2729 4799 2957 4859 recidat,
2982 4798 3032 4849 si
3056 4794 3157 4868 aut
3184 4794 3359 4868 alieno
3387 4799 3640 4865 tempore,

2042 4880 2138 4930 aut
2166 4865 2274 4928 non
2310 4872 2556 4927 adhibita
2579 4869 2939 4938 moderatione
2959 4869 3075 4935 fiat.
3103 4865 3263 4920 Ratio
3285 4881 3408 4922 vero
3435 4870 3484 4922 et
3502 4883 3645 4938 pru-

2043 4946 2231 5000 dentia
2256 4944 2352 4997 ubi
2392 4941 2549 4995 rebus
2578 4941 2726 4993 bonis
2774 4937 3024 4992 idoneum
3069 4940 3276 5007 tempus
3328 4955 3391 4995 ac
3429 4937 3644 4995 modum

2044 5015 2330 5084 deﬁniunt,
2348 5011 2686 5084 mirabileest
2711 5013 3053 5084 quantumeac
3079 5024 3263 5084 earum
3284 5025 3407 5084 usu,
3436 5015 3552 5084 tum
3583 5014 3645 5083 in

2044 5080 2257 5148 dantes,
2286 5088 2400 5138 tum
2424 5084 2482 5142 in
2499 5082 2811 5152 accipientes
2840 5082 3052 5149 fructus
3085 5080 3351 5137 redundet
3376 5082 3544 5147 (Vide
3575 5080 3642 5140 D.

2049 5157 2235 5217 Thom.
2276 5158 2364 5226 l-2
2396 5157 2542 5226 φοι
2583 5168 2639 5208 a.
2669 5156 2689 5207 1
2733 5156 2783 5226 et
2809 5161 2862 5220 3,
2886 5156 2939 5207 et
2962 5155 3127 5226 2-2_q.
3163 5156 3264 5226 l88
3288 5153 3450 5226 a.4_7).

2120 5236 2144 5262 θ
2185 5225 2345 5296 Quod
2378 5221 2523 5296 enim
2544 5231 2626 5280 est
2646 5223 2835 5279 oculus
2858 5221 3099 5296 corpori,
3114 5221 3541 5296 hocintelléctus
3564 5235 3646 5284 est

2049 5294 2269 5367 animae,
2305 5297 2379 5353 ait
2409 5295 2856 5369 Chrysostomus.
2895 5297 2971 5369 D.
2999 5294 3301 5369 Gregorius
3327 5295 3419 5353 lib.
3449 5313 3647 5355 xxvm

2051 5370 2249 5428 Moral.
2276 5384 2398 5442 cap.
2432 5374 2498 5425 13
2525 5367 2541 5423 Ξ
2568 5367 2712 5436 Quid
2735 5382 2837 5442 per
2857 5367 3303 5442 oculum,_inquit,
3320 5372 3651 5440 exprimitur

2051 5445 2165 5498 nisi
2186 5457 2318 5514 opus
2345 5438 2508 5497 suum
2525 5440 2857 5511 praeveniens
2881 5438 3057 5514 cordis
3069 5438 3291 5514 intentio
3310 5442 3339 5494 ?
3359 5438 3479 5514 iure
3494 5442 3650 5508 prius

2056 5509 2233 5584 quam’
2251 5528 2307 5569 se
2335 5515 2395 5567 in
2434 5509 2645 5567 actione
2680 5514 2952 5584 eperceat,
2990 5509 3083 5584 hoc
3100 5510 3224 5581 jam
3257 5511 3404 5584 quod
3425 5513 3655 5584 _appetit

2057 5580 2470 5655 contemplatur.
2499 5586 2568 5640 Et
2595 5583 2732 5652 quid
2770 5580 3130 5652 appellatione
3149 5580 3385 5653 corporis
3405 5580 3652 5653 designa—

2059 5662 2179 5725 tur,
2210 5654 2323 5711 nisi
2360 5670 2700 5725 unaquceque
2747 5656 2886 5708 actio
2931 5668 3051 5725 qua
3091 5654 3436 5709 intentionem
3472 5668 3649 5711 suam.

2061 5729 2226 5799 quasi
2240 5728 2535 5799 intuentem
2550 5726 2758 5781 oculum
2776 5727 3021 5799 sequitur
3035 5726 3064 5778 ?
3079 5727 3321 5799 Lucerna
3342 5726 3530 5799 itaque
3546 5733 3656 5774 cor-

349 5792 768 5857 eonsolarentur.
799 5802 873 5857 Et
902 5814 994 5855 vos
1043 5815 1184 5869 ergo,
1209 5792 1405 5871 inquit,
1442 5805 1504 5855 ut
1540 5803 1717 5870 patri,
1758 5801 1956 5868 referte
2057 5792 2301 5870 porisest
2341 5798 2541 5862 oculus,
2559 5800 2687 5868 quia
2699 5812 2800 5869 per
2816 5792 2963 5853 bona:
2980 5795 3293 5871 intentionis
3312 5792 3528 5871 νιξᾴἐιξτζι
3541 5799 3654 5871 [ρξ-

354 5884 474 5937 qua
499 5874 667 5927 nostis
701 5890 718 5927 :
747 5875 798 5927 et
824 5886 938 5942 ego,
967 5887 1088 5941 qua:
1104 5886 1205 5940 per
1229 5871 1440 5940 longam
1465 5875 1681 5927 (etatem
1715 5885 1957 5927 consecu-

2065 5855 2181 5927 rita
2204 5855 2557 5926 illustrantur
2566 5855 2823 5925 ‘actio‘nis.
2846 5871 2918 5924 Et
2938 5868 2991 5921 si
3004 5864 3184 5918 oculus
3206 5866 3330 5916 tuus
3343 5856 3517 5921 fuerit
3532 5855 3652 5906 sim-
