3982 6202
330 320 431 375 527

1404 306 1683 363 JOANNIS
1721 306 2019 362 CASSIANI
2058 305 2540 363 COLLATIONES.

3522 305 3629 358 528

332 444 513 499 oculus
553 447 678 499 tuus
718 439 951 514 simplex
967 438 1161 508 fuerit,
1203 438 1374 491 totum
1401 447 1591 505 corpus
1624 437 1775 488 tuum
1799 433 1927 488 luci-
1953 435 2008 499 Α
2033 430 2273 489 cundum
2322 430 2479 501 illud,
2521 431 2612 488 Sol
2661 446 2769 485 non
2815 428 3022 484 occidat
3067 443 3223 499 super
3267 427 3628 482 iracundiam

330 537 459 592 dum
482 540 619 603 erit;
648 538 700 591 si
735 539 916 590 autem
946 533 1124 587 oculus
1149 535 1274 586 tuus
1297 543 1527 598 nequam
1541 528 1731 595 fuerit,
1754 530 1923 581 totum

326 648 514 704 corpus
550 637 705 687 tuum
731 629 1059 685 tenebrosum
1087 627 1188 682 erit
1232 624 1446 690 (Matth.
1497 626 1576 690 vr)
1608 641 1624 676 :
1664 637 1729 678 eo
1775 619 1927 695 quod

329 724 462 796 ipsa,
506 723 865 797 cogitationes
914 718 1158 776 hominis
1198 717 1487 775 universas
1514 724 1777 787 actusque
1814 714 1927 771 dis-

329 831 574 882 cernens,
625 822 820 871 cuncta
852 828 975 886 quae
1011 809 1247 885 gerenda
1284 819 1412 867 sunt
1436 808 1715 883 pervideat
1760 815 1930 879 atque

331 910 639 982 perlustrat.
672 909 806 979 Quae
850 907 893 964 si
926 908 981 963 in
1010 905 1236 963 homine
1264 919 1503 977 nequam
1528 902 1713 972 fuerit,
1744 901 1799 958 id
1822 909 1925 970 est,

330 1018 446 1060 non
473 1018 603 1059 vero
621 1001 831 1075 judicio
856 1009 912 1057 et
943 1000 1169 1057 scientia
1188 999 1527 1055 communita
1560 1013 1659 1055 seu
1682 996 1929 1070 quolibet

331 1111 516 1153 errore
534 1112 599 1153 ac
622 1094 1050 1168 praesumptione
1077 1092 1319 1164 decepta,
1353 1099 1536 1148 totum
1564 1105 1765 1163 corpus
1801 1105 1929 1147 nos-

328 1199 479 1248 trum
533 1188 695 1246 faciet
745 1187 1121 1256 tenebrosum,
1183 1185 1287 1242 hoc
1331 1194 1434 1249 est,
1474 1200 1697 1241 omnem
1755 1182 1930 1240 aciem

332 1280 534 1337 mentis
571 1288 839 1351 actusque
881 1288 1105 1335 nostros
1151 1277 1345 1335 reddet
1368 1277 1650 1341 obscuros,
1690 1276 1931 1333 caecitate

334 1374 546 1430 scilicet
590 1373 851 1429 vitiorum
896 1381 953 1429 et
980 1370 1455 1444 perturbationum
1481 1370 1723 1427 tenebris
1767 1368 1931 1424 invo-

333 1468 498 1524 lutos.
528 1469 591 1525 Si
628 1469 790 1536 enim,
814 1466 1012 1539 inquit,
1045 1468 1223 1522 lumen
1250 1467 1396 1537 quod
1417 1468 1495 1521 ~in
1531 1470 1581 1521 te
1599 1469 1676 1521 est
1700 1466 1929 1520 tenebrae

328 1567 482 1631 sunt,
500 1562 724 1617 tenebrae
755 1552 1135 1632 ipsce'quantaz
1162 1566 1318 1617 emnt
1336 1561 1533 1616 trNuIli
1568 1574 1810 1631 namque
1832 1557 1932 1615 du-

331 1656 485 1712 bium
512 1665 617 1724 est,
654 1664 869 1712 errante
896 1655 1105 1728 judicio
1137 1654 1320 1712 cordis
1353 1655 1558 1711 nostris
1608 1661 1665 1712 et
1708 1654 1933 1726 ignora-

330 1749 497 1806 tionis
528 1756 691 1805 nocte
729 1764 997 1821 possesso,
1036 1747 1396 1822 cogitationes
1435 1764 1654 1821 quoque
1682 1756 1738 1804 et
1765 1764 1932 1821 opera

330 1853 519 1901 nostra
575 1858 700 1916 quae
764 1859 830 1900 ex
872 1843 1213 1901 discretionis
1268 1841 1659 1900 deliberatione
1699 1843 1933 1901 descen-

331 1938 487 2009 dunt,
516 1938 821 2012 majoribus
844 1946 1192 2011 peccatorum
1218 1938 1460 1995 tenebris
1487 1938 1773 2010 implicari.
1911 1947 1916 1951 '

952 2034 1190 2089 CAPUT
1221 2035 1318 2087 ΙΙΙ.

334 2116 410 2170 De
429 2112 795 2171 erroreSaulis
809 2116 861 2167 et
878 2112 1087 2173 Achab,
1110 2128 1213 2183 quo
1237 2128 1337 2181 per
1360 2112 1698 2168 discretionis
1724 2113 1935 2183 imperi-

866 2185 1001 2236 tiam
1027 2188 1154 2237 sunt
1174 2182 1396 2254 decepti.

409 2266 652 2340 Denique
701 2276 727 2303 α
777 2266 867 2324 ille
905 2266 999 2340 qui
1046 2266 1255 2339 primus
1293 2266 1502 2341 judicio
1555 2267 1654 2324 Dei
1701 2283 1934 2341 regnum

334 2361 520 2435 populi
586 2359 802 2417 Israelis
858 2361 1111 2431 emeruit,
1198 2361 1329 2433 quia
1418 2360 1571 2418 hunc
1644 2362 1931 2419 discretio-

336 2457 421 2514 nis
469 2456 689 2514 oculum
749 2472 1095 2531 nequaquam
1122 2457 1333 2530 habuit,
1366 2457 1514 2515 velut
1548 2467 1666 2516 toto
1704 2474 1934 2532 corpore

332 2550 658 2609 tenebrosus
697 2550 952 2625 effectus,
980 2552 1147 2608 etiam
1175 2552 1289 2625 ipse
1311 2551 1555 2625 deiectus
1597 2561 1681 2611 est
1719 2567 1931 2626 regno;

334 2644 493 2713 dum,
506 2645 745 2715 lucerna:
760 2642 924 2718 hujus
935 2645 1179 2702 tenebris
1188 2654 1348 2718 atque
1364 2662 1549 2704 errore
1560 2646 1837 2720 deceptus,
1856 2664 1937 2705 ac-

332 2738 685 2811 ceptabiliora
711 2743 827 2797 Deo
840 2738 1104 2796 sacriﬁcia
1129 2754 1226 2796 sua
1246 2756 1432 2813 quam,
1454 2757 1580 2816 erga
1597 2752 1932 2816 praeceptum

332 2826 605 2891 Samuelis
633 2832 1021 2902 obedientiam,
1056 2834 1286 2891 credidit
1309 2832 1627 2906 judicanda,
1657 2844 1823 2909 atque
1868 2852 1933 2893 ex

336 2928 427 2985 illa
456 2928 636 3000 magis
662 2936 816 3001 parte
844 2943 1067 2986 causam
1095 2927 1417 2986 offensionis
1440 2929 1685 2999 incurrit,
1723 2946 1793 2986 ex
1831 2947 1937 3003 qua

330 3018 797 3093 repropitiandam
818 3020 921 3077 sibi
952 3021 1192 3077 divinam
1221 3030 1531 3092 speraverat
1562 3022 1928 3095 majestatem.

333 3111 535 3184 Hujus,
568 3111 815 3184 inquam,
853 3110 1195 3167 discretionis
1243 3111 1515 3184 ignoratio
1542 3115 1570 3150 ι’
1600 3114 1792 3172 Achab
1848 3132 1935 3173 re-

334 3220 456 3278 gem
484 3205 650 3261 Israel
685 3212 809 3277 post
832 3204 992 3261 illum
1020 3204 1433 3265 sublimissimae
1461 3208 1705 3267 victoriae
1745 3211 1936 3268 trium-

332 3299 530 3374 phum,
573 3300 665 3373 qui
695 3299 743 3357 ei
778 3298 956 3357 fuerat
981 3299 1082 3357 Dei
1111 3300 1294 3360 favore
1346 3318 1659 3376 concessus,
1714 3305 1933 3364 credere

333 3394 602 3467 compulit
623 3394 912 3451 meliorem
951 3409 1068 3452 esse
1104 3395 1536 3456 misericordiam
1564 3414 1742 3472 suam,
1768 3416 1935 3473 quam

333 3486 512 3544 divini
531 3489 938 3545 exsecutionem
960 3489 1361 3547 severissimam
1380 3493 1634 3565 praecepti
1654 3502 1728 3563 et,
1749 3510 1935 3567 quam-

333 3582 635 3640 admodum
701 3582 801 3655 ipsi
866 3582 1168 3654 videbatur,
1225 3586 1457 3644 crudelis
1518 3589 1748 3661 imperii.
1806 3592 1930 3660 Qua

334 3675 767 3734 consideratione
804 3676 1067 3746 mollitus,
1113 3677 1251 3735 dum
1285 3681 1494 3737 mavult
1532 3691 1815 3740 cruentam
1848 3685 1933 3741 vi-

329 3772 563 3830 ctoriam
602 3771 892 3857 clementia
922 3780 1251 3847 temperare,
1280 3774 1354 3832 ob
1380 3774 1727 3835 indiscretam
1754 3780 1930 3838 mise-

329 3866 625 3925 ricordiam
651 3867 802 3925 velut
829 3875 947 3925 toto
973 3884 1206 3942 corpore
1232 3869 1477 3929 redditus
1505 3873 1825 3933 tenebrosus
1859 3875 1929 3932 ir-

328 3960 619 4018 revocabili
637 3971 817 4019 morte
836 3962 1146 4020 damnatur.

335 4138 464 4206 Qua:
489 4136 556 4193 de
606 4138 737 4193 bono
774 4058 1520 4266 ἀίεαίθιίῗτῒίξῗητδὶξρωηζς
1553 4146 1758 4203 sanctis
1784 4149 1932 4216 refc-

1040 4227 1143 4266 ran
1169 4227 1254 4266 ur.

1040 4227 1254 4266 rantur.

400 4288 537 4342 Hac
565 4294 651 4342 est
675 4286 955 4359 discretio,
996 4305 1119 4362 qua:
1143 4307 1259 4347 non
1309 4291 1489 4349 solum
1538 4294 1757 4355 lucerna
1804 4314 1933 4355 cor-

331 4377 498 4450 poris,
533 4376 632 4434 scd
669 4380 835 4435 etiam
867 4388 888 4416 °
919 4380 1001 4436 sol
1028 4382 1097 4437 ab
1138 4384 1403 4455 Apostolo
1437 4399 1809 4463 nuncupatur,
1840 4407 1932 4448 se-

2028 532 2259 584 vestram
2307 527 2521 598 (Ephes.
2560 532 2664 595 Iv).
2710 527 2845 581 Haec
2868 524 2993 580 vita:
3038 531 3245 579 nostrae
3303 522 3631 594 gubernatio

2030 620 2230 677 dicitur
2251 620 2551 677 secundum
2578 619 2731 688 illud,
2762 621 2964 687 Quibus
3009 634 3114 673 non
3142 622 3220 673 est
3268 618 3617 687 gubernatio,

2032 717 2233 772 cadunt
2254 720 2315 770 ut
2343 716 2502 784 folia.
2534 717 2679 771 Haec
2716 714 3010 771 consilium
3038 711 3340 769 rectissime
3382 712 3637 768 nomina-

2032 817 2145 879 tur,
2185 808 2300 867 sine
2335 823 2445 882 quo
2472 802 2606 865 nihil
2645 824 2804 882 agere
2829 809 3076 877 omnino,
3112 806 3413 879 Scriptum
3441 815 3638 864 aucto-

2034 904 2213 974 ritate,
2240 904 2605 977 permittimur
2632 922 2647 959 :
2673 914 2737 960 ut
2778 919 2850 960 ne
2895 904 3079 976 ipsum
3120 901 3344 975 quidem
3390 901 3640 975 spiritale

2037 998 2244 1064 vinum,
2293 996 2443 1070 quod
2466 998 2711 1055 laetiﬁcat
2746 1012 2842 1054 cor
2860 998 3102 1054 hominis
3129 997 3297 1063 (Psal.
3330 1001 3487 1064 cm),
3516 996 3638 1053 sine

2036 1092 2202 1165 ipsius
2245 1093 2495 1159 sinamur
2538 1092 2916 1150 moderatione
2970 1090 3268 1165 percipere,
3330 1084 3640 1148 secundum

2036 1186 2170 1243 illud
2199 1206 2213 1243 :
2256 1189 2387 1245 Cum
2425 1189 2641 1243 consilio
2684 1188 2866 1243 omnia
2894 1188 3004 1254 fac,
3045 1202 3165 1241 cum
3198 1187 3418 1241 consilio
3454 1188 3641 1239 vinum

2040 1282 2174 1337 bibe.
2208 1284 2279 1339 Et
2300 1282 2497 1339 iterum
2525 1299 2538 1336 :
2571 1268 2600 1313 δ
2628 1282 2781 1338 Sicut
2809 1283 2998 1336 civitas
3018 1282 3189 1336 muris
3215 1280 3409 1335 diruta
3438 1283 3491 1334 et
3530 1295 3640 1335 non

2036 1376 2389 1444 circumdata,
2427 1377 2506 1431 sic
2538 1380 2614 1432 est
2640 1378 2725 1430 vir
2749 1377 2848 1445 qui
2878 1390 2985 1430 non
3012 1390 3133 1429 cum
3161 1375 3384 1430 consilio
3424 1374 3641 1444 aliquid

2036 1473 2156 1543 agit
2180 1470 2451 1542 (Proverb.
2493 1485 2635 1540 xxv,
2670 1474 2770 1526 sec.
2804 1473 2970 1541 ιιι).
3003 1468 3174 1541 Cujus
3206 1468 3440 1541 privatio
3465 1483 3637 1540 quam

2040 1564 2336 1636 perniciosa
2354 1566 2428 1621 sit
2454 1564 2752 1633 monacho,
2772 1562 3073 1621 testimonii
3118 1563 3285 1635 hujus
3324 1562 3639 1636 exemplum

2040 1674 2105 1715 ac
2128 1659 2301 1732 ﬁgura
2340 1659 2596 1727 declarat,
2617 1659 2813 1717 dirutae
2831 1675 2961 1717 eum
2980 1674 3044 1715 ac
3065 1658 3183 1715 sine
3208 1658 3383 1714 muris
3407 1672 3639 1730 compa-

2040 1767 2168 1807 rans
2190 1752 2415 1809 civitati.
2437 1756 2502 1809 In
2524 1752 2627 1810 hac
2653 1754 2935 1826 sapientia,
2957 1753 3017 1809 in
3051 1752 3155 1811 hac
3182 1753 3484 1810 intellectus
3506 1768 3641 1809 sen-

1960 1867 2009 1932 B
2041 1861 2240 1920 susque
2257 1848 2529 1917 consistit,
2542 1848 2656 1905 sine
2670 1848 2870 1921 quibus
2896 1864 2998 1905 nec
3016 1848 3241 1906 interior
3259 1855 3442 1905 nostra
3458 1846 3635 1904 aedili-

2042 1941 2153 1998 cari
2176 1941 2397 2012 domus,
2419 1959 2522 2001 nec
2551 1943 2823 2016 spiritales
2850 1950 3115 2016 poterunt
3157 1940 3354 1999 divitia!
3393 1956 3636 2014 congre-

2042 2037 2176 2109 gari,
2198 2036 2501 2095 secundum
2523 2037 2655 2095 illud
2683 2055 2697 2093 :
2724 2046 2746 2074 °
2775 2040 2906 2093 Cum
2924 2040 3196 2108 sapientia
3217 2038 3512 2108 aediﬁcatur
3536 2040 3641 2094 do-

2042 2147 2180 2195 mus,
2224 2136 2420 2188 etcum
2463 2135 2734 2188 intellectu
2785 2136 2981 2189 iterum
3024 2135 3289 2203 erigitur;
3322 2148 3437 2189 cum
3476 2150 3638 2191 sensu

2042 2227 2332 2296 implentur
2356 2228 2574 2283 cellaria
2608 2229 2849 2284 omnibus
2880 2229 3090 2284 divitiis
3120 2232 3377 2301 pretiosis
3398 2235 3450 2285 et
3492 2232 3644 2286 bonis

2041 2319 2309 2383 (Procerb.
2342 2337 2512 2386 xxrv,
2542 2338 2643 2378 sec.
2684 2327 2841 2390 Lxx).
2875 2324 3031 2391 Hac,
3057 2323 3304 2396 inquam,
3332 2332 3417 2379 est
3435 2323 3645 2381 solidus

2042 2412 2217 2484 cibus,
2248 2414 2341 2487 qui
2377 2415 2481 2472 nisi
2512 2432 2541 2471 a
2572 2414 2820 2488 perfectis
2856 2426 3073 2474 tantum
3114 2433 3177 2474 ac
3223 2418 3466 2475 robustis
3495 2421 3645 2476 sumi

2041 2520 2160 2561 non
2185 2508 2408 2580 poterit,
2428 2509 2732 2566 secundum
2760 2509 2895 2567 illud
2926 2528 2940 2565 :
2966 2513 3333 2580 Perfectorum
3353 2517 3529 2568 autem
3563 2518 3649 2569 est

2042 2600 2245 2657 solidus
2263 2602 2429 2671 cibus,
2458 2619 2634 2659 eorum
2665 2606 2764 2674 qui
2785 2620 2890 2675 pro
2927 2604 3305 2660 consuetudine
3330 2608 3649 2662 exercitatos

2044 2694 2242 2751 habent
2255 2712 2439 2753 sensus
2463 2699 2538 2753 ad
2562 2699 2931 2755 discretionem
2961 2700 3086 2755 boni
3120 2716 3183 2755 ac
3218 2702 3357 2755 mali
3373 2700 3523 2772 (Heb.
3555 2702 3644 2773 v).

2043 2790 2177 2859 Quae
2207 2791 2262 2846 in
2302 2798 2520 2848 tantum
2552 2792 2698 2850 utilis
2738 2792 2901 2850 nobis
2926 2809 2990 2849 ac
3029 2794 3337 2850 necessaria
3378 2809 3647 2866 compro-

2043 2881 2223 2952 batur,
2253 2893 2317 2940 ut
2343 2884 2507 2941 etiam
2536 2885 2700 2942 verbo
2733 2886 2829 2943 Dei
2853 2886 3081 2961 ejusque
3106 2886 3400 2943 virtutibus
3422 2897 3647 2960 coepte-

2046 2985 2158 3046 tur,
2212 2978 2514 3036 secundum
2543 2980 2673 3037 illud
2704 3002 2717 3038 :
2776 2984 2941 3038 Vivus
2970 2986 3050 3038 est
3098 2986 3241 3039 enim
3268 2987 3371 3040 Dei
3393 2999 3562 3039 sermo
3589 2990 3653 3041 et

2040 3072 2239 3141 efﬁcax
2251 3112 2272 3141 ,
2303 3076 2356 3128 et
2365 3075 2753 3145 penetrabilior
2771 3079 2923 3131 omni
2946 3078 3143 3148 gladio
3160 3082 3408 3150 ancipiti,
3439 3085 3491 3135 et
3511 3096 3650 3150 per-

2045 3169 2251 3237 tingens
2266 3184 2432 3240 usque
2447 3171 2522 3226 ad
2542 3171 2863 3228 divisionem
2875 3176 3071 3229 anima:
3088 3190 3150 3230 ac
3169 3178 3413 3245 spiritus,
3436 3190 3651 3245 compw

1967 3266 2012 3330 (ζ
2042 3277 2171 3330 gum
2187 3278 2396 3334 quoque
2423 3281 2487 3321 ac
2504 3266 2865 3322 medullarum
2879 3310 2896 3332 ,
2921 3272 2972 3323 et
2984 3268 3240 3324 discretor
3262 3271 3653 3340 cogitationum

2042 3359 2093 3410 et
2120 3358 2479 3415 intentionum
2502 3362 2673 3417 cordis
2702 3360 2868 3434 (Heb.
2902 3364 3025 3430 Iv).
3060 3362 3275 3436 Quibus
3304 3364 3647 3422 manifestis-

2040 3450 2182 3508 sime
2202 3453 2527 3525 declaratur,
2565 3456 2773 3513 nullam
2803 3458 2923 3515 sine
2954 3457 3296 3516 discretionis
3320 3460 3486 3532 gratia
3514 3475 3652 3531 per-

2041 3543 2182 3603 fecte
2206 3563 2365 3619 posse
2387 3548 2468 3604 vel
2494 3549 2701 3621 perﬁci,
2729 3551 2811 3608 vel
2838 3559 2984 3609 stare
3018 3553 3299 3609 virtutem.
3327 3555 3397 3608 Et
3425 3552 3500 3609 ita
3518 3561 3650 3610 tam

2040 3638 2184 3697 beati
2226 3643 2454 3698 Antonii
2498 3658 2662 3715 quam
2717 3646 3097 3703 universorum
3145 3648 3412 3705 sententia
3448 3642 3653 3705 deﬁni-

2042 3741 2162 3790 tum
2204 3744 2306 3805 est,
2342 3735 2732 3796 discretionem
2777 3756 2896 3798 esse
2925 3757 3049 3815 quae
3092 3742 3371 3816 ﬁxogradu
3404 3743 3656 3816 intrepi-

2041 3828 2177 3888 dum
2214 3832 2550 3891 monachum
2590 3836 2850 3908 perducat
2881 3839 2951 3895 ad
3003 3842 3198 3908 Deum,
3243 3838 3657 3913 praedictasque

2043 3923 2266 3982 virtutes
2299 3925 2501 4001 jugiter
2519 3938 2802 3987 conservet
2836 3930 3050 4001 illaesos,
3092 3935 3243 4002 cum:
3267 3946 3372 4003 qua
3406 3929 3476 3988 ad
3504 3946 3651 3988 con-

2040 4020 2418 4079 summationis
2444 4023 2657 4082 excelsa
2695 4024 2911 4099 fastigia
2954 4027 3169 4084 minore
3209 4027 3383 4100 possit
3427 4026 3645 4100 fatiga-

2041 4111 2191 4169 tione
2221 4116 2535 4181 conscendi,
2580 4126 2634 4174 et
2679 4119 2798 4175 sine
2825 4133 2935 4192 qua
2975 4120 3143 4177 multi
3192 4122 3359 4177 etiam
3400 4136 3650 4194 propen-
3746 4166 3763 4175 -

2039 4208 2158 4265 sius
2185 4209 2515 4282 laborantes,
2544 4213 2890 4287 perfectionis
2918 4217 3263 4289 nequiverint
3290 4216 3508 4273 culmen
3548 4225 3646 4273 at-

2039 4302 2264 4376 tingere.
2287 4306 2553 4365 Omnium
2572 4325 2809 4383 namque
2829 4307 3092 4369 virtutum
3112 4311 3435 4386 generatrix,
3454 4317 3651 4369 custos

2041 4397 2483 4473 moderatrixque
2507 4401 2760 4461 discretio
2790 4412 2890 4462 est.

1429 4504 1688 4561 ALARDI
1727 4507 1954 4566 GAZ/EI
1991 4512 2542 4575 COMMENTARIUS.

327 4596 482 4688 ᾘῙςφθ
503 4602 702 4688 “mum
729 4614 916 4684 οοηῖυε
947 4605 1114 4688 Ξςιὲξυὶ
1132 4603 1367 4688 Ῑααὶῗῑιφ
1395 4612 1698 4688 ξτίίεχᾳιριὶι,
1729 4618 1781 4669 si
1804 4624 1939 4675 recte
1964 4624 2014 4687 D
2044 4622 2401 4682 obedientiam
2428 4630 2715 4686 intentione
2738 4632 2959 4686 virtutis
2978 4634 3220 4688 colorare
3255 4635 3599 4687 monstratur
3620 4635 3655 4687 ?

333 4671 656 4759 m‘tjpndimus.
671 4688 774 4757 per
797 4673 1198 4759 simplicitatem
1223 4671 1579 4759 cogitationis:
1601 4671 1791 4741 bonum

337 4746 590 4814 efﬁcitur,
606 4746 816 4801 etiamsi
831 4748 1011 4802 minus
1033 4748 1227 4805 bonum
1250 4746 1358 4807 esse
1374 4746 1638 4811 videatur.
1666 4761 1738 4813 Et
1760 4762 1812 4814 si
1821 4746 1938 4817 ocu-

337 4817 420 4894 lus
430 4820 558 4894 tuus
571 4891 580 4894 _
595 4833 823 4888 nequam
840 4819 1033 4887 fuerit,
1050 4825 1219 4877 totum
1233 4837 1421 4894 corpus
1441 4829 1594 4882 tuum
1608 4830 1936 4890 tenebrosum

482 4891 612 4975 quia
632 4906 752 4975 cum
773 4906 1029 4975 peruersa
1048 4890 1487 4975 intentioneun
1502 4899 1586 4954 vel
1604 4906 1803 4975 rectum
1814 4909 1937 4975 agi-

338 4963 451 5021 tur,
493 4961 603 5036 etsi
618 4962 895 5036 splendere
923 4979 1104 5020 coram
1131 4961 1429 5023 hominibus
1469 4974 1727 5036 cernitur,
1782 4961 1935 5036 apud

337 5044 562 5113 examen
584 5034 762 5086 tamen
791 5035 999 5089 interni
1013 5036 1223 5106 judicis
1273 5038 1605 5100 obscuratur.
1633 5034 1769 5102 Haec
1797 5034 1933 5105 Gre-

337 5116 543 5173 gorms.

407 5182 443 5261 ῇ.
460 5173 1051 5261 Saulprimu‘sapeo'
1070 5177 1271 5261 electus
1297 5189 1353 5237 et
1377 5182 1639 5261 inunctus
1666 5187 1720 5261 i_n
1745 5205 1927 5261 regem

338 5244 630 5329 lsraelitici‘
647 5244 854 5329 populi.
879 5245 1014 5329 Vide
1037 5246 1346 5329 historiam,
1377 5253 1565 5323 lector,
1589 5258 1732 5313 unde
1753 5244 1929 5317 dioscas

339 5315 527 5398 qu_an_ti
553 5315 703 5398 apud
726 5315 1001 5398 Deum__sit
1032 5315 1360 5398 obedientia,
1404 5333 1467 5380 ut
1497 5315 1623 5398 quae
1649 5315 1927 5388 sacriﬁciis

334 5382 388 5467 et
406 5382 734 5471 holocaustis
750 5388 1013 5471 lemnibus
1043 5382 1376 5471 praeleratur.
1398 5382 1696 5453 Ubi-divus
1722 5382 1926 5471 eiii;

332 5456 469 5540 rius‘
485 5456 552 5513 ad
573 5456 924 5540 illam‘LSauIis
943 5456 1353 5540 excusationem
1364 5475 1745 5540 commentans
1773 5489 1787 5527 :
1814 5456 1923 5530 Ιῗὸο

333 5528 569 5613 quidem,
587 5528 932 5614 inquit,swpe
949 5535 1007 5587 in
1030 5539 1371 5614 monasteriis
1390 5539 1607 5614 accidit,
1631 5556 1749 5596 cum
1772 5528 1921 5613 quis;

331 5614 434 5667 que
455 5603 630 5684 minus
656 5602 942 5684 religiosus
977 5606 1220 5663 subditus
1273 5610 1643 5684 spiritualium
1679 5602 1923 5684 prcélato-

332 5685 456 5724 rum
497 5674 761 5752 imperiis
797 5674 1030 5752 adjicere
1058 5674 1364 5747 prwsumit,
1405 5697 1525 5736 cum
1550 5674 1851 5752 regularem
1874 5674 1926 5747 ct

328 5756 653 5824 communem
680 5746 852 5824 uitam
877 5746 1123 5824 despicit,
1152 5755 1202 5805 et
1238 5754 1476 5824 propria:
1503 5746 1750 5824 sequitur
1772 5746 1925 5817 arbié

330 5816 497 5869 trium
517 5816 841 5899 voluntatis;
1018 5823 1162 5899 enim
1179 5816 1459 5899 meliorum
1481 5816 1645 5883 vitum
1664 5816 1921 5899 eligendo,

327 5902 493 5956 quam
515 5887 802 5947 obediendo
828 5891 1044 5958 nititur,
1064 5892 1201 5963 quid
1226 5894 1383 5953 aliud
1399 5914 1562 5969 quam
1581 5887 1825 5974 apertam
1842 5887 1924 5963 in:

2116 4696 2143 4731 ³³
2154 4697 2469 4775 _Historiam
2487 4699 2650 4756 habes
2669 4704 2748 4757 ΙΙΙ
2771 4705 3018 4775 Regini,
3034 4703 3127 4760 ubi
3149 4702 3345 4760 Achab
3368 4704 3652 4759 dumoon-

2045 4769 2254 4852 tra‘Dei
2266 4779 2610 4852 praeceptum
2631 4769 2926 4852 communi
2940 4769 3083 4831 busti
3113 4775 3227 4852 regi
3254 4774 3428 4847 Syriae
3452 4775 3652 4852 incon-

2043 4839 2205 4920 sulta.
2229 4839 2295 4897 et
2329 4839 2630 4900 inordinata
2659 4846 2961 4920 clementia
3006 4839 3268 4920 pepercit,
3295 4839 3647 4920 sententiam

2043 4910 2236 4991 mortis
2268 4928 2366 4991 pro
2391 4929 2457 4969 eo
2491 4915 2719 4991 accepit,
2746 4910 3039 4991 “propheta
3077 4910 3463 4985 denuntiante,
3512 4920 3649 4973 Erit

2042 4986 2228 5065 animo
2255 4989 2351 5065 tua
2373 5001 2477 5065 pro
2488 4986 2693 5065 anima
2716 4986 2895 5045 illius:
2922 5018 2935 5025 -

2081 5122 2092 5134 .
2113 5062 2134 5088 °
2146 5055 2399 5137 .Sic_iste_
2419 5057 2587 5115 abbas
2608 5059 2779 5116 solem
2797 5077 2913 5137 pro
2924 5060 3300 5137 discretionis,
3334 5075 3439 5137 sea
3448 5057 3646 5137 _rati_o—_

2038 5123 2122 5179 nis
2146 5123 2349 5201 lumine
2383 5127 2772 5201 interpretatur
2794 5123 2848 5187 in
2877 5132 2986 5189 illis
3012 5133 3193 5190 verbis
3218 5123 3465 5201 Apostoli
3494 5148 3510 5184 :
3540 5132 3648 5187 Sol

2035 5211 2142 5273 non
2178 5198 2380 5273 occidat
2400 5198 2577 5273 super
2606 5204 2938 5260 iracundiam
3004 5210 3237 5261 vestram
3267 5198 3480 5273 (Ephes.
3520 5208 3644 5265 Iv).

2037 5267 2515 5348 Quemadmodum
2544 5280 2598 5348 et
2625 5275 3153 5348 CassianusJibNm
3172 5267 3414 5348 Institut.
3436 5289 3557 5348 cap.
3578 5282 3643 5331 9.

2034 5340 2212 5429 9939’
2249 5340 2750 5429 iPi‘Erpl‘mﬁongm
2789 5340 3049 5417 placuisse
3081 5348 3250 5405 etiam
3277 5346 3404 5403 divo
3432 5340 3647 5403 Hiero-

2031 5424 2200 5481 nymo
2250 5412 2455 5470 ibidem
2478 5412 2845 5475 ostendimus.

2101 5480 2128 5515 ἀ
2151 5481 2394 5562 Vulgata
2410 5486 2577 5544 editio
2610 5508 2622 5544 :
2646 5490 2800 5546 Sicut
2826 5492 2955 5547 urbs
2970 5498 3178 5562 potens,
3203 5496 3254 5548 et
3273 5490 3474 5562 absque
3502 5504 3648 5545 mu-

2031 5568 2217 5635 rorum
2247 5557 2490 5635 ambitu,-
2532 5562 2611 5616 ita
2655 5564 2744 5616 vir
2785 5566 2883 5632 qui
2906 5557 3198 5635 nonpotest
3238 5557 3503 5635 loquendo
3547 5578 3646 5619 co-

2031 5623 2215 5702 hibere
2229 5623 2485 5702 spiritum,
2506 5647 2662 5688 suum
2693 5623 2966 5700 (Ρνὸυθνὸ.
2994 5623 3136 5702 ἱκν)
3170 5677 3184 5693 .

2103 5702 2125 5730 ⁸
2163 5699 2374 5783 ξΐεῃιιε
2403 5701 2567 5783 vulg._
2592 5699 2919 5783 asapientia
2957 5699 3313 5777 aediﬁcabitur
3342 5710 3558 5771 domus,
3590 5711 3642 5761 et

2026 5769 2336 5852 prudentia
2352 5769 2727 5852 robor'abitur:
2735 5781 2799 5833 In
2821 5769 3071 5836 doctrina
3095 5782 3446 5852 replebuntur
3477 5769 3638 5841 cella-

2031 5841 2120 5926 ria
2172 5860 2189 5895 :
2237 5846 2486 5926 universa
2529 5848 2838 5907 substantia
2880 5855 3125 5922 pretiosa
3147 5841 3219 5911 ‘et
3262 5857 3636 5926 ptdcherrima

2032 5913 2297 5977 (Proverb.
2324 5922 2513 5986 XXIV).
