3982 6202
317 278 423 332 529

955 402 1194 460 CAPUT
1211 405 1278 460 V.

741 500 819 553 De
851 501 1019 553 morte
1043 499 1265 554 Heronis
1284 498 1444 552 senis.

387 594 458 649 Et
483 598 545 648 ut
570 589 713 648 hanc
744 590 998 648 eamdem
1036 590 1411 649 deﬁnitionem
1437 590 1742 664 antiquitus
1773 607 1805 647 a
1848 593 1910 648 S.

320 689 565 746 Antonio
608 696 665 746 et
702 689 921 745 cmteris
957 688 1205 746 Patribus
1239 689 1668 763 promulgatam,
1725 703 1916 746 recens

311 798 555 856 quoque,
581 783 723 841 sicut
750 783 1123 855 promisimus,
1157 783 1448 841 conﬁrmet
1474 782 1805 856 exemplum,
1828 798 1913 840 re-

314 877 484 934 colite
517 876 572 934 id
596 876 744 949 quod
770 893 945 949 nuper
970 886 1187 952 gestum
1209 879 1497 935 oculorum
1515 886 1822 935 vestrorum
1840 878 1914 935 vi-

313 970 471 1028 distis
490 970 794 1039 obtutibus,
820 974 845 1003 ³
870 986 1064 1028 senem
1080 971 1328 1029 videlicet
1346 973 1625 1029 Heronem
1648 979 1777 1029 ante
1792 987 1914 1045 pau-

310 1081 410 1123 cos
452 1064 755 1123 admodum
781 1065 896 1123 dies
922 1065 1168 1134 illusione
1208 1065 1473 1123 diabolica
1505 1080 1536 1121 a
1562 1064 1792 1121 summis
1841 1062 1915 1120 ad

310 1161 426 1220 ima
468 1160 766 1234 dejectum,
791 1176 957 1235 quem
977 1159 1373 1234 quinquaginta
1397 1158 1552 1216 annis
1579 1159 1638 1215 in
1669 1158 1771 1215 hac
1798 1173 1915 1214 ere-

307 1271 407 1313 mo
429 1262 857 1325 commoratum,
877 1256 1138 1328 singulari
1164 1254 1499 1313 districtione
1530 1254 1764 1327 rigorem
1792 1270 1916 1310 con-

310 1350 572 1407 tinentias
598 1349 833 1406 tenuisse
862 1349 1236 1419 meminimus,
1276 1358 1331 1406 et
1365 1348 1681 1406 solitudinis
1707 1357 1914 1406 secreta

308 1443 457 1503 ultra
481 1458 677 1500 omnes
690 1432 781 1502 hic
800 1452 1207 1502 commorantes
1230 1445 1371 1501 miro
1392 1443 1601 1501 fervore
1619 1452 1906 1503 sectatum.

304 1538 420 1594 Hic
445 1537 627 1611 igitur,
659 1554 769 1612 quo
815 1547 997 1610 pacto,
1027 1554 1199 1611 quave
1225 1538 1435 1595 ratione
1468 1547 1598 1613 post
1623 1547 1811 1598 tantos
1835 1540 1912 1595 la-

1382 275 1718 335 COLLATIO
1758 278 1822 332 ll.
1862 306 1935 321 --
1970 277 2060 333 DE
2097 276 2566 336 DISCRETIONE.

1939 406 1994 472 Α
2020 404 2204 477 potuit
2232 406 2539 479 aggregari,
2564 420 2633 465 ne
2657 407 3225 482 quantulumcumque
3276 413 3623 487 perceptione

3520 291 3625 348 530

2022 499 2313 573 leguminis
2337 501 2507 573 parvi,
2532 517 2564 558 a
2592 517 2692 559 suo
2718 502 2990 561 videretur
3022 505 3301 578 proposito
3325 507 3618 567 relaxasse.

2023 593 2146 665 Qua
2174 594 2597 667 prmsumptione
2632 593 2910 668 deceptus,
2950 596 3206 670 angelum
3236 599 3452 658 Satanae
3476 600 3623 658 velut

2021 687 2277 760 angelum
2322 688 2458 746 lucis
2490 705 2620 746 cum
2671 705 2890 747 summa
2926 690 3268 749 veneratione
3298 692 3618 766 suscipiens,

2022 785 2249 859 ejusque
2276 786 2561 860 praeceptis
2596 803 2773 860 prono
2796 786 3056 845 obediens
3093 786 3384 858 famulatu,
3412 800 3622 849 semet-

2024 879 2206 952 ipsum
2226 881 2280 937 in
2306 889 2555 954 puteum,
2581 881 2739 954 cujus
2752 881 3184 954 profunditatem
3203 884 3485 942 oculorum
3503 902 3618 944 non

2021 975 2241 1049 attingit
2267 975 2513 1045 intuitus,
2539 976 2869 1049 praecipitem
2913 976 3083 1045 dedit,
3122 976 3192 1034 de
3212 979 3391 1053 angeli
3433 978 3625 1038 videli-

2019 1078 2105 1127 cet
2127 1070 2211 1127 sui
2238 1071 2529 1144 sponsione
2554 1086 2671 1127 non
2694 1070 2969 1138 dubitans,
3005 1072 3101 1145 qui
3128 1087 3257 1129 eum
3294 1090 3393 1146 pro
3422 1075 3622 1134 merito

2019 1162 2280 1219 virtutum
2309 1179 2374 1221 ac
2404 1163 2654 1221 laborum
2687 1179 2919 1220 suorum
2958 1179 3307 1237 nequaquam
3346 1183 3506 1239 posse
3533 1169 3626 1226 ﬁr-

2020 1265 2267 1314 maverat
2322 1258 2416 1314 ulli
2456 1258 2572 1330 jam
2617 1256 2920 1315 discrimini
2962 1257 3262 1331 subjacere.
3320 1261 3491 1333 Cujus
3542 1263 3621 1319 rei

2023 1349 2213 1421 ﬁdem,
2243 1360 2306 1409 ut
2345 1352 2718 1425 experimento
2755 1366 2870 1409 suae
2912 1350 3187 1425 sospitatis
3218 1351 3623 1412 evidentissime

2020 1445 2429 1518 comprobaret,
2454 1443 2765 1517 supradicto
2815 1459 2875 1501 se
2912 1452 3077 1516 puteo
3104 1452 3267 1502 nocte
3294 1444 3623 1520 intempesta

2017 1536 2210 1594 illusus
2231 1537 2437 1610 injecit,
2462 1553 2726 1610 magnum
2755 1537 2962 1594 scilicet
2988 1537 3203 1595 virtutis
3223 1553 3338 1596 suae
3361 1539 3621 1597 meritum

304 1630 470 1688 bores
510 1629 579 1687 ab
628 1630 939 1688 insidiatore
986 1631 1227 1703 delusus,
1289 1632 1605 1706 gravissimo
1644 1648 1909 1690 corruens
2017 1631 2365 1704 probaturus,
2388 1648 2518 1688 cum
2536 1632 2661 1689 inde
2688 1632 2889 1688 exisset
2908 1631 3126 1690 ﬂlzesns.
3157 1636 3383 1707 Dequo,
3407 1634 3621 1708 ingenti

305 1726 486 1799 lapsu,
532 1734 762 1783 cunctos
783 1727 840 1783 in
888 1726 993 1784 hac
1041 1742 1224 1785 eremo
1270 1728 1627 1796 constitutos,
1655 1727 1907 1785 luctuoso
2016 1726 2255 1784 fratrum
2280 1726 2465 1784 labore
2493 1742 2619 1784 cum
2641 1743 2778 1799 pene
2795 1726 2913 1800 jam
2934 1728 3221 1802 exsanguis
3243 1728 3621 1787 ﬁtissetextra-

303 1822 499 1882 dolore
520 1820 785 1894 perculit?
816 1824 1006 1880 Nonne
1039 1823 1169 1895 quia
1207 1823 1393 1880 minus
1417 1822 1764 1881 discretionis
1787 1823 1899 1879 vir-
1933 1818 1982 1881 B
2011 1831 2153 1890 ctus,
2188 1823 2355 1879 vitam
2372 1821 2461 1879 die
2485 1822 2639 1878 tertia
2668 1822 2943 1890 ﬁniturus,
2969 1823 3118 1895 quod
3148 1821 3234 1880 bis
3261 1822 3498 1881 deterius
3517 1833 3620 1893 est,

302 1923 426 1974 tute
456 1931 727 1989 possessa,
759 1916 872 1973 suis
914 1916 1326 1975 deﬁnitionibus
1351 1917 1487 1992 regi,
1516 1933 1686 1992 quam
1725 1918 1906 1975 consi-

306 2012 394 2069 liis
419 2012 500 2068 vel
540 2011 923 2070 collationibus
961 2011 1224 2082 fratrnm,
1246 2020 1410 2086 atque
1436 2013 1697 2070 institutis
1725 2012 1907 2087 majo-

308 2117 460 2171 rum,
487 2101 678 2158 maluit
702 2101 967 2159 obedire?
993 2102 1275 2175 Siquidem
1302 2110 1457 2159 tanto
1481 2102 1661 2175 rigore
1703 2103 1910 2161 immu-

308 2195 530 2253 tabilem
548 2196 742 2270 jejunii
763 2196 1157 2254 continentiam
1189 2212 1406 2270 semper
1442 2197 1701 2267 exercuit,
1731 2206 1786 2254 et
1821 2213 1911 2256 so-

316 2290 554 2351 litudinis
577 2291 838 2366 cellaque
869 2291 944 2350 ita
970 2292 1176 2365 jugiter
1203 2301 1411 2349 secreta
1449 2300 1687 2350 sectatus
1715 2301 1818 2360 est,
1847 2302 1909 2350 ut

316 2384 386 2442 ab
410 2400 477 2444 eo
500 2385 964 2460 participationem
998 2385 1219 2444 ineundi
1257 2402 1386 2444 cum
1411 2385 1750 2444 fraternitate
1775 2403 1906 2444 con-

310 2477 455 2543 vivii,
494 2494 594 2537 nec
631 2480 909 2537 veneratio
950 2479 1170 2552 quidem
1197 2479 1303 2537 diei
1332 2479 1559 2553 pascalis
1609 2480 1903 2555 aliquando

310 2575 549 2645 potuerit
574 2575 839 2631 obtinere.
873 2577 937 2631 In
965 2591 1072 2648 qua
1104 2573 1363 2633 fratribus
1387 2575 1595 2633 cunctis
1630 2592 1730 2649 pro
1752 2577 1905 2633 anni-

309 2668 545 2727 versaria
558 2668 906 2727 solemnitate
932 2668 989 2726 in
1006 2669 1248 2728 Ecclesia
1290 2670 1598 2739 retentatis,
1622 2670 1774 2727 solus
1792 2686 1907 2727 non

2020 1919 2097 1974 ita
2121 1916 2182 1973 in
2206 1915 2544 1989 deceptionis
2585 1931 2700 1973 sua:
2734 1914 3104 1973 obstinatione
3129 1918 3448 1990 permansit,
3483 1924 3545 1975 ut
3573 1919 3622 1976 ei

2013 2028 2085 2069 ne
2110 2011 2487 2084 experimento
2523 2010 2747 2083 quidem
2771 2010 2967 2068 mortis
2992 2026 3109 2068 sum
3134 2013 3366 2084 potuerit
3393 2028 3619 2085 persua-

2013 2106 2150 2175 deri,
2201 2105 2349 2178 quod
2390 2102 2581 2162 fuisset
2628 2103 2953 2161 daemonum
3018 2104 3313 2162 calliditate
3371 2106 3619 2165 delusus.

2016 2199 2425 2279 Quamobrem_
2463 2213 2563 2272 pro
2612 2198 2823 2255 meritis
2893 2197 3146 2255 laborum
3215 2205 3501 2255 tantorum
3564 2206 3621 2256 et

2012 2310 2286 2352 annorum
2326 2291 2738 2362 numerositate,
2792 2307 2900 2365 qua
2951 2290 3008 2347 in
3035 2306 3224 2348 eremo
3270 2290 3610 2364 perduravit,

2012 2387 2118 2445 hac
2162 2387 2519 2445 miseratione
2596 2395 2652 2443 et
2722 2385 3029 2443 humilitate
3082 2401 3330 2457 summa,
3398 2374 3469 2442 ab
3532 2385 3617 2442 his

2012 2482 2102 2556 qui
2170 2483 2289 2557 ejus
2348 2481 2825 2555 compatiebantur
2877 2479 3062 2550 exitio,
3138 2479 3229 2536 vix
3286 2496 3319 2536 a
3385 2479 3613 2553 presby-

2012 2585 2134 2635 tero
2186 2577 2385 2634 abbate
2428 2570 2456 2609 ³³
2498 2575 2810 2648 Paphnutio
2856 2574 3035 2647 potuit
3081 2572 3339 2642 obtineri,
3390 2581 3457 2629 ut
3502 2587 3615 2629 non

2013 2671 2159 2728 inter
2204 2681 2227 2709 °
2276 2671 2630 2728 biothanatos
2686 2676 2994 2743 reputatus,
3037 2668 3204 2726 etiam
3258 2668 3286 2704 α
3346 2666 3615 2723 memoria

1402 2826 1660 2881 ALARDI
1697 2826 1921 2882 ϐΑΖᾸΞΙ
1960 2825 2520 2883 COMMENTARIUS.

374 2962 400 2988 δ
418 2953 701 3025 Memorat
726 2950 997 3025 Palladius
1034 2952 1390 3025 (Lausia.g32)
1423 2954 1704 3009 Heronem
1733 2968 1923 3025 quem-

304 3023 437 3080 dam
460 3022 808 3106 _monacbum
838 3022 941 3106 sibi
968 3022 1191 3106 notum,‘
1212 3023 1304 3106 qui
1338 3022 1464 3106 ppst
1492 3039 1724 3106 magnos
1748 3022 1923 3080 labo-

303 3110 396 3152 res
424 3102 482 3166 et
515 3093 808 3166 praeclaros
841 3093 1090 3166 sudores,
1138 3101 1201 3149 ut
1228 3092 1359 3166 ipse'
1380 3092 1621 3166 loquitur
1651 3092 1720 3149 ab
1760 3110 1920 3151 arro-

302 3165 498 3248 gantia
520 3164 775 3248 arreptus
804 3172 859 3220 et
897 3164 1155 3248 elatique,
1189 3164 1561 3248 praecipitavit.
1582 3166 1816 3248 _Yerun_1_
1848 3181 1919 3223 an

308 3233 404 3291 ille
448 3234 595 3315 idem
638 3233 711 3289 sit
752 3234 1023 3315 cum_boc
1056 3233 1399 3315 Herene,_de
1441 3250 1553 3315 quo
1582 3233 1673 3315 hic
1714 3235 1915 3315 agitur,

2029 2952 2155 3025 inde
2177 2968 2208 3025 a
2236 2952 2426 3025 primis
2452 2948 3072 3025 Ecclesiaatemporibus
3103 2945 3501 3025 prqdefunctis
3525 2962 3625 3025 εις-

2030 3023 2200 3102 hiberi
2218 3018 2400 3092 solita,
2421 3037 2628 3102 nempe_
2643 3018 2870 3102 oblatio,
2910 3021 3027 3077 sive
3054 3018 3385 3102 sacriﬁcium
3421 3034 3520 3090 pro
3543 3020 3621 3102 eis

2028 3095 2297 3163 oblatum,
2321 3091 2685 3160 et’memoria,
2715 3093 2828 3150 sive
2854 3091 3315 3163 commemoratio
3333 3105 3525 3163 eorum
3561 3091 3618 3149 in

2026 3160 2308 3238 sacriﬁcio.
2348 3168 2427 3222 De
2462 3174 2697 3238 utroque
2725 3164 2798 3238 ad
2825 3163 2975 3238 hunc
3011 3163 3193 3238 locum
3237 3160 3616 3238 illustrandum

2021 3237 2225 3308 juverit
2244 3235 2333 3308 hic
2352 3231 2625 3308 nonnulla
2646 3235 2986 3308 antiquitatis
3022 3231 3337 3308 testimonia
3380 3241 3618 3308 annpta-

309 3321 429 3379 non
451 3304 580 3360 satis
607 3303 854 3379 expedio,
889 3307 1037 3361 Nam
1085 3304 1193 3379 ille_
1219 3303 1441 3379 quidem
1459 3302 1694 3379 ingenio
1717 3302 1776 3379 et
1791 3302 1914 3379 mo}
1945 3354 1988 3379 η
2020 3302 2101 3379 _ije.
2127 3311 2228 3379 ΔΑιι
2255 3306 2621 3379 desacriﬁcio
2640 3302 2865 3379 quidem
2906 3307 2966 3362 in
2991 3305 3178 3379 primis
3205 3302 3613 3379 observandum

307 3354 1914 3449 ἶίῙφῖιξξᾆξᾶἶῖἑεῖὶίεῐέιῖιιεῖὁὲῑᾷὧἮῖιῖόῖιὸἱιῖιῖεὲῖιιῖἷῆε
1944 3354 1989 3416 C
2014 3354 2881 3449 {niaatteiaraa'zaas‘agsa
2908 3354 3608 3449 missamissa}:

310 3448 483 3505 fuisse
520 3445 774 3519 videtur;
809 3456 867 3504 at
902 3448 1011 3504 ﬁne
1037 3463 1150 3504 non
1192 3446 1363 3519 item.
1386 3450 1512 3505 Non
1546 3446 1693 3519 enim
1732 3445 1786 3503 in
1817 3463 1914 3519 pu-

311 3528 467 3593 teum
501 3533 560 3575 se
595 3517 880 3593 dejecisse,
904 3519 1003 3577 sed
1052 3534 1117 3575 ex
1155 3519 1308 3593 gravi
1352 3517 1670 3593 inﬁrmitate
1713 3517 1913 3593 conva-

310 3590 497 3664 luisse,
526 3605 591 3664 a_c
614 3589 973 3664 postmodum
998 3598 1123 3664 post
1140 3589 1489 3664 peccatorum
1505 3589 1909 3648 confessionem

312 3660 685 3736 obdormiisseg
695 3660 1026 3736 perhibetur.

384 3735 409 3769 δ
459 3736 542 3790 De
588 3733 785 3809 eodem
824 3734 1117 3809 Cassianus
1157 3733 1335 3809 lib._v
1364 3737 1502 3809 inst.
1539 3752 1660 3809 cap.
1709 3741 1819 3809 ιιι)8⁸
1851 3744 1911 3793 et

311 3819 500 3862 rursus
543 3807 727 3863 collat.
760 3811 814 3874 3,
838 3823 962 3879 quae
1008 3813 1064 3862 et
1090 3806 1193 3879 ipsi
1212 3805 1574 3879 adscribitur,
1605 3805 1680 3865 'et
1717 3806 1902 3879 collat.

317 3881 530 3959 18_cap.
574 3882 662 3959 15_,
704 3879 801 3959 ubi
846 3876 965 3959 ejus
1002 3876 1323 3959 patientiam
1345 3876 1901 3959 Διξιὶιεειιῄιιιεῐξι.ιηιιιὶειθῐ.

313 3946 586 4003 Palladius
630 3949 686 4003 in
716 3946 1158 4011 LausiacisiSec.
1201 3950 1293 4009 37,
1344 3951 1435 4009 38,
1482 3951 1596 4011 78),
1640 3946 1908 4011 Nicepho-

311 4034 411 4075 rus
426 4018 524 4073 lib.
563 4034 633 4074 ιχ
650 4034 771 4087 cap.
802 4022 890 4081 14,
919 4023 976 4070 et
998 4013 1110 4087 alii.
1142 4013 1427 4087 Presbyter
1458 4021 1642 4068 autem
1666 4023 1721 4069 et
1742 4013 1917 4087 abbas

309 4081 884 4165 passimmominatur,
910 4083 1126 4165 ne_qui_s
1152 4081 1478 4165 putet'hunc
1505 4098 1623 4140 esse
1645 4083 1911 4165 Paphnu-

310 4151 474 4238 tiunl
484 4156 640 4238 ilium
659 4155 959 4238 superioris
973 4151 1261 4236 Thebaidis
1295 4153 1612 4238 episcppum
1641 4155 1706 4238 in
1726 4151 1913 4210 Histo-

309 4227 401 4285 ria
433 4225 804 4287 Ecclesiastica
830 4225 1278 4298 celeberrimum,
1297 4225 1389 4298 qui
1421 4227 1661 4284 Cassiani
1689 4233 1912 4298 tempo-

308 4314 374 4357 ra
404 4298 496 4355 diu
525 4298 830 4364 antecessit,
865 4307 925 4354 ut
946 4297 1075 4354 alias
1102 4297 1429 4355 notavimus.

392 4380 414 4405 ο
442 4369 772 4437 Biothanati,
799 4377 862 4427 ut
875 4369 1015 4443 alias
1030 4370 1350 4427 monuimus
1372 4370 1598 4443 (Lib.vu
1624 4374 1757 4443 Inst.
1782 4386 1903 4441 cap.

311 4447 471 4525 xxv),
516 4444 651 4502 olim
680 4459 712 4499 a
737 4441 1026 4525 gentilibus
1067 4456 1162 4513 per
1192 4441 1750 4525 contumeliam_dicti
1777 4449 1909 4525 sth

315 4522 633 4587 martyres,
659 4512 783 4587 quia
820 4512 1267 4587 violentajmorte
1293 4514 1491 4587 necati,
1522 4514 1605 4570 vel
1649 4514 1900 4587 necandi.

312 4583 563 4666 Atinter
579 4583 917 4666 Christianos
930 4583 1236 4666 Abiotbanati
1262 4584 1478 4666 proprie
1499 4585 1901 4666 reputatisunt.

315 4656 414 4730 qui
448 4658 553 4716 sibi
582 4667 820 4715 mortem
865 4656 1012 4712 ultro
1038 4654 1447 4730 conscivissent,
1485 4654 1580 4730 aut
1636 4656 1903 4730 violentas

2015 3444 2427 3506 lere.'Primum
2455 3449 2517 3505 in
2540 3447 2639 3519 die
2665 3447 2869 3516 obitus,
2896 3444 2992 3505 aut
3016 3446 3342 3519 sepulturae,
3370 3444 3451 3519 de
3495 3460 3607 3518 quo

2013 3521 2179 3593 etiam
2218 3520 2489 3593 praecipue
2534 3518 2626 3575 hic
2652 3519 2827 3592 agitur
2844 3540 2873 3593 gi
2887 3517 3038 3593 quod
3081 3516 3149 3574 ex
3172 3516 3467 3593 apostolica
3487 3516 3605 3576 tra-

2009 3588 2523 3650 ditione‘man'avit.
2559 3588 2712 3647 Nam'
2730 3593 2800 3646 D.
2843 3588 3092 3647 Clemens
3115 3588 3270 3650 epist.
3304 3594 3329 3644 l
3377 3596 3610 3647 testatur

2009 3606 2211 3650 ultione
2257 3606 2523 3649 manavrt.
2559 3606 2700 3647 nam
2731 3606 2800 3646 υ.
2843 3606 3092 3647 Clemens
3115 3606 3145 3646 e
3184 3606 3270 3645 ist.
3304 3606 3329 3644 1
3377 3606 3608 3647 testatur

2007 3665 2322 3743 apostolum
2364 3666 2590 3743 Petrum
2639 3662 2958 3743 praecepisse
2987 3669 3061 3743 _t_1t
3086 3606 3429 3743 cerebrentur
3450 3675 3608 3743 esse-

2007 3731 2148 3806 quiaa
2189 3744 2540 3792 mortuorum
2576 3731 2834 3806 hy‘mnis;
2858 3733 3104 3806 precibus
3139 3740 3196 3787 et
3258 3731 3609 3806 le_ctio_nib_us.

2008 3802 2268 3889 Idemque
2297 3802 2690 3887 continuat
2721 3802 3017 3930 Dionzsius
3045 3802 3375 3882 Areopagita
3403 3802 3609 3855 Eccles.

2008 3878 2298 3930 Hierarch.
2334 3894 2456 3930 can.
2487 3886 2542 3930 7.
2575 3877 2722 3930 Hinc
2749 3879 2823 3930 D.
2898 3886 3154 3930 vni-ianus
3177 3875 3420 3930 enrst.60
3447 3868 3609 3924 refert

2007 3868 2298 3949 Hiemi-ch.
2334 3894 2456 3949 cap.
2487 3886 2542 3949 7.
2575 3877 2722 3949 Hinc
2749 3879 2823 3949 ξ).
2852 3868 3420 3949 Cyprianus_épi§t.6_0
3447 3868 3613 3949 refert

2009 3947 2066 4022 in
2102 3948 2329 4022 concilio
2354 3939 2769 4022 Cartbaginensi
2792 3939 3059 4022 statutum
3093 3939 3286 4022 fuisse,
3333 3944 3397 3993 ut
3413 3941 3467 3992 si
3486 3942 3613 4022 quis

2010 4019 2187 4084 frater
2210 4017 2288 4083 (id
2350 4026 2434 4074 est
2479 4015 2833 4086 Christianus)
2882 4016 3133 4070 clericum
3159 4015 3415 4086 tutorem
3434 4015 3615 4086 nomi-

1964 4118 1987 4126 ης
2010 4080 2330 4149 nassetjnec
2358 4090 2657 4155 offerretur
2675 4101 2776 4155 pro
2802 4080 2880 4147 eo,
2908 4100 3003 4138 nec
3020 4084 3347 4155 sacriﬁcium
3378 4096 3479 4150 pro
3490 4080 3617 4155 ejus

2013 4157 2335 4211 dormitione
2375 4148 2749 4224 celebraretur.
2778 4156 2849 4209 D.
2886 4148 3352 4224 Augustiuusilib.
3379 4148 3450 4207 ix
3475 4148 3619 4207 Con-

2024 4226 2152 4282 fess.
2179 4242 2301 4298 cap.
2330 4231 2390 4282 11
2418 4226 2488 4283 de
2538 4223 2732 4281 funere
2750 4223 2943 4298 matris
2966 4220 3081 4298 sua:
3108 4223 3164 4279 S.
3191 4220 3428 4298 Monicae
3451 4237 3618 4295 agens

2024 4298 2104 4354 ait
2122 4317 2136 4354 :
2165 4302 2230 4356 In
2244 4294 2321 4354 eis
2329 4298 2597 4369 precibus,
2624 4311 2760 4367 quas
2776 4297 2882 4352 tibi
2895 4294 3166 4369 fudimus,
3181 4309 3302 4350 cum
3318 4294 3618 4369 offerretur

2016 4386 2120 4442 pro
2143 4387 2205 4427 ea
2230 4367 2553 4441 sacriﬁcium
2573 4370 2745 4440 pretii
2763 4370 2954 4442 nostri,
2970 4367 3092 4442 jam
3096 4367 3301 4442 jugta’
3310 4368 3616 4442 sepulcrum

2007 4438 2188 4513 posito
2229 4438 2508 4510 cadauere,
2557 4438 2663 4497 etc.
2683 4511 2696 4513 _
2715 4439 2995 4513 S_ecundo_
3027 4438 3219 4513 offerri
3244 4439 3385 4513 solet
3413 4438 3619 4513 sacriﬁ-

2013 4510 2177 4597 cium,
2220 4521 2277 4571 et
2313 4528 2498 4597 preces
2542 4528 2642 4597 pro
2666 4511 2934 4597 defunctis
2972 4510 3127 4568 fundi
3144 4511 3217 4596 in
3235 4510 3328 4597 die
3348 4512 3619 4597 anniver-

2010 4587 2154 4643 saria
2186 4606 2202 4655 ;
2245 4584 2390 4643 unde
2439 4584 2931 4643 anniversariorum
2971 4600 3102 4640 usus
3141 4584 3480 4655 inhEAcclesia
3526 4596 3619 4635 re-

2010 4653 2223 4727 ceptus,
2259 4658 2632 4715 Tertullianus
2658 4656 2756 4712 lib.
2786 4656 2855 4712 de
2884 4659 3099 4712 Corona
3126 4653 3313 4727 Militis
3343 4655 3498 4727 (Cap.
3522 4656 3577 4712 3)
3601 4669 3615 4703 :

315 4721 519 4803 manus
548 4730 876 4803 intulissent,
902 4740 1142 4803 quorum
1168 4725 1495 4803 memoriam
1523 4724 1578 4780 in
1597 4727 1763 4803 sacris
1793 4727 1902 4803 agi,
1938 4741 1991 4803 ι)
2023 4721 2339 4803 Oblatzones,
2366 4729 2566 4799 inquit,
2582 4743 2683 4803 pro
2715 4728 2989 4803 defunctis
3011 4737 3209 4803 annua,
3230 4721 3329 4803 die
3343 4721 3618 4803 facimus2

315 4808 418 4856 aut
441 4801 744 4858 oblationes
769 4815 866 4871 pro
901 4795 980 4871 eis
1011 4795 1150 4871 ﬁeri,
1182 4804 1425 4871 veterum
1446 4797 1671 4871 Patrum
1693 4795 1910 4871 institu-

317 4878 405 4937 to,
437 4880 495 4928 et
526 4864 886 4930 ecclesiastica
918 4866 1222 4939 disciplina,
1262 4866 1495 4939 vetitum
1518 4864 1708 4933 fuisse,
1730 4867 1813 4923 vel
1850 4883 1918 4923 ex

319 4941 430 5018 hoc
455 4943 579 5002 loco
607 4944 888 5018 discimus.
915 4943 1035 5018 Qua
1056 4938 1125 4996 de
1143 4954 1202 4994 re
1230 4938 1398 5018 etiam
1430 4945 1646 5018 existant
1675 4952 1918 5018 canones

320 5013 698 5086 ecclesiastici,
720 5007 1303 5086 quibusillimemoria
1330 5017 1386 5086 et
1408 5007 1682 5086 oblatione
1707 5023 1809 5086 pro
1826 5008 1918 5086 de-

320 5083 525 5143 functis
558 5078 693 5143 ﬁeri'
719 5078 875 5145 solita
908 5081 1223 5154 judicantur
1260 5079 1512 5154 indigni.“
1542 5078 1635 5154 Sic
1670 5079 1817 5135 enim
1864 5078 1922 5134 in

324 5157 560 5215 concilio
584 5152 941 5215 Bracharensi
966 5168 988 5210 ι
1016 5168 1135 5224 cap.
1162 5156 1234 5207 24
1265 5152 1449 5222 (Apud
1473 5152 1724 5224 Gratian.
1751 5155 1842 5217 23,
1863 5165 1920 5219 q.

323 5230 380 5295 5,
402 5245 449 5283 ο.
475 5232 737 5294 Placuit).
758 5228 973 5285 Placuit
1002 5228 1064 5279 ut
1083 5223 1183 5294 qui
1199 5225 1311 5279 sibi
1338 5225 1472 5293 ipsis
1499 5223 1801 5277 voluntarie
1827 5225 1925 5275 aut

322 5314 421 5368 per
433 5303 665 5368 imum.
683 5305 883 5371 autper
895 5311 1173 5371 cenatum,
1193 5300 1290 5351 aut
1298 5310 1398 5371 per
1414 5296 1800 5371 praecipitium,
1827 5296 1926 5371 aut

324 5367 423 5438 per
435 5367 815 5445 suspendium,
842 5369 924 5425 vel
942 5369 1181 5445 quolibet
1197 5367 1350 5445 modo
1368 5367 1658 5445 uiolentam
1678 5367 1927 5433 inferunt

331 5438 572 5508 mortem,
598 5444 754 5499 nulla
766 5455 993 5513 prorsus
1001 5456 1103 5513 pro
1118 5440 1230 5494 illis
1245 5440 1319 5513 _in
1341 5438 1608 5513 oblatione
1628 5452 1931 5492 commemo-

334 5517 471 5571 ratio
484 5520 608 5585 ﬁat,
626 5511 797 5585 neque
814 5512 1164 5638 cum
1186 5511 1261 5593 ad
1278 5511 1615 5592 sepulturam
1637 5524 1821 5564 eorum
1848 5525 1931 5564 ea-

336 5581 533 5638 dacera
544 5588 905 5638 deducantur.
974 5582 1240 5638 tconcilio
1257 5582 1605 5638 Aurelianen.
1626 5595 1676 5636 It
1700 5587 1924 5638 can.14:

336 5581 533 5643 davera
544 5581 905 5644 deducantur.

337 5651 677 5715 Oblationem
689 5658 1083 5725 defunctorum,
1095 5656 1193 5725 qui
1206 5656 1263 5709 in
1272 5654 1458 5724 aliqua
1468 5655 1695 5708 crimine
1702 5654 1932 5720 fuerunt

335 5732 667 5801 interempti,
697 5729 866 5801 recipi
897 5727 1083 5782 debere
1110 5727 1478 5801 censemus;_si
1494 5728 1675 5801 tamen
1695 5739 1799 5801 non
1824 5726 1934 5793 ipsi

329 5806 440 5862 sibi
455 5796 683 5857 mortem
700 5796 991 5871 probentur
1005 5799 1243 5871 propriis
1271 5798 1521 5871 manibus
1569 5796 1835 5871 intulisse.

401 5875 429 5912 ⁸
458 5877 588 5930 Duo
628 5862 924 5946 tanguntur
962 5862 1051 5925 hic
1081 5862 1285 5938 antiqui
1312 5868 1472 5935 ritus,
1515 5874 1573 5923 et
1608 5862 1789 5923 ofﬁcia
1808 5865 1931 5938 jam
1982 5882 1987 5887 ·

974 5582 1240 5639 tconcilio
1257 5580 1605 5638 Aurelianen.
1626 5595 1676 5636 It
1700 5596 1820 5651 cap.
1839 5587 1924 5636 14:
1948 5622 1951 5625 .

2022 4802 2091 4855 Et
2117 4800 2213 4856 lib.
2238 4801 2307 4855 de
2322 4787 2685 4868 Monogafnia
2711 4816 2722 4850 :
2751 4787 3068 4868 Pro_anir_na
3085 4789 3218 4868 Ejus
3246 4792 3381 4867 oret,
3401 4787 3623 4868 _qffemt

2024 4872 2222 4924 annuis
2251 4870 2437 4922 diebus
2456 4857 2793 4920 do'mitionis
2818 4863 2954 4930 ejus.
2978 4863 3046 4914 D.
3080 4857 3382 4930 Gregorius
3401 4857 3625 4913 Nazian-

2024 4953 2194 4994 zenus
2221 4937 2487 4993 Oratione
2514 4936 2570 4988 in
2602 4928 2900 4989 Caesarium
2916 4928 3144 4985 fratrem
3168 4944 3181 4981 :
3208 4928 3624 4985 Amicersarios

2027 5012 2246 5064 honores
2282 5010 2333 5060 et
2375 5004 2866 5059 commemoratione
2914 5002 3227 5070 offerentes.
3283 5001 3340 5057 S.
3374 5000 3625 5072 denique

2028 5078 2271 5135 Isidorus
2305 5073 2646 5146 Hispalensis
2680 5081 2806 5129 ante
2830 5087 3003 5146 agnos
3039 5080 3344 5146 nongentos
3371 5071 3521 5128 hunc
3538 5071 3627 5128 ’ri-

2028 5159 2153 5228 tum
2190 5142 2690 5228 anniversariornm
2709 5142 3200 5228 prqdefunctisip
3220 5142 3333 5228 suis
3350 5152 3628 5228 monaste-

2029 5220 2130 5287 riis
2169 5217 2574 5276 observandum
2620 5215 2855 5273 instituit
2899 5216 2985 5273 his
3020 5215 3206 5271 verbis
3236 5216 3390 5287 (Cap.
3440 5215 3619 5287 ultim.

2033 5284 2269 5363 Regulae)
2301 5311 2318 5347 :
2344 5294 2447 5347 Pro
2474 5290 2759 5360 spiritibus
2776 5288 3156 5363 defunctorum
3183 5283 3356 5343 altera
3374 5289 3465 5345 die
3504 5283 3626 5360 pdst

2033 5361 2366 5423 Pentecosten
2384 5363 2709 5432 sacriﬁcium
2720 5362 3012 5429 offeratur,
3038 5364 3101 5414 ut
3120 5361 3285 5415 beata:
3301 5363 3429 5417 vita
3447 5365 3625 5431 parti-

2034 5440 2174 5508 θέρος
2187 5437 2326 5504 facti
2343 5435 2710 5508 ρανσαξιῖρνεεν
2726 5447 2946 5508 corpora
2967 5446 3069 5487 *αα
3091 5434 3152 5486 in
3175 5432 3629 5508 ειέετρεμννδεοξίο-

2035 5500 2121 5564 nis
2169 5500 2604 5584 accipianthbi
2632 5500 2940 5584 notandum
2973 5510 3144 5584 aetate
3169 5504 3248 5584 S._
3274 5501 3496 5584 Isidpri,
3525 5500 3632 5555 hoc

2035 5588 2140 5659 est,
2181 5572 2587 5659 quadringentis
2615 5576 3017 5659 circiternanpis
3056 5580 3186 5659 ante
3214 5574 3269 5627 S.
3293 5572 3630 5659 _Odilone_t!3,

2038 5642 2135 5724 qui
2162 5642 2468 5733 generalem
2519 5648 2783 5733 omnium.
2822 5645 3060 5703 ﬁdelium
3092 5642 3475 5700 defunctorum
3512 5653 3633 5696 mc—

2041 5737 2276 5794 mortem
2319 5736 2531 5794 primus
2580 5726 2849 5786 instituit,
2896 5733 3010 5774 non
3057 5721 3253 5794 quarto
3289 5728 3468 5794 ponas
3499 5710 3633 5794 ’δεῖ

2041 5791 2300 5866 vembris,
2319 5781 2432 5850 'sed
2458 5794 2708 5866 proxima
2736 5781 2869 5863 post
2890 5781 3245 5866 Pentecostett
3262 5781 3633 5866 ρὶοηξιξξιίξξξξ

2040 5846 2512 5921 arbitraria
2523 5846 2912 5921 defunctorum
2944 5854 3318 5912 celebritatem
3354 5846 3472 5899 ﬁeri
3507 5846 3610 5891 con
