3982 6202
330 303 429 360 531

332 435 392 486 et
417 425 692 486 oblatione
715 437 741 466 ι
768 427 1123 502 pausantium
1140 425 1475 500 judicaretur
1499 423 1780 500 indignus.

458 588 473 599 _
939 524 1182 581 CAPUT
1218 522 1314 579 Vl.

334 622 410 675 De
432 621 593 676 ruina
612 620 842 676 duorum
868 621 1116 687 fratrum
1137 617 1201 673 ob
1219 616 1551 672 discretionis
1562 615 1930 686 jimperitiam.

407 714 554 791 Quid
574 713 759 772 dicam
782 714 849 773 de
869 712 978 771 illis
998 711 1218 770 duobus
1246 709 1531 780 fratribus,
1559 709 1651 783 qui
1679 708 1931 766 habitan-

1410 297 1691 357 JOANNIS
1726 297 2026 359 CASSIANI
2065 294 2552 359 COLLATIONES.

1956 430 2011 497 Α
2034 432 2116 482 tes
2140 425 2281 484 ultra
2312 424 2462 482 illam
2487 435 2738 481 eremum
2764 416 3071 477 Thebaidos
3087 417 3185 474 ubi
3208 414 3495 489 quondam
3519 415 3635 474 fue-

3525 294 3633 351 532

2035 529 2124 580 rat
2140 519 2335 578 beatus
2377 517 2653 577 Antonius
2682 522 3078 577 commoratus,
3117 512 3299 568 minus
3343 520 3505 569 cauta
3534 510 3639 570 dis-

2038 611 2278 671 cretione
2318 609 2572 682 permoti,
2619 615 2809 665 euntes
2855 620 2951 677 per
2995 610 3277 660 extentam
3318 601 3641 661 solitudinis

2043 707 2373 776 vastitatem,
2403 699 2429 738 ⁸³
2455 704 2666 766 nullam
2691 717 2873 764 escam
2899 701 3117 778 penitus
3153 697 3644 772 sumeredecrevev

1431 864 1687 920 ALARDI
1725 863 1949 920 GAZrEI
1987 859 2542 920 COMMENTARIUS.

339 1000 595 1058 suevisse.
665 1003 839 1071 Porre
891 999 999 1056 hoc
1041 1008 1288 1071 tempore
1333 997 1390 1054 in
1436 996 1758 1071 quibusdam
1803 1011 1925 1071 mo-

340 1072 596 1128 nasteriis
644 1070 973 1128 transfertur
1008 1071 1114 1127 hoc
1155 1067 1581 1126 anniversarium
1625 1070 1680 1124 in
1731 1067 1923 1125 feriam

341 1142 636 1199 secundam
704 1151 827 1213 post
871 1142 1071 1197 festum
1116 1143 1170 1197 S.
1212 1140 1527 1213 _Trinitatis,
1581 1154 1750 1210 quam
1791 1147 1924 1210 puto

342 1214 412 1270 ab
451 1213 660 1269 lsidoro
704 1210 893 1268 vocari
930 1214 1164 1268 alteram
1196 1210 1346 1267 diem
1373 1219 1496 1283 post
1547 1214 1926 1283 Pentecosten,

343 1294 403 1340 et
468 1293 643 1340 totam
723 1293 970 1339 octavam
1029 1280 1391 1341 Pentecostes'
1414 1298 1514 1354 pro
1549 1281 1802 1354 unahdie
1859 1280 1929 1354 ab

345 1355 465 1425 ipso
514 1354 1100 1426 computari._Tertio,
1150 1369 1261 1426 non
1306 1351 1490 1426 solum
1545 1352 1600 1408 in
1647 1351 1737 1426 die
1777 1351 1928 1426 anni-

344 1423 603 1493 versaria,
643 1423 748 1480 Sed
794 1424 957 1480 etiam
993 1424 1080 1480 die
1124 1425 1306 1491 tertia,
1352 1423 1926 1496 septima,_trigcsima

345 1504 401 1553 et
443 1491 856 1568 quadragesima
899 1496 1198 1552 solemnior
1233 1491 1497 1567 agebatur
1545 1491 1932 1568 defunctorum

350 1563 615 1624 meritoria
642 1563 862 1636 (Drzufr.
883 1571 943 1623 in
970 1568 1065 1623 lib.
1088 1569 1153 1623 de
1170 1563 1303 1623 Ritu
1325 1565 1658 1638 sepeliendi).
1692 1566 1835 1638 _Nam
1873 1563 1934 1618 in

354 1638 608 1694 Ecclesiis
627 1635 1071 1694 Occidentalibus
1099 1638 1325 1693 celebris
1352 1635 1423 1692 6b
1462 1635 1703 1693 defuncti
1721 1650 1936 1690 memo-

348 1709 488 1765 riam
532 1709 631 1763 fuit
658 1708 778 1780 dies
803 1708 1283 1780 quadragesimus.
1308 1707 1475 1780 Unde
1489 1710 1569 1780 7D.
1617 1704 1938 1780 Ambrosius

349 1780 405 1835 in
440 1780 688 1836 oratione
715 1778 930 1835 funebri
955 1778 1035 1836 de
1050 1779 1203 1835 obitu
1222 1778 1522 1835 Theodosii
1546 1778 1935 1849 imper.,Ejus,

350 1850 546 1923 inquit,
554 1854 819 1922 principis
838 1856 889 1906 et
907 1854 1152 1921 proxime
1169 1851 1610 1906 oonclamavimus
1636 1850 1862 1923 obitum,
1890 1852 1943 1923 et

348 1920 489 1978 nunc
510 1920 985 1993 quadragesimum
1001 1924 1345 1991 celebramus,
1365 1924 1646 1978 assistente
1671 1922 1843 1976 sacris
1868 1920 1948 1993 al-

347 1992 558 2049 taribus
582 1996 823 2050 Honorio
846 1997 1114 2065 principe,
1154 1996 1284 2063 quia
1322 1996 1462 2048 sicut
1496 1997 1713 2065 sanctus
1744 1992 1944 2065 Joseph

341 2068 500 2135 patri
524 2082 618 2120 suo
642 2067 802 2121 Jacob
818 2063 1190 2135 quadraginta
1205 2065 1392 2135 diebus
1409 2064 1739 2117 humationis
1760 2063 1945 2135 ofﬁcia

351 2137 568 2203 detulit,
583 2139 666 2191 ita
684 2141 735 2191 et
763 2136 846 2191 hic
873 2137 1156 2192 Theodosio
1164 2137 1319 2205 patri
1336 2134 1493 2202 justo
1507 2135 1787 2203 persolvit.
1816 2134 1948 2188 Mox

354 2206 422 2261 de
449 2206 612 2275 hujus
633 2206 769 2261 ritus
788 2206 1044 2261 varietate
1073 2206 1145 2259 ita
1166 2204 1350 2260 Subdit
1375 2224 1390 2262 :
1425 2204 1542 2260 Alii
1561 2206 1787 2260 tertium
1805 2204 1948 2258 diem

353 2280 403 2329 et
424 2278 782 2344 trigesimum,
801 2277 905 2330 alii
915 2279 1200 2347 septimum
1216 2275 1747 2347 etquadragesimum
1765 2275 1946 2347 obser-

355 2362 485 2401 vare
511 2351 909 2411 consueverunt,
948 2345 1051 2402 etc.
1084 2349 1223 2402 Item
1250 2345 1302 2401 in
1336 2346 1582 2401 oratione
1609 2346 1677 2401 de
1712 2346 1819 2403 ﬁde
1853 2361 1940 2400 re-

356 2425 613 2490 ενι-νεοίη
640 2420 813 2490 Nunc,
838 2418 1041 2490 inquit,
1068 2418 1158 2473 die
1193 2420 1423 2488 septima
1450 2418 1755 2486 sepulcrum
1782 2418 1945 2490 adro-

356 2488 558 2560 dimus,
597 2491 698 2558 qui
731 2489 847 2544 dies
900 2488 1199 2560 Symbolum
1224 2492 1438 2560 futura:
1471 2491 1667 2559 quietis
1694 2493 1790 2545 est.
1818 2488 1949 2560 Agit

355 2558 522 2632 etiam
574 2559 842 2632 Alcuinus
893 2558 962 2617 de
1016 2560 1196 2632 tertia,
1252 2558 1497 2632 septima
1566 2568 1649 2632 etg
1669 2558 1946 2632 trigesima

354 2629 446 2687 die
499 2646 599 2702 pro
667 2628 965 2701 defunctis,
1017 2631 1115 2688 lib.
1169 2631 1237 2687 de
1282 2628 1492 2702 Divinis
1543 2628 1771 2687 Otiiciis'
1820 2646 1939 2702 cap.

356 2701 563 2772 penult.
594 2709 651 2760 et
699 2702 915 2775 ultimo,
951 2702 1220 2775 hujusque
1259 2701 1625 2775 institutionis
1670 2701 1947 2775 rationein

357 2775 599 2845 exponit.
644 2773 756 2830 Ubi
780 2782 973 2845 tamen
1004 2773 1064 2830 in
1111 2774 1217 2845 hoc
1260 2774 1502 2845 aberrat,
1543 2773 1689 2844 quod
1725 2773 1951 2829 tricena-

360 2844 509 2919 rium
537 2862 569 2902 a
604 2844 886 2919 trigesima
912 2845 1005 2919 die
1040 2860 1154 2919 non
1190 2844 1506 2919 distinguat.
1543 2848 1687 2901 Nam
1716 2845 1951 2919 tricena-

358 2915 503 2989 rium
527 2914 865 2989 quideinaB.
892 2917 1162 2989 Gregorio
1184 2914 1720 2989 fertur’institutumz
1741 2914 1885 2989 unde
1895 2924 1953 2970 et

591 2988 944 3066 Gregorianze
967 2984 1348 3066 _a'ppellantur.
1391 2988 1515 3066 Ipse
1550 2985 1698 3041 enim
1752 2984 1850 3066 lib:
1881 2999 1949 3041 Iv

357 3056 580 3128 Dialog,
634 3055 761 3128 _cap.
798 3062 868 3114 55
901 3055 1075 3113 refert
1106 3055 1524 3128 seprmcepisse
1554 3071 1663 3128 pro
1706 3055 1949 3128 quodam

358 3124 821 3198 {rancidefuricto
847 3128 1045 3184 diebus
1070 3124 1295 3198 triginta
1318 3124 1598 3198 continuis
1622 3124 1950 3184 sacriﬁcium

2034 993 2366 1052 memoriam
2394 992 2465 1051 ad
2503 992 2679 1049 altare
2703 990 2806 1048 Dei
2836 990 2972 1060 ﬁeri,
3021 989 3109 1046 cui
3138 989 3342 1062 nullius
3370 988 3469 1062 die
3494 1005 3644 1062 prm-

2033 1067 2380 1124 termissione
2398 1064 2675 1121 servierat.
2725 1065 2915 1119 Exstat
2962 1061 3191 1133 epistola
3229 1061 3644 1133 qumdamfepi.

2034 1153 2331 1210 scoporum
2370 1134 2847 1210 Afigyptiorumad
2872 1131 3190 1189 Anatolium
3213 1131 3637 1210 C‘onstantinop.

2035 1224 2064 1264 e
2104 1204 2372 1280 iscopum,
2404 1204 2525 1272 iriT
2551 1222 2616 1262 ua
2654 1205 2786 1275 quid
2828 1214 3007 1261 essent
3036 1220 3188 1287 sacra
3234 1204 3291 1261 di
3335 1204 3497 1277 tycha
3542 1204 3648 1260 de-

2037 1226 2279 1330 crat-amr
2315 1279 2402 1330 his
2427 1222 2600 1330 vergis
2623 1281 2834 1330 :Etiam
2854 1279 2912 1330 in
2938 1277 3233 1330 verwrabtli
3272 1220 3531 1330 diruti/eho
3576 1280 3644 1330 in

2037 1277 2279 1337 claratur
2315 1279 2402 1334 his
2427 1277 2600 1333 verbis
2623 1281 2834 1335 :Etiam
2854 1279 2912 1331 in
2938 1277 3233 1331 verterabili
3272 1277 3531 1347 diptycho
3576 1280 3644 1330 in

2038 1368 2143 1422 quo
2162 1354 2273 1423 pia:
2589 1350 2884 1423 transitum
2912 1348 2986 1403 ad
3004 1349 3155 1403 emtas
3182 1348 3499 1404 habentium
3519 1349 3644 1418 epi-

2040 1421 2315 1494 scoporum
2354 1421 2612 1475 vocabula
2635 1422 2986 1494 continentur,
3025 1435 3144 1489 qua:
3169 1422 3400 1494 tempore
3429 1424 3649 1494 sancto-

2042 1491 2163 1549 rum
2181 1494 2560 1563 mysteriorum
2588 1492 2878 1547 secundum
2910 1496 3122 1546 sanctas
3150 1491 3378 1563 regulas
3404 1492 3651 1560 relegun-

2046 1572 2157 1633 tur,
2179 1561 2624 1637 posuitDioscori
2649 1579 2861 1637 nomen,
2885 1571 3006 1637 etc_._
3024 1561 3277 1637 Denique
3292 1563 3651 1637 Innocentius

2045 1632 2205 1708 papa,
2238 1641 2258 1691 l
2293 1635 2454 1707 epist.
2481 1634 2560 1708 ad
2576 1633 2899 1708 Decentium
2921 1632 3271 1708 offerentium
3297 1634 3532 1708 _nomina
3560 1634 3649 1689 in-

2045 1703 2134 1763 ter
2160 1703 2599 1778 sacra’mysteria
2633 1705 2852 1778 recitari
2894 1704 3170 1778 mandat;__
3195 1703 3249 1759 in
3292 1705 3412 1778 ipso
3443 1720 3650 1778 nempe

2048 1793 2280 1859 canone,
2306 1775 2420 1859 non
2456 1785 2580 1859 ante
2609 1776 2798 1859 :_quod
2836 1777 2997 1859 etiam
3042 1776 3097 1859 in
3136 1775 3368 1859 liturgia‘
3403 1775 3649 1859 Chryso-

1972 1834 2020 1895 B
2050 1849 2216 1906 stomi
2239 1834 2450 1905 factum
2473 1856 2574 1916 est,
2594 1834 2690 1903 ubi
2718 1863 2833 1903 non
2862 1847 2964 1903 sub
2995 1834 3313 1919 principqui
3334 1834 3640 1916 dumtaxat,

2058 1919 2648 1993 ut‘apud_Di_onysium
2676 1918 3159 1993 Areopagitam,et
3186 1918 3238 1975 in
3272 1919 3434 1993 Missa
3461 1921 3515 1975 S.
3548 1920 3645 1993 Ja-

2056 1989 2204 2060 cobi,
2237 1990 2333 2047 sed
2354 1989 2496 2047 circa
2523 1989 2987 2046 consecrationem
3026 2004 3246 2061 quoque
3273 1989 3533 2061 repetitur
3561 1989 3647 2046 di—

2056 2070 2143 2118 cta
2175 2063 2465 2118 nominum
2499 2061 2763 2117 recitatio.
2794 2062 2877 2127 (In
2922 2064 3095 2133 Epist.
3136 2065 3240 2133 vir.
3276 2061 3486 2133 illustr.
3544 2077 3646 2133 pro

2056 2136 2240 2189 concil.
2276 2134 2614 2199 Chalcedon.)
2644 2132 3162 2189 Permansit’autem
3196 2132 3359 2204 hujus
3382 2132 3462 2187 rei
3488 2132 3653 2188 vesti-

2056 2205 2207 2275 gium
2248 2205 2305 2260 in
2328 2220 2537 2260 canone
2565 2213 2779 2273 nostro,
2836 2204 2931 2261 ubi
2970 2205 3165 2276 legitur
3199 2204 3355 2275 juxta
3393 2211 3652 2260 vetustos

2057 2276 2270 2332 codices
2318 2292 2333 2330 :
2360 2279 2642 2344 Memento,
2674 2278 2913 2344 Domine,
2938 2277 3271 2344 famulorum
3296 2275 3652 2343 famularum-

2318 2317 2333 2330 ο
2360 2306 2642 2344 ωσηισηιυ,
2674 2306 2913 2344 υυηιι-ιιϋ,
2938 2306 3167 2344 Ιαηιιιιυι
3183 2306 3271 2330 αυι
3296 2306 3527 2343 Ιιιηιυιιυιι
3544 2306 3655 2329 μυι-

2055 2364 2157 2417 que
2189 2352 2408 2402 tuarum
2433 2317 2683 2415 nomina;
2724 2356 2778 2403 et
2806 2317 2996 2403 rursus
3044 2363 3141 2416 pro
3181 2317 3454 2403 defu’nctis
3484 2363 3499 2399 :
3532 2350 3648 2402 Me-

2054 2420 2230 2474 mento
2257 2421 2420 2473 etiam
2448 2434 2633 2473 eorum
2649 2421 2888 2482 nomina,
2905 2426 3010 2473 etc.
3035 2418 3197 2487 Quod
3230 2417 3364 2473 olim
3392 2417 3649 2473 observa-

2056 2489 2131 2544 vit
2158 2488 2427 2546 Alcuinus
2451 2489 2701 2561 ejusdem
2730 2489 2853 2545 libri
2871 2505 2990 2561 cap.
3010 2497 3108 2561 732,
3130 2489 3223 2545 ubi
3249 2504 3471 2546 sacrum
3492 2504 3652 2561 cano-

2055 2575 2184 2616 nem
2218 2560 2522 2631 exponens:
2560 2563 2687 2616 Post
2717 2561 2843 2624 illa,
2869 2560 3066 2633 inquit,
3093 2562 3255 2615 verba
3288 2562 3482 2631 quibus
3514 2560 3653 2615 dici-

2057 2636 2148 2686 tur
2172 2650 2184 2687 :
2207 2635 2269 2688 In
2289 2647 2466 2687 somno
2476 2634 2787 2702 pacis,usus
2802 2634 2918 2700 fuit
2938 2635 3303 2703 antiquorum,
3329 2634 3466 2687 sicut
3485 2634 3652 2686 etiam

2053 2718 2221 2773 usque
2236 2703 2390 2759 hodie
2408 2706 2647 2760 Romana
2673 2706 2792 2772 agit
2809 2704 3063 2772 Ecclesia,
3093 2708 3157 2758 ut
3179 2706 3369 2759 statim
3396 2705 3649 2758 recitare-

2054 2791 2177 2828 mur
2186 2792 2253 2830 ea:
2271 2774 2565 2844 diptgchis,
2580 2775 2639 2829 id
2655 2780 2753 2837 est,
2774 2780 2830 2830 ta
2839 2776 2995 2838 bulis,
3011 2777 3233 2830 nomina
3247 2775 3648 2842 defunctorum,

2056 2849 2220 2914 atque
2268 2847 2350 2900 ita
2386 2850 2510 2915 post
2573 2846 2843 2901 lectionem
2877 2848 3152 2901 nominum
3196 2846 3652 2915 subjungerentur

2056 2918 2219 2970 verba
2240 2918 2548 2984 sequentia:
2579 2919 2719 2987 Ipsis
2756 2918 3000 2972 videlicet
3023 2933 3250 2987 quorum
3283 2920 3503 2972 nomina
3542 2934 3652 2972 me-

2056 2991 2355 3050 morantur,
2381 2996 2433 3041 et
2461 2988 2663 3043 steteris
2691 2988 2934 3043 omnibus
2956 2990 3016 3043 in
3036 2990 3243 3046 Christo
3262 2990 3653 3059 quiescentibus

2060 3059 2337 3127 indulgeas
2359 3059 2527 3113 locum
2554 3061 2853 3128 refrigerii,
2878 3067 2980 3115 etc.
3025 3059 3180 3115 ldem
3210 3059 3371 3115 docet
3397 3060 3652 3115 Microlo-

2061 3129 2254 3204 gusde
2285 3129 2484 3204 Eccles.
2503 3203 2507 3204 ν
2528 3129 2760 3204 Observ.
2784 3145 2905 3200 cap.
2921 3136 3023 3204 _23.
3051 3132 3224 3204 (Vide
3249 3133 3557 3188 Durantum
3580 3132 3651 3187 de

360 3196 570 3278 offerri,
592 3205 655 3253 ut
678 3196 827 3278 nulla
852 3196 1364 3278 praetermitteretur
1407 3196 1524 3254 dies
1559 3212 1666 3278 qua
1705 3213 1805 3278 pro
1852 3198 1951 3278 ab:
1985 3213 2031 3278 ρ
2060 3196 2279 3278 Ititibus
2309 3201 2555 3256 Ecclesiae
2575 3202 2614 3278 ζ.
2644 3216 2711 3278 ιι,
2738 3217 2784 3257 c.
2803 3196 2937 3278 ΑΒ.)

917 3267 1056 3325 ostia
1097 3268 1350 3326 salutaris
1388 3284 1502 3324 non
1534 3266 1844 3325 offerretur.
1888 3270 1950 3326 ld

359 3346 546 3412 autem
582 3339 714 3396 illud
741 3348 878 3412 erat
907 3355 961 3412 a_
973 3340 1293 3412 celebritate
1328 3340 1621 3412 trigesima
1651 3339 1776 3397 diei.
1817 3341 1951 3397 Haec

358 3411 508 3484 enim
533 3426 651 3484 non
678 3411 903 3484 triginta
930 3410 1048 3484 dies
1067 3410 1445 3484 :continenter,
1476 3411 1572 3468 sed
1598 3412 1951 3469 solummodo

357 3482 642 3555 trigesima
670 3482 742 3539 ab
764 3482 927 3555 'obitu
966 3482 1057 3539 die
1083 3483 1953 3555 celebrabatur;estqueGrego-

359 3553 456 3627 rio
479 3553 642 3627 longe
693 3554 992 3627 antiquior,
1023 3570 1151 3610 cum
1186 3563 1242 3611 et
1272 3570 1304 3610 a
1340 3554 1582 3627 _Palladio
1623 3553 1692 3609 'in
1724 3553 1951 3627 historia

360 3623 629 3679 Lausiaca
656 3626 790 3691 (Sec.
825 3623 952 3690 '23,)
991 3632 1045 3680 et
1067 3641 1098 3681 a
1129 3627 1198 3681 D.
1222 3625 1540 3691 Ambrosio,
1566 3632 1631 3682 ut
1655 3624 1828 3681 modo
1858 3640 1955 3681 au-

360 3694 620 3766 divimus,
661 3702 717 3750 et
743 3695 818 3766 ab
855 3695 1181 3766 alispriscis
1209 3695 1562 3766 scriptoribus
1591 3703 1947 3766 memoratur.

360 3769 546 3838 Atque
575 3765 694 3838 ιιωο
713 3765 791 3838 de
815 3764 1108 3835 oblatione,
1135 3766 1248 3823 sive
1268 3764 1531 3838 sacriﬁcio
1553 3782 1656 3838 pro
1675 3764 1953 3838 defunctis

358 3836 567 3910 oblatio
587 3837 666 3910 ita
690 3837 832 3895 dicta
860 3838 994 3908 sint,
1019 3853 1133 3894 non
1158 3837 1308 3910 quod
1328 3853 1440 3894 non
1453 3836 1603 3910 omni
1631 3837 1717 3895 die
1738 3838 1953 3910 eispro-

359 3907 432 3965 sit
457 3909 811 3981 sacriﬁcium,
849 3918 904 3981 et
944 3907 1059 3966 non
1090 3907 1285 3981 eorum
1321 3908 1560 3981 quotidie
1596 3907 1952 3981 memoriam

360 3979 623 4052 sacriﬁcio
655 3979 907 4038 habenda
932 3981 1036 4052 sit,
1074 3980 1172 4038 sed
1200 3979 1361 4052 quod,
1382 3980 1487 4037 illis
1528 3980 1801 4052 praecipue
1830 3980 1947 4038 die-

360 3997 623 4037 sacnucio
656 3997 907 4038 nanenua
943 3997 1036 4048 sit,
1074 3997 1172 4038 seu
1238 3997 1347 4037 uou
1382 3997 1487 4037 nus
1528 3997 1801 4052 prmerpue
1830 3997 1947 4038 uie-

360 4051 466 4108 bus
508 4052 811 4109 solemnior
853 4050 1169 4109 haberetur.
1200 3997 1369 4122 1buod
1417 4060 1602 4108 autem
1639 4052 1707 4109 ad
1737 4066 1948 4108 memo-

360 4123 521 4189 riam,
547 4138 645 4181 seu
671 4125 1258 4182 commemorationem
1290 4123 1614 4181 eorumdem
1638 4123 1854 4192 attinet,
1880 4122 1950 4179 de

363 4209 477 4266 qua,
503 4195 679 4269 etiam,
706 4195 794 4254 hic
810 4196 1018 4269 agitur,
1049 4195 1329 4252 sciendum
1364 4194 1940 4269 enveteringcclesiaa

364 4265 777 4340 consuetudine,
807 4265 927 4324 ttim
972 4283 1164 4340 eorum
1209 4283 1309 4340 pro
1346 4266 1557 4340 quibus
1588 4265 1945 4332 offerebatur,

362 4343 483 4408 tum
503 4338 884 4408 episcoporum
909 4338 1494 4404 orthodoxorumJtam
1511 4338 1761 4394 vivorum
1776 4352 1946 4408 quam

363 4404 753 4479 defunctorum
787 4408 1010 4479 nomina
1041 4423 1072 4463 e
1101 4409 1267 4479 sacris
1303 4408 1519 4479 tabulis,
1569 4404 1954 4479 qumBir—rt‘uxa

365 4476 472 4547 ut
495 4476 664 4547 πτυχὰ
702 4476 1044 4545 dicebantur,
1099 4478 1316 4547 recitari
1357 4480 1531 4534 solere
1566 4476 1625 4533 in
1651 4478 1834 4535 Missa:
1866 4476 1953 4535 sa-

364 4544 805 4620 criticio."Erant
835 4555 1028 4620 autem
1069 4546 1275 4604 tabulae
1301 4547 1445 4620 dum,
1490 4563 1723 4620 quarum
1754 4549 1847 4605 uni
1873 4551 1954 4606 vi-

358 3267 631 3324 solutione
674 3268 821 3324 illius

369 4631 582 4683 vorum,
629 4618 783 4674 alteri
818 4616 1203 4675 defunctorum
1225 4607 1449 4674 nomina
1497 4607 1951 4677 inscribebantur.
1981 4607 2033 4670 D

368 4688 511 4745 Hinc
532 4690 597 4746 D.
644 4688 950 4762 Cyprianus
999 4690 1152 4762 epist.
1206 4696 1274 4762 to
1319 4687 1506 4762 offerri
1542 4690 1680 4747 dixit
1729 4693 1954 4749 nomina

366 4774 583 4829 eorum,
631 4759 746 4833 pro'
783 4759 1048 4833 recitari,‘
1068 4760 1124 4817 in
1156 4759 1443 4833 ablatione
1480 4761 1645 4818 divini
1680 4763 1947 4819 sacriﬁcii.

365 4833 500 4906 Huc
524 4832 757 4904 pertinet
776 4832 911 4889 illud
941 4832 1183 4905 Dionysii
1211 4832 1552 4906 Areopagum
1580 4833 1787 4891 Eccles.
1829 4835 1955 4893 His-

365 4902 545 4959 rarchi
577 4921 695 4976 cap.
729 4911 761 4960 3
790 4927 804 4972 ;
830 4908 903 4961 Et
935 4922 1054 4961 cum
1087 4902 1143 4960 se
1179 4902 1567 4963 mutudor‘nnes
1595 4907 1954 4964 salutauerint

363 4978 595 5048 mystica
618 4977 928 5048 tabularum
949 4979 1190 5033 recitatio
1207 4980 1289 5048 ﬁt.
1339 4976 1450 5034 Ubi
1488 4979 1679 5036 Graece
1718 4978 1952 5036 habetur

366 5045 509 5121 ιερῶν
535 5053 760 5121 πτυχῶν,
791 5047 1003 5121 Eodem
1032 5045 1282 5121 spectant
1310 5064 1434 5121 qum
1464 5050 1534 5107 de
1555 5049 1701 5108 beati
1723 5051 1952 5108 Joannis

365 5118 751 5192 Chrysostomi
785 5120 1012 5192 nomine
1046 5118 1359 5192 oblitterato
1395 5130 1451 5177 et
1478 5138 1667 5180 rursus
1698 5123 1755 5178 in
1797 5138 1950 5179 sacra

364 5189 581 5263 δίπτῦχα
608 5193 780 5250 relato
812 5190 1061 5246 scribunt
1086 5191 1465 5249 Theodoretus
1488 5195 1625 5260 (Lib.
1662 5210 1723 5263 γ,
1748 5210 1794 5250 c.
1835 5199 1946 5262 34),

363 5261 701 5335 Nicephorus
727 5263 860 5335 (Lib:
884 5276 1017 5335 xiv,
1045 5276 1098 5335 c._
1120 5265 1211 5335 ξφ)
1235 5270 1291 5318 et
1315 5261 1716 5335 al_ii,gquodque
1737 5261 1950 5320 Dama-4

308 5374 313 5379 .
362 5326 559 5389 scenas
588 5333 681 5388 lib.
722 5326 800 5389 iu
826 5332 895 5389 de
928 5326 1263 5402 Imaginibus
1293 5333 1397 5391 sub
1417 5326 1594 5391 ﬁnem
1617 5326 1705 5390 ὀι
1737 5335 1946 5391 Isidoro

364 5402 635 5476 monacho
659 5410 883 5476 narrat,_
904 5402 1269 5474 Theophilum
1324 5405 1687 5476 patriarcham
1715 5403 1949 5476 Alexan-

363 5474 585 5547 drinum
637 5474 709 5530 ob
757 5472 889 5530 illud
928 5472 1210 5547 peccatum
1234 5472 1398 5547 (quod
1438 5476 1682 5533 videlicet
1722 5474 1945 5547 Chryso-

366 5545 534 5602 stomi
572 5560 779 5619 nomen
818 5544 1080 5619 vetuisset
1124 5544 1337 5619 publice
1360 5547 1421 5619 in
1446 5547 1671 5619 ecclesia
1712 5544 1949 5615 recitari)

363 5631 476 5691 non
497 5618 738 5691 potuisse
761 5616 1004 5674 animam
1030 5616 1210 5691 agere,
1234 5617 1360 5691 nisi
1372 5616 1551 5674 oblata
1576 5617 1949 5691 Chrysostomi

364 5686 621 5759 imagine,
652 5704 775 5747 eam
822 5686 1247 5747 venerabundos
1295 5688 1593 5746 adorasset.
1644 5686 1744 5745 His
1784 5688 1950 5749 addes

365 5759 761 5833 Augustinum,
789 5760 880 5834 qui
903 5759 994 5834 lib.
1021 5778 1078 5818 ix
1111 5760 1359 5834 Confess.
1386 5776 1510 5834 cap,
1522 5767 1601 5834 >12
1626 5760 1817 5834 scribit
1838 5777 1947 5818 ma-

365 5831 509 5888 trem
528 5846 691 5889 suam
719 5835 775 5890 S.
805 5831 1113 5899 Monicam,
1141 5831 1463 5889 imminente
1478 5831 1566 5890 die
1593 5833 1946 5892 resolutionis

366 5918 501 5973 sum,
547 5902 679 5959 nihil
723 5903 865 5961 aliud
906 5903 1194 5959 mandasse
1232 5910 1331 5960 aut
1367 5919 1608 5981 curae,
1659 5921 1825 5978 quam
1861 5906 1943 5962 sui

2127 3281 2156 3317 β
2190 3273 2508 3345 Pausantes,
2539 3272 2619 3345 ait
2653 3269 2949 3345 Cuychius,
2982 3279 3255 3345 vocantur,
3295 3272 3387 3345 qui
3438 3269 3510 3345 ab
3543 3271 3654 3345 hoc

2054 3343 2256 3416 saeculo
2276 3342 2348 3416 ad
2373 3342 2540 3416 aliam
2558 3342 3201 3416 vitam'commigrarunt,
3225 3342 3411 3415 ibique
3435 3360 3469 3401 a
3496 3344 3652 3401 labo-

2055 3414 2212 3487 ribus
2235 3415 2361 3471 vitze
2389 3414 2552 3486 hujus
2578 3415 2912 3487 quiescentes
2947 3414 3389 3487 redemmionem
3414 3416 3498 3472 sui
3524 3432 3655 3472 cor-

2057 3485 2203 3570 poris
2229 3485 2571 3570 exspectant;
2602 3485 2909 3570 deductum
2938 3503 2969 3543 a
2999 3485 3166 3570 νει-ιιρ
3193 3488 3388 3570 Graeco
3424 3487 3650 3570 nftiopat

2056 3555 2204 3628 quod
2237 3555 2347 3630 est—
2365 3571 2539 3630 cesso.
2579 3572 2678 3614 seu
2724 3559 2942 3630 quiesco
2981 3577 2994 3612 ε
3037 3557 3180 3615 unde
3210 3562 3400 3622 καῦσις,
3448 3555 3647 3616 Latine

2058 3642 2244 3702 pausa,
2269 3628 2382 3702 sive
2406 3628 2581 3702 quies.
2607 3628 2836 3701 Sumpta
2863 3638 3045 3702 autem
3086 3630 3372 3702 appellatio
3415 3645 3655 3701 pausan-

2056 3697 2197 3773 tium
2217 3712 2282 3753 ex
2303 3697 2408 3754 illis
2425 3697 2614 3773 verbis
2635 3697 2991 3773 Apocalypsis
3012 3722 3025 3756 :
3046 3697 3204 3758 Beati
3222 3705 3321 3773 qui
3341 3704 3401 3755 in
3417 3697 3653 3758 Domino

2056 3771 2360 3843 moriuntur
2385 3788 2401 3823 :
2422 3771 2611 3825 amodo
2630 3770 2753 3839 jam
2774 3770 2908 3827 dicit
2936 3775 3190 3843 Spiritus,
3217 3770 3279 3827 ut
3307 3775 3652 3841 requiescant

2055 3856 2093 3897 a
2114 3839 2384 3916 laboribus
2409 3844 2729 3916 suis__(Apoc.
2750 3848 2895 3916 xxv).
2923 3839 3160 3916 Equum
3179 3839 3331 3898 enim
3354 3839 3440 3897 est
3462 3851 3525 3898 ut
3547 3846 3647 3915 qui

2056 3927 2116 3983 se
2164 3911 2324 3968 bonis
2377 3911 2630 3983 operibus
2659 3922 2781 3970 toto
2820 3915 2950 3972 vitae
2976 3911 3160 3971 tenore
3186 3911 3652 3972 exercuerunt—et

2057 3982 2378 4057 fatigarunt,
2405 3982 2628 4057 tandem
2679 4001 2865 4057 pausa,
2897 3986 2954 4043 id
2981 3996 3085 4050 est,
3115 3986 3223 4041 ﬁne
3247 3985 3467 4042 vivendi
3500 3985 3650 4044 facta

2058 4054 2114 4110 in
2149 4054 2391 4111 Domino
2438 4054 2807 4126 requiescant.
2837 4060 2970 4113 Haec
3016 4057 3129 4114 ille.
3172 4058 3419 4113 Utuntur
3453 4061 3650 4114 eadem

2057 4140 2191 4201 voce
2230 4129 2301 4201 D_.
2334 4126 2646 4182 Bernardus
2697 4143 2863 4184 serm.
2902 4134 2963 4201 I_8
2989 4128 3047 4201 in
3083 4128 3328 4201 Cantica,
3365 4137 3424 4184 et
3455 4131 3649 4185 Petrus

2056 4197 2328 4271 Blesensis
2352 4213 2531 4271 serm._
2556 4203 2648 4271 29,
2678 4208 2734 4271 et
2766 4208 2893 4255 ante
2922 4197 3022 4255 hos
3069 4200 3362 4255 concilium
3393 4201 3647 4256 Aurelia-

2056 4269 2224 4343 nense
2249 4284 2367 4340 cap.
2390 4274 2447 4336 6,
2480 4269 2574 4325 ubi
2619 4269 2823 4343 dicitur
2856 4289 2869 4326 :
2915 4272 3139 4339 Quando
3178 4274 3475 4327 recitantur
3510 4288 3649 4343 pau-

2056 4341 2295 4412 santium
2316 4343 2553 4412 nomina.
2583 4341 2781 4398 Eadem
2805 4357 2966 4412 porro
2989 4343 3207 4398 ratione
3219 4343 3387 4399 etiam
3407 4341 3650 4399 dorinire

2059 4408 2334 4479 dicuntur,
2372 4419 2425 4465 et
2448 4411 2780 4469 dormientes
2804 4408 3068 4469 vocantur
3112 4415 3337 4471 mortui.
3389 4416 3548 4469 Jean.
3581 4430 3647 4470 ιι

2060 4483 2304 4536 Lazarus
2321 4484 2524 4537 amicus
2545 4489 2723 4540 noster
2748 4486 2965 4540 dormit.
2990 4486 3055 4539 Et
3087 4488 3109 4540 Ι
3136 4485 3382 4541 Thessal.
3418 4500 3484 4540 ιν
3511 4488 3652 4544 :No-

2063 4552 2236 4634 iunius
2254 4567 2352 4634 ves
2364 4555 2619 4634 ignorare
2631 4557 2697 4610 de
2714 4557 3123 4634 dormientibus.
3151 4561 3228 4634 Ita
3251 4556 3651 4634 passimloqui-

2062 4631 2154 4697 tur
2186 4624 2460 4697 Scriptura
2493 4624 2563 4697 de
2606 4626 2920 4683 hominibus
2955 4624 3267 4694 defunctis;
3296 4628 3411 4683 sive
3465 4624 3647 4697 bonis,

2058 4694 2175 4776 sive
2204 4694 2469 4776 malis-at
2494 4696 2567 4776 de
2591 4696 2767 4776 brutis
2790 4699 3121 4755 animalibus
3146 4713 3450 4776 nusquam:
3480 4694 3649 4776 signié

2060 4765 2232 4841 ficans
2262 4765 2529 4841 nimirum
2554 4767 2808 4841 homines
2843 4780 3021 4826 morte
3049 4786 3159 4826 non
3208 4765 3428 4841 penitus
3456 4779 3520 4826 ut

2057 4836 2190 4910 stias
2211 4837 2512 4910 exstingui;
2544 4840 2663 4908 sed,
2700 4849 2762 4897 ut
2787 4841 2847 4896 in
2870 4836 3289 4909 dormientibus,
3320 4841 3538 4899 animas
3567 4842 3650 4897 in-

2058 4909 2218 4983 terim
2255 4909 2460 4983 viver‘e,
2503 4926 2731 4983 corpore
2778 4928 2905 4968 vero
2954 4929 2984 4968 a
3035 4928 3237 4970 somno
3268 4912 3469 4969 mortis
3515 4914 3648 4969 olim

2059 4979 2363 5055 excitanda.
2398 4980 2566 5055 Unde
2602 4979 2660 5038 et
2704 5000 2736 5040 a
2774 4984 2968 5055 primis
3008 4984 3263 5041 Ecclesiae
3304 4985 3650 5055 temporibus

2056 5052 2367 5127 coemeteria
2395 5049 2541 5107 dicta
2567 5062 2695 5127 sunt
2726 5049 2851 5127 loca
2887 5056 3183 5127 sepulturae
3211 5049 3489 5126 deputata,
3520 5070 3648 5127 qua:

2056 5123 2255 5197 Latine
2320 5132 2516 5197 sonant
2558 5123 2901 5182 dormitoria.
2948 5123 3096 5183 Hinc
3142 5130 3215 5183 D.
3271 5123 3649 5197 Hieronymus

2056 5193 2210 5264 epist.
2243 5201 2312 5250 29
2340 5214 2351 5250 :
2382 5196 2653 5252 Adversus
2667 5200 2856 5253 mortis
2871 5199 3136 5253 duritiam
3154 5204 3207 5254 et
3225 5193 3652 5254 crudelissimam

2054 5269 2417 5322 necessitatem
2460 5268 2554 5322 hoc
2574 5269 2766 5340 solatio
2794 5272 3076 5339 erigimur,
3123 5271 3268 5340 quod
3308 5271 3457 5325 brevi
3480 5273 3659 5325 visuri

2054 5351 2237 5412 sumus
2262 5354 2345 5412 eos
2378 5353 2504 5412 quos
2542 5339 2776 5412 dolemus
2804 5341 3061 5397 absentes.
3095 5339 3279 5412 Neque
3322 5343 3463 5395 enim
3480 5356 3649 5403 mors,

2052 5408 2673 5481 seddomitio(xotpdw,
2709 5412 2769 5466 id
2790 5417 2889 5476 est,
2927 5408 3203 5480 dormio),—
3217 5418 3267 5467 et
3302 5426 3514 5466 somnus
3538 5427 3653 5481 ap-

2045 5480 2291 5553 pellatur
2324 5498 2340 5534 :
2376 5482 2524 5537 Unde
2549 5487 2600 5537 et
2622 5482 2807 5538 beatus
2824 5485 3112 5553 Apostolus
3135 5488 3289 5540 vetat
3304 5483 3370 5537 de
3387 5480 3659 5537 donnién-

2058 5552 2199 5605 tibus
2218 5554 2549 5624 contristari,
2578 5558 2640 5608 ut
2680 5570 2810 5624 quos
2834 5552 3070 5611 dormire
3088 5559 3349 5617 novimus,
3395 5556 3658 5610 suscitari

2051 5623 2524 5748 ἓξὲἷιέίὲνεέσέἓιηυε,
2540 5631 2591 5681 et
2607 5630 2731 5697 post
2744 5626 3007 5697 digestum
3023 5642 3263 5699 soporem
3287 5625 3516 5696 vigilare
3532 5643 3657 5684 cum

2054 5703 2275 5758 sanctis,
2295 5703 2401 5751 etc.

2124 5766 2150 5800 ⁸³
2177 5766 2427 5822 Teutatio
2461 5767 2561 5823 Dei
2590 5766 2904 5837 manifesta,
2926 5777 3118 5825 contra
3146 5767 3283 5825 illud
3310 5771 3477 5825 Deut.
3513 5785 3578 5826 vr
3596 5778 3652 5825 et

2053 5837 2214 5892 Matt.
2233 5853 2304 5913 ιιι
2327 5856 2339 5892 :
2366 5841 2484 5897 Non
2505 5841 2737 5897 tentabis
2756 5844 3040 5913 Dominum
3056 5845 3222 5898 Deum
3244 5846 3418 5896 tuum.
3442 5845 3527 5898 De
3543 5856 3646 5913 qua

2052 5908 2354 5964 tentatione
2398 5925 2567 5981 agens
2615 5914 2680 5967 D.
2734 5912 2977 5987 Thomas
3010 5917 3151 5983 (1-2,
3202 5929 3259 5983 q.
3304 5918 3397 5979 97,
3434 5929 3489 5968 α.
3537 5908 3587 5979 f)
3628 5932 3642 5968 :
