3982 6202
313 309 418 365 533

1374 306 1710 366 COLLATIO
1750 309 1813 364 II.
1853 337 1926 348 —
1962 307 2052 363 DE
2090 307 2558 366 DISCRETIONE.

3517 317 3620 372 534

312 440 464 501 runt,
488 431 589 488 nisi
613 446 778 503 quam
815 447 912 504 per
953 432 1304 505 semetipsum
1335 434 1608 492 Dominus
1641 434 1746 492 illis
1775 449 1909 507 praz-
1939 439 1991 502 Α
2021 450 2136 503 rus,
2183 443 2421 492 mortem
2463 450 2630 507 quam
2673 433 2942 492 Dominus
2989 443 3233 492 avertere
3281 435 3469 506 voluit,
3511 438 3616 494 sibi

312 524 559 582 stitisset.
589 525 838 596 Cumque
887 534 1129 582 errantes
1155 539 1248 582 eos
1290 542 1388 598 per
1414 527 1630 584 deserta
1663 535 1719 584 et
1765 527 1908 584 deli-

310 619 511 675 cientes
525 619 643 692 jam
691 617 840 675 fame
890 619 1294 691 conspexissent
1334 619 1556 693 alonge
1596 625 1623 654 ⁸
1674 621 1909 679 Mazices

310 715 480 782 [Lips.
517 715 579 768 in
603 729 780 782 marg.
818 713 1073 770 Marzites
1098 713 1180 770 vel
1208 714 1486 784 Marzitos]
1513 715 1736 786 quidam
1766 720 1908 789 (qua:

309 822 444 879 gens
467 806 684 862 cunctis
731 822 867 878 pene
903 806 1214 864 nationibus
1251 807 1380 864 feris
1424 808 1720 866 immanior
1745 818 1906 884 atque

310 897 586 956 crudelior
604 909 713 968 est;
743 915 856 956 non
883 900 1028 958 enim
1048 916 1142 958 eos
1159 899 1230 958 ad
1249 900 1576 959 effusionem
1600 904 1904 976 sanguinis,

311 1001 372 1049 ut
395 993 690 1050 nonnullas
714 1002 920 1065 gentes,
952 993 1290 1052 desiderium
1320 995 1535 1068 praedae,
1564 996 1662 1054 sed
1688 998 1801 1054 sola
1819 997 1906 1054 fe-

307 1089 510 1146 rocitas
537 1089 738 1146 mentis
763 1089 1028 1163 instigat),
1055 1091 1242 1163 eisque
1273 1100 1463 1147 contra
1488 1099 1743 1148 naturam
1767 1090 1898 1148 feri-

305 1182 430 1240 tatis
463 1198 580 1240 suae
607 1200 734 1240 cum
771 1184 1007 1256 panibus
1047 1185 1435 1254 occurrissent,
1491 1202 1634 1244 unus
1687 1202 1756 1244 ex
1802 1188 1899 1257 eis,

302 1276 660 1335 subveniente
690 1278 1014 1336 discretione
1046 1280 1192 1336 velut
1234 1296 1268 1336 a
1297 1280 1541 1336 Domino
1580 1280 1683 1337 sibi
1711 1297 1895 1354 porre-

297 1381 440 1442 ctos,
471 1389 599 1430 cum
625 1373 826 1445 gaudio
862 1383 919 1430 et
949 1375 1253 1446 gratiarum
1280 1374 1499 1431 actione
1517 1376 1779 1448 suscepit,
1812 1393 1900 1433 re-

301 1472 500 1534 putans
525 1481 708 1522 escam
731 1467 837 1522 sibi
866 1466 1125 1523 divinitus
1162 1467 1477 1534 ministrari,
1510 1483 1611 1524 nec
1635 1469 1756 1524 sine
1777 1471 1898 1526 Deo

302 1557 536 1625 factum,
585 1567 647 1615 ut
675 1559 730 1616 hi
759 1562 850 1632 qui
901 1577 1119 1633 semper
1146 1560 1435 1617 hominum
1463 1577 1662 1619 cruore
1689 1564 1898 1636 gaude-

300 1661 445 1719 rent,
488 1652 863 1711 deﬁcientibus
893 1655 1010 1727 jam
1049 1671 1113 1712 ac
1143 1655 1544 1713 tabescentibus
1590 1657 1715 1714 vita:
1763 1658 1900 1714 sub-

299 1748 563 1804 stantiam
618 1746 979 1822 largirentur;
1036 1751 1174 1807 alius
1218 1767 1346 1808 vero
1398 1765 1656 1808 recusans
1689 1751 1898 1823 cibum,

2018 527 2116 600 ipsi
2161 529 2444 597 conscivit,
2487 545 2830 603 nequaquam
2878 530 3106 588 credens
3131 530 3316 587 divino
3355 531 3616 588 instinctu

2015 621 2246 692 factum,
2267 623 2413 696 quod
2432 625 2672 682 immites
2687 625 2926 692 barbari,
2941 625 3178 701 propria
3194 623 3420 684 feritatis
3439 624 3612 694 obliti,

2016 733 2182 791 panes
2201 719 2280 775 eis
2304 735 2406 792 pro
2442 719 2634 801 gladiis
2662 719 3002 776 obtulissent.

2615 825 2854 881 CAPUT
2893 825 3011 880 VII.

2015 926 2090 979 De
2111 923 2335 978 alterius
2354 924 2600 980 illus-ioue
2619 941 2784 994 quam
2800 941 2894 994 per
2924 925 3256 996 imperitiam
3277 923 3615 979 discretionis

2686 998 2940 1052 incurrit.
3527 1017 3535 1025 -

2084 1094 2225 1163 Quid
2254 1096 2420 1151 etiam
2449 1095 2516 1152 de
2551 1096 2645 1152 illo
2688 1111 3124 1153 commemorem
3149 1097 3328 1170 (cujus
3351 1097 3610 1164 nominis,

2010 1188 2135 1260 quia
2177 1189 2358 1246 adhuc
2413 1199 2678 1261 superest,
2728 1191 2988 1247 nolumus
3038 1190 3215 1248 facere
3261 1191 3612 1264 mentionem)

2008 1282 2098 1354 qui
2127 1282 2259 1340 dum
2291 1284 2455 1356 longo
2488 1277 2736 1357 tempore
2762 1278 2790 1318 δ
2812 1284 3126 1342 daemonem
3151 1285 3206 1340 in
3229 1285 3404 1357 angeli
3427 1301 3615 1341 susce-

2010 1379 2088 1450 pit
2124 1379 2387 1450 claritate,
2427 1381 2840 1439 revelationibus
2868 1381 2984 1455 ejus
3011 1381 3318 1438 innumeris
3346 1395 3491 1453 saepe
3519 1380 3616 1436 de-

2007 1482 2214 1544 ceptus,
2259 1473 2489 1531 credidit
2549 1476 2946 1532 internuntium
2995 1491 3114 1533 esse
3150 1474 3420 1549 justitiaa?
3467 1477 3612 1532 Nam

2007 1567 2246 1637 exceptis
2268 1565 2375 1634 his,
2421 1567 2585 1625 etiam
2625 1585 2720 1640 per
2748 1583 2942 1625 omnes
2985 1577 3173 1628 noctes
3211 1569 3265 1624 in
3319 1568 3455 1626 cella
3494 1569 3614 1640 ejus

2009 1659 2192 1717 lumen
2236 1662 2443 1734 absque
2481 1663 2624 1720 illius
2666 1664 2904 1721 lucernae
2941 1664 3224 1735 praebebat
3262 1663 3472 1721 ofﬁcio.
3518 1664 3611 1721 Ad

2007 1763 2320 1812 extremum
2343 1756 2565 1828 jubetur
2593 1758 2663 1814 ab
2690 1759 2831 1831 ipso,
2855 1767 2919 1815 ut
2946 1762 3063 1814 Deo
3096 1758 3277 1815 ﬁlium
3300 1773 3484 1824 suum,
3515 1759 3609 1832 qui

300 1841 450 1898 velut
472 1841 543 1897 ab
564 1841 786 1899 homine
805 1843 906 1898 sibi
924 1842 1194 1912 oblatum,
1221 1843 1416 1902 inedia:
1436 1843 1741 1902 defectione
1764 1861 1898 1903 con-
1927 1862 1976 1924 Β
2009 1864 2137 1905 cum
2159 1863 2222 1904 eo
2241 1848 2444 1920 pariter
2473 1849 2530 1906 in
2553 1851 2882 1907 monasterio
2910 1849 3318 1918 commanebat,
3347 1846 3608 1906 offerret:

299 1944 556 2008 sumptus
592 1943 694 1993 est.
736 1937 988 2008 Quorum
1026 1937 1152 1994 licet
1188 1937 1344 1994 initia
1381 1954 1444 1996 ex
1485 1938 1900 2012 reprehensibili

302 2031 650 2102 persuasione
684 2031 1084 2104 descenderint,
1115 2049 1261 2091 unus
1304 2043 1510 2104 tamen,
1555 2035 1904 2094 subveniente

300 2123 651 2194 discretione,
674 2125 729 2181 id
764 2126 913 2198 quod
954 2135 1161 2184 temere
1193 2128 1514 2201 incauteque
1556 2141 1898 2203 conceperat,

305 2217 621 2276 emendasse
647 2220 1003 2292 agnoscitur;
1049 2222 1188 2278 alius
1213 2230 1400 2279 autem
1454 2223 1510 2278 in
1541 2225 1705 2280 stulta
1755 2241 1900 2298 prae-

309 2314 614 2386 sumptione
642 2313 963 2388 perdurans,
987 2331 1051 2374 ac
1103 2316 1321 2390 penitus
1361 2315 1704 2376 discretionis
1753 2319 1901 2392 igna-

2012 1950 2070 2017 pt
2094 1945 2119 1976 θ
2146 1941 2252 2000 hoc
2276 1943 2484 2000 scilicet
2516 1943 2786 2000 sacriﬁcio
2827 1944 3065 2001 Abrahae
3106 1943 3425 2016 patriarchae
3447 1944 3611 2000 meri-

2011 2039 2083 2095 tis
2110 2039 2167 2096 in
2193 2039 2345 2095 nullo
2375 2037 2708 2096 inveniretur
2738 2037 2984 2096 inferior.
3015 2039 3182 2110 cuius
3209 2039 3266 2094 in
3294 2045 3508 2094 tantum
3528 2045 3612 2095 est

2009 2132 2364 2205 persuasione
2415 2132 2694 2202 eductus,
2746 2137 2805 2189 ut
2841 2132 2950 2189 hoc
2989 2130 3281 2188 confestim
3325 2120 3355 2164 ά
3387 2131 3608 2204 parrici-

2009 2227 2163 2285 dium
2213 2243 2378 2300 opere
2424 2227 2757 2300 perfecisset,
2803 2227 2907 2284 nisi
2954 2241 3082 2284 eum
3125 2225 3312 2282 videns
3340 2241 3478 2297 puer
3515 2225 3601 2284 cul

2009 2329 2158 2379 trum
2199 2331 2351 2380 extra
2381 2321 2836 2382 consuetudinem
2888 2321 3134 2380 acuenda
3176 2335 3502 2395 praeparare,
3549 2330 3605 2378 et

1398 2484 1650 2540 ALARDI
1690 2486 1914 2541 GAZEI
1953 2487 2506 2545 COMMENTARIUS.

304 2627 550 2694 Quando,
572 2625 768 2698 inquit,
794 2631 1020 2697 propter
1044 2627 1287 2696 aliquam
1306 2629 1665 2682 necessitatem
1683 2644 1775 2684 seu
1790 2631 1902 2684 uti-

301 2699 512 2754 litatem
527 2701 808 2753 committit
830 2714 883 2754 se
905 2700 1101 2768 aliquis
1117 2699 1299 2753 divino
1319 2700 1525 2753 uua-ilio
1553 2702 1611 2753 in
1635 2702 1748 2753 suis
1765 2703 1902 2769 peti-

302 2771 534 2826 tionibus
561 2770 643 2826 vel
661 2772 842 2837 factis,
877 2771 970 2825 hoc
993 2787 1099 2825 non
1121 2775 1198 2825 est
1231 2775 1401 2827 Deum
1437 2775 1658 2825 tentare.
1687 2773 1902 2827 Dicitur

303 2844 442 2897 eizim
477 2844 537 2896 in
560 2841 788 2897 secundo
815 2844 1059 2912 Paralip.
1092 2857 1177 2897 xx
1206 2861 1218 2897 :
1269 2843 1399 2900 Cum
1431 2844 1736 2910 ignoremus
1770 2843 1903 2911 quid

302 2929 460 2983 agere
485 2914 790 2974 debeamus,
813 2915 906 2968 hoc
931 2915 1103 2968 solum
1127 2914 1382 2969 habemus
1403 2914 1628 2975 residui,
1651 2917 1712 2968 ut
1727 2915 1901 2968 oculos

301 2989 504 3040 nostros
533 2985 838 3053 dirigamus
862 2985 936 3038 ad
966 2988 1038 3039 te.
1061 2986 1282 3052 Quando
1301 3001 1418 3041 vero
1443 2986 1536 3039 hoc
1557 2987 1746 3054 agitur
1773 2986 1902 3039 abs-

303 3072 405 3125 que
431 3057 548 3111 ulla
576 3057 884 3127 necessitate
908 3060 957 3110 et
982 3057 1240 3117 utilitate,
1271 3057 1364 3110 hoc
1390 3061 1468 3110 est
1498 3059 1903 3127 interpretative

302 3131 510 3182 tentare
543 3131 730 3184 Deum.
767 3126 915 3181 Unde
936 3141 1099 3195 super
1121 3127 1262 3181 illud
1283 3131 1494 3182 Denter.
1525 3142 1617 3191 v1;
1637 3126 1767 3185 Non
1788 3132 1902 3181 ten-

305 3199 448 3254 tabis
473 3199 758 3254 Dominum
780 3201 947 3252 Deum
977 3201 1147 3259 tuum,
1179 3197 1310 3251 dicit
1335 3199 1520 3254 Glossa
1550 3216 1565 3250 :
1599 3202 1762 3252 Deum
1785 3202 1902 3252 ten-

308 3272 412 3329 tat,
440 3271 538 3336 qui
564 3268 760 3321 habens
787 3268 929 3335 quod
953 3268 1147 3333 faciat,
1173 3269 1286 3321 sine
1312 3269 1518 3320 ratione
1542 3270 1818 3321 committit
1851 3284 1906 3322 se

301 3339 562 3418 periculo,
907 3342 1104 3418 utrum
1113 3343 1288 3408 posset
1325 3337 1548 3418 libera-ri
1568 3354 1603 3390 a
1630 3342 1754 3393 Deo.
1795 3340 1904 3418 Ye-

306 3407 434 3466 rum
452 3407 546 3465 hic
567 3407 726 3481 objici
755 3416 942 3481 posset
966 3407 1140 3465 simile
1164 3409 1476 3481 exemplum
1501 3407 1736 3464 duorum
1755 3407 1899 3481 ado-

303 3479 649 3552 lescentium'
680 3479 1100 3547 monachorum,
1157 3479 1556 3552 quodparrat
1613 3480 1904 3552 Cassianus

302 3552 395 3624 lib.
427 3568 461 3607 v
492 3551 737 3624 Institut.
768 3567 886 3624 cap:
920 3555 1012 3619 4ο,
1043 3552 1147 3624 qui
1170 3549 1310 3608 dum
1348 3549 1560 3624 fructus
1595 3551 1698 3607 sibi
1727 3567 1758 3624 a
1796 3565 1896 3608 suo

303 3623 500 3696 abbate
529 3623 759 3696 traditos
791 3622 1154 3680 deferrent—ad
1195 3622 1488 3696 quemdam
1511 3637 1699 3696 senem
1729 3623 1785 3696 in
1809 3639 1899 3680 so-

305 3694 528 3752 litudine
583 3695 970 3768 laborantem,
1003 3711 1104 3752 nec
1157 3694 1274 3768 ejus
1328 3695 1548 3768 cellam_
1571 3694 1893 3762 invenirent,

304 3768 625 3848 maluerunt
642 3767 698 3824 in
725 3767 929 3848 itinere
940 3767 1092 3848 fame
1127 3765 1304 3848 perire
1331 3782 1495 3848 quam
1521 3765 1733 3822 fructus
1757 3782 1897 3823 con-

304 3839 534 3919 tingere.
561 3846 853 3919 At_rnagna
897 3837 1190 3919 diversitas
1210 3845 1294 3894 est
1338 3837 1397 3919 in
1436 3846 1667 3919 utroque
1703 3854 1895 3919 exem-

303 3908 422 3980 plo';
453 3926 584 3966 nam
616 3911 690 3966 illi
724 3908 950 3981 quidem
980 3909 1116 3979 jussi
1143 3908 1384 3981 fuerant,
1412 3915 1468 3961 et
1493 3908 1682 3981 stricte
1706 3908 1896 3981 admo-

303 3977 420 4048 niti,
468 3989 529 4036 ut
552 3977 761 4036 fructus
785 3977 1050 4048 integros,
1089 3977 1217 4048 quia
1253 3991 1412 4030 raros
1440 3984 1494 4029 et
1523 3977 1816 4045 exquisitos
1843 3980 1896 4034 in

301 4067 364 4108 ea
393 4045 633 4122 regione,
659 4049 728 4122 ad
751 4045 945 4104 senem
969 4045 1123 4102 illum
1149 4045 1498 4122 deportarent
1525 4063 1538 4098 :
1569 4052 1624 4098 et
1651 4048 1901 4122 quamvis

305 4114 532 4191 possent
554 4114 684 4191 illud
708 4125 1044 4189 praeceptum
1085 4131 1180 4191 per
1209 4114 1472 4168 ἐπιεικείαν
1504 4114 1796 4191 commode
1813 4117 1900 4191 Δᾔει.

307 4185 617 4262 terpretari,
661 4185 725 4262 ac
767 4185 1104 4262 reputarese
1140 4187 1198 4243 in
1243 4193 1394 4242 tanta
1439 4185 1762 4262 necessitate
1809 4188 1901 4243 illo

303 4257 418 4318 non
448 4259 716 4332 obligari);
752 4257 941 4332 tamen
968 4259 1037 4316 ad
1074 4259 1180 4315 hoc
1223 4274 1336 4314 non
1373 4257 1721 4332 tenebantur,
1759 4273 1898 4332 prae-

300 4332 496 4391 sertim
521 4328 650 4389 cum
678 4331 938 4388 haberent
965 4333 1164 4403 justam
1192 4345 1418 4386 causam
1445 4329 1602 4403 aliter
1625 4328 1898 4401 opinandi,

300 4413 466 4463 aetate
501 4403 754 4475 juvenili,
795 4412 888 4458 aut
937 4401 1493 4475 certeqpostponendi
1537 4402 1702 4456 vitam
1738 4416 1899 4475 suam

302 4472 855 4533 merito'obedientia:
891 4484 945 4529 et
989 4473 1113 4531 ﬁdei
1131 4472 1400 4545 ‘depositi,
1433 4473 1548 4529 sive
1589 4473 1897 4545 commissi,

302 4557 363 4605 ut
409 4547 488 4603 ibi
529 4546 747 4603 dicitur.
795 4551 870 4601 At
896 4545 951 4601 hi
996 4547 1148 4601 nullo
1191 4544 1484 4616 praecepto,
1511 4544 1656 4600 nulla
1701 4546 1898 4602 idonea

300 4620 515 4676 ratione
543 4619 927 4683 movebantur,
957 4633 1026 4673 ne
1053 4617 1244 4673 cibum
1280 4623 1589 4681 sumerent,
1623 4617 1720 4672 nisi
1757 4617 1898 4673 divi-

2005 2629 2244 2686 choretae
2269 2629 2342 2701 de
2373 2638 2535 2686 nocte
2563 2629 2765 2695 oranti,
2802 2628 3031 2701 ejusque
3057 2627 3252 2701 cellam
3282 2627 3419 2701 mira
3444 2625 3600 2682 clari-

2007 2709 2122 2755 tate
2166 2700 2477 2770 complevit.
2516 2703 2658 2755 ltem
2698 2697 2958 2755 Siméoni‘
2981 2698 3210 2770 Stylitaa,
3252 2697 3343 2752 cui
3381 2706 3444 2752 ut
3480 2713 3603 2751 cur-

2008 2787 2133 2827 rum
2178 2767 2419 2842 igneum:
2465 2779 2526 2826 ut
2553 2771 2689 2826 alter
2734 2770 2912 2842 Elias,
2940 2767 3346 2842 conscenderet,
3375 2782 3607 2842 persua-

2009 2843 2137 2898 dere
2182 2839 2411 2897 cbnatus
2439 2849 2540 2897 est.
2568 2843 2751 2898 Alteri
2789 2841 3008 2896 cuidam
3050 2839 3306 2893 monacho
3346 2841 3608 2906 apparuit

2009 2915 2260 2968 diabolus
2285 2915 2709 2981 trans/armatus
2740 2915 2797 2967 in
2825 2913 3070 2980 angelum
3100 2910 3253 2970 lucis,
3283 2913 3335 2963 et
3362 2907 3512 2981 dixit
3535 2910 3609 2962 ad

2008 3001 2163 3040 eum:
2192 2988 2305 3054 Ego
2328 2979 2448 3038 sum
2472 2985 2698 3042 Gabriel
2731 2979 2972 3052 angelus,
3001 2987 3052 3036 et
3069 2983 3261 3054 missus
3291 2995 3410 3034 sum
3427 2979 3514 3054 ad
3535 2983 3604 3033 te.

2007 3058 2106 3112 Ille
2128 3052 2256 3112 vero
2281 3057 2430 3111 diait
2453 3058 2505 3110 ei
2531 3075 2548 3110 :
2591 3055 2727 3113 Vide
2753 3071 2819 3109 ne
2847 3055 2922 3109 ad
2953 3055 3123 3108 alium
3151 3053 3348 3106 missus
3384 3052 3478 3114 sis,
3513 3065 3606 3118 ego

2009 3130 2152 3182 enim
2170 3143 2275 3183 non
2293 3143 2412 3182 sum
2431 3128 2630 3197 dignus
2656 3132 2719 3181 ut
2736 3127 2954 3196 angelus
2974 3127 3230 3197 mittatur
3245 3124 3320 3178 ad
3469 3123 3607 3197 Dia-

2014 3200 2164 3276 bolus
2212 3203 2390 3276 autem
2429 3193 2621 3276 statim
2645 3213 2792 3276 inon_
2810 3193 3139 3276 cpmparuit.
3164 3196 3316 3276 Iiaac
3350 3193 3421 3249 ibi
3463 3195 3602 3276 (Vit.

2011 3273 2164 3325 Patr.
2210 3271 2304 3323 lib.
2359 3284 2394 3324 ν
2424 3270 2566 3324 libel.
2606 3274 2710 3336 15).
2759 3267 2870 3324 Sub
2917 3265 3097 3337 angeli
3126 3265 3294 3322 etiam
3341 3265 3519 3337 specie
3546 3279 3607 3320 se

2013 3339 2262 3420 exhibuit
2290 3341 2357 3420 S._
2393 3339 2636 3420 Dlphego
2681 3337 3372 3420 episcoponcantuariensi,‘
3404 3351 3606 3420 quern-

2010 3409 2315 3466 admodum
2343 3410 2399 3464 in
2418 3405 2539 3465 Vita
2564 3405 2681 3480 éjus
2713 3405 2906 3466 scribit
2931 3409 3199 3464 Osbertus
3221 3405 3468 3480 ejusdem
3502 3410 3604 3480 Ec-

1932 3466 1976 3528 C
2007 3481 2190 3537 clesiaa
2227 3480 2532 3552 episcopus.
2579 3466 2634 3537 ἑ.
2662 3481 2794 3536 item
2833 3480 3087 3536 Oswaldo
3116 3466 3459 3552 Vigdrniensi
3487 3478 3604 3548 epi-

2009 3567 2176 3624 scopo
2193 3548 2350 3624 apud
2391 3548 2611 3608 Surium
2641 3557 2802 3618 (tomo
2822 3555 2874 3624 ll
2906 3557 2958 3624 et
2983 3548 3259 3624 V).Plura
3287 3548 3392 3606 alia
3417 3563 3604 3605 exem-

2043 3623 2093 3680 la
2107 3623 2284 3680 refert
2319 3625 2588 3680 Caesarius
2611 3623 2990 3680 Cisterciensis
3035 3623 3125 3679 lib.
3156 3635 3229 3679 ιιι
3259 3627 3502 3693 σειρηΜ,
3548 3629 3606 3677 et

2026 3695 2099 3752 ib.
2129 3712 2163 3750 v
2187 3711 2308 3768 cap.
2335 3703 2428 3753 47.
2456 3698 2527 3768 De.
2560 3699 2750 3768 Petrus
2788 3695 3046 3768 Damiani
3074 3694 3172 3750 lib.
3198 3709 3298 3768 ivx,
3324 3692 3481 3768 epist.
3511 3699 3600 3749 21.

2075 3770 2099 3800 ο
2119 3772 2193 3823 At
2221 3763 2676 3846 hoc_sacriﬁcium
2706 3781 2822 3846 non
2851 3767 3017 3846 elegit
3039 3763 3419 3846 Dominus,_et
3444 3763 3604 3846 longe

2005 3837 2188 3911 dispar
2216 3838 2515 3911 utriusque
2550 3839 2711 3894 ratio.
2766 3837 3008 3911 Namh’ut
3037 3838 3106 3890 D.
3149 3837 3485 3911 Augustinus
3525 3837 3605 3889 ait

2004 3905 2109 3981 lib.—
2135 3925 2156 3964 1
2199 3909 2268 3965 de
2291 3905 2447 3965 Civit'.
2470 3911 2573 3964 Dei
2603 3925 2738 3981 cap.
2757 3913 2827 3963 28
2855 3927 2868 3962 :
2903 3909 3033 3964 Cum
3073 3911 3212 3981 Deus
3241 3905 3416 3981 jubet,
3447 3918 3605 3981 seque

1997 3979 2185 4046 jubere
2211 3983 2324 4035 sine
2345 3983 2474 4035 ullis
2500 3973 2817 4049 ambagibus
2837 3981 3077 4040 intimat,
3102 3978 3226 4049 quis
3249 3973 3607 4049 obedientiam

2007 4051 2066 4100 in
2092 4053 2290 4121 crimen
2311 4055 2474 4113 vocet,
2500 4054 2624 4121 quis
2647 4047 2958 4118 obsequium
2984 4048 3211 4119 pietatis
3229 4047 3479 4121 accuset?
3513 4047 3607 4121 sed

2008 4133 2115 4171 non
2132 4120 2249 4172 ideo
2275 4121 2391 4173 sine
2416 4115 2606 4174 scelere
2633 4115 2795 4188 facit;
2827 4115 3072 4188 quisquis
3113 4122 3219 4173 Deo
3245 4115 3519 4188 immolare
3540 4119 3605 4185 ﬁ-

2010 4189 2143 4241 lium
2162 4189 2469 4256 decreuerit,
2497 4185 2738 4258 quiahoc
2761 4185 3045 4244 Abraham
3068 4189 3234 4242 etiam
3261 4185 3610 4258 laudabiliter

2008 4260 2157 4327 fecit.
2190 4260 2330 4314 Nam
2355 4265 2405 4314 et
2422 4257 2572 4314 miles
2597 4275 2714 4314 cum
2741 4259 2988 4314 obediens
3008 4257 3266 4328 potestati
3293 4257 3390 4311 sub
3409 4273 3520 4326 qua
3541 4259 3607 4312 le-

2009 4332 2194 4399 gitime
2217 4333 2536 4386 constitutus
2557 4335 2653 4394 est,
2678 4333 2942 4386 hominem
2960 4331 3170 4393 occidit,
3197 4329 3352 4384 nulla
3371 4330 3606 4384 civitatis

2007 4418 2120 4458 suae
2139 4404 2254 4471 lege
2269 4418 2390 4459 reus
2405 4409 2482 4460 est
2501 4403 2811 4470 homicidii;
2843 4404 3002 4458 immo
3016 4405 3126 4458 nisi
3144 4403 3357 4470 fecerit,
3384 4417 3507 4458 reus
3528 4406 3607 4457 est

2005 4475 2225 4545 imperii
2255 4475 2454 4531 deserti
2479 4483 2644 4547 atque
2671 4476 2978 4545 contempti.
3017 4475 3171 4542 Quod
3211 4475 3264 4547 si
3294 4488 3394 4528 sua
3421 4478 3606 4544 sponte

2006 4551 2172 4616 atque
2211 4551 2531 4604 auctoritate
2551 4546 2792 4617 fecisset,
2839 4549 2898 4601 in
2947 4549 3141 4603 crimen
3182 4546 3344 4616 effusi
3380 4547 3610 4601 humani

2004 4621 2283 4692 sanguinis
2302 4621 2596 4677 incidisset.
2623 4624 2813 4692 Itaque
2830 4619 2974 4692 unde
2996 4621 3231 4692 punitur
3249 4621 3299 4672 si
3309 4619 3502 4692 fecerit
3525 4620 3606 4692 in-

302 4691 450 4748 uitus
479 4689 746 4755 missum;
771 4687 874 4744 nisi
903 4687 989 4743 vel
1017 4686 1089 4743 ad
1113 4686 1504 4762 explprandam
1529 4687 1627 4741 Dei
1657 4686 1895 4762 benevo-
1995 4686 2205 4759 jussus,
2227 4693 2352 4748 inde
2365 4695 2596 4762 punitur
2612 4686 2925 4760 nisi'fecerit
2938 4686 3154 4762 jussus._
3171 4689 3324 4762 Quod
3327 4690 3394 4762 _si
3405 4690 3487 4762 ita
3506 4690 3604 4762 est,

302 4762 552 4829 lentiam,
581 4770 676 4818 aut

302 4834 385 4890 vel
436 4833 509 4890 ad
541 4827 926 4889 Ostentandam
969 4830 1088 4885 aliis
1127 4827 1243 4884 sua:
1275 4827 1580 4882 sanctitatis
1627 4830 1901 4884 excellen-

304 4905 456 4970 tiam,
477 4904 628 4976 quod
655 4912 740 4961 est
765 4916 978 4976 magnae
1003 4898 1451 4976 praesumptionis
1475 4906 1529 4976 e_t
1556 4900 1895 4976 arrogantiae:

371 4980 398 5010 ⁸
430 4969 686 5050 Mazices,
739 4969 1095 5050 sive'pdtiiae
1117 4969 1472 5050 Ptolomaeus
1499 4969 1553 5023 in
1593 4985 1654 5024 ea
1666 4971 1898 5050 figypti

301 5048 421 5105 sive
449 5047 653 5104 Africae
675 5040 834 5117 parte
873 5040 1039 5117 locat,
1081 5043 1139 5098 iu
1185 5056 1293 5117 qua
1321 5040 1632 5117 Cassianus.
1665 5040 1900 5117 Eorum-

301 5119 430 5177 dem
460 5127 523 5176 ut
546 5110 909 5175 barbarorum
943 5123 998 5170 et
1025 5110 1354 5170 immanium
1393 5110 1679 5166 hominum
1715 5112 1902 5167 memi-

305 5192 383 5247 nit
407 5190 686 5248 Palladius
716 5189 769 5244 in
793 5187 1014 5263 Arsacio
1043 5185 1279 5263 (Μαθίᾳ.
1293 5183 1384 5263 _7),
1408 5197 1548 5263 quos
1575 5189 1759 5263 tamen
1787 5185 1904 5263 lli-la-

303 5263 449 5319 zicos
477 5269 656 5319 vocat.
702 5263 771 5317 Et
797 5253 1078 5315 Nestorius
1100 5253 1246 5328 apud
1292 5253 1582 5328 Eyagrium
1624 5254 1720 5309 lib.
1758 5269 1778 5310 ι
1805 5253 1904 5328 Hi-

306 5343 440 5391 stor.
465 5335 616 5391 Eccl.
647 5348 768 5404 cap.
795 5337 852 5404 7,
872 5337 929 5386 et
955 5327 1291 5404 Nicephorus
1315 5327 1406 5382 lib.
1441 5340 1550 5404 ξεν
1575 5340 1695 5404 cap.
1725 5332 1808 5381 13.
1839 5327 1904 5404 I_n

309 5407 447 5462 Vitis
474 5397 886 5472 Patrum'(Lib.
935 5417 1020 5469 ιν,
1071 5397 1117 5456 ὁ.
1181 5399 1264 5471 15)
1295 5413 1430 5470 gens
1457 5397 1792 5455 Mazicorum
1831 5397 1904 5454 di-

311 5476 471 5534 citur.

381 5542 407 5579 δ
440 5551 581 5606 Cum
606 5547 660 5602 in
690 5544 848 5601 variis
901 5542 1096 5599 formis
1135 5541 1372 5614 daemon
1412 5557 1671 5614 apparere
1711 5540 1902 5614 soleat,

314 5633 423 5675 non
439 5635 562 5676 raro
593 5619 756 5674 etiam
780 5617 837 5673 in
865 5615 1069 5682 forma,
1099 5613 1212 5686 sive
1233 5613 1409 5686 specie
1439 5613 1566 5686 boni
1595 5613 1772 5684 angeli
1804 5627 1902 5682 ap-

309 5691 546 5762 paruisse
596 5689 809 5762 legitur,
851 5696 907 5744 et
940 5686 1046 5744 hoc
1082 5684 1483 5762 mode'multos
1520 5684 1754 5762 decepit,
1812 5689 1908 5762 aut

309 5755 559 5836 decipere
593 5755 823 5818 tentavit
849 5779 860 5814 :
890 5759 1182 5836 ut_merito
1211 5755 1402 5836 dixerit
1430 5755 1909 5836 A_post_oli1_s,nquia

308 5839 377 5892 Et
395 5827 509 5906 ipse
525 5834 1143 5906 Satanastransﬁgurat
1162 5844 1217 5884 se
1233 5830 1293 5883 in
1321 5827 1572 5906 angelum
1587 5831 1720 5906 lucis
1743 5828 1792 5895 (ι
1815 5827 1909 5884 Co-

311 5899 479 5964 rinth.
511 5912 602 5971 ιι).
625 5905 688 5960 ln
719 5902 855 5964 Vitis
872 5899 1095 5961 Patrum
1117 5899 1190 5956 ita
1211 5899 1463 5972 apparuit
1483 5899 1767 5957 Abraham
1789 5913 1909 5954 ana-

722 4767 1045 4831 potestatem
1066 4799 1082 4824 ,
1116 4755 1263 4828 quod
1308 4765 1391 4812 est
1437 4764 1644 4812 tentare
1673 4761 1850 4814 Deum
1879 4779 1899 4828 ;
1995 4755 2215 4830 jubente
2243 4755 2582 4833 imperatore,
2614 4755 2815 4833 quanto
2866 4755 3044 4828 magis
3063 4759 3287 4828 jubente
3317 4755 3564 4809 Creatore
3589 4757 3608 4809 !

722 4831 926 4887 audam
969 4830 1088 4885 aliis
1127 4843 1243 4884 sua:
1275 4827 1580 4882 sanctitatis
1627 4830 1901 4884 excellen-
1929 4848 1978 4887 n
2008 4834 2144 4887 Haec
2172 4834 2525 4887 Augustinus.

1929 4848 1978 4910 Ι)
2008 4843 2144 4913 haec
2162 4843 2525 4913 eugust‘inus.

2077 4891 2108 4933 ἀ
2162 4889 2455 4969 Parricida,
2505 4901 2588 4970 vel
2639 4898 2905 4970 paricida,
2943 4895 3224 4970 dicebatur
3271 4906 3384 4948 non
3423 4889 3606 4948 solum

2011 4971 2104 5041 qui
2131 4965 2565 5041 parentem,'sed
2604 4965 2696 5041 qui
2719 4981 2946 5041 parem,
2978 4965 3041 5041 id
3063 4974 3166 5032 est,
3197 4978 3607 5041 quemeurn‘que
3684 5004 3690 5013 .

2009 5035 2294 5120 hominem
2343 5035 2637 5120 occidisset?
2660 5035 2888 5120 (Festus)
2947 5055 2961 5092 :
3027 5035 3231 5120 i‘taque'
3253 5035 3608 5120 parricidium

2009 5110 2330 5182 nonsolum
2355 5110 2520 5182 patris
2547 5119 2642 5166 aut
2653 5107 2928 5182 parentis,
2959 5109 3070 5182 sed,
3086 5107 3228 5182 paris
3249 5107 3455 5182 caedes;
3501 5108 3605 5172 vel,

2011 5190 2074 5263 ut
2099 5178 2443 5263 aliisplacet,
2471 5178 2702 5263 patrati?
2730 5181 2918 5263 eredis:
2937 5181 3010 5263 _Id
3059 5178 3267 5263 indicat
3295 5178 3607 5263 lex‘I‘ium‘ae

2013 5250 2263 5324 Pompilii
2295 5251 2439 5324 regis
2473 5250 2851 5323 antiquissima
2897 5253 2980 5310 his
3007 5259 3271 5322 concepta
3297 5250 3472 5308 verbis
3503 5270 3516 5307 :
3545 5254 3609 5310 Si

2013 5328 2136 5396 quis
2157 5326 2420 5380 hominem
2451 5325 2677 5380 liberum
2716 5326 2837 5380 dolo
2863 5328 3030 5396 sciens
3065 5325 3229 5379 morti
3249 5324 3390 5388 duit,
3423 5328 3611 5396 parri-

2011 5393 2134 5470 cida
2157 5401 2264 5470 esto
2287 5397 2438 5470 (leid.
2479 5400 2691 5466 Etyma.
2723 5398 2762 5452 ι.
2787 5411 2829 5452 x
2855 5398 2941 5452 lit.
2962 5393 3186 5470 P.).__Et
3209 5396 3326 5467 lege
3354 5393 3608 5470 Pompeia

2011 5467 2089 5541 de
2123 5467 2420 5541 parricidiis
2467 5477 2710 5534 cavetur,
2764 5475 2829 5524 ut
2863 5467 3131 5541 parricidii
3173 5476 3442 5541 teneatur,
3492 5467 3608 5541 non

2012 5539 2196 5612 solum
2241 5540 2334 5612 qui
2383 5547 2596 5612 patrem
2625 5549 2724 5596 aut
2753 5539 2988 5612 matrem
3034 5539 3387 5612 interfecerit,
3416 5539 3512 5596 sed
3555 5549 3610 5594 et
3682 5593 3690 5608 ,

2013 5611 2106 5693 qui
2152 5609 2417 5693 fratrem}
2472 5627 2742 5693 sororem,
2781 5611 3112 5693 patruelem,
3144 5609 3470 5693 matruelem
3492 5651 3509 5677 ,
3549 5611 3613 5665 ﬁ-

2015 5681 2176 5756 lium,
2231 5681 2422 5756 ﬁliam,
2451 5692 2732 5756 nepotem,
2770 5681 2995 5750 nurum,
3028 5682 3250 5756 aliosye
3279 5681 3612 5756 propinquos

2016 5754 2294 5811 occiderit.
2329 5756 2419 5829 Sic
2443 5752 2860 5829 DCCyprianus
2888 5754 3080 5829 lib._de
3116 5753 3247 5829 Zelo
3275 5761 3331 5808 et
3368 5752 3560 5829 Livore
3588 5767 3599 5797 :

2016 5829 2153 5901 HI"?
2170 5827 2500 5901 Ραννίείάία,
2550 5817 2750 5901 inquit,
2791 5826 3043 5901 nefanda
3083 5825 3439 5891 contigerunt,
3483 5817 3612 5868 dum

2017 5899 2154 5955 Abel
2170 5899 2385 5970 justum
2404 5900 2547 5956 zelat
2573 5899 2706 5958 Cdin
2717 5899 2978 5970 injustas.
