4042 6198
337 267 439 322 535

1418 257 1698 314 JOANNIS
1735 254 2035 312 CASSIANI
2074 251 2558 311 COLLATIONES.

3536 253 3639 306 536

341 391 557 449 vincula
601 389 801 462 quibus
827 403 956 446 eum
1003 387 1155 444 velut
1195 384 1480 444 oblaturus
1528 383 1600 441 ad
1643 383 1940 442 immolan-
1967 385 2021 449 Α
2048 382 2175 439 licet
2201 368 2365 455 atque
2402 376 2750 453 martyribus,
2779 374 3135 433 tenebrosum
3169 389 3232 432 ac
3256 381 3489 443 tetrum,
3517 392 3643 435 om-

340 486 475 546 dum
525 486 900 558 constringere
959 482 1302 556 disponebat,
1343 480 1630 554 inquirere,
1676 479 1935 554 praesagio
2045 478 2211 550 nique
2230 474 2404 532 macie
2427 473 2672 532 tabidum
2707 477 2870 545 atque
2894 469 3294 539 deformem,et
3320 477 3515 527 contra
3543 475 3645 529 Ju-

341 583 557 641 sceleris
585 581 758 640 futuri
789 579 1124 654 perterritus,
1156 575 1475 648 aufugisset.

909 710 1150 768 CAPUT
1214 710 1368 766 VIII.

449 833 524 887 De
543 830 704 900 lapsu
727 833 777 884 et
807 828 1106 899 deceptione
1133 826 1376 882 monachi
1398 825 1828 897 Mesopotameni.

422 966 678 1036 Longum
707 967 788 1016 est
812 963 839 993 ³
880 956 1261 1031 deceptionem
1301 950 1449 1013 illius
1491 969 1713 1029 quoque
1740 969 1942 1012 mona-

344 1060 434 1118 chi
477 1053 919 1129 Mesopotameni
960 1051 1234 1110 narrando
1266 1065 1606 1125 percurrere,
1637 1049 1730 1120 qui
1759 1048 1815 1104 in
1852 1049 1941 1106 illa

343 1153 620 1232 provincia
660 1147 942 1224 perpaucis
987 1145 1305 1203 imitabilem
1344 1143 1604 1202 exhibens
1653 1142 1943 1200 continen-

343 1253 498 1320 tiam,
541 1263 704 1322 quam
739 1260 837 1317 per
864 1257 1038 1301 annos
1078 1240 1286 1298 multos
1334 1237 1682 1311 singulariter
1709 1235 1766 1292 in
1807 1235 1942 1292 cella

345 1354 591 1402 retrusus
619 1345 890 1412 exegerat,
941 1336 1017 1392 ita
1064 1341 1148 1392 est
1195 1333 1264 1391 ad
1309 1341 1616 1390 extremum
1657 1329 1942 1388 diabolicis

343 1435 760 1497 revelationibus
787 1431 1131 1503 somniisque
1149 1428 1391 1496 delusus,
1419 1435 1481 1484 ut
1506 1433 1632 1499 post
1649 1433 1835 1482 tantos
1862 1425 1942 1482 Ia-

344 1533 508 1591 bores
537 1538 696 1602 atque
741 1528 991 1595 virtutes,
1030 1524 1231 1598 quibus
1273 1537 1465 1579 omnes
1511 1519 1812 1576 monachos
1841 1518 1942 1576 ibi-

347 1627 474 1685 dem
510 1623 808 1681 residentes
831 1627 1154 1686 excesserat,
1178 1611 1206 1652 δ
1250 1616 1320 1675 ad
1346 1615 1697 1672 Judaismum
1723 1623 1779 1671 et
1809 1629 1946 1670 con-

349 1721 620 1778 cisionem
672 1717 840 1787 [Lips.
883 1717 942 1770 in
983 1730 1162 1783 marg.
1219 1709 1723 1778 circumcisionem]
1770 1707 1950 1765 carnis

2049 571 2296 628 daeorum
2334 569 2597 642 populum
2617 583 2728 624 una
2754 582 2885 623 cum
2911 567 3124 638 Moyse,
3147 564 3468 637 patriarchis
3488 573 3648 638 atque

2048 665 2344 740 prophetis,
2385 679 2602 720 summa
2628 661 3017 734 tripudiantem
3055 659 3261 728 laetitia,
3318 667 3376 716 et
3404 659 3642 734 splendi-

2049 761 2276 820 dissimo
2305 759 2508 816 lumine
2535 764 2936 824 coruscantem,
2967 754 3206 813 suadens
3229 754 3274 811 si
3312 755 3501 811 mallet
3529 771 3673 812 me-~

2051 856 2142 913 riti
2187 871 2250 912 ac
2295 853 2641 911 beatitudinis
2674 853 2890 910 illorum
2935 851 3198 925 particeps
3232 849 3369 921 ﬁeri,
3407 850 3648 908 circum-

2050 951 2310 1009 cisionem
2334 964 2551 1024 quoque
2569 947 2838 1021 suscipere
2874 945 3174 1003 festinaret.
3200 948 3420 1004 Horum
3463 947 3652 1020 itaque

2050 1043 2302 1119 profecto
2350 1051 2466 1100 tam
2493 1041 2793 1114 lugubriter
2818 1055 2982 1096 nemo
3012 1038 3206 1096 fuisset
3242 1037 3454 1108 illusus,
3486 1040 3533 1096 si
3562 1056 3651 1096 ra-

2050 1142 2258 1198 tionem
2282 1138 2626 1197 discretionis
2665 1137 2832 1211 hujus
2860 1135 3072 1209 assequi
3094 1135 3411 1192 laborasset.
3452 1139 3658 1210 Quam-

2053 1237 2247 1294 obrem
2279 1236 2333 1292 in
2357 1241 2625 1309 quantum
2655 1233 3023 1306 perniciosum
3067 1232 3137 1288 sit
3164 1231 3506 1288 discretioni
3535 1249 3661 1305 gra-

2053 1331 2186 1388 tiam
2231 1347 2346 1388 non
2390 1329 2611 1398 habere,
2656 1328 2960 1384 multorum
2994 1341 3152 1384 casus
3197 1334 3250 1382 et
3283 1328 3662 1399 experimenta

2054 1425 2346 1484 declarant.

2627 1517 2868 1572 CAPUT
2905 1517 3007 1572 IX.

2198 1612 2557 1683 Interrogatio
2577 1612 2642 1666 de
2673 1610 3004 1681 acquirenda
3029 1623 3157 1666 vera
3175 1608 3508 1666 discretione.

2129 1707 2216 1765 Ad
2271 1706 2389 1763 haec
2447 1707 2809 1764 Germanus:
2850 1709 2923 1764 Et
2989 1705 3218 1762 novellis
3283 1707 3544 1779 exemplis
3607 1716 3669 1764 et

349 1817 505 1890 lapsu
538 1811 834 1871 miserabili
869 1808 1038 1880 fuerit
1068 1807 1383 1865 devolutus.
1419 1808 1568 1862 Num
1596 1819 1726 1860 cum
1765 1803 1952 1859 volens
1981 1824 2030 1888 Β
2059 1801 2465 1860 deﬁnitionibus
2518 1803 2867 1873 antiquorum
2931 1801 3062 1857 satis
3110 1799 3327 1858 abunde
3382 1803 3665 1874 perpatuit

348 1927 478 1968 eum
506 1906 902 1967 consuetudine
939 1904 1209 1962 visionum
1249 1901 1316 1960 ad
1348 1899 1728 1958 credulitatem
1753 1898 1960 1969 futurae.

348 2006 684 2081 deceptionis
726 2004 945 2071 illicere,
987 2000 1272 2058 verissima
1318 2011 1552 2071 qumque
1596 1995 1778 2052 multo
1817 2003 1953 2053 tem-

2056 1897 2436 1956 discretionem
2483 1896 2693 1955 fontem
2741 1895 3149 1969 quodammodo
3198 1905 3356 1968 atque
3404 1896 3663 1954 radicem

2059 2001 2386 2050 cunctarum
2438 2007 2557 2050 esse
2600 1991 2884 2048 virtutum.
2934 1989 3232 2064 Quomodo
3274 2005 3403 2062 ergo
3447 1992 3672 2063 acquiri

350 2088 484 2178 pere
524 2101 773 2160 diabolus
798 2098 948 2155 velut
984 2096 1224 2153 veritatis
1259 2093 1489 2152 nuntius
1524 2092 1836 2160 revelasset,
1878 2091 1947 2148 ad
2060 2087 2276 2156 debeat,
2303 2085 2558 2159 cupimus
2582 2084 2742 2142 nobis
2770 2084 2985 2158 exponi,
3034 2093 3128 2140 aut
3166 2083 3668 2156 quemadmodum,

351 2207 660 2255 extremum
704 2192 943 2251 ostendit
969 2191 1340 2249 Christianum
1377 2188 1642 2262 populum
1678 2203 1786 2243 una
1819 2202 1948 2243 cum
2056 2191 2248 2241 utrum
2277 2199 2407 2241 vera
2427 2190 2482 2238 et
2498 2197 2562 2238 ex
2589 2185 2815 2248 Deo,an
2841 2179 2971 2237 falsa
2990 2188 3045 2236 et
3071 2178 3334 2236 diabolica
3359 2179 3458 2247 sit,
3491 2181 3674 2252 possit

355 2291 684 2366 principibus
707 2286 984 2361 religionis
1016 2301 1082 2343 ac
1109 2284 1234 2342 ﬁdei
1262 2291 1487 2351 nostra},
1518 2281 1800 2356 Apostolis
1836 2281 1948 2337 sci-
2056 2278 2275 2353 agnosci
2304 2297 2316 2334 :
2359 2286 2421 2336 ut
2457 2276 2759 2335 secundum
2797 2277 2943 2334 illam
2981 2275 3367 2349 evangelicam,
3408 2279 3452 2348 °_
3490 2292 3669 2349 quam

1447 2397 1703 2454 ALARDI
1743 2398 1966 2454 ΕΑΖίΕΙ
2006 2395 2562 2453 COMMENTARIUS.

427 2525 452 2551 ³
489 2515 614 2570 Hoc
637 2511 782 2568 idem
803 2508 1137 2582 exemplum,
1159 2515 1252 2582 aut
1269 2504 1416 2582 aliud
1435 2513 1584 2582 certe
1609 2504 1954 2582 simillimum
2062 2511 2184 2559 tum
2203 2503 2472 2582 locorum,
2496 2507 2954 2582 tumtemporum
2972 2498 3414 2582 circumstantiae,
3439 2515 3570 2573 quae
3592 2500 3674 2557 al-

357 2586 524 2644 refert
547 2583 852 2642 Antiochus
873 2571 1179 2637 monachus
1193 2577 1512 2635 Palaestinus
1537 2578 1661 2633 vitae
1675 2577 1959 2640 sanctitate
2065 2583 2247 2631 terum
2288 2573 2357 2630 ab
2386 2574 2556 2628 altero
2584 2571 2860 2628 diversum
2885 2587 3023 2645 esse,
3053 2587 3167 2628 non
3213 2571 3492 2645 eumdem,
3530 2587 3668 2645 per-

355 2643 681 2715 etidoctrina
724 2653 974 2718 celebris,
1026 2651 1183 2722 cujus
1232 2657 1446 2722 exstant
1492 2648 1749 2722 homiliaei
1777 2655 1876 2703 129
1906 2648 1960 2702 in
2066 2648 2253 2722 spicus
2293 2645 2690 2722 demonstrant3
2728 2647 2870 2699 Nam
2916 2643 3004 2722 hic
3039 2643 3341 2722 monachus
3389 2643 3551 2722 (Galf
3585 2652 3672 2713 Iv)

357 2728 620 2785 Biblioth.
648 2726 744 2782 SS.
779 2716 1023 2781 Patrum.
1055 2716 1200 2790 Fuit,
1222 2720 1398 2793 inquit
1425 2722 1661 2790 (Bibliot.
1687 2721 1784 2793 SS.
1804 2723 1958 2775 Patr.
2069 2717 2596 2793 Sinaita‘lestautem
2623 2717 2756 2772 Sina
2802 2730 2951 2770 mons
2978 2717 3039 2793 in
3072 2716 3475 2793 Arabia)_tes_te
3517 2720 3669 2787 Apo-

357 2808 396 2857 t.
430 2803 498 2863 ll,
535 2802 675 2855 hom.
706 2803 821 2863 84),
845 2799 904 2851 in
927 2800 1102 2850 monte
1119 2785 1250 2851 Sina
1278 2785 1566 2848 monachus
1588 2792 1832 2862 quidam,
1873 2793 1968 2860 qui
2071 2789 2241 2863 stolo,
2263 2785 3151 2863 illeMesopotamenusastruitur:
3172 2786 3261 2844 ille
3282 2788 3548 2863 Cassiano
3573 2785 3674 2863 aut

357 2873 549 2928 celebre
561 2872 692 2927 adeo
717 2870 886 2925 edidit
909 2883 1021 2923 suae
1044 2867 1385 2922 continentia:
1412 2867 1694 2934 specimen,
1708 2870 1769 2918 ut
1789 2865 1848 2916 in
1859 2864 1966 2916 cel-

360 2946 472 2999 lula
483 2944 680 2998 multos
691 2943 892 2996 vixerit
902 2954 1068 2994 annos
1084 2939 1348 3001 inclusus;
1361 2940 1625 3004 postremo
1643 2935 1967 2999 multifariis

363 3013 778 3070 revelationibus
789 3011 996 3065 diaboli
1005 3014 1055 3063 et
1064 3009 1338 3062 insomniis
1350 3006 1542 3059 illusus
1554 3005 1628 3058 ad
1636 3004 1970 3059 Judaismum

361 3086 615 3153 delapsus
640 3086 736 3143 est,
756 3086 806 3136 et
820 3081 997 3153 carnis
1014 3079 1478 3153 circumcisionem.
1503 3077 1633 3153 Cum
1648 3077 1821 3153 igitur
1839 3075 1967 3153 dia-

363 3147 513 3210 bolus
524 3155 646 3208 huic
657 3151 947 3207 identidem
955 3165 1082 3204 vera
1093 3149 1341 3218 quaedam
1354 3149 1618 3202 insomnia
1628 3147 1969 3202 demonstras-

359 3229 514 3289 set,et
526 3225 696 3279 veluti
702 3222 904 3292 objecta
915 3221 958 3275 il
963 3222 1167 3275 lecebra
1178 3223 1460 3275 inescasset
1470 3219 1616 3273 illius
1632 3219 1968 3292 obscuratam

2072 2861 2334 2926 anterior,
2366 2867 2460 2931 aut
2486 2857 2734 2931 aequalis,
2763 2866 2820 2931 et
2843 2858 3186 2931 synchronus
3215 2877 3231 2931 ς
3281 2858 3370 2931 hic
3398 2857 3511 2931 fere
3562 2859 3670 2916 du-

2073 2930 2422 3013 centis_annis_
2440 2929 2726 3013 posterior.
2757 2929 2902 3013 Vixit
2927 2929 3409 3013 enim___Antiochus_
3430 2930 3540 3013 ille,
3570 2933 3670 3004 qui

2073 3019 2193 3060 rem
2233 3000 2520 3070 describit,
2573 3009 2628 3057 et
2690 3001 3021 3057 monachum
3059 3000 3214 3073 illum
3261 3011 3566 3073 apostatam
3586 3000 3673 3060 'se

2075 3074 2270 3130 vidisse
2307 3081 2558 3145 testatur,
2583 3080 2829 3145 tempore
2864 3072 3107 3145 Heraclii
3152 3072 3349 3145 imper.
3403 3073 3543 3130 circa
3571 3090 3673 3131 an-

2075 3161 2209 3201 num
2230 3144 2453 3201 Domini
2474 3143 2929 3218 sexcentesimum
2949 3143 3273 3218 vigesimum
3296 3145 3459 3212 (unde
3478 3155 3528 3201 et
3541 3149 3667 3202 'Ba-

2078 3217 2265 3273 ronius
2288 3225 2330 3273 t.
2357 3219 2506 3285 Vill,
2537 3215 2644 3272 hoc
2665 3216 2976 3287 exemplum
3002 3215 3154 3287 ponit
3173 3216 3276 3272 sub
3299 3233 3444 3272 anno
3468 3218 3672 3274 Christi

360 3286 1080 3360 mentern,novissimeoculis
1098 3293 1250 3348 illius
1271 3292 1729 3362 objicitcopiosam
1745 3291 1962 3345 turbam
1992 3293 2037 3356 C
2071 3294 2200 3360 614,
2228 3287 2459 3362 Heraclii
2487 3286 2754 3362 quinto)__:
2795 3286 3082 3362 Cassianus
3113 3303 3253 3362 vero;
3268 3289 3582 3362 Theodosio
3616 3299 3673 3346 et

362 3369 723 3440 apostolorum
739 3410 757 3430 ,
793 3371 1132 3440 martyrum,
1163 3365 1500 3440 aliorumque
1531 3365 1720 3440 omnis
1749 3365 1961 3432 generis

363 3435 796 3498 Christiarwrum
811 3439 1142 3494 densissimis
1155 3436 1383 3493 tenebris
1398 3440 1448 3490 et
1462 3437 1608 3490 omni
1617 3435 1865 3490 dedecore
1878 3450 1962 3504 op-

357 3513 563 3582 pletum
575 3531 593 3578 ,-
602 3515 758 3582 parte
772 3512 1017 3581 opposita
1034 3509 1556 3592 Mesemprophetas,
1574 3508 1830 3576 populum
1827 3522 1965 3629 (quo-

361 3599 465 3629 mm
511 3583 821 3629 Judmorum
841 3585 966 3629 (Deo
989 3581 1195 3629 alioqui
1219 3578 1469 3629 uwtsuml
1491 3580 1658 3629 offert
1675 3579 1826 3629 snlen
1865 3577 1964 3629 ida

361 3577 465 3653 que
511 3577 821 3638 Iudaeorum
834 3577 966 3644 (Deo
989 3581 1198 3653 alioqui
1204 3578 1469 3653 irwisum)
1491 3580 1658 3653 offert
1675 3577 1964 3653 splendida

365 3649 657 3709 admodum
685 3653 798 3706 luce
837 3651 1160 3720 conspicuos,
1188 3652 1350 3718 inque
1377 3649 1577 3719 gaudio
1602 3653 1652 3701 et
1681 3649 1962 3702 hilaritate

363 3728 542 3782 vitam
570 3723 924 3779 traducentes.
955 3724 1078 3777 Haec
1105 3737 1224 3776 cum
1245 3725 1528 3789 spectasset
1549 3721 1730 3782 miser,
1761 3735 1788 3772 e
1805 3721 1964 3772 vesti-

365 3799 454 3867 gio
481 3797 742 3858 surrexit,
764 3795 1115 3864 derelictoque
1141 3796 1324 3847 sancto
1353 3792 1446 3846 illo
1461 3794 1669 3867 monte,
1681 3791 1964 3867 in_l’alces-_

367 3862 541 3925 tinam
567 3881 736 3937 usque
753 3862 1038 3937 pervenit;
1053 3869 1302 3937 rectaque
1349 3862 1620 3937 contendit
1646 3864 1705 3916 in
1728 3864 1884 3918 Μαῖα
1912 3865 1963 3916 et

365 3933 678 4009 Libyadeni,
699 3933 856 4006 asyla
867 3938 1193 3992 Iudaeorum.
1211 3933 1345 3992 Cum
1361 3936 1476 4009 istis
1486 3933 1831 3989 denarrasset
1843 3949 1963 4009 quae

363 4007 608 4068 sibi—visa:
621 4011 873 4077 fuissent,
897 4009 1189 4064 diabolica:
1204 4023 1277 4078 ap
1284 4007 1611 4078 paritiones,
1627 4007 1964 4061 circumcisus

365 4087 461 4148 est,
506 4099 568 4138 ac
589 4084 866 4152 professus
899 4081 1255 4143 Judaismum,
1293 4080 1496 4148 accepit
1527 4093 1780 4152 umorem,
1800 4079 1963 4152 inque

369 4149 611 4210 omnium
623 4149 928 4224 prospectu,
971 4153 1228 4207 adversus
1267 4152 1595 4208 Christianos
1633 4150 1806 4224 edidit
1828 4149 1964 4224 dog-

367 4231 536 4289 mata,
563 4223 940 4295 pfopugnator
967 4227 1146 4293 factus
1165 4224 1406 4280 Iudaica:
1429 4223 1800 4293 superstionis.
1818 4223 1972 4277 Hunc

370 4313 460 4366 ego
487 4296 622 4357 vidi,
658 4312 721 4349 ac
761 4297 1005 4364 plerique
1027 4297 1432 4361 monachorum;
1460 4309 1632 4363 neque
1661 4296 1804 4349 enim
1828 4309 1971 4362 qua-

371 4374 495 4422 tuor
519 4368 657 4421 anni
681 4370 807 4428 sunt
835 4381 870 4418 a
899 4371 1068 4419 morte
1096 4367 1248 4420 illius
1267 4408 1284 4429 ,
1331 4381 1440 4435 qua
1466 4368 1659 4420 misere
1680 4369 1972 4434 perruptus

373 4443 452 4492 est
486 4457 499 4491 :
529 4436 774 4490 catarrhi
795 4437 934 4488 enim
956 4437 1283 4504 pro/luvium
1312 4435 1642 4502 aliquandiu
1663 4450 1882 4505 passus,
1922 4441 1973 4490 et

371 4509 632 4562 vermium
655 4507 922 4560 arrosione
940 4507 1304 4560 contabescens
1326 4507 1645 4574 exspiravit.
1680 4509 1832 4561 Hunc
1855 4522 1975 4560 cum

373 4579 713 4639 vidissemus,
753 4591 847 4644 ego
889 4580 940 4630 et
977 4577 1078 4630 alii
1112 4578 1320 4645 aliquot
1346 4576 1616 4643 monachi,
1643 4579 1874 4645 correpti
1909 4580 1976 4632 ti-

2080 3357 2448 3417 Valentiniano
2467 3357 2835 3432 regnantibus,
2854 3359 2956 3432 sub
2972 3357 3168 3432 quibus
3182 3360 3351 3432 etiam
3364 3360 3485 3417 vitae
3501 3361 3671 3416 tinem

2074 3432 2302 3503 accepit,
2323 3447 2464 3487 anno
2493 3429 3035 3504 quadringentesimo
3058 3430 3432 3504 trigentesimo
3451 3432 3666 3503 quinto,

2074 3512 2137 3559 ut
2181 3501 2372 3559 auctor
2422 3501 2526 3575 esti
2553 3501 2910 3575 'l‘ritbe'mius.
2949 3501 3240 3575 Quomodo
3278 3517 3406 3575 ergo
3444 3501 3669 3575 narrare

2074 3575 2341 3647 potuisset
2371 3573 2678 3647 cassianus,
2709 3573 2859 3645 quod
2880 3574 3038 3629 annis
3057 3573 3226 3647 paulo
3251 3573 3434 3630 minus
3459 3573 3672 3630 ducen-

2077 3645 2148 3702 tis
2173 3653 2299 3718 post
2329 3645 2498 3718 ipsius
2528 3645 2740 3701 obitum
2762 3661 2829 3702 ex
2857 3645 3110 3718 Antiochi
3144 3646 3455 3702 narratione
3482 3647 3670 3718 conti-

2077 3717 2216 3790 gisse
2243 3717 2635 3790 cognoscitur?
2664 3717 3054 3790 Restatigitur,
3077 3724 3138 3790 ut
3165 3718 3300 3773 alius
3325 3734 3355 3772 a
3384 3717 3665 3790 Cassiano,

2075 3787 2212 3846 alius
2234 3788 2304 3862 ab
2324 3787 2620 3862 ’Antiocho
2649 3787 3300 3862 Amonachusdesignetur
3319 3807 3340 3862 ξ
3377 3787 3542 3862 simili
3574 3797 3666 3843 ta-

2075 3875 2204 3917 men
2250 3860 2404 3930 lapsu
2435 3869 2489 3917 et
2520 3859 2770 3917 illusione
2804 3859 3071 3918 diabolica
3116 3859 3188 3918 ad
3233 3859 3579 3917 Judaismum
3615 3867 3674 3916 et

2074 3932 2542 4005 circumcisionem
2577 3931 2890 4005 perductus.

2148 3998 2176 4036 ³³
2201 4003 2264 4078 id
2281 3998 2657 4078 est,useipsum
2680 4005 2912 4078 Judaico
2935 4021 3095 4062 more
3127 4003 3553 4078 circumciderit.
3577 4005 3675 4078 cui

2079 4076 2280 4133 merito
2309 4076 2469 4150 pbjici
2497 4076 2674 4149 potuit
2691 4076 2827 4150 illud
2843 4077 3114 4150 _Apostoli
3141 4077 3211 4133 ad
3239 4076 3463 4150 Galatas
3502 4077 3674 4133 simili

2080 4163 2266 4220 errore
2293 4147 2570 4220 deceptos,
2593 4158 2648 4203 et
2668 4149 2738 4205 ad
2755 4147 3102 4206 Judaismum
3121 4156 3179 4204 et
3199 4149 3676 4204 circumcisionem

2078 4219 2362 4276 devolutos
2389 4239 2402 4275 :
2430 4219 2531 4276 ’Sic
2558 4223 2716 4276 stulti
2740 4223 2887 4283 estis,
2925 4226 2990 4276 ut
3017 4237 3142 4276 cum
3166 4223 3369 4290 spiritu
3393 4224 3674 4291 caper-itis,

2079 4307 2222 4346 nunc
2239 4307 2398 4346 carne
2416 4291 2495 4357 (id
2510 4292 2825 4359 est,carnali
2844 4292 3194 4358 caeremonia)
3217 4295 3673 4348 consummemini.

2085 4366 2257 4418 Tanta
2278 4365 2434 4432 passi
2485 4367 2612 4418 estis
2647 4366 2760 4418 sine
2797 4379 2959 4418 causa
2982 4406 2997 4427 ,
3051 4367 3103 4419 si
3129 4369 3310 4418 tamen
3354 4366 3471 4420 sine
3518 4380 3677 4418 causa

2085 4432 2208 4504 (Gal
2220 4438 2378 4499 .ur)?
2411 4436 2481 4489 Et
2521 4450 2742 4490 rursum
2779 4435 2914 4492 illud
2938 4451 3056 4505 cap.
3087 4451 3121 4489 v
3153 4454 3165 4489 :
3194 4439 3326 4492 Ecce
3352 4453 3447 4505 ego
3474 4438 3674 4492 Paulus

2082 4506 2199 4560 dico
2217 4507 2385 4572 vobis,
2413 4509 2670 4575 quoniam
2683 4509 2735 4560 si
2755 4507 3233 4572 circumcidamini,
3265 4508 3511 4564 Christus
3532 4509 3675 4562 vobis

2082 4577 2224 4632 nihil
2245 4577 2507 4646 prode-rit.
2555 4581 2823 4648 Testiﬁcor
2849 4585 3034 4633 autem
3071 4593 3260 4633 rursus
3302 4581 3450 4633 omni
3479 4580 3684 4634 homini

374 4665 518 4706 more
532 4650 760 4718 ingenti,
783 4663 902 4702 cum
923 4649 1069 4702 luctu
1089 4649 1375 4703 lamentati
1393 4649 1749 4702 sumus.Erat
1771 4648 1829 4701 id
1849 4662 1978 4704 sane
2009 4699 2054 4719 ,η
2085 4649 2496 4704 circumcidenti
2519 4665 2596 4712 se,
2629 4653 2884 4719 quoniam
2910 4651 3122 4706 debitor
3157 4656 3235 4706 est
3254 4653 3518 4705 uniuersa
3549 4653 3680 4719 legis

376 4738 541 4793 quam
561 4699 863 4776 niiserdbile
881 4721 1257 4791 spectaculum.
1300 4721 1402 4776 Vir
1433 4720 1518 4773 hic
1555 4723 1697 4774 totus
1721 4720 1979 4793 incanue-
2006 4699 2056 4763 Ῑ)
2086 4721 2392 4789 faciendae:
2417 4737 2542 4775 nam
2571 4699 2864 4778 inIChristo
2891 4726 3013 4778 Jesu
3036 4738 3208 4792 neque
3232 4724 3566 4777 circumcisio
3589 4699 3683 4775 cili-

375 4791 466 4849 rat
482 4797 541 4848 in
562 4795 858 4850 monastica
886 4795 1280 4855 exercitatione,
1310 4795 1759 4861 consenueratque
1781 4791 1982 4847 labori-

381 4867 476 4921 bus
507 4868 763 4930 att-ritus;
789 4869 839 4919 et
862 4867 908 4920 is
939 4865 1160 4920 tandem
1185 4881 1305 4919 cum
1337 4863 1650 4919 mulieribus
1665 4863 1973 4933 jocabatur;

375 4937 780 4992 immundamm
796 4939 1063 4999 carnium,
1078 4952 1264 5007 nempe
1279 4935 1635 4991 Iudaicarum
1648 4940 1808 5004 gustu
1823 4951 1880 4991 se
1893 4937 1981 4992 de-

377 5008 622 5076 faedabat
657 5012 707 5061 et
743 5008 1104 5075 inquinabat;
1130 5008 1291 5061 verba
1319 5008 1637 5076 loquebatur
1664 5009 1903 5063 obscazna
1925 5014 1978 5064 et

381 5079 688 5150 impudica;
707 5077 1109 5150 blasphemabat
1127 5079 1426 5143 Christum;
1447 5081 1715 5148 Spiritum
1734 5085 1979 5135 sanctum

378 5149 485 5205 non
510 5149 802 5205 tolerandis
832 5149 1106 5217 afﬁciebat
1148 5150 1500 5204 contumeliis.
1540 5153 1610 5206 Et
1639 5151 1778 5205 hunc
1819 5153 1980 5206 talem

377 5223 464 5275 illi
476 5224 591 5275 sine
609 5223 721 5289 lege
733 5220 912 5275 Judaei
923 5220 1212 5274 secundum
1232 5221 1492 5276 vocabant
1506 5222 1808 5276 Abraham.
1831 5224 1978 5278 Huc-

378 5306 554 5360 usque
581 5290 648 5345 de
684 5289 952 5345 monacho
986 5290 1080 5345 illo
1105 5291 1409 5346 adazmone
1453 5291 1615 5346 illuso
1645 5299 1714 5360 et
1755 5290 1825 5345 ad
1872 5295 1974 5347 Ju-

377 5359 653 5417 daismum
669 5360 934 5432 prolapso
966 5361 1288 5418 Antiochus.
1331 5367 1421 5417 An
1450 5377 1576 5418 vero
1599 5359 1746 5416 idem
1771 5361 1879 5427 ille,
1905 5378 1976 5418 an

376 5432 515 5488 alius
542 5431 808 5503 exstiterit
837 5431 1176 5502 monachus,
1205 5449 1333 5489 cum
1371 5433 1475 5489 hoc
1501 5434 1973 5503 Mesopotameno,

379 5503 535 5576 cujus
571 5501 846 5576 deceptio,
889 5511 944 5558 et
981 5501 1168 5576 lapsus
1199 5505 1304 5561 hoc
1329 5521 1451 5576 cap.
1495 5501 1747 5576 refertur,
1779 5504 1974 5576 merito

378 5574 613 5630 dubitari
653 5583 849 5648 potest,
893 5574 1049 5631 Nam‘
1072 5584 1125 5632 et
1168 5577 1344 5648 stylus
1373 5574 1430 5648 et
1443 5574 1622 5648 totius
1645 5575 1975 5648 narrationis

378 5645 672 5719 contextus
688 5645 938 5719 eamdem
970 5662 1082 5719 pra:
1115 5663 1174 5704 se
1199 5645 1339 5704 ferre
1370 5645 1626 5719 videntur
1649 5645 1970 5719 historiam,

377 5716 482 5790 nisi
511 5716 662 5790 quod
689 5716 943 5790 ejusdem,
971 5716 1230 5790 monachi
1267 5717 1606 5790 miserandus
1645 5717 1894 5775 interitus
1918 5728 1972 5776 et

379 5787 648 5863 horrenda
678 5787 887 5863 punitio
915 5789 1169 5863 divinitus
1222 5791 1370 5846 illata
1420 5789 1633 5863 plenius
1669 5798 1722 5846 et
1748 5806 1972 5863 expres-

381 5861 492 5919 sius
517 5860 586 5920 ab
605 5860 883 5919 Antiocho
905 5861 1255 5920 describitur.
1282 5865 1358 5918 At
1384 5860 1644 5921 c‘diverso
1667 5860 1972 5937 repugnant

2087 4793 2222 4862 quid
2243 4794 2401 4855 valet,
2425 4808 2591 4862 neque
2605 4797 2935 4863 prceputiam
2959 4812 2975 4858 ;
2999 4795 3093 4848 sed
3116 4795 3273 4862 ﬁdes,
3289 4809 3430 4865 qua
3437 4809 3550 4865 per
3571 4794 3683 4865 cha-

2086 4867 2307 4919 ritatem
2355 4872 2623 4934 operatur.
2667 4866 2826 4920 Tales
2876 4865 3045 4920 etiam
3100 4864 3373 4921 Ebionitae
3421 4864 3679 4930 haeretici,

2083 4942 2224 4992 teste
2251 4935 2378 4992 divo
2403 4935 2765 5009 _Hieronymo
2796 4940 2879 5000 (In
2922 4952 2977 5009 c.
3011 4952 3042 5009 v
3078 4938 3152 4991 ad
3199 4937 3344 5009 Gal.)
3382 4945 3683 4992 asserentes

2082 5023 2192 5063 una
2233 5023 2360 5063 cum
2402 5007 2676 5080 baptismo
2717 5007 3198 5064 circumcisionem
3242 5016 3298 5064 et
3334 5008 3512 5080 legem
3557 5021 3682 5064 cum

2088 5079 2382 5161 Evangelio
2415 5077 2756 5161 servandam.
2803 5081 3092 5161 (Epiphan.
3133 5077 3449 5161 in_Panar'.,.
3483 5081 3681 5161 luens.

2088 5156 2204 5223 3_0.)
2252 5151 2387 5223 Non
2411 5150 2557 5206 male
2593 5159 2776 5206 autem
2807 5150 3030 5222 ponitur
3056 5152 3239 5207 carnis
3287 5151 3534 5207 concisio
3583 5165 3683 5223 pro

2085 5221 2520 5295 circumcisione.
2533 5224 2689 5295 Nam
2704 5231 2760 5278 et
2785 5221 3080 5295 Apostolus
3093 5223 3163 5279 ad
3189 5223 3567 5294 Philippenses
3583 5221 3682 5295 in,

2084 5307 2199 5348 non
2240 5293 2732 5362 circumcisionem,
2785 5293 2881 5351 sed
2915 5294 3290 5350 concisionem
3325 5293 3502 5363 vocat,
3537 5293 3682 5348 velut

2084 5379 2178 5436 per
2202 5370 2608 5436 contemptum,
2635 5365 2827 5422 dicens
2858 5384 2870 5420 :
2900 5367 3102 5422 Videte
3145 5371 3540 5436 concisionem:
3567 5367 3706 5419 non'

2083 5435 2336 5517 dignatus
2373 5435 2851 5495 circumcisionem
2892 5439 3195 5511 appellare,
3246 5447 3309 5496 ut
3342 5435 3547 5496 notavit
3593 5438 3677 5493 D.

2081 5507 2468 5578 Hieronymus.

2150 5586 2175 5616 ο
2202 5579 2542 5654 Quamalias
2567 5580 2704 5638 dixit
2719 5589 3056 5654 praeceptum
3095 5583 3332 5650 Domini,
3353 5591 3417 5638 ut
3436 5580 3689 5637 videlicet

2081 5649 2256 5727 simus
2286 5650 2461 5727 probi,
2493 5667 2587 5710 seu
2615 5649 2922 5727 probabiles
2945 5655 3248 5727 trapezitae,
3278 5654 3394 5710 sive
3429 5668 3690 5727 nummuj

2081 5721 2196 5797 larii
2237 5739 2251 5777 :
2288 5721 2370 5797 de
2413 5721 2840 5797 quasententia
2893 5721 3094 5797 praeter
3133 5726 3270 5782 alios
3302 5733 3560 5797 auctores
3610 5722 3685 5778 ibi

2080 5793 2294 5860 citatos,
2327 5793 2446 5851 haec
2470 5795 2632 5851 habet
2673 5800 2747 5851 D.
2775 5793 3027 5853 Clemens
3067 5797 3164 5852 lib.
3199 5813 3246 5854 ιι
3291 5795 3526 5853 Constit.
3565 5809 3681 5864 cap.

2081 5869 2150 5921 34
2183 5869 2400 5922 :Estote
2443 5871 2717 5937 tamquam
2755 5872 3062 5938 argentarii
3089 5871 3276 5941 periti.
3334 5871 3404 5924 Ut
3444 5870 3604 5934 enim.
3629 5865 3690 5920 hi
