3982 6202
398 293 502 349 539

1482 289 1761 348 JOANNIS
1797 290 2096 347 CASSIANI
2135 287 2620 347 COLLATIONES.

3596 291 3706 346 540

398 416 529 476 mici
557 417 975 492 ipugnatione
1002 416 1344 477 consuetudo
1374 417 1603 491 ingesta,
1626 426 1687 475 ut
1707 426 1996 491 postquam
2020 421 2073 486 Α
2104 416 2369 474 lationem
2414 415 2725 475 durissima:
2788 413 3110 487 captivitatis
3159 429 3192 471 a
3237 413 3483 471 Domino
3537 414 3708 488 depo-

397 512 709 571 refecissem
740 513 875 572 hora
917 529 1059 571 nona
1105 529 1233 571 cum
1281 526 1432 581 sene,
1472 526 1647 569 unum
1674 518 1698 543 ⁸
1745 527 2001 585 paxama-

396 608 546 664 cium
573 607 815 680 quotidie
863 606 918 663 in
959 606 1088 665 sinu
1140 620 1267 663 meo
1293 605 1529 663 latenter
1570 604 1997 673 absconderem,

399 702 548 775 quod
594 718 716 773 sero
765 703 860 759 illo
919 703 1207 775 ignorante
1257 700 1469 759 occulte
1520 700 1772 758 edebam.
1834 700 2000 772 Quod

400 793 631 864 furtum,
659 795 787 851 licet
813 795 1189 851 convenientia
1229 795 1341 863 [AL
1395 793 1764 864 conniventia]
1814 793 2000 866 volup-

296 902 303 905 '
400 888 530 955 tatis
582 897 637 944 et
681 888 856 945 inoliti
902 889 1073 946 semel
1120 888 1371 946 desiderii
1422 889 1850 947 incontinentia'
1882 889 2000 946 sine

399 982 699 1057 cessatione
741 983 1169 1053 committerem,
1219 984 1430 1056 expleta
1471 992 1663 1041 tamen
1704 984 1998 1057 concupis-

397 1056 570 1131 centia
602 1075 970 1142 fraudulenta,
1007 1077 1077 1133 ad
1108 1079 1499 1151 memetipsum
1526 1087 1807 1136 revertens
1832 1094 2000 1152 super

399 1169 639 1229 admisso
690 1171 825 1229 furti
887 1173 1149 1243 crimine,
1203 1172 1419 1245 gravius
1463 1172 1770 1241 cruciabar,
1830 1176 1998 1245 quam

397 1280 562 1338 super
611 1282 706 1323 esu
751 1267 867 1341 ejus
911 1267 1123 1325 fueram
1160 1267 1515 1341 jucundatus.
1560 1268 1810 1339 Cumque
1857 1265 1996 1323 illud

399 1361 841 1418 molestissimum
869 1378 1008 1435 cpus
1029 1363 1178 1420 velut
1199 1361 1268 1418 ab
1306 1360 1652 1420 exactoribus
1697 1360 1998 1418 Pharaonis

397 1458 594 1523 (Exod.
628 1461 681 1525 v)
728 1457 999 1515 indictum
1038 1457 1179 1514 mihi
1216 1456 1337 1515 vice
1364 1456 1597 1513 laterum
1633 1454 1859 1528 singulis
1880 1453 1995 1510 die-

397 1552 500 1610 bus
526 1553 743 1626 explere
770 1570 883 1612 non
905 1555 1021 1612 sine
1045 1554 1239 1612 dolore
1268 1553 1449 1610 cordis
1476 1552 1585 1609 mei
1616 1550 1993 1623 compellerer,

396 1663 499 1705 nec
523 1656 709 1705 tamen
732 1664 921 1706 eruere
958 1665 1051 1706 me
1099 1664 1315 1721 possem
1343 1648 1414 1705 ab
1438 1647 1542 1703 hac
1588 1660 1784 1703 eorum
1810 1643 1997 1701 saevis-

398 1742 539 1799 sima
567 1743 872 1815 tyrannide,
902 1750 959 1801 et
978 1743 1376 1800 clandestinum
1421 1741 1636 1799 furtum
1671 1739 1786 1796 seni
1813 1737 1995 1795 mani-

2104 522 2337 580 scerent,
2388 510 2696 585 imploravi.
2749 513 2904 568 Tunc
2943 524 3106 567 senex
3156 528 3170 565 :
3224 507 3478 579 Conﬁdo,
3526 509 3622 577 ait,
3668 528 3705 569 ο

2107 622 2259 679 puer,
2290 616 2313 643 °
2340 605 2572 663 absolvit
2598 614 2653 663 te
2678 604 2748 662 ab
2786 605 2888 662 hac
2923 604 3254 678 captivitate.
3299 604 3465 661 etiam
3496 619 3587 662 me
3615 613 3704 662 ta-

2104 708 2281 767 cente,
2306 699 2580 758 confessio
2603 708 2718 759 tua.
2748 699 3029 756 Victorem
3055 712 3295 771 namque
3321 697 3702 757 adversarium

2104 802 2264 851 tuum
2289 793 2452 851 hodie
2487 793 2852 867 triumphasti,
2877 792 3107 850 validius
3154 807 3295 849 eum
3339 800 3436 849 tua
3485 792 3708 853 confes-

2105 888 2256 946 sione
2279 888 2507 957 elidens,
2531 904 2695 961 quam
2734 888 2847 962 ipse
2873 886 3056 946 fueras
3095 886 3164 945 ab
3200 902 3268 945 eo
3297 896 3391 945 tua
3416 888 3705 946 taciturni-

2103 992 2215 1041 tate
2238 983 2480 1056 dejectus
2511 1002 2526 1039 :
2571 997 2737 1055 quem
2763 984 2950 1056 utique
2989 996 3336 1055 nequaquam
3364 983 3447 1040 vel
3472 991 3591 1053 tua,
3621 984 3707 1042 vel

2102 1077 2322 1134 alterius
2350 1076 2702 1149 responsione
2735 1079 2902 1148 [Lips.
2944 1080 3004 1133 in
3042 1093 3222 1147 marg.
3260 1077 3708 1151 reprehensione]

2103 1170 2410 1241 confutans,
2438 1173 2497 1228 in
2529 1181 2586 1229 te
2632 1187 2780 1228 nunc
2806 1186 2975 1243 usque
3018 1171 3345 1244 permiseras
3405 1172 3706 1242 dominari,

2101 1267 2403 1326 secundum
2424 1268 2571 1326 illam
2590 1266 2905 1326 Salomonis
2925 1265 3248 1324 sententiam
3279 1269 3493 1332 (Eccles.
3520 1273 3659 1336 vm)
3688 1290 3703 1326 :

2102 1349 2133 1395 ά
2156 1365 2294 1432 Quia
2319 1379 2426 1418 non
2464 1366 2528 1433 ﬁt
2565 1363 2913 1419 contradictio
2941 1363 3027 1419 his
3087 1365 3187 1433 qui
3224 1363 3442 1430 faciunt
3496 1364 3702 1418 malum

2102 1460 2224 1526 cito,
2254 1457 2374 1512 ideo
2404 1459 2670 1527 repletum
2693 1461 2773 1513 est
2788 1472 2876 1513 cor
2896 1457 3136 1527 ﬁliorum
3157 1457 3438 1512 hominum
3466 1460 3525 1513 in
3545 1458 3707 1527 ipsis,

2101 1560 2161 1611 ut
2194 1556 2401 1623 faciant
2427 1556 2590 1611 mala.
2621 1557 2694 1610 Et
2732 1553 2936 1610 idcirco
2956 1553 3075 1625 jam
3101 1561 3156 1610 te
3196 1562 3319 1626 post
3346 1553 3492 1611 hanc
3523 1553 3709 1626 publi-
3804 1544 3817 1548 ’

2103 1648 2373 1706 cationem
2394 1656 2548 1705 tuam
2603 1648 2966 1720 nequissimus
2991 1648 3212 1720 spiritus
3257 1649 3360 1705 iste
3395 1649 3703 1721 inquietare

2102 1758 2215 1801 non
2236 1743 2456 1816 poterit,
2480 1758 2581 1800 nec
2608 1743 2664 1799 in
2685 1750 2740 1799 te
2764 1742 3053 1799 latibulum
3082 1742 3187 1800 sibi
3234 1743 3546 1799 teterrimus
3583 1757 3707 1798 ser-

399 1833 598 1893 festare
633 1836 1019 1907 confunderer,
1050 1837 1281 1910 contigit
1302 1836 1405 1893 Dei
1450 1843 1588 1893 nutu
1634 1834 1703 1891 de
1756 1833 1866 1891 hoc
1902 1847 1995 1889 me
2023 1841 2073 1905 Β
2104 1854 2237 1911 pens
2266 1838 2516 1911 deinceps
2542 1836 2845 1910 usurpabit,
2872 1836 2942 1895 de
2977 1836 3218 1895 tenebris
3251 1836 3326 1894 tui
3349 1836 3529 1919 cordis
3558 1851 3704 1892 con-

398 1930 729 2002 captivitatis
748 1932 885 2005 jugo
908 1931 1137 1989 volentis
1170 1931 1399 2004 eripere,
1450 1938 1513 1987 ut
1541 1928 1771 2004 quidam
1799 1927 1999 1986 fratres

399 2026 592 2083 cellam
615 2027 760 2084 senis
798 2027 1030 2085 obtentu
1054 2027 1434 2086 aediﬁcationis
1472 2034 1806 2099 expeterent.
1838 2027 1996 2084 Cum-

396 2135 503 2192 que
529 2119 825 2178 refectione
850 2120 1149 2190 'transacta,
1197 2120 1416 2177 collatio
1446 2120 1700 2194 spiritalis
1741 2121 1998 2194 cmpisset

396 2213 614 2286 agitari,
652 2215 1099 2289 respondensque
1148 2231 1313 2273 senex
1356 2215 1648 2288 propositis
1694 2215 1997 2289 interroga-

397 2308 642 2366 tionibus
671 2324 886 2380 eorum,
931 2310 1000 2368 de
1040 2311 1435 2384 gastrimargiae
1475 2310 1606 2368 vitio
1656 2319 1712 2368 et
1752 2311 1994 2369 occulta-

398 2418 528 2460 rum
554 2403 948 2476 cogitationum
965 2403 1341 2462 dominatione
1363 2404 1679 2473 dissereret,
1700 2420 1999 2478 earumque

398 2504 647 2553 naturam
677 2504 733 2554 et
757 2497 1159 2555 atrocissimam
1185 2497 1294 2554 vim
1313 2513 1479 2570 quam
1506 2497 1793 2567 haberent,
1818 2496 1999 2555 donec

397 2590 720 2660 celarentur,
767 2600 1079 2666 exponeret,
1130 2601 1493 2665 compunctus
1548 2608 1649 2665 ego
1693 2591 1997 2650 collationis

400 2684 563 2759 hujus
621 2687 841 2755 virtute;
885 2696 940 2744 et
1010 2687 1339 2744 conscientia
1380 2687 1741 2760 redarguente
1791 2696 1998 2760 perter-

401 2780 560 2850 ritus,
593 2781 741 2839 velut
763 2783 857 2855 qui
887 2781 1167 2840 crederem
1207 2782 1278 2840 ob
1310 2782 1416 2839 hoc
1443 2797 1508 2839 ea
1552 2780 1721 2840 fuisse
1762 2782 1995 2856 prolata,

400 2873 554 2945 quod
602 2874 717 2930 seni
757 2875 1040 2932 Dominus
1088 2884 1295 2932 secreta
1345 2875 1449 2931 mei
1490 2876 1721 2947 pectoris
1765 2875 1997 2934 revelas-

395 2973 499 3033 set,
528 2966 586 3021 in
625 2967 873 3023 occultos
902 2969 1145 3039 primum
1172 2968 1414 3040 gemitus
1454 2969 1745 3038 excitatus,
1800 2969 2000 3027 deinde

398 3057 581 3115 cordis
606 3059 719 3115 mei
746 3063 1164 3133 compunctione
1191 3070 1490 3134 crescente,
1520 3063 1579 3119 in
1621 3071 1841 3137 apertos
1891 3065 2000 3122 sin-

398 3151 585 3219 gultus
658 3151 1039 3225 lacrymasque
1119 3169 1507 3229 prorumpens,
1597 3159 1996 3230 paxamacium,

2103 1933 2335 1991 fossione
2359 1932 2580 1991 salutari
2604 1939 2910 2005 protractus
2954 1931 3025 1989 ad
3067 1933 3262 1990 lucem.
3291 1933 3404 1989 Nec
3429 1930 3567 1989 dum
3597 1945 3698 1988 se-

2103 2043 2208 2085 nex
2230 2025 2354 2085 haec
2374 2026 2538 2084 verba
2566 2025 2954 2098 compleverat,
2989 2033 3046 2082 et
3085 2040 3210 2083 ecce
3229 2026 3439 2098 lampas
3466 2038 3705 2082 accensa

2102 2118 2172 2177 de
2196 2135 2323 2178 meo
2350 2119 2471 2177 sinu
2499 2118 2802 2192 procedam
2823 2118 2897 2176 ita
2921 2118 3113 2176 cellam
3141 2118 3370 2193 replevit
3391 2118 3564 2176 odore
3586 2119 3707 2175 sul-

2056 2247 2066 2256 -
2100 2212 2280 2281 fureo,
2314 2223 2378 2272 ut
2404 2213 2739 2274 vehementia
2764 2212 2958 2272 fetoris
2985 2214 3155 2287 ipsius
3192 2214 3281 2271 vix
3322 2214 3382 2270 in
3404 2230 3470 2272 ea
3495 2214 3705 2272 reside.

2101 2323 2163 2367 re
2186 2322 2291 2365 nos
2319 2306 2673 2381 permitteret.
2718 2309 3136 2381 Resumensque
3163 2322 3330 2365 senex
3369 2307 3707 2365 admonitio-

2102 2417 2251 2473 nem,
2276 2404 2443 2472 Ecce,
2462 2402 2656 2475 inquit,
2671 2402 2940 2460 Dominus
2958 2402 3061 2459 tibi
3080 2401 3363 2459 veritatem
3381 2416 3706 2460 sermonum

2102 2510 2357 2553 meorum
2380 2495 2660 2553 visibiliter
2705 2496 3042 2570 approbavit,
3072 2503 3135 2554 ut
3161 2496 3428 2570 passionis
3461 2496 3709 2555 incento-

2102 2606 2224 2648 rem
2249 2590 2317 2648 de
2344 2589 2510 2648 corde
2530 2598 2628 2648 tuo
2657 2589 3004 2649 confessione
3031 2590 3238 2649 salubri
3262 2590 3537 2667 fugatum,
3569 2609 3703 2650 ocu-

2104 2684 2169 2741 lis
2206 2683 2531 2757 pervideres,
2575 2683 3018 2758 patefactumque
3069 2685 3287 2743 hostem
3349 2702 3706 2760 nequaquam

2104 2778 2287 2836 locum
2316 2781 2372 2837 in
2398 2788 2453 2837 te
2476 2766 2712 2837 ulterius
2739 2778 3078 2852 habiturum,
3124 2789 3315 2855 aperta
3341 2781 3481 2855 ejus.
3507 2782 3711 2856 expul-

2106 2875 2260 2932 sione
2284 2915 2302 2943 ,
2350 2889 2726 2947 cognosceres.
2777 2877 2967 2950 Itaque
3006 2875 3314 2934 secundum
3376 2877 3709 2935 sententiam

2106 2969 2274 3038 senis,
2297 2971 2379 3026 ιω
2406 2976 2511 3037 est,
2540 2970 2744 3043 inquit,
2797 2969 2854 3026 in
2898 2985 2988 3028 me
3016 2968 3375 3029 confessionis
3407 2971 3570 3046 hujus
3597 2974 3717 3031 vir-

2104 3072 2222 3121 tute
2246 3063 2551 3121 dominatio
2580 3062 2876 3122 ‘diabolicae
2920 3064 3062 3123 illius
3099 3065 3408 3141 tyrannidis
3434 3068 3712 3126 exstincta

2101 3159 2345 3232 atquein
2372 3166 2700 3233 perpetuum
2721 3159 3028 3233 consopita,
3054 3168 3118 3217 ut
3142 3176 3445 3234 numquam
3470 3161 3613 3219 mihi
3634 3180 3711 3223 ne

396 3235 425 3275 δ
452 3241 602 3315 quod
641 3243 1043 3301 consuetudine
1087 3246 1285 3304 vitiosa
1336 3248 1582 3308 clanculo
1610 3250 1991 3309 subtraxeram
2026 3241 2072 3305 C
2099 3252 2430 3310 memoriam
2494 3252 2719 3327 quidem
2765 3254 3220 3327 concupiscentia:
3265 3254 3433 3333 hujus
3477 3257 3715 3317 ulterius

404 3336 830 3410 comedendum,
888 3340 957 3399 de
999 3343 1124 3400 sinu
1170 3341 1307 3402 furti
1354 3346 1463 3404 mei
1502 3348 1725 3405 conscio
1761 3364 1827 3406 ac
1873 3363 1996 3406 sus-

2102 3346 2390 3407 tentaverit
2438 3348 2693 3406 inimicus
2722 3348 2987 3421 ingerere,
3030 3364 3133 3406 nec
3160 3364 3251 3406 me
3290 3357 3419 3424 post
3459 3349 3579 3409 haec
3605 3351 3708 3409 ali-

402 3437 623 3503 ceptore
665 3430 922 3506 produxi,
966 3434 1255 3510 ipsumque
1295 3438 1355 3495 in
1398 3440 1643 3499 medium
1686 3440 1995 3514 proferens,
2048 3466 2083 3483 κ
2104 3442 2322 3515 quando
2355 3442 2631 3515 pulsatum
2660 3442 2846 3502 furtivi
2876 3443 3022 3501 illius
3058 3443 3310 3503 desiderii
3360 3446 3717 3519 instigatione

395 3524 873 3597 quemadmodum
936 3530 1183 3603 quotidie
1258 3532 1488 3592 latenter
1555 3535 1798 3606 ederem,
1864 3552 1999 3609 pro-

397 3626 601 3677 stratus
648 3618 705 3676 in
740 3628 968 3693 terram,
1015 3640 1146 3683 cum
1208 3627 1379 3685 venia
1451 3628 1814 3701 postulatione
1869 3645 1999 3687 con-

398 3709 574 3771 lessus
610 3727 758 3785 sum,
802 3721 857 3773 et
893 3714 1133 3774 ubertim
1162 3719 1397 3791 profusis
1426 3719 1704 3795 lacrymis,
1750 3731 1814 3779 ut
1839 3720 1998 3780 abso-

2105 3538 2484 3609 persenserim.
2537 3541 2716 3611 Quem
2766 3554 2991 3597 sensum
3024 3540 3083 3597 in
3128 3539 3443 3598 Ecclesiaste
3478 3556 3712 3615 quoque

2106 3630 2470 3702 pulcherrime
2500 3630 2731 3705 legimus
2778 3632 3115 3705 ﬁguratum:
3159 3641 3182 3671 °
3230 3636 3296 3692 Si
3336 3635 3707 3701 momorderit,

2102 3724 2299 3797 inquit,
2317 3740 2533 3797 serpens
2549 3743 2654 3784 non
2672 3729 2730 3783 in
2743 3729 2920 3800 sibilo,
2943 3744 3049 3786 non
3068 3733 3147 3787 est
3167 3729 3499 3788 abundantia
3520 3733 3709 3789 incan-

1490 3847 1744 3904 ALARDI
1783 3848 2007 3906 GAZEI
2045 3850 2607 3908 COMMENTARIUS.

465 3968 491 3994 ⁸
518 3957 1099 4035 ᾼΙίειςμρειχίιῐιειοῖυω,
1129 3963 1198 4020 de
1220 3976 1332 4034 quo
1372 3966 1499 4021 alibi
1531 3966 1793 4035 diximus,
1824 3976 1882 4025 et
1909 3969 1992 4025 in-

395 4027 480 4109 {ra
502 4027 913 4109 dicturi‘sumus
941 4027 1096 4109 (LibI
1128 4050 1193 4109 ιγ
1234 4027 1418 4094 Ϊπειὶι.
1463 4054 1583 4109 cap.
1634 4046 1718 4094 14.
1748 4027 1868 4095 coll.
1912 4046 1992 4106 2).

2103 3974 2267 4048 iga-ire.
2296 3974 2435 4031 Nam
2453 3972 2602 4048 dixit
2625 3991 2643 4028 :
2675 3974 2899 4048 Quando
2921 3989 3004 4029 me
3030 3975 3292 4030 vobiscum
3311 3973 3612 4048 credebatis
3622 3977 3716 4048 je-

2093 4044 2315 4114 junare,
2344 4045 2540 4100 occulte
2568 4045 2896 4100 comedebam
2922 4063 2938 4099 :
2970 4050 3022 4100 et
3047 4060 3158 4101 ecce
3175 4060 3312 4100 nunc
3333 4046 3410 4100 ad
3437 4044 3711 4104 deuoran-

398 4101 622 4188 legitur
643 4109 704 4188 et
736 4106 1111 4188 _paxamidium
1154 4106 1225 4188 in
1248 4109 1374 4165 Vita
1417 4101 1566 4188 Pauli
1612 4111 1900 4183 Simplicis,
1941 4101 1998 4169 et
2093 4101 2235 4188 dum
2260 4101 2484 4171 draconi
2510 4116 2749 4172 traditus
2770 4132 2910 4183 sum,
2937 4119 3036 4187 qui
3057 4117 3234 4172 cauda
3258 4132 3357 4172 sua
3380 4133 3500 4172 mea

396 4172 537 4255 apud
565 4172 869 4258 lfalladium
898 4177 1115 4234 Lausia.
1160 4184 1252 4246 28,
1296 4189 1354 4236 et
1377 4181 1623 4264 paximas
1647 4190 1703 4238 et
1732 4172 1996 4253 pexama-

397 4242 549 4299 dium
578 4261 635 4299 1n
653 4249 789 4303 Vitis
820 4251 1069 4310 Patrum.
1084 4250 1235 4310 quod
1256 4252 1684 4310 Cuvchtuslcap.
1707 4258 1811 4310 19:
1835 4258 1885 4310 et
1895 4256 1996 4310 col-

399 4258 549 4299 atum
578 4261 635 4299 1n
654 4258 789 4303 Vitis
820 4258 1069 4317 Patrum,
1084 4258 1235 4333 quod
1256 4258 1684 4336 Cuychius_(cap.
1707 4258 1811 4321 19;
1835 4258 1885 4311 et
1895 4258 1999 4310 col-

399 4314 499 4369 lat.
524 4320 611 4382 12,
635 4333 756 4386 cap.
804 4324 893 4387 15)
921 4336 1127 4445 geriem
1155 4322 1238 4378 his
1265 4331 1486 4379 coctum
1502 4324 1812 4411 Signiﬁcare
1835 4325 1997 4395 dicit;

399 4392 644 4445 auctore.
692 4388 876 4445 credo.
961 4391 1110 4445 lllda.
1162 4393 1310 4445 anud
1355 4409 1520 4445 auem
1542 4394 1770 4445 παξαιιαι
1804 4397 1999 4445 Binum:

360 4452 363 4457 ς
398 4392 648 4477 εξεΨὲΨῂ
679 4388 1131 4477 indeﬁnite»
1162 4393 1310 4477 erud
1338 4409 1520 4477 ,ςιιξβω
1542 4388 1770 4468 τῖαεαμᾶς
1804 4388 1999 4470 δίπυροὲ

399 4454 564 4559 ἄρξας,
595 4455 651 4510 id
675 4465 780 4521 est,
812 4460 964 4581 panis
988 4460 1075 4541 bis
1098 4454 1297 4544 'coc'tus
1321 4454 1539 4547 dicitur.
1622 4454 1632 4458 ’
1675 4454 1687 4468 ’
1754 4454 1767 4459 ⁷
1921 4454 1933 4470 ’
1982 4454 1997 4460 ⁷

401 4592 417 4609 _
471 4593 483 4605 .
529 4525 693 4609 liaud
721 4537 962 4609 mutum
988 4528 1272 4609 dissimile,
1301 4534 1397 4609 sed
1429 4540 1585 4609 _exttu
1608 4551 1677 4592 ac
1711 4536 1818 4609 ﬁne
1838 4538 2001 4609 lugu-

401 4592 485 4650 bri
537 4594 877 4676 horrendum
903 4601 1216 4676 exemplum
1253 4592 1544 4676 cujusdam
1596 4592 1999 4676 monachifqﬁi

401 4680 463 4758 se
475 4666 911 4758 cu‘m_.fratribus.
937 4666 1192 4758 ‘jgjnpare
1218 4666 1485 4758 simulans
1522 4677 1737 4758 occulte
1758 4666 2002 4737 comede-

402 4737 526 4824 bat,
548 4739 746 4824 legitur
767 4741 913 4824 apud
1054 4744 1387 4824 Gregorium
1414 4747 1506 4805 lib.
1531 4764 1599 4824 1v
1620 4749 1833 4823 Dialog.
1870 4768 1992 4824 cap.

2098 4187 2368 4257 pedesque
2391 4188 2701 4255 colligavit;
2741 4193 2901 4258 caput
2933 4204 3058 4243 vero
3080 4203 3241 4244 suum
3272 4191 3422 4244 intra
3446 4187 3622 4245 meum
3648 4208 3711 4248 os

2103 4260 2340 4327 mittens,
2358 4259 2615 4328 spiritum
2627 4274 2802 4314 meum
2822 4260 3031 4315 ebibcns
3047 4260 3308 4318 extrahit.
3327 4262 3528 4328 Quibus
3546 4262 3712 4319 dictis

2104 4331 2293 4403 statim
2334 4330 2622 4403 defuimus
2648 4335 2747 4394 est,
2790 4335 2955 4401 atque
2975 4336 3039 4387 ut
3067 4333 3372 4403 pwnitendo
3396 4349 3450 4389 se
3478 4334 3713 4390 liberare

2104 4401 2380 4474 potuisset,
2401 4417 2437 4454 ιι
2450 4401 2694 4465 dracone,
2713 4418 2871 4473 quem
2882 4401 3115 4471 viderat,
3134 4406 3471 4474 exspectatus
3484 4423 3520 4461 η
3529 4422 3598 4460 on
3610 4412 3710 4462 est.

2108 4472 2219 4537 Quo
2245 4472 2503 4544 nimirum
2521 4472 2877 4544 constat’quia
2896 4474 2971 4529 ad
2988 4476 3157 4531 solam
3177 4472 3470 4531 utilitatem
3492 4478 3713 4533 audim-

2108 4544 2247 4597 tium
2267 4543 2485 4611 viderit,
2515 4546 2615 4614 qui
2636 4543 2768 4600 eum
2784 4546 3005 4614 hostem,
3040 4549 3133 4602 cui
3155 4546 3393 4603 traditus
3421 4550 3627 4616 fuerat,
3656 4555 3715 4606 et

2108 4616 2443 4700 innotuituet
2463 4619 2787 4700 nonevasit.
2821 4617 3362 4700 lta_D.MGregorius.

2177 4684 2623 4764 °._Confessionis
2659 4688 2836 4764 _v_i_rtus
2877 4695 2933 4745 et
2971 4684 3270 4764 efﬁcacia:
3304 4689 3374 4746 de
3416 4706 3527 4764 qua
3557 4690 3709 4747 aliud

2105 4754 2283 4835 simile
2307 4766 2363 4813 et
2406 4758 2764 4835 memorabile
2790 4760 3120 4835 exemplum
3144 4760 3313 4835 habes
3354 4754 3504 4835 apud
3542 4764 3708 4819 Joan.

403 4817 492 4896 3ft,
510 4811 570 4867 in
596 4811 717 4870 haec
738 4811 901 4899 verba
931 4833 945 4871 :
968 4820 1067 4874 Est
1089 4811 1254 4873 etiam
1279 4835 1423 4885 nunc
1449 4822 1601 4891 apud
1626 4836 1720 4877 nos
1743 4811 1993 4880 Athana-
2027 4826 2077 4889 D
2103 4811 2328 4884 Cliniae.
2344 4811 2358 4813 ⁷
2393 4811 2615 4898 {alia},
2626 4811 3289 4903 Elii'eéiaZB'Seiieﬁiii

403 4898 512 4939 sius
537 4900 605 4939 ea:
630 4888 844 4941 Isauria
858 4890 1156 4955 presbyter,
1178 4892 1277 4955 qui
1293 4894 1350 4946 in
1359 4892 1548 4950 diebus
1565 4896 1679 4949 suis
1697 4896 1865 4950 Iconii
1879 4912 1995 4951 rem
2171 4901 2199 4936 τι
2225 4902 2306 4955 lta
2452 4901 2844 4955 'Hieronvmus
2876 4903 3131 4955 eamdem
3176 4912 3289 4955 seni

400 4888 512 4961 sius
528 4900 612 4961 ea;
630 4888 844 4941 Isauria
858 4890 1156 4959 presbyter,
1178 4892 1277 4961 qui
1293 4894 1350 4946 in
1359 4888 1548 4950 diebus
1565 4896 1679 4949 suis
1697 4896 1865 4950 Iconii
1879 4912 1995 4951 rem

402 4956 695 5038 terribilem
718 4956 912 5038 narrat
930 4956 1301 5038 egqhisseflbi
1319 4980 1569 5038 namque,
1609 4969 1672 5021 ut
1693 4968 1792 5031 ait,
1820 4969 1997 5038 quod-

402 5025 530 5080 dam
547 5028 935 5109 llfonasterium
952 5033 1312 5109 Thongolaton
1329 5025 1563 5109 dicitur,
1570 5040 1629 5093 in
1645 5054 1749 5108 quo
1769 5025 1997 5109 quidam

401 5098 686 5182 monachus
707 5114 921 5182 magnae
938 5098 1305 5182 (estimationis
1328 5098 1826 5167 habebaturfBonis
1844 5114 1996 5182 quip-

396 5184 467 5240 pe
495 5171 806 5254 cernebatur
826 5173 1083 5254 moribus,
1101 5180 1264 5245 atque
1280 5179 1509 5254 inomni
1524 5197 1623 5235 sua
1643 5171 1998 5238 actionean-

398 5243 608 5310 positus
612 5261 638 5323 ε
654 5243 774 5323 sed,
793 5243 1013 5323 sicutea:
1030 5248 1135 5314 ﬁne
1152 5243 1245 5323 res
1253 5252 1458 5323 patuit,
1486 5252 1641 5321 longe
1656 5254 1817 5323 aliter
1833 5270 1999 5323 quam

402 5313 698 5391 apparebat
739 5315 872 5391 fuit.
904 5313 1042 5391 Nam
1074 5328 1194 5372 cum
1213 5313 1469 5389 jéjunare
1493 5337 1548 5377 se
1577 5313 1706 5376 cum
1718 5313 1996 5391 fratribus

447 5386 809 5464 emonstraret,
851 5387 1053 5464 occulte
1092 5386 1417 5464 manducare
1448 5386 1804 5459 consueverat,
1853 5395 1997 5463 quod

404 5455 521 5521 ejus
534 5455 729 5536 vitium
743 5456 945 5536 fratres
954 5461 1171 5536 omnino
1193 5463 1516 5536 nesciebant.
1534 5463 1640 5520 Sed
1653 5455 1887 5536 corporis
1906 5482 1997 5521 su-

395 5527 735 5604 perpeniente
756 5527 1016 5604 molestia,
1047 5532 1123 5586 ad
1145 5534 1274 5588 vitm
1306 5538 1544 5589 extrema
1572 5527 1865 5604 perductus
1889 5542 1991 5595 est.

407 5597 513 5678 Qui
530 5612 656 5678 cum
683 5603 818 5678 esset
847 5601 906 5653 in
927 5603 1053 5670 ﬁne,
1083 5604 1289 5678 fratres
1311 5606 1386 5660 ad
1408 5621 1463 5660 se
1487 5597 1665 5659 omnes
1690 5607 1788 5675 qui
1813 5622 1996 5663 mona-

403 5670 568 5749 sterio
594 5670 824 5749 inerant,
846 5677 1167 5749 congregari
1186 5678 1333 5743 fecit.
1365 5678 1443 5749 At
1469 5678 1567 5749 illi
1592 5670 1717 5739 tali:
1742 5682 1804 5733 ut
1822 5685 1996 5749 puta-

404 5736 551 5801 bant,
566 5740 691 5816 _v_iro
716 5736 988 5816 moriente,
1020 5736 1274 5813 magnum
1296 5748 1433 5816 quid
1450 5763 1513 5803 ac
1531 5736 1843 5805 delectabile
1854 5754 1915 5807 se"
1923 5754 1993 5809 ab

401 5824 458 5866 eo
470 5810 662 5890 audire
676 5810 1040 5890 crediderunt.
1055 5810 1255 5885 Quibus
1270 5810 1326 5872 in
1340 5834 1414 5889 se,
1426 5820 1666 5890 afﬂictus
1681 5826 1733 5879 et
1744 5826 1990 5889 tremerts,

2171 4901 2199 4936 τι
2220 4902 2320 4974 ita
2350 4901 2421 4955 D.
2452 4901 2844 4974 'Hieronymus
2876 4903 3133 4960 eamdem
3176 4905 3512 4961 sententiam
3546 4904 3711 4963 vertit

2104 4985 2171 5026 ex
2218 4970 2477 5028 Hebraeo.
2509 4977 2583 5029 At
2620 4970 2774 5031 vetus
2814 4975 3100 5032 translatio
3146 4975 3310 5032 habet
3352 4995 3368 5032 :
3418 4979 3559 5045 Quia
3600 4992 3712 5033 non

2097 5044 2384 5121 profertur
2410 5046 2514 5121 cito
2553 5049 2743 5101 contra
2771 5048 2940 5102 malos
2967 5050 3249 5112 sententia,
3289 5044 3489 5121 absque
3515 5051 3713 5106 ttinere

2103 5115 2213 5169 ullo
2234 5115 2339 5188 filii
2362 5116 2636 5188 hominum
2647 5123 2963 5188 perpetrant
2983 5121 3144 5175 mala.

2179 5185 2420 5255 °,Graeca
2447 5185 2867 5246 translatio—hoc
2892 5190 3011 5248 loco
3037 5190 3286 5247 nonnihil
3315 5190 3505 5249 differt
3528 5204 3561 5246 a
3604 5205 3718 5247 no-

2103 5263 2216 5333 stra
2253 5258 2508 5333 Vulgata,
2538 5273 2664 5330 qua:
2705 5260 2784 5317 sic
2810 5260 2977 5318 habet
3009 5282 3021 5318 :
3060 5264 3123 5320 Si
3145 5264 3393 5319 mordeat
3408 5277 3621 5333 serpens
3647 5265 3721 5319 in

2102 5329 2338 5404 silentio,
2370 5329 2507 5404 nihil
2533 5329 2595 5404 eo
2631 5334 2814 5388 minus
2842 5334 3022 5401 habet,
3059 5336 3156 5404 qui
3191 5336 3391 5391 occulte
3437 5329 3717 5404 detrahit.

2103 5399 2295 5477 (_‘xrmca
2323 5415 2451 5477 vero
2476 5402 2670 5458 Latine
2698 5404 2769 5459 ita
2796 5413 2974 5470 sonat,
3003 5399 3181 5462 ut'hic
3204 5405 3316 5462 fere
3337 5403 3667 5477 exprimitur
3702 5426 3720 5463 :

2102 5470 2166 5526 Si
2448 5488 2664 5552 serpmts
2684 5491 2790 5552 non
2808 5478 2869 5531 in
2885 5480 3138 5552 strepitu,
3162 5479 3249 5552 uel
3266 5470 3439 5541 sibilo,
3462 5476 3608 5552 nihil
3624 5483 3721 5552 ρει

2100 5542 2332 5623 amplius
2355 5542 2677 5623 insanienti.
2704 5542 3077 5623 Quamobrfam
3106 5542 3274 5623 hujus
3610 5547 3724 5623 du-

2100 5610 2226 5683 plex
2255 5627 2449 5696 sensus
2475 5610 2775 5696 redditura
2803 5619 2929 5696 divo
2958 5610 3299 5693 Hieronimo
3320 5619 3476 5696 juxta
3525 5619 3718 5692 dupli-

2099 5699 2222 5740 cem
2249 5687 2368 5756 ejus
2393 5687 2717 5745 versionem.
2757 5691 2912 5747 Prior
2948 5702 3030 5749 est
3059 5711 3072 5747 :
3100 5687 3340 5756 Serpens
3356 5698 3411 5749 et
3434 5687 3717 5749 detmctor

2098 5758 2342 5848 recte.
2361 5764 2509 5848 sent;
2537 5762 2807 5848 Ωιξοηιράο
2829 5765 3088 5848 immitia
3112 5758 3310 5848 ροοῖιιιθ
3333 5766 3599 5848 Mm.
3622 5780 3709 5848 υεξ·

2098 5844 2301 5909 nenum
2318 5833 2529 5909 inserit,
2560 5835 2636 5909 sic
2657 5835 2758 5890 iste
2798 5836 2937 5891 clam
2961 5837 3247 5893 detrahens
3286 5837 3444 5893 virus
3476 5836 3714 5909 pectoris

401 5883 703 5953 compulsus
744 5889 822 5941 est
856 5883 1087 5957 prodere
1126 5890 1217 5942 cui
1242 5883 1407 5945 hosti'
1423 5883 1667 5951 traditus
1709 5883 1993 5965 cogebatur
2095 5883 2193 5956 sui?
2208 5883 2538 5969 infundit'in
3083 5883 3253 5964 1562:
