3982 6202
281 287 384 344 541

1349 279 1685 340 COLLATIO
1722 281 1788 338 ll.
1827 309 1902 324 -—-
1939 283 2026 342 DE
2062 283 2528 344 DISCRETIONE.

3487 296 3592 350 542

285 413 452 468 tutori
475 412 692 480 (Eccles.
721 411 808 478 κ),
849 407 1002 467 taciti
1041 407 1310 481 serpentis
1336 423 1586 466 morsum
1609 407 1884 482 pernicio-
1914 410 1970 476 Α
1998 415 2338 483 turriumque
2366 411 2707 482 conﬂictum,
2745 427 2846 472 nec
2883 422 3073 474 contra
3099 433 3271 474 unum
3300 433 3397 476 seu
3426 417 3588 488 duos,

282 521 415 564 sum
462 520 580 562 esse
622 503 915 577 designans
937 545 954 573 ,
999 502 1055 560 id
1100 511 1217 571 est,
1263 503 1308 558 si
1337 519 1434 576 per
1475 501 1883 561 confessionem
1965 497 2096 578 sed
2133 509 2329 558 contra
2373 500 2796 561 innumerabiles
2835 512 3082 564 catervas
3124 507 3365 580 spiritale
3411 518 3584 566 certa-

281 601 564 676 suggestio
575 616 674 657 seu
688 599 954 674 cogitatio
972 597 1236 656 diabolica
1256 599 1580 656 incantatori
1603 597 1878 672 cuiquam,

283 695 508 770 spiritali
539 695 754 752 scilicet
773 693 922 764 viro,
967 693 1060 767 qui
1093 693 1434 750 carminibus
1472 692 1880 766 Scripturarum

280 789 488 848 mederi
513 789 766 863 protinus
796 787 1044 857 vulneri,
1071 795 1128 844 et
1147 787 1433 845 extrahere
1458 786 1530 844 de
1553 785 1721 846 corde
1748 801 1878 843 con-

279 885 461 942 movit
487 883 654 942 noxia
685 899 888 941 venena
911 870 1200 958 serpentis,
1223 881 1495 956 patefacta
1517 899 1631 940 non
1657 881 1876 955 fuerint,

285 993 614 1036 succurrere
642 977 963 1051 periclitanti
1009 977 1315 1050 periturove
1349 993 1463 1034 non
1494 977 1710 1050 poterit.
1752 980 1876 1034 Hoc

279 1073 452 1148 igitur
477 1073 646 1134 modo
675 1073 745 1131 ad
766 1073 1053 1131 scientiam
1081 1071 1426 1129 discretionis
1453 1087 1596 1128 vera:
1619 1070 1871 1143 perveni-

275 1185 341 1227 re
369 1168 628 1226 facillime
655 1168 976 1242 poterimus,
1023 1175 1086 1224 ut
1105 1165 1388 1224 seniorum
1407 1165 1630 1240 vestigia
1663 1165 1859 1224 subse-

273 1271 530 1337 quentes,
553 1275 732 1335 neque
761 1276 924 1336 agere
949 1257 1250 1332 quidquam
1281 1257 1428 1327 novi,
1455 1274 1634 1332 neque
1662 1258 1866 1316 discer-

272 1373 409 1414 nere
421 1364 615 1414 nostro
621 1355 832 1430 judicio
849 1368 1272 1428 praesumamus;
1287 1352 1383 1410 sed
1401 1351 1870 1426 quemadmodum

271 1466 377 1508 nos
404 1451 488 1506 vel
519 1449 739 1507 traditio
759 1449 980 1506 illorum
1010 1447 1094 1503 vel
1121 1447 1243 1504 vita:
1271 1447 1510 1519 probitas
1531 1444 1866 1514 informarit,

272 1548 328 1603 in
355 1543 615 1602 omnibus
653 1542 990 1617 gradiamur.
1035 1543 1154 1614 Qua
1197 1541 1542 1598 institutione
1577 1541 1860 1608 ﬁrmatus,

270 1651 383 1692 non
423 1633 590 1691 modo
618 1633 685 1689 ad
713 1632 1008 1706 perfectam
1035 1631 1378 1688 discretionis
1413 1631 1681 1688 rationem
1704 1633 1865 1705 quis-

270 1746 378 1804 que
394 1728 692 1804 perveniet,
723 1743 911 1785 verum
927 1728 1088 1784 etiam
1116 1743 1146 1782 a
1170 1727 1380 1785 cunctis
1403 1725 1619 1784 insidiis
1648 1728 1861 1786 inimici

1988 608 2143 664 men,
2171 594 2330 668 cujus
2357 611 2516 654 casus
2545 605 2701 654 tanto
2739 599 3093 672 perniciosior
3115 602 3351 674 cunctis,
3376 612 3585 678 quanto

1987 696 2044 744 et
2081 687 2331 746 infestior
2373 690 2632 748 inimicus
2649 733 2668 763 ,
2709 701 2766 750 et
2805 709 3135 769 congressus
3185 697 3469 756 occultior.
3514 701 3584 756 Et

1984 779 2108 838 ideo
2148 796 2366 856 semper
2394 783 2678 842 seniorum
2706 801 2924 844 summa
2967 788 3246 863 diligentia
3287 799 3418 847 sunt
3461 806 3587 848 sec-

1983 873 2150 932 tanda
2179 875 2432 949 vestigia,
2483 885 2648 951 atque
2680 877 2752 936 ad
2781 895 2876 936 eos
2917 889 3114 939 cuncta
3141 897 3266 954 quae
3294 881 3351 938 in
3377 883 3580 940 nostris

1979 968 2236 1028 cordibus
2257 971 2536 1042 oriuntur,
2562 973 2780 1030 sublato
2808 974 3142 1044 confusionis
3163 978 3458 1049 velamine,
3479 977 3584 1037 de-

1978 1060 2229 1121 ferenda.

2565 1207 2805 1265 CAPUT
2841 1211 2972 1266 ΧΠ.

1979 1329 2255 1411 Confessio
2274 1331 2632 1411 verecundia,
2663 1334 2728 1388 ob
2767 1337 3413 1411 quam_confunderemur
3439 1342 3580 1411 cogi-

2235 1405 2460 1458 tationes
2484 1409 2705 1460 nostras
2734 1407 3029 1464 senioribus
3055 1411 3316 1465 revelare.

2042 1545 2356 1602 Germanus
2401 1564 2414 1602 :
2463 1547 2821 1604 Occasionem
2869 1549 3028 1606 nobis
3072 1551 3394 1623 perniciosae
3417 1567 3576 1610 vere-

1969 1637 2208 1706 cundiae,
2237 1653 2342 1710 qua
2365 1639 2722 1711 cogitationes
2746 1641 2917 1700 malas
2945 1644 3264 1703 studeamus
3291 1647 3570 1721 obtegere,

1968 1747 2036 1789 ac
2078 1731 2303 1788 salutari
2330 1747 2423 1789 eas
2447 1731 2752 1805 patefacere
2779 1735 3122 1796 confessione
3153 1755 3460 1808 vereamur,
3485 1742 3574 1798 illa

267 1827 575 1884 tutissimus
603 1826 960 1900 permanebit.
987 1823 1152 1882 Nullo
1179 1839 1415 1896 namque
1453 1824 1560 1880 alio
1589 1823 1721 1880 vitio
1743 1831 1860 1881 tam
1887 1843 1946 1908 Β.
1971 1825 2241 1898 prmeipue
2267 1833 2412 1882 creat
2439 1841 2627 1895 causa,
2661 1843 2770 1900 qua
2793 1830 3049 1888 novimus
3077 1833 3372 1906 quemdam
3396 1834 3452 1892 in
3475 1837 3572 1909 Sy-

265 1919 604 1994 praecipitem
627 1917 874 1976 diabolus
903 1917 1236 1974 monachum
1270 1915 1534 1990 pertrahit
1562 1933 1626 1972 ac
1651 1914 1854 1989 perdu-

265 2017 348 2072 cit
386 2013 456 2072 ad
485 2023 742 2083 mortem,
775 1997 942 2087 quam
971 2028 1103 2070 cum
1130 2027 1283 2080 eum,
1320 2011 1578 2085 neglectis
1618 2010 1860 2068 consiliis

265 2110 566 2176 seniorum,
604 2108 659 2164 in
683 2124 787 2166 suo
808 2107 1015 2182 judicio
1062 2105 1389 2180 persuaserit
1431 2122 1498 2162 ac
1539 2103 1858 2164 deﬁnitione

265 2205 582 2262 doctriuave
609 2203 904 2261 conlidere.
957 2201 1178 2260 Etenim
1218 2216 1348 2258 cum
1396 2215 1586 2258 omnes
1614 2209 1759 2258 artes
1797 2218 1861 2258 ac

269 2299 566 2372 disciplina;
607 2298 846 2356 humano
893 2297 1114 2370 ingenio
1166 2302 1448 2368 repertm,.
1469 2303 1524 2351 et
1561 2310 1686 2367 quae
1723 2293 1859 2352 nihil

267 2395 504 2468 amplius
560 2410 729 2468 quam
772 2395 896 2450 vitae
959 2392 1123 2466 hujus
1157 2389 1506 2464 temporariae
1547 2391 1862 2450 commodis

264 2499 514 2561 prosunt,
538 2487 664 2546 licet
688 2503 857 2546 manu
877 2487 1084 2562 palpari
1113 2494 1314 2560 queant
1338 2494 1394 2542 et
1421 2485 1594 2544 oculis
1618 2485 1864 2560 pervide-

260 2581 311 2638 ri
331 2622 348 2649 ,
367 2591 511 2640 recte
537 2589 724 2639 tamen
742 2598 774 2639 a
815 2596 1099 2656 quoquam
1117 2581 1236 2637 sine
1259 2579 1590 2638 instituentis
1611 2579 1860 2637 doctrina

257 2683 537 2750 nequeant
562 2675 987 2748 comprehendi;
1013 2679 1040 2710 ι
1062 2690 1229 2748 quam
1253 2674 1506 2748 ineptum
1528 2682 1614 2732 est
1639 2673 1862 2732 credere

257 2771 404 2829 hanc
420 2771 601 2829 solam
613 2787 728 2827 non
741 2785 898 2844 egere
911 2769 1158 2840 doctore,
1176 2785 1300 2843 qua:
1313 2777 1366 2826 et
1391 2768 1675 2827 invisibilis
1694 2775 1753 2826 et
1770 2785 1860 2827 oc-

255 2865 408 2923 mlta
433 2873 538 2934 est,
565 2873 621 2922 et
631 2879 756 2938 quae
769 2880 885 2922 non
901 2863 1010 2922 nisi
1023 2863 1188 2921 corde
1207 2863 1506 2938 purissimo
1530 2861 1854 2932 pervidetur,

255 2959 418 3034 cuius
434 2975 590 3018 error
610 2975 724 3016 non
750 2958 1052 3031 temporale
1072 2958 1363 3027 damnum,
1387 2972 1488 3014 nec
1513 2956 1660 3030 quod
1689 2955 1854 3015 facile

252 3063 569 3126 reparetur,
605 3053 701 3112 sed
739 3054 940 3110 animai
983 3051 1345 3124 perditionem
1371 3050 1540 3123 parit,
1586 3060 1852 3110 mortem-

251 3163 370 3222 que
399 3141 746 3220 perpetuam!
775 3145 958 3204 Habet
989 3143 1138 3202 enim
1160 3159 1276 3200 non
1301 3144 1558 3202 adversus
1585 3145 1818 3203 visibiles
1835 3189 1854 3215 ,

1967 1921 2066 1979 riae
2111 1921 2379 1994 partibus,
2418 1930 2481 1980 ut
2508 1922 2853 1994 credebatur,
2909 1927 3264 2000 praecipuum,
3293 1927 3573 1988 seniorum

1965 2015 2180 2074 cuidam
2221 2015 2376 2073 fratri
2410 2015 2768 2091 cogitationes
2789 2035 2920 2077 suas
2962 2021 3193 2094 simplici
3231 2021 3574 2081 confessione

1967 2109 2238 2183 prodenti,
2269 2110 2628 2182 postmodum
2651 2112 2889 2184 quadam
2929 2113 3304 2187 indignatione
3325 2131 3576 2174 commo-

1966 2213 2086 2264 tum
2110 2205 2330 2263 easdem
2354 2206 2590 2279 graviter
2617 2207 2994 2280 exprobrasse.
3022 2209 3188 2267 Unde
3213 2218 3300 2280 ut,
3331 2219 3396 2268 ut
3433 2211 3569 2269 dum

1973 2315 2069 2357 eas
2094 2301 2154 2358 in
2194 2299 2353 2358 nobis
2394 2301 2732 2374 premimus,
2762 2317 2826 2358 ac
2863 2301 3164 2361 senioribus
3201 2303 3570 2363 erubescimus

1967 2394 2260 2468 publicare,
2291 2396 2639 2454 curationum
2659 2395 2905 2456 remedia
2928 2399 3184 2472 consequi
3212 2413 3566 2475 nequeamus.

2544 2531 2787 2590 CAPUT
2833 2535 2993 2592 Xlll.

2037 2655 2325 2727 Responsio
2348 2653 2415 2709 de
2434 2656 3031 2782 coufuzgitieopalttzanda
3056 2661 3108 2714 et
3125 2659 3365 2732 periculo
3389 2675 3496 2719 non

2675 2742 2691 2780 ι
2790 2743 2852 2781 en
2881 2743 2944 2782 ιε.

2675 2742 2944 2783 lamentis.

2038 2867 2262 2938 Moyses
2291 2881 2307 2920 :
2334 2863 2486 2922 Sicut
2510 2879 2620 2922 non
2639 2872 2769 2922 sunt
2789 2879 2980 2922 omnes
3001 2862 3232 2936 juvenes
3258 2863 3373 2938 pari
3401 2865 3568 2923 modo

1959 2958 2042 3015 vel
2101 2956 2378 3016 ferventes
2439 2959 2657 3031 spiritu,
2707 2957 2792 3018 vel
2845 2957 3147 3031 disciplinis
3191 2973 3256 3014 ac
3319 2958 3569 3016 moribus

1961 3052 2190 3126 optimis
2237 3051 2504 3122 instituti,
2531 3050 2605 3111 ita
2648 3067 2721 3108 ne
2762 3065 2921 3109 senes
2960 3050 3186 3124 quidem
3232 3052 3415 3111 cuncti
3455 3068 3566 3110 uno

1961 3145 2129 3204 modo
2155 3145 2238 3203 vel
2285 3144 2510 3219 perfecti
2557 3153 2808 3219 possunt,
2853 3144 2935 3202 vel
2968 3144 3378 3218 probatissimi,
3404 3161 3564 3220 repe-

251 3238 370 3297 sed
412 3238 706 3297 invisibiles
730 3247 892 3311 atque
929 3237 1177 3294 immites
1204 3236 1396 3293 hostes
1437 3237 1694 3294 diurnum
1720 3255 1857 3296 noc-
1889 3226 1934 3288 C
1964 3241 2079 3298 riri:
2104 3233 2134 3273 ¹³
2163 3239 2380 3300 Divitiae
2404 3241 2556 3299 enim
2594 3256 2790 3300 senum
2817 3255 2932 3299 non
2961 3247 3093 3300 sunt
3111 3239 3310 3300 canitie
3339 3241 3563 3315 capitis,

1358 3344 1612 3402 ALARDI
1651 3345 1873 3404 GAZEI
1911 3347 2468 3404 COMMENTARIUS.

249 3451 424 3523 plius.
451 3449 607 3506 Alter
645 3463 839 3506 sensus
879 3468 892 3504 :
924 3449 988 3506 Si
1007 3464 1166 3518 quem
1196 3463 1415 3520 serpens
1461 3449 1712 3506 diabolus
1740 3467 1860 3507 mo-

253 3523 538 3585 morderit,
575 3526 629 3578 et
655 3523 806 3577 nullo
831 3523 1036 3576 conscio
1059 3537 1178 3576 eum
1201 3523 1413 3591 peccati
1433 3535 1630 3578 veneno
1655 3525 1856 3591 infece-

255 3596 376 3660 rit;
400 3595 450 3649 si
469 3597 718 3658 tacuerit,
737 3595 837 3665 qui
857 3608 1143 3665 percussus
1158 3587 1257 3660 est,
1283 3597 1336 3648 et
1368 3608 1478 3649 non
1493 3597 1656 3663 egerit
1675 3587 1852 3666 ﬂami-

256 3667 504 3733 tentiam,
540 3682 631 3722 nec
652 3667 846 3721 uulnus
873 3681 1032 3720 suum
1053 3667 1231 3733 fratri
1253 3669 1305 3720 et
1331 3668 1590 3734 magistro
1628 3667 1858 3723 voluerit

255 3738 514 3812 confiteri,
539 3740 800 3812 magister
827 3738 928 3808 qui
959 3737 1204 3812 linguam
1232 3736 1392 3812 habet
1413 3737 1503 3812 ad;
1516 3739 1850 3802 curandum,

253 3809 420 3876 facile
444 3811 495 3863 ei
505 3809 756 3879 prodesse
773 3824 880 3864 non
898 3810 1120 3878 poterit.
1142 3809 1204 3865 Si
1227 3811 1370 3880 enim
1387 3809 1662 3866 erubescat
1676 3825 1856 3880 agro-

253 3883 346 3932 tus
372 3880 565 3934 uulnus
601 3881 805 3935 medico
833 3881 1112 3947 conﬁteri;
1137 3879 1283 3946 quod
1308 3881 1548 3946 ignorat,
1586 3879 1855 3936 medicina

250 3965 363 4004 non
399 3956 570 4005 curat.
613 3953 699 4006 Ita
739 3950 902 4020 divus
924 3947 1318 4020 Hieronymus.
1380 3952 1564 4020 Atque
1581 3949 1732 4005 hunc
1753 3967 1853 4020 po.

245 4020 552 4076 steriorem
583 4033 807 4074 sensum
832 4017 907 4070 illi
951 4015 1186 4070 versioni
1215 4022 1269 4068 et
1293 4029 1395 4069 suo
1440 4015 1692 4072 instituto
1722 4015 1858 4074 ebu-

244 4097 550 4164 gruentem
583 4088 670 4144 hic
689 4087 859 4164 abbas
884 4093 1106 4164 secutus
1135 4091 1243 4164 est_,
1270 4083 1356 4164 cui
1381 4092 1438 4140 et
1463 4086 1645 4164 Graeci
1675 4091 1860 4164 Patres

239 4153 646 4231 astipulantur.
691 4157 784 4213 Sic
818 4157 966 4212 enim
1009 4153 1439 4231 Olympiodorus
1488 4155 1639 4213 hunc
1677 4157 1856 4214 locum

239 4228 515 4301 explanat
541 4249 554 4286 :
585 4231 648 4286 Si
665 4231 877 4300 peccati
898 4243 1115 4298 serpens
1141 4228 1386 4284 mordeat
1411 4230 1471 4284 in
1498 4231 1732 4292 silentio,
1766 4231 1860 4285 hoc

240 4307 352 4364 est,
410 4303 490 4355 ita
515 4304 576 4355 ut
611 4305 858 4372 peccator
893 4301 1188 4356 admissum
1227 4301 1394 4356 scelus
1433 4301 1567 4356 nolit
1593 4303 1854 4372 conﬁteri,

239 4375 458 4430 nullam
469 4373 700 4427 salutem
721 4373 775 4426 ei
783 4374 983 4442 poterit
991 4376 1258 4442 praestare
1277 4373 1323 4425 is
1346 4375 1450 4440 qui
1465 4378 1654 4428 sancta
1677 4375 1858 4429 incan-

244 4447 456 4501 tatione
480 4459 600 4516 eum
615 4445 926 4516 susceperit,
943 4444 1108 4498 donec
1124 4457 1226 4497 sua
1243 4448 1476 4516 peccata
1488 4448 1736 4516 conﬁteri
1750 4462 1853 4502 no-

243 4517 437 4590 luerit.
460 4513 562 4570 Cui
590 4523 855 4590 consonat
883 4515 1420 4590 insualtletaphrasi
1444 4513 1603 4572 divus
1632 4518 1846 4590 Grego-

241 4587 362 4644 rius
390 4585 850 4643 Neocatsariensis
879 4605 893 4642 :
927 4585 1200 4659 Occultum
1216 4585 1518 4659 ,inquiens
1536 4627 1556 4654 ,
1589 4585 1846 4659 serpentis

243 4673 488 4713 morsum
502 4660 864 4712 incantatores
877 4672 986 4711 non
1002 4655 1434 4710 medicabuntur.
1448 4655 1690 4714 Occultus
1706 4663 1847 4715 enim

242 4744 458 4784 morsus

241 4805 350 4872 qui
355 4799 648 4856 morsusab
661 4799 1459 4872 incantatoribus,quantumeis
1465 4800 1840 4866 prudentibus,

239 4867 308 4928 id
333 4877 414 4928 est
436 4874 570 4926 virts
595 4869 977 4941 spiritualibus
1015 4873 1067 4924 et
1093 4867 1484 4941 sacerdotibus,
1511 4883 1617 4922 non
1637 4871 1843 4938 poterit

237 4945 459 5005 curari,
489 4939 650 4998 donec
667 4957 768 5012 per
788 4941 1168 5008 confessionem
1185 4940 1244 4992 in
1265 4939 1682 5012 palam_ueniat.

317 5018 345 5047 ³
378 5017 466 5070 Ita
505 5009 1066 5070 divus—Hieronvmus
1108 5024 1271 5065 suum
1315 5009 1606 5064 Rusticum
1651 5024 1844 5066 mona-

253 5085 427 5142 chum
446 5085 595 5142 serio
622 5083 886 5140 admonet
906 5081 992 5138 his
1023 5081 1198 5137 verbis
1226 5101 1238 5136 :
1267 5082 1408 5136 Mihi
1435 5081 1653 5150 quidem
1673 5081 1846 5150 placet

253 5163 317 5213 ut
342 5159 544 5212 habeas
561 5159 873 5212 sanctorum
892 5153 1317 5214 contubernium,
1335 5167 1430 5208 nec
1441 5153 1554 5221 ipse
1571 5156 1622 5207 te
1637 5151 1845 5215 doceas,

247 5235 303 5283 et
332 5229 539 5299 absque
572 5229 781 5282 doctore
818 5225 1139 5299 ingrediaris
1170 5225 1320 5277 viam
1357 5237 1526 5299 quam
1550 5238 1850 5299 numquam

243 5295 528 5370 ingressus
537 5313 612 5362 es,
623 5300 915 5367 statimque
927 5299 972 5350 ti
976 5297 1032 5349 bi
1038 5297 1095 5370 in
1106 5299 1317 5364 partem
1328 5296 1562 5370 alteram
1569 5295 1814 5370 declinan
1821 5323 1849 5334 -

245 5367 388 5425 dum
411 5373 510 5432 sit,
530 5375 582 5424 et
607 5371 781 5425 errori
795 5373 1007 5438 pateas,
1030 5367 1260 5436 plusque
1285 5371 1386 5421 aut
1407 5367 1588 5420 minus
1609 5367 1848 5421 ambules

239 5458 422 5511 quam
445 5456 651 5497 necesse
674 5445 772 5506 est;
801 5455 869 5494 ne
889 5443 992 5511 aut
1014 5453 1232 5511 currens
1256 5439 1624 5511 lasseris,‘aut
1639 5453 1847 5511 moram

243 5507 459 5580 faciens
485 5513 812 5569 obdormias.
842 5510 994 5566 Idem
1022 5509 1081 5564 in
1103 5507 1300 5580 celebri
1326 5509 1416 5564 illa
1442 5508 1516 5580 ad
1545 5509 1844 5565 Paulinum

242 5579 479 5657 epistola
505 5582 746 5657 graviter
765 5581 1083 5657 perstringit
1110 5579 1378 5657 quosdam
1403 5579 1612 5651 absque
1639 5595 1847 5657 praece-

239 5651 780 5728 ptoribns'jactitare
798 5651 1104 5728 divinarum
1126 5651 1538 5728 Scripturarum
1553 5651 1809 5728 notitiam
1829 5670 1842 5708 :

235 5723 746 5797 AgricolteXEpist.
782 5729 928 5792 103),
953 5723 1148 5795 inquit,
1189 5723 1534 5788 olententarii,
1565 5725 1851 5797 fabrime—

237 5800 529 5863 tallorum,
548 5795 922 5868 lignorumque
931 5811 1168 5859 caesores,
1185 5797 1391 5851 lanarii
1405 5812 1636 5866 quoque,
1657 5801 1709 5852 et
1727 5795 1849 5862 ful-

239 5869 416 5940 lones,
444 5875 498 5928 et
521 5871 723 5932 ceteri,
742 5871 841 5939 qui
861 5870 1075 5925 varimn
1095 5868 1470 5938 supellectilem
1483 5873 1537 5922 et
1563 5869 1698 5922 vilia
1719 5881 1850 5936 opu-

677 4731 747 4813 .“s
785 4732 866 4827 εει
889 4730 1533 4827 causam???"
1566 4731 1840 4827 οξιαεπθίῑιτ
1879 4765 1926 4827 υ

1962 3453 2116 3507 scula
2155 3451 2525 3519 fabricantur,
2575 3451 2774 3522 absque
2802 3451 3012 3507 doctore
3051 3465 3161 3507 esse
3199 3467 3306 3507 non
3340 3458 3566 3523 possunt

1963 3524 2109 3594 quod
2124 3524 2380 3594 cupiunt;
2402 3523 2549 3594 quod
2561 3524 2886 3578 medicorum
2907 3529 2986 3579 est
2996 3526 3324 3594 promittunt
3347 3525 3561 3594 medici,

1963 3599 2204 3668 tractant
2225 3596 2458 3662 fabrilia
2467 3595 2644 3662 fabri;
2657 3597 2772 3652 sola
2784 3596 3182 3665 scripturarum
3198 3611 3288 3651 ars
3302 3601 3382 3652 est
3398 3612 3564 3668 quam

1958 3667 2067 3740 sibi
2087 3669 2295 3738 passim
2323 3681 2500 3740 omnes
2520 3668 2822 3740 uindicant,
2845 3675 2952 3722 etc.
2976 3669 3201 3740 ARursus
3244 3667 3301 3740 in
3331 3667 3560 3740 epistola

1959 3737 2030 3811 ad
2061 3737 2482 3811 Pammachium
2519 3739 2590 3794 de
2615 3737 2912 3811 erroribus
2957 3738 3208 3811 Origenis
3245 3737 3382 3796 haec
3419 3739 3564 3794 inter

1960 3809 2065 3865 alia
2103 3810 2297 3882 (Epist.
2337 3811 2426 3881 65)
2455 3828 2468 3863 :
2516 3814 2658 3882 Dum
2685 3826 2846 3866 essem
2873 3809 3113 3882 juvenis,
3142 3811 3281 3863 miro
3323 3811 3565 3866 discendi

1959 3879 2178 3948 ferebar
2191 3879 2417 3945 ardore,
2430 3897 2524 3935 nec
2529 3881 2704 3950 jua-ta
2721 3879 3080 3950 quorumdam
3093 3882 3563 3950 praesumptionem

1959 3953 2072 4074 ipse
2098 3968 2181 4007 me
2201 3952 2390 4019 docui;
2421 3947 2682 4036 et'subdit
2705 3947 3058 4022 postmodum
3083 3947 3113 4002 ξ
3130 3947 3277 4004 idem
3299 3947 3358 4002 se
3383 3947 3562 4004 adhuc

1986 4036 2180 4074 ecisse.
2205 4023 2337 4074 dum
2359 4037 2512 4074 canis
2539 4026 2893 4074 snaraerctur
2912 4024 3096 4074 caput.
3120 4025 3171 4073 et
3191 4022 3449 4074 putarent
3465 4019 3562 4072 Iw-

1986 4019 2180 4084 ecisse,
2205 4023 2337 4077 dum
2359 4025 2512 4078 canis
2539 4019 2893 4092 spargerctur
2912 4024 3096 4092 caput,
3106 4025 3171 4092 iet
3187 4019 3562 4092 putarentlw-

1960 4092 2122 4145 minis
2168 4092 2349 4160 ipsum
2378 4095 2539 4161 ﬁnem
2562 4089 2772 4159 'fecisse
2807 4089 3064 4161 discendi.
3095 4089 3364 4161 Similiter
3403 4089 3562 4145 divus

1969 4157 2308 4232 Augustinus
2351 4157 2629 4232 sermone,
2651 4160 2954 4232 centesimo
2979 4158 3309 4232 duodecimo
3333 4157 3403 4232 de
3422 4167 3564 4232 tem-

1969 4229 2145 4302 pore:
2191 4232 2341 4287 Sicut
2381 4247 2566 4294 electis,
2616 4231 2816 4302 inquit,
2863 4231 2978 4283 sine
3018 4229 3255 4298 ducto-re,
3294 4231 3371 4285 sic
3410 4231 3561 4289 homo

1964 4305 2080 4370 sine
2103 4303 2321 4358 doctore
2348 4303 2492 4356 viam
2518 4304 2718 4357 rectam
2739 4303 2839 4356 uia:
2867 4300 3140 4370 graditur.

2033 4367 2062 4405 δ
2087 4373 2260 4430 Divus
2309 4373 2682 4446 Hieronymus
2707 4389 2722 4428 :
2755 4367 2886 4430 Non
2904 4374 3047 4446 enim
3073 4374 3132 4446 in
3169 4374 3380 4430 homine
3404 4377 3555 4440 retas,

1959 4446 2054 4501 sed
2088 4447 2268 4502 virtus
2293 4443 2586 4517 spectanda
2611 4450 2708 4502 est.
2753 4447 2818 4502 Et
2859 4443 3048 4504 Cicero
3088 4445 3145 4502 in
3174 4449 3409 4504 Catone:
3439 4449 3558 4506 Non

1959 4520 2101 4582 cani,
2124 4517 2318 4591 inquit,
2341 4533 2447 4574 non
2469 4535 2623 4589 ruga:
2644 4523 2858 4589 repente
2883 4519 3262 4576 auctoritatem
3287 4519 3554 4590 afferunt;

1952 4591 2047 4646 sed
2056 4595 2192 4647 recte
2201 4596 2324 4647 acta
2336 4595 2469 4647 (etas
2476 4593 2821 4648 auctoritatis
2833 4593 3046 4658 fructus
3060 4593 3260 4661 pra-bet
3269 4597 3550 4648 extremos.

1953 4661 2201 4733 Viderint
2229 4662 2348 4718 haec
2373 4663 2616 4720 seniores
2638 4663 2744 4729 illi,
2773 4663 2867 4733 qui
2895 4663 3028 4733 solo
3070 4663 3366 4733 senectutis
3395 4662 3556 4733 titulo

1954 4731 2011 4806 in
2041 4733 2304 4806 religione
2337 4733 2665 4806 gloriantur,
2691 4731 2848 4806 quasi
2879 4731 3444 4806 religiosiorestquia
3467 4743 3554 4782 se-

1956 4796 2184 4876 niores':
2228 4796 2370 4876 quos
2409 4803 2500 4858 hic
2522 4796 2671 4876 certe
2696 4796 2883 4876 bbbas
2931 4796 3118 4854 Mbses
3154 4796 3394 4876 graviter
3430 4811 3556 4876 per-

1952 4864 2541 4944 stringitﬂamquod
2585 4871 2666 4944 ait
2692 4874 2767 4925 D.
2801 4864 3172 4944 Hieronymus
3198 4864 3400 4944 (Epist.
3424 4864 3554 4944 i3)_:

1952 4944 2074 4998 Non
2097 4935 2520 5008 "Hierosolymis
2573 4941 2765 5006 fuisse,
2825 4936 2918 5008 sed
2973 4935 3377 5008 Hierosolymis,
3419 4941 3558 4996 recte

1951 5014 2150 5066 eiecisse
2175 5005 2514 5064 laudandum
2535 5005 2632 5064 est.
2663 5008 2816 5063 Idem
2831 5006 2898 5081 _d_e
2913 5005 3178 5081 religione
3195 5015 3255 5081 et
3279 5007 3556 5081 religiosis

1953 5081 2061 5137 dici
2092 5087 2292 5152 potest.
2339 5081 2437 5152 list
2473 5085 2724 5152 senectus
2751 5075 2970 5152 quidem
2992 5075 3113 5152 {in
3141 5075 3414 5152 religione'
3430 5095 3554 5137 ma-

1954 5148 2122 5218 xime,
2153 5149 2468 5206 venerabilis
2495 5158 2552 5205 et
2587 5148 2926 5222 honorabilis
2951 5169 2963 5204 :
2992 5149 3112 5218 sed,
3141 5159 3206 5206 ut
3227 5148 3307 5206 ait
3333 5152 3555 5222 Sapiens

1956 5238 2082 5278 mox
2105 5221 2305 5306 citatus
2328 5223 2476 5306 :l‘Von
2490 5223 2624 5304 quia
2638 5221 2924 5306 diuturna,
2939 5221 3556 5306 autannorinnnumero

1953 5292 2402 5449 iiii-1".
2412 5293 3554 5449 έὲἐξεῗὲιτέῗὲἔὲῖέῗιὲῗίλέῗῗέωίωὲῗῗέἔέἔέἰ

1955 5437 2080 5494 boni
2104 5446 2160 5494 et
2189 5437 2342 5507 mali,
2370 5435 2543 5494 ut’ait
2582 5437 2882 5507 Apostolus
2910 5435 3050 5503 (haec
3077 5435 3223 5492 enim
3255 5453 3378 5495 vera
3409 5440 3557 5498 cani-

1957 5509 2080 5576 ties,
2107 5524 2234 5580 quae
2251 5515 2494 5564 mentem
2523 5511 2704 5572 ornat)
2734 5524 2748 5560 :
2773 5511 2825 5562 et
2849 5512 2983 5580 (etas
3011 5511 3296 5580 senectutis
3319 5513 3436 5566 vita
3463 5526 3557 5564 im-

1953 5579 2227 5636 maculata
2256 5581 2444 5646 (Hebr.
2473 5583 2554 5652 ν).
2587 5579 2844 5650 canities,
2871 5579 2947 5634 ait
2967 5579 3394 5652 Chrysostomus
3411 5583 3553 5649 (Ho-

1953 5653 2072 5708 mil.
2091 5657 2121 5706 7
2139 5655 2198 5706 in
2219 5654 2393 5722 Epist.
2417 5651 2494 5707 ad
2509 5653 2724 5720 Hebr.),
2745 5655 2871 5706 tunc
2885 5654 2963 5707 est
2975 5651 3318 5724 venerabilis,
3336 5651 3555 5724 quando

1953 5739 2017 5778 ea
2029 5725 2169 5792 gerit
2180 5739 2302 5794 qua:
2315 5725 2569 5779 canitiem
2579 5724 2764 5780 decent
2778 5742 2794 5789 ;
2811 5738 2930 5777 cum
2937 5722 3382 5792 verojuveniliter
3394 5737 3555 5780 sensa:

1954 5799 2314 5859 conversatur,
2341 5795 2468 5866 plus
2481 5795 2770 5865 jiwenibus
2798 5795 3062 5850 ridiculus
3081 5795 3204 5848 erit.
3226 5795 3572 5927 ﬂium;

1954 5866 2129 5924 stolus
2151 5879 2311 5924 senes
2336 5865 2482 5923 serio
2523 5866 2810 5927 admonet.
2844 5871 2907 5921 ut
2941 5865 3116 5920 sobrii
3164 5865 3296 5923 sint,
3456 5867 3548 5915 τοι,

1953 5866 2129 5924 stolus
2151 5879 2311 5924 senes
2336 5865 2482 5923 serio
2523 5866 2810 5936 admonet,
2844 5871 2907 5921 ut
2941 5865 3116 5920 sobrii
3164 5865 3296 5923 sint,
3343 5865 3548 5927 pudict,
