3982 6202
378 282 481 338 543

1464 279 1743 338 JOANNIS
1778 280 2081 342 CASSIANI
2118 283 2605 343 COLLATIONES.

3581 283 3691 341 ὅθ

380 414 480 473 sed
514 413 777 472 industria
823 413 1118 488 juventutis
1157 426 1224 470 ac
1275 411 1679 485 praeteritorum
1723 410 1974 469 laborum
2003 417 2057 482 Α
2082 412 2152 470 ad
2181 413 2346 470 vitam
2377 409 2748 485 perfectionis,
2774 407 2856 466 vel
2881 406 2992 465 suis
3018 406 3100 464 vel
3136 404 3371 462 aliorum
3394 411 3696 477 potuerunt

381 507 670 582 stipendiis
716 508 1025 566 metiendaa.
1048 512 1073 543 ³
1125 510 1257 577 Qua:
1294 510 1435 563 enim
1475 521 1582 563 non
1624 511 1979 579 congregasti,

385 602 581 673 inquit,
629 605 688 658 in
705 602 1008 673 juventute,
1060 601 1319 672 quomodo
1360 602 1594 657 invenies
1637 604 1694 657 in
1720 608 1984 675 senectute

386 698 483 753 tua
512 696 676 764 (Eccl.
713 695 853 767 xxv)
874 698 903 752 ?
940 698 1193 753 Senectus
1218 697 1359 751 enim
1397 696 1720 751 venerabilis
1752 701 1849 761 est,
1876 712 1985 753 non

385 790 672 852 diuturna,
720 806 889 860 neque
914 805 1137 846 numero
1172 806 1441 846 annorum
1477 795 1800 862 computata.
1852 793 1990 851 Cani

323 936 338 953 ,
386 886 525 939 enim
551 887 679 938 sunt
706 898 891 940 sensus
919 886 1173 949 hominis,
1202 890 1255 941 et
1284 890 1418 941 (etas
1440 888 1724 942 senectutis
1748 889 1869 942 vita
1888 889 1989 942 im-

384 979 650 1035 maculata
677 980 937 1051 (Sapient.
975 979 1082 1053 Iv).
1118 982 1191 1037 Et
1229 978 1433 1037 idcirco
1472 996 1586 1038 non
1614 981 1868 1039 omnium
1895 997 1987 1040 se-

384 1072 630 1145 niorum,
694 1090 931 1147 quorum
995 1076 1175 1149 capita
1243 1076 1468 1133 canities
1519 1076 1679 1150 tegit,
1738 1093 1987 1151 quosque

387 1167 515 1225 vita:
535 1168 849 1243 longaevitas
876 1172 990 1227 sola
1017 1170 1389 1239 commendat,
1416 1170 1579 1228 nobis
1607 1180 1734 1229 sunt
1761 1172 1988 1229 imitan-

386 1262 456 1320 da
492 1264 722 1335 vestigia
751 1264 834 1321 vel
864 1265 1145 1333 sectanda,
1185 1280 1282 1322 seu
1309 1264 1631 1322 traditiones
1665 1280 1730 1322 ac
1776 1266 1986 1323 monita

387 1356 751 1429 suscipienda,
790 1350 819 1390 δ
864 1358 961 1415 sed
1002 1374 1194 1417 eorum
1236 1374 1375 1431 quos
1427 1357 1770 1417 laudabiliter
1816 1360 1987 1417 vitam

385 1465 544 1509 suam
572 1468 640 1508 ac
685 1452 1068 1525 probatissime
1091 1455 1463 1526 comperimus
1511 1454 1567 1510 in
1590 1454 1878 1526 juventute
1905 1454 1988 1511 si-

388 1562 605 1619 gnasse,
631 1563 732 1603 nec
753 1548 1275 1622 prmsumptionibus
1302 1549 1563 1621 propriis,
1591 1548 1688 1605 sed
1715 1549 1987 1620 maiorum

388 1639 772 1696 traditionibus
801 1642 1103 1699 institutos.
1128 1642 1269 1698 Sunt
1289 1642 1435 1698 enim
1457 1641 1724 1709 nonnulli,
1752 1658 1992 1714 quorum

389 1733 573 1801 etiam,
603 1733 751 1806 quod
778 1743 859 1792 est
884 1736 1189 1809 lugubrius,
1223 1736 1398 1809 major
1430 1745 1514 1793 est
1540 1736 1868 1805 multitudo,
1896 1741 1991 1812 qui

2092 506 2312 564 monitis
2355 506 2592 576 incitari,
2654 503 2970 561 subvertere
3013 516 3079 558 ac
3131 500 3379 572 decipere
3430 501 3695 574 exemplis

2091 617 2288 659 eorum
2307 598 2651 659 fraudulenta
2674 597 2971 657 subtilitate
2991 594 3239 663 festinat;
3261 594 3345 651 vel
3368 595 3425 651 in
3442 602 3692 667 teporem

2093 710 2208 765 eos,
2238 694 2444 752 scilicet
2482 694 2738 762 noxium,
2766 691 2849 748 vel
2882 691 2937 747 in
2965 688 3220 747 lethalem
3256 687 3695 761 desperationem

2092 804 2287 853 eorum
2326 788 2594 846 doctrinis
2632 785 3000 858 institutisque
3045 782 3366 856 perducens,
3409 785 3578 858 Cujus
3614 785 3696 844 rei

2094 888 2279 945 volens
2300 884 2547 960 proferre
2574 884 2728 942 vobis
2752 884 3021 957 exempla,
3042 866 3283 940 auctoris
3308 884 3536 942 nomine
3560 902 3697 959 pm

2093 988 2345 1047 termisso
2369 987 2457 1061 (ne
2491 1002 2596 1044 nos
2622 999 2844 1060 quoque
2865 984 3009 1044 illius
3034 985 3130 1057 qui
3158 982 3425 1057 patefacta
3449 984 3553 1042 sibi
3590 984 3700 1044 fra-

2093 1090 2194 1147 tris
2226 1088 2356 1146 vitia
2380 1086 2692 1161 publicavit,
2723 1084 2898 1143 simile
2924 1084 3124 1158 aliquid
3152 1084 3546 1154 admittamus),
3570 1101 3695 1144 rem

2096 1198 2308 1247 tantum
2330 1195 2560 1261 gestam,
2603 1201 2725 1260 quae
2764 1186 3182 1267 instructionem
3209 1185 3569 1244 necessariam
3605 1203 3698 1245 vo-

2094 1288 2180 1345 bis
2216 1286 2464 1345 conferre
2505 1288 2698 1360 possit,
2745 1286 2931 1361 paucis
2971 1301 3267 1359 exponam.
3305 1272 3497 1342 dCum
3525 1285 3697 1358 igitur

2095 1386 2164 1444 ad
2181 1401 2368 1443 senem
2405 1384 2705 1459 quemdam
2731 1383 2890 1440 nobis
2918 1383 3124 1455 optime
3147 1382 3432 1455 cognitum
3465 1381 3693 1455 quidam

2093 1502 2206 1541 non
2241 1484 2717 1559 ignavissimorum
2738 1484 3004 1558 juvenum
3040 1482 3323 1556 profectus
3346 1482 3432 1540 sui
3464 1491 3520 1539 et
3545 1498 3695 1540 cura-

2096 1586 2261 1644 tionis
2307 1586 2480 1660 gratia
2521 1585 2864 1659 perrexisset,
2917 1588 3018 1641 et'
3058 1582 3368 1641 carnalibus
3415 1582 3698 1640 incentivis

2099 1701 2162 1742 ac
2207 1683 2583 1741 fornicationis
2610 1683 2802 1757 spiritu
2842 1681 3204 1754 semetipsum
3243 1680 3524 1754 inquietati
3564 1680 3702 1737 sim-

2100 1782 2314 1856 pliciter
2362 1779 2711 1855 prodidisset,
2751 1778 3188 1836 consolationem
3224 1775 3448 1832 credens
3488 1773 3700 1831 labori-

385 1827 447 1938 ί¹ξ
470 1835 658 1936 ’θνίῖτθ
683 1843 784 1937 ³³9
810 1845 976 1903 qm
996 1830 1067 1888 ab
1088 1829 1459 1938 ⁸ί¹⁰¹θ⁶⁰θ¹¹ίὶ⁸
1483 1846 1581 1888 ⁸⁸³
1601 1842 1988 1938 °‘?f‘f’°l’.°'“""
2021 1849 2068 1912 Β
2102 1827 2347 1938 illiilli}...
2365 1827 3693 1937 ῖτᾎῖἕξέἐζέηἷξῖεἷὲἒῌθῖιῖζίιζὰἕέιὲἷνιᾷῐεῖἐιξίζ

392 1930 557 1996 atque
583 1924 803 1997 ignavia
831 1934 1191 1996 senescentes,
1220 1927 1604 1985 auctoritatem
1619 1928 1725 1986 sibi
1748 1944 1861 1987 non
1885 1946 1997 1989 ma-

389 2016 612 2075 turitate
636 2034 881 2088 morum,
912 2019 1008 2078 sed
1031 2036 1304 2078 annorum
1331 2022 1728 2079 numerositate
1760 2024 1996 2097 conqui-

389 2119 525 2167 runt
544 2113 708 2178 (Vide
722 2114 898 2170 collat.
918 2119 1008 2178 24,
1029 2131 1074 2171 c.
1108 2119 1179 2183 1).
1202 2118 1283 2171 De
1301 2115 1505 2187 quibus
1520 2116 1878 2188 exprobratio
1902 2118 1995 2175 illa

393 2206 618 2267 Domini
635 2208 854 2279 proprie
869 2207 1006 2266 satis
1015 2207 1273 2281 dirigitur
1281 2224 1378 2282 per
1388 2207 1742 2281 Prophetam,
1758 2214 1999 2267 Etcome-

392 2300 767 2361 deruntalieni
783 2303 949 2359 robur
962 2303 1154 2374 ejus,et
1168 2306 1281 2375 ipse
1294 2307 1539 2375 nescivit;
1553 2306 1647 2362 sed
1656 2309 1707 2361 et
1719 2308 1843 2361 cani
1852 2306 1998 2377 επα-

393 2398 447 2453 si
458 2400 587 2452 sunt
608 2398 669 2453 in
685 2413 764 2461 eo,
792 2402 842 2455 et
864 2400 979 2470 ipse
990 2400 1267 2468 ignoravit
1287 2399 1426 2471 (Ose.
1445 2404 1581 2468 vn).
1614 2401 1754 2471 Hos,
1771 2401 1999 2473 inquam

394 2488 453 2547 in
471 2492 787 2566 exemplum
808 2492 1140 2567 junioribus,
1163 2510 1277 2551 non
1312 2494 1438 2554 vitae
1464 2495 1722 2568 probitas,
1755 2511 1859 2554 nec
1886 2497 1997 2554 ulla

392 2584 659 2657 propositi
694 2584 856 2659 hujus
894 2586 1184 2644 laudabilis
1218 2595 1382 2661 atque
1409 2588 1674 2646 imitanda
1701 2588 1996 2659 districtio,

392 2680 488 2739 sed
517 2681 795 2740 annositas
818 2683 935 2741 sola
971 2684 1243 2757 provexit.
1284 2684 1539 2755 Quorum
1578 2683 1831 2742 canitiem
1861 2686 1999 2743 calli-

394 2773 652 2833 dissimus
710 2776 991 2845 inimicus,
1050 2778 1123 2836 ad
1169 2778 1552 2852 deceptionem
1601 2780 1886 2853 juniorum
1941 2780 2002 2837 in

394 2870 420 2901 °
442 2870 795 2945 prajudicata
830 2872 1153 2931 auctoritate
1180 2888 1513 2947 proponens,
1554 2873 1717 2930 etiam
1744 2873 1865 2931 illos
1904 2874 1996 2947 qui

2101 1982 2205 2040 bus
2227 1991 2599 2056 reperturum,
2629 1981 2721 2039 ille
2747 1977 3107 2039 amarissimis
3146 1992 3271 2034 eum
3293 1973 3471 2034 verbis
3505 1976 3697 2032 incre-

2100 2097 2256 2154 pans,
2276 2079 2647 2139 miserabilem
2673 2087 2729 2135 et
2746 2077 3053 2152 indignum,
3071 2092 3172 2133 nec
3196 2072 3450 2131 monachi
3469 2073 3706 2130 nomine

2101 2182 2432 2240 censendum
2461 2195 2580 2238 esse
2599 2179 2979 2253 pronuntians,
3004 2176 3099 2249 qui
3128 2175 3369 2250 potuerit
3383 2172 3705 2247 hujusmodi

2100 2281 2231 2339 vitio
2258 2289 2314 2339 et
2360 2279 2802 2356 concupiscentia
2837 2276 3080 2345 titillari,
3111 2275 3187 2331 ita
3232 2274 3347 2331 suis
3392 2272 3703 2330 econtrario

2102 2382 2540 2455 correptiouibus
2582 2376 2902 2446 vulneravit,
2933 2385 2997 2433 ut
3023 2390 3151 2432 eum
3195 2388 3415 2431 summa
3443 2372 3703 2446 despera-

2100 2480 2248 2538 tione
2295 2479 2575 2552 dejectum
2620 2485 2993 2551 mmstumque
3040 2472 3345 2532 admodum
3392 2486 3455 2528 ac
3509 2469 3702 2527 lethali

2102 2576 2323 2635 tristitia
2363 2584 2768 2634 consternatum
2797 2591 2830 2633 e
2865 2591 2964 2633 sua
2996 2572 3299 2631 dimitteret
3320 2570 3482 2628 cella.
3522 2570 3707 2627 Cum-

2103 2693 2211 2753 que
2237 2678 2285 2734 ei
2314 2677 2371 2734 in
2395 2677 2486 2734 tali
2517 2692 2762 2734 mmrore
2787 2675 3068 2748 depresso,
3100 2688 3202 2731 nec
3223 2673 3342 2746 jam
3365 2672 3436 2729 de
3455 2670 3711 2729 remedio

2106 2774 2393 2849 passionis,
2448 2774 2546 2832 sed
2605 2774 2674 2832 de
2717 2773 3023 2847 expletione
3071 2778 3358 2842 concepta:
3409 2768 3717 2841 concupis-

2107 2874 2300 2931 centiae
2376 2872 2650 2947 profunda
2709 2871 3042 2944 cogitatione
3103 2869 3381 2937 tractanti,
3419 2862 3438 2901 ί
3508 2867 3716 2927 Abbas

1491 2998 1746 3055 ALARDI
1784 3000 2007 3056 GAZJEI
2046 2998 2602 3056 COMMENTARIUS.

391 3102 704 3177 prudentes,
726 3106 1077 3177 sani‘inﬁde,
1096 3106 1155 3159 in
1177 3105 1477 3169 dilectione,
1497 3108 1557 3160 in
1569 3109 1840 3177 patientia
1858 3110 1987 3174 (Tit.

398 3173 481 3242 ιι).
528 3176 596 3227 Et
640 3182 821 3251 acute_
843 3173 978 3251 dixit
1006 3178 1209 3251 Seneca
1239 3177 1433 3248 (Epist.
1474 3173 1690 3251 4),—vix
1736 3173 1993 3251 appellari

398 3256 560 3313 posse
573 3258 742 3322 senes
767 3244 912 3322 illos,
943 3246 1000 3322 in
1038 3244 1255 3318 quibus"
1277 3244 1465 3322 exacta
1500 3249 1618 3322 jam
1645 3244 1877 3322 pueritia
1905 3266 1995 3306 re-

398 3321 609 3388 manet,
644 3315 793 3388 quod
822 3317 1041 3388 gravius
1053 3315 1172 3384 'est,
1198 3320 1493 3388 puerilitas.

474 3387 509 3464 ‘_
523 3386 787 3459 Egregius
805 3386 889 3444 est
909 3389 1060 3446 locus
1083 3386 1467 3458 Ecclesiastici,
1491 3392 1676 3464 plures
1695 3392 1994 3449 sententias

407 3454 601 3536 eodem
650 3454 975 3536 spectantes,
1026 3472 1083 3536 et
1133 3454 1517 3536 concatenatas
1575 3465 1991 3536 complectens:

398 3528 631 3601 proinde
658 3528 810 3587 totus
852 3528 1337 3591 hic’referendus:
1373 3538 1519 3598 Tres,
1551 3528 1751 3606 inquit,
1891 3539 1995 3591 cies

398 3600 567 3656 odivit
596 3605 779 3657 anima
805 3619 943 3660 mea.
988 3609 1039 3659 et
1078 3621 1345 3660 aaaravor
1378 3607 1535 3660 valde
1560 3608 1755 3660 anima:
1782 3552 1995 3660 illis-um

1078 3621 1345 3661 αααταυοτ
1378 3621 1535 3660 valde
1560 3621 1755 3660 anima:
1782 3621 1998 3661 tuorum

398 3622 567 3656 oaivu
596 3622 779 3657 anima
805 3622 943 3672 mea,
988 3622 1039 3659 et
1078 3622 1146 3674 ag
1215 3622 1345 3661 avor
1378 3622 1535 3660 valde
1560 3622 1755 3660 anima:
1782 3622 1998 3661 tuorum

398 3673 523 3743 (pro
540 3688 651 3743 quo
680 3679 750 3729 70
776 3692 788 3728 :
811 3677 883 3730 Et
911 3678 1093 3745 gravis
1230 3676 1386 3731 valde
1405 3678 1533 3731 vita:
1554 3677 1824 3741 illorum):
1847 3680 2000 3732 Pau-

392 3759 577 3827 perem
603 3746 914 3815 superbum,
936 3747 1159 3828 divitem
1176 3748 1501 3811 mendacem,
1518 3761 1694 3802 senem
1708 3749 1928 3815 fatuum
1947 3753 1999 3804 et

397 3820 747 3889 insensatum.
783 3818 913 3885 Qua:
953 3820 1014 3872 in
1036 3823 1322 3888 Juventute
1350 3824 1450 3874 tua
1490 3834 1597 3873 non
1630 3822 1995 3889 congregasti,

734 3860 747 3871 .
785 3860 910 3885 κπνν
957 3860 1014 3872 ...
1036 3860 1319 3887 Juvenum,
1350 3860 1450 3874 ...νυ
1493 3860 1597 3873 ..νη
1630 3860 1995 3887 κινηυιυυωνυν,

400 3888 661 3961 quomodo
680 3891 740 3961 in
768 3893 1031 3945 senectute
1058 3894 1152 3945 tua
1189 3892 1465 3947 invenies?
1507 3891 1676 3958 Quam
1704 3888 1997 3961 speciosum

630 3959 926 4028 judicium,
947 3966 999 4016 et
1012 3963 1344 4032 presbyteris
1361 3977 1666 4032 cognoscere
1683 3959 1997 4018 consilium!

399 4031 571 4104 Quam
595 4033 832 4102 speciosa
861 4031 1128 4088 veteranis
1156 4031 1451 4104 sapientia,
1477 4038 1527 4089 et
1553 4034 1795 4103 gloriosis
1826 4035 1999 4089 intel-

399 4102 581 4177 leetus,
621 4108 673 4177 et
700 4105 1021 4159 consilium!
1044 4102 1246 4162 Coroni:
1275 4120 1459 4160 senum
1496 4102 1672 4161 multa
1692 4108 1917 4177 peritia,
1947 4110 1999 4161 et

400 4170 583 4242 gloria
606 4175 821 4230 illorum
851 4178 1013 4231 timor
1038 4179 1155 4232 Dei.

470 4244 497 4320 ιζ
539 4245 697 4301 Tales
741 4247 819 4320 illi
856 4262 1012 4303 senes
1057 4262 1182 4306 vere
1209 4247 1465 4320 religiosi,
1500 4255 1556 4305 et
1598 4264 1710 4305 non
1746 4256 1868 4320 tam
1907 4261 1998 4320 ca-

399 4313 531 4394 nitie
557 4330 723 4394 quam
752 4313 1516 4394 virtute_venerandi,_'immo
1560 4319 1903 4394 admirandi,
1929 4318 1999 4394 de

400 4383 600 4462 quibus
625 4386 866 4462 Joannes
891 4388 1176 4462 Climacus
1194 4383 1368 4462 gradu
1395 4398 1428 4445 4
1459 4411 1470 4445 :
1506 4390 1762 4459 Plurimi,
1799 4383 1995 4460 inquit.

400 4453 779 4530 apud‘sanctos
802 4457 922 4530 illos
947 4459 1101 4530 _viros
1140 4453 1454 4530 deprehensi
1474 4465 1602 4515 sunt
1627 4453 1772 4525 actu,
1802 4465 1855 4516 et
1874 4453 2000 4530 spe-

400 4524 683 4595 ctdatione,
712 4525 1156 4595 districtioneque
1174 4524 1224 4582 et
1248 4529 1556 4584 humilitate
1580 4524 1879 4586 mirabiles.
1901 4524 2001 4587 ’νί-

400 4594 550 4670 deres
568 4596 626 4647 in
645 4597 721 4650 eis
746 4597 990 4670 terribile
1007 4594 1299 4670 quoddam,
1324 4600 1724 4670 angelicumque
1736 4606 2003 4670 spectacu-

400 4667 530 4729 lum,
552 4681 699 4722 senes
717 4669 913 4723 canitie
930 4669 1209 4733 verendos,
1226 4671 1541 4739 augustiore
1551 4667 1693 4738 facie
1704 4667 2002 4738 infantium

401 4741 460 4814 in
482 4754 683 4795 morem
703 4739 1149 4814 adobediendum
1176 4732 1382 4812 semper
1395 4732 1616 4812 paratos
1647 4744 1748 4797 huc
1762 4732 2005 4814 illucque
2032 4732 2083 4794 D

397 4811 715 4876 discurrere,
734 4812 1073 4883 gloriamque
1087 4814 1199 4868 sibi
1204 4811 1510 4868 maximam
1520 4829 1619 4884 per
1639 4811 2003 4875 humilitatem

398 4899 724 5009 armigeram.
756 4884 891 4941 Vidi
914 4885 1027 4969 illic
1048 4887 1193 4941 viros
1206 4887 1612 4957 quinquaginta
1630 4888 1745 4954 fere
1760 4902 1929 4942 annos
1945 4889 2005 4941 in

399 4970 429 5009 ο
534 4960 715 5010 tentus
741 4961 1032 5012 certamme
1068 4960 1255 5027 egisse,
1293 4974 1330 5012 a
1357 4958 1555 5028 quibus
1579 4973 1697 5013 cum
1721 4959 2005 5014 addiscere

398 5040 638 5102 orarem,
653 5041 819 5102 quam
838 5041 906 5081 ea:
926 5029 1105 5102 labore
1131 5032 1235 5086 isto
1252 5030 1679 5101 consolationem,
1697 5047 1854 5101 quem
1871 5046 2007 5102 pro-

397 5096 598 5176 tectum
614 5098 939 5176 invenissent
951 5118 967 5163 ;
979 5101 1085 5176 alii
1096 5102 1314 5176 quidem
1330 5103 1389 5154 in
1407 5096 1673 5176 abyssum
1681 5096 2005 5176 humilitatis

390 5170 512 5236 jam
537 5183 594 5224 se
631 5170 939 5243 pervenisse
984 5170 1248 5234 dicebant,
1283 5186 1388 5242 per
1414 5170 1579 5243 quam
1614 5175 1808 5229 bellum
1851 5190 2004 5229 omne

398 5253 605 5310 semper
625 5238 970 5294 excluderent
986 5255 1049 5293 ac
1070 5238 1534 5310 superarent;alii
1559 5260 1771 5300 sensum
1793 5260 2005 5300 omnem

401 5309 600 5385 laboris
615 5314 672 5385 et
676 5311 878 5385 doloris
889 5312 955 5385 in
956 5309 1253 5385 maledictis
1272 5319 1323 5368 et
1340 5316 1672 5385 contumeliis
1696 5330 1752 5369 se
1766 5319 2005 5385 perfecte

399 5382 611 5434 exuisse
634 5379 900 5435 dicebant.
930 5381 1065 5436 Vidi
1080 5384 1213 5438 alios
1232 5399 1301 5438 ea:
1316 5382 1430 5439 illis
1445 5390 1642 5440 (sterne
1650 5379 2005 5439 meniorandis

398 5451 566 5526 viris,
582 5451 826 5526 angelico,
846 5457 1085 5522 aspectu,
1134 5457 1544 5524 venerandaque
1571 5457 1769 5510 canitie
1791 5456 1865 5511 ad
1877 5472 2007 5526 pro-

397 5522 785 5597 fundissimam
805 5525 1183 5589 innocentiam,
1202 5522 1707 5597 simplicitatemque
1724 5522 2006 5597 sapientiae

392 5594 782 5669 plenissimam,
805 5610 1019 5651 summa
1040 5594 1324 5653 alacritate
1336 5599 1604 5669 propositi
1613 5594 1823 5669 Deique
1845 5599 2007 5668 adju-

399 5667 536 5719 torio
562 5667 865 5735 quasitam,
889 5682 996 5722 non
1020 5667 1445 5724 irrationabilem
1463 5667 1773 5735 quamdam,
1796 5674 1847 5724 et
1866 5667 2006 5726 insi-

394 5736 604 5807 pidam.
623 5742 687 5792 ut
702 5741 759 5793 in
773 5740 959 5793 saeculi
969 5741 1185 5796 senibus
1196 5742 1463 5810 contingit
1473 5736 1675 5810 (quales
1690 5742 1888 5797 deliros
1910 5758 2006 5797 vo-

398 5824 518 5882 care
533 5810 744 5882 solent),
758 5812 1082 5882 pervenisse,
1099 5814 1432 5867 extrinsecus
1449 5812 1668 5881 quidem
1679 5816 1835 5869 mites
1849 5817 2003 5882 totos,

399 5880 644 5947 blandos,
664 5881 947 5953 placidos,
968 5884 1135 5947 laetos,
1157 5884 1300 5937 nihil
1315 5880 1525 5954 ﬁctum,
1547 5886 1695 5941 nihil
1706 5880 2003 5956 negligens,

2099 3108 2242 3162 nihil
2256 3108 2660 3174 adulterinum,
2676 3108 2734 3161 in
2743 3108 2861 3162 suis
2873 3104 3055 3161 verbis
3065 3108 3163 3160 aut
3177 3104 3415 3159 moribus
3433 3102 3717 3166 habentes,

2100 3196 2220 3235 rem
2242 3180 2459 3251 quidem
2479 3195 2600 3250 quae
2624 3180 2683 3232 in
2704 3180 2893 3249 paucis
2915 3176 3223 3251 invenitur};
3245 3177 3471 3251 interius
3491 3188 3613 3228 vero
3636 3177 3723 3229 in

2101 3248 2286 3307 anima
2308 3248 2684 3321 Deum’ipsum
2706 3248 2772 3304 ac
2791 3250 3083 3320 praelatum
3104 3250 3406 3321 infantium
3426 3248 3483 3300 in

2027 3325 2073 3390 C
2102 3324 2411 3387 ambientes,
2434 3318 2729 3391 mentisque
2749 3318 2915 3376 aciem
2939 3320 3194 3375 adversus
3499 3322 3548 3372 et
3567 3318 3726 3372 vitia

2103 3395 2364 3466 audacem
2402 3388 2879 3466 ﬁrmissimamque
2917 3391 3271 3466 intendentes.
3313 3389 3401 3466 $ic
3433 3388 3726 3466 il_|_e_sen‘es

2105 3481 2230 3536 vere
2266 3458 2549 3536 religiosos
2574 3458 2869 3536 imitandos
2895 3470 2952 3536 et
2978 3460 3278 3536 audiendos
3309 3458 3575 3536 describit.
3617 3460 3727 3515 De

2104 3535 2313 3593 honore
2346 3529 2401 3591 et
2425 3535 2770 3591 veneratione
2797 3532 3102 3590 senioribus
3134 3529 3438 3589 exhibenda
3459 3545 3522 3585 ex
3550 3543 3727 3600 prm-

2104 3608 2311 3679 scripto
2353 3609 2574 3678 Regula:
2609 3609 2681 3679 _D.
2724 3604 3026 3673 Benedicti,
3069 3603 3194 3661 vide
3228 3606 3725 3660 Turrecrematum

2105 3676 2264 3734 tract.
2291 3683 2360 3732 50
2383 3676 2457 3733 in'
2468 3676 2738 3733 eamdem.

2175 3758 2198 3785 θ
2224 3752 2296 3803 Ι).
2322 3748 2697 3817 Hieronymus
2719 3747 2774 3802 in
2799 3763 2918 3817 cap.
2944 3762 2968 3803 ι
2995 3747 3152 3817 epist.
3179 3743 3247 3801 ad
3272 3744 3453 3817 Galat.
3480 3746 3733 3815 :Neque

2102 3836 2224 3875 vero
2246 3835 2388 3875 more
2415 3816 2769 3888 Pythagorico
2796 3816 3068 3889 quidquid
3097 3816 3468 3889 responderant
3498 3820 3731 3889 recttzm

2100 3892 2353 3962 putabat,
2375 3886 3343 3962 nec—sine’rationeprwjudicataapud
3357 3901 3472 3940 eam
3485 3886 3734 3947 valebat

2104 3959 2416 4019 auctoritas.
2438 3965 2517 4017 Ita
2536 3959 2860 4033 Hieronyni.
2880 3959 3247 4033 Prwjudicata
3266 3959 3446 4028 itaque
3470 3962 3735 4014 auctori-

2107 4039 2236 4099 tate,
2268 4034 2325 4090 id
2365 4041 2470 4099 est,
2498 4033 2640 4089 male
2680 4031 3021 4105 prmsumpta
3038 4031 3111 4105 ob
3144 4031 3319 4086 solam
3345 4035 3729 4095 senecmtem,

2107 4106 2250 4162 sicut
2273 4105 2420 4161 enim
2438 4120 2599 4161 causa
2619 4103 2967 4176 praejudicata
2991 4103 3194 4159 dicitur
3221 4117 3346 4183 quae
3373 4117 3409 4228 ἲ

2108 4176 2363 4228 oninione
2385 4176 2644 4228 damnata
2694 4183 2795 4228 est.
2845 4182 2971 4228 ante
3018 4181 3344 4228 sententiam
3404 4192 3409 4227 λ

2108 4176 2363 4249 opinione
2385 4176 2663 4249 damnata
2694 4183 2795 4242 est,
2832 4176 3344 4249 _autehsententiam
3384 4176 3609 4249 la_tam_;_
3634 4176 3731 4229 sic

2107 4241 2400 4320 auctoritas
2439 4246 2788 4320 praejudicata
2831 4247 2918 4302 hic
2964 4245 3166 4320 dicitur
3212 4259 3380 4317 quam
3417 4241 3610 4320 insulsi
3640 4253 3733 4320 _et

2105 4317 2390 4393 irreligiosi
2418 4313 2577 4393 senes
2624 4317 3072 4393 so_|_a_se_nectutis_
3104 4313 3340 4393 obtentu
3359 4313 3489 4393 _sibi
3531 4313 3736 4393 vingi-

2104 4382 2289 4473 θεηεοῖ
2313 4390 2630 4472 quo_etiam
2667 4387 2914 4473 diabolus
2952 4387 3185 4473 subinde
3221 4386 3466 4443 abutitur
3503 4382 3570 4441 ad
3607 4384 3735 4442 de-

2105 4459 2409 4532 ceptionem
2437 4459 2738 4527 'uniorum,
2763 4468 2825 4516 ut
2849 4460 2941 4515 hic
2959 4459 3174 4515 dicitur.

2110 4603 2123 4611 _
2176 4521 2407 4611 {liam}
2422 4475 2527 4611 illoc
2535 4531 2851 4611 exemplum
2866 4540 2922 4587 et
2938 4528 3379 4611 aliehujusrnodi
3395 4530 3537 4611 lectu
3550 4526 3735 4611 digna

2107 4603 2164 4682 i_n
2191 4602 2335 4682 Vitis
2347 4600 2775 4682 _Patrum_lib:'v_
2782 4619 2947 4682 _novaa
2969 4600 3503 4682 edit.._,'l_ibel._v,_qui
3519 4608 3616 4682 est
3650 4600 3736 4682 de

2109 4673 2488 4746 fornicatione.
2509 4672 2828 4730 Videsimile
2847 4673 2991 4746 apud
3001 4673 3308 4746 Palladium
3312 4672 3373 4746 in
3385 4672 3505 4746 Vita
3519 4672 3731 4746 Mosis.

2182 4749 2207 4779 ⁸
2227 4744 2375 4801 Infra
2395 4747 2790 4803 Incentivorum
2819 4740 3075 4801 stimulis.
3111 4747 3192 4801 Ita
3232 4743 3492 4802 Sidonius
3520 4740 3613 4797 lib.
3656 4760 3735 4800 γι

3413 4110 3730 4184 reesumpta

2112 4816 2326 4890 epistol.
2351 4824 2403 4890 _t
2445 4815 2747 4890 carnalium
2778 4816 3033 4874 vitiorum
3072 4816 3340 4890 incentiva
3378 4813 3538 4890 dixit.
3573 4814 3736 4870 Am-
3832 4844 3841 4852 ~

2111 4884 2324 4945 brosius
2351 4887 2445 4944 lib.
2490 4905 2550 4945 v1
2590 4889 2996 4957 Hexaemeron,
3035 4887 3287 4944 odiorum
3322 4884 3629 4957 incentiva;
3669 4895 3735 4942 et

2111 4960 2168 5014 in
2190 4960 2466 5032 psalmum
2502 4973 2727 5026 cxvm,
2755 4956 3081 5032 delictorum
3100 4957 3410 5032 incentiva.
3442 4956 3737 5032 Hierony-

2111 5026 2336 5109 musad
2367 5032 2733 5109 Nepotianum
2765 5038 2822 5085 et
2853 5030 2924 5109 ad
2955 5030 3265 5109 Rusticum,
3297 5026 3738 5109 pubertetis_in-

2111 5102 2342 5168 centiva,
2388 5096 2624 5159 carnalia
2670 5101 2959 5169 incentiva,
2998 5096 3396 5157 incentivorum
3433 5096 3733 5169 stimulos.

2111 5176 2286 5231 Porro
2313 5175 2581 5241 incentor,
2630 5172 2867 5230 incentio
2903 5181 2961 5229 et
2990 5172 3344 5235 incentivum,
3381 5168 3583 5226 non'ab
3605 5169 3739 5241 _in-

2111 5244 2307 5320 eendo,
2332 5252 2395 5320 ut
2418 5245 2535 5320 vult
2563 5238 2806 5320 Isidorus
2829 5246 2962 5312 (Lib.
2987 5260 3028 5301 ι
3048 5243 3282 5320 Etymol.
3314 5245 3398 5298 lit.
3428 5246 3503 5309 1);
3654 5242 3738 5298 ab

2113 5311 2317 5387 incino',
2358 5316 2626 5387 incinere,
2663 5311 3003 5383 derivantur,
3048 5311 3203 5387 quod
3240 5322 3331 5387 est
3358 5328 3484 5369 cum
3531 5311 3742 5381 aliqua

2112 5385 2726 5452 modulatione.canere,
2777 5388 2861 5443 vel
2900 5385 3084 5455 alicui;
3130 5386 3279 5443 velut
3318 5385 3374 5440 in
3411 5396 3600 5455 aurem
3629 5398 3743 5441 ca-

2111 5472 2242 5536 nere
2268 5456 2338 5536 ed
2366 5457 2797 5536 demulcendum
2820 5458 2905 5514 vel
2934 5453 3575 5536 in_citar_idum,_ut_s_olent
3598 5455 3742 5536 mi-

2114 5529 2233 5584 lites
2268 5527 2578 5586 incentione
2608 5528 2869 5586 tubarum
2931 5528 3003 5586 ad
3045 5528 3249 5585 bellum
3297 5526 3538 5593 incitari,
3570 5526 3744 5584 unde

2111 5598 2577 5671 frequentativum
2618 5601 2860 5670 incauto,
2904 5600 3231 5657 incantator.
3262 5602 3453 5671 Itaque
3494 5598 3743 5653 incentio

2113 5669 2254 5744 vum
2290 5669 2614 5744 idemquod
2633 5669 3071 5740 incitamentum,
3100 5672 3183 5727 vel
3213 5669 3648 5744 irritamentum,
3673 5677 3738 5724 et

2113 5743 2384 5815 incentor,
2408 5742 2466 5800 id
2481 5741 2597 5811 'est,
2629 5744 2909 5811 incitator,
2946 5745 3252 5815 instigator,
3289 5758 3404 5798 non
3443 5741 3731 5815 incensor,

2112 5814 2216 5886 nisi
2242 5813 2611 5886 metaphorice
2635 5816 2791 5883 (Gell.
2817 5818 2967 5873 Noct.
3000 5813 3171 5872 Attio.
3196 5816 3475 5886 l.rvrcap.
3508 5813 3603 5886 t3),

2188 5878 2424 5943 ‘Claru's
2463 5887 2555 5943 hic
2593 5878 2654 5942 et
2691 5886 2924 5944 celebris
2964 5888 3109 5944 inter
3137 5878 3480 5959 antiquiorés
3512 5878 3735 5941 et'illu-
