3982 6202
309 307 409 360 545

1365 299 1700 356 COLLATIO
1739 302 1804 354 ll.
1844 329 1916 339 -—
1954 301 2044 354 DE
2081 301 2548 358 DISCRETIONE.

3511 321 3614 373 546

306 430 505 504 Apollo
525 431 805 487 seniorum
829 427 1246 500 probatissimus
1261 427 1607 492 occurrisset,
1627 424 1908 482 laborem-
1934 428 1989 491 Α
2010 424 2224 497 juvenis
2273 426 2362 482 ille
2407 425 2748 486 discesserat.
2801 433 2980 501 Quem
3020 431 3188 490 abbas
3217 435 3414 507 Apollo
3466 441 3616 497 velut

305 541 416 598 que
456 533 512 580 et
558 522 973 597 oppugnationis
1011 521 1440 588 vehementiam,
1490 534 1613 592 quae
1647 519 1703 575 in
1742 518 1909 576 corde

307 620 423 692 ejus
449 618 605 674 tacite
647 616 985 686 volvebatur,
1027 615 1095 673 de
1132 615 1588 686 contemplatione
1627 613 1812 671 vultus
1855 624 1912 670 et

308 713 611 787 dejectione
639 712 981 784 conjectans,
1018 726 1239 768 causam
1269 717 1441 766 tantae
1481 708 1911 782 perturbationis

308 810 623 883 inquireret,
653 818 820 882 atque
845 807 934 864 ille
960 807 1196 863 molliter
1240 823 1302 864 se
1320 806 1669 878 compellanti
1699 806 1814 862 seni
1841 789 1912 862 ne

309 920 635 978 reSponsum
668 901 892 977 quidem
937 902 1108 958 ullum
1149 911 1336 974 posset
1379 899 1604 969 referre,
1645 901 1820 973 magis
1847 915 1914 957 ac

309 1001 486 1072 magis
539 1015 668 1056 eum
715 998 956 1056 sentiens
1005 1012 1170 1053 senex
1223 1011 1339 1052 non
1402 995 1640 1051 inaniter
1689 1009 1913 1050 causam

309 1103 478 1152 tantae
524 1093 764 1150 tristitiae
819 1092 1036 1149 silentio
1077 1091 1214 1148 velle
1262 1097 1569 1161 contegere,
1623 1103 1792 1160 quam
1843 1102 1912 1144 ne

311 1188 464 1246 vultu
492 1186 722 1261 quidem
760 1185 1110 1242 dissimulare
1139 1185 1420 1256 quivisset,
1451 1183 1710 1239 intentius
1737 1183 1807 1239 ab
1846 1198 1912 1239 eo

308 1300 506 1341 causas
528 1281 725 1341 occulti
765 1280 971 1337 doloris
1014 1279 1178 1352 coepit
1228 1278 1522 1352 inquirere.
1571 1278 1785 1351 Quibus
1827 1278 1918 1334 ille

306 1379 664 1441 constrictus,
695 1389 913 1447 pergere
939 1388 997 1429 se
1047 1372 1116 1429 ad
1143 1372 1327 1429 vicum
1355 1373 1666 1439 conﬁtetur,
1706 1380 1769 1426 ut
1791 1371 1918 1443 quia

310 1469 616 1530 secundum
646 1469 973 1525 sententiam
999 1467 1141 1524 illius
1165 1467 1308 1523 senis
1325 1465 1636 1522 monachus
1654 1480 1772 1521 esse
1800 1481 1914 1522 non

322 1572 526 1638 posset,
554 1577 661 1618 nec
688 1559 966 1617 refrenare
981 1560 1238 1616 stimulos
1264 1560 1450 1615 carnis
1477 1566 1532 1614 et
1553 1558 1916 1631 impugnatio-

314 1660 403 1716 nis
433 1655 678 1715 remedia
705 1656 964 1727 consequi
986 1655 1104 1728 jam
1145 1653 1372 1723 valeret,
1403 1669 1634 1710 uxorem
1670 1639 1915 1722 duceret,

315 1771 382 1812 ac
450 1753 635 1810 relicto
687 1750 1024 1808 monasterio
1078 1757 1444 1806 reverteretur
1505 1748 1574 1804 ad
1627 1747 1912 1804 saculum.

2013 528 2286 577 amentem
2328 520 2538 577 factum
2581 524 2907 593 quibusdam
2951 523 3105 582 furiis
3155 528 3341 600 agitari
3393 535 3613 604 conSpi-

2011 617 2190 685 ciens,
2231 617 2499 674 intellexit
2526 617 2758 688 ignitum
2784 619 2984 676 diaboli
3010 621 3204 691 telum,
3232 625 3377 696 quod
3405 626 3618 685 viderat

2012 713 2081 768 ab
2105 713 2197 769 illo
2217 713 2509 785 directum,
2541 716 2596 772 in
2624 717 2741 790 ejus
2761 719 2927 776 corde
2953 720 3116 778 fuisse
3139 723 3407 791 deﬁxum,
3434 725 3616 781 illam-

2014 823 2121 879 que
2170 809 2230 864 in
2274 824 2338 866 eo
2369 810 2754 868 confusionem
2802 816 3005 871 mentis
3052 833 3114 872 ac
3156 818 3618 889 perturbationem

2016 917 2277 960 sensuum
2308 905 2668 963 intolerandis
2709 909 2937 967 aestibus
2979 913 3226 983 operari;
3255 913 3620 986 accedensque

2017 995 2087 1052 ad
2137 1013 2290 1066 eum,
2345 1001 2486 1070 Quo,
2535 1000 2735 1072 inquit,
2786 1018 3063 1074 properas,
3118 1013 3211 1061 aut
3259 1022 3514 1079 quanam
3570 1016 3623 1064 te

2018 1106 2196 1147 causa;
2227 1092 2411 1149 senilis
2440 1092 2588 1148 illius
2633 1095 2910 1166 gravitatis
2953 1098 3186 1154 oblitum
3228 1099 3300 1155 ita
3347 1101 3627 1172 pueriliter

2020 1183 2320 1254 inquietant
2354 1202 2421 1242 ac
2459 1185 2738 1243 mobiliter
2765 1178 3029 1245 cursitare
3053 1192 3427 1263 compellunt?
3456 1197 3625 1252 Cum—

2023 1293 2128 1348 que
2153 1277 2242 1334 ille
2283 1295 2384 1350 pro
2410 1280 2753 1337 conscientiae
2779 1297 2895 1339 suae
2927 1293 3085 1341 reatu
3123 1302 3189 1341 ac
3217 1286 3359 1358 turpi
3384 1290 3628 1361 exagita-

2022 1369 2168 1425 tione
2206 1371 2492 1444 confusus,
2518 1373 2769 1430 crederet
2814 1374 3071 1432 ardorem
3112 1379 3194 1434 sui
3246 1381 3482 1450 pectoris
3525 1381 3625 1438 de-

2025 1463 2376 1534 prehensum,
2441 1483 2504 1523 ac
2550 1469 2769 1525 retectis
2837 1469 2953 1526 seni
3005 1471 3092 1527 sui
3144 1472 3324 1529 cordis
3387 1476 3625 1544 arcanis,

2024 1558 2228 1614 nullam
2268 1562 2680 1632 responsionem
2727 1567 3099 1635 percunctanti
3151 1565 3376 1630 reddere
3405 1584 3627 1640 prorsus

2025 1651 2252 1708 auderet
2295 1673 2311 1708 :
2359 1657 2680 1736 Revertere,
2739 1658 2938 1729 inquit,
2964 1659 3034 1715 ad
3064 1660 3276 1730 cellam,
3301 1663 3629 1734 tandemque

1968 1779 1976 1790 ι
2025 1753 2081 1802 te
2117 1747 2353 1819 intellige
2405 1750 2489 1805 vel
2518 1751 2832 1823 ignoratum
2881 1752 3144 1810 hactenus
3197 1770 3227 1810 a
3282 1755 3522 1826 diabolo,
3548 1758 3631 1814 vel

317 1850 498 1919 Quem
526 1863 693 1904 senex
724 1845 917 1918 Apollo
948 1844 1144 1902 blanda
1185 1845 1556 1902 consolatione
1579 1843 1918 1914 demulcens,
1943 1851 1992 1912 Β
2025 1839 2364 1914 despectum,
2392 1851 2495 1899 nec
2521 1845 2578 1900 in
2607 1859 2802 1901 eorum
2828 1862 3058 1903 numero
3085 1851 3633 1923 reputatum,quibus

316 1959 542 2016 seseque
581 1957 826 1999 asserens
850 1940 1043 1998 iisdem
1072 1939 1319 2013 quotidie
1372 1939 1772 1996 incentivorum
1814 1938 1919 1995 sti-

317 2037 490 2094 mulis
532 2045 696 2108 atque
737 2035 959 2092 aestibus
1007 2034 1218 2106 agitari,
1259 2042 1316 2090 et
1361 2031 1536 2089 idirco
1565 2049 1676 2088 non
1722 2031 1921 2088 debere

318 2147 450 2190 eum
479 2146 702 2205 prorsus
729 2130 1111 2202 desperatione
1139 2127 1445 2196 concidere,
1481 2143 1584 2183 nec
1604 2126 1796 2183 mirari
1827 2142 1922 2183 su-

317 2242 421 2298 per
443 2224 864 2298 impugnationis
910 2222 1129 2292 ardore,
1155 2223 1248 2294 qui
1291 2238 1406 2278 non
1427 2230 1543 2278 tam
1574 2221 1772 2277 laboris
1805 2228 1924 2278 stu-

325 2319 422 2375 dio
448 2335 602 2390 quam
627 2317 1007 2375 misericordia
1039 2316 1260 2373 Domini
1301 2323 1354 2372 et
1381 2316 1548 2388 gratia
1575 2315 1883 2371 vinceretur
1909 2333 1920 2369 :

328 2413 492 2469 unius
515 2420 725 2470 tantum
756 2411 863 2469 diei
883 2413 953 2469 ab
982 2411 1178 2468 eodem
1215 2410 1469 2483 poposcit
1493 2408 1758 2476 inducias,
1785 2418 1840 2465 et
1868 2419 1929 2467 ut

319 2515 684 2565 reverteretur
707 2507 774 2564 ad
798 2522 957 2564 suam
986 2505 1237 2562 cellulam
1264 2503 1602 2575 deprecatus,
1627 2502 1696 2560 ad
1725 2518 1927 2559 mona-

320 2602 554 2659 sterium
599 2601 846 2675 praedicti
901 2601 1048 2657 senis
1100 2578 1248 2656 tota‘
1262 2597 1614 2655 festinatione
1662 2598 1918 2671 perrexit.

319 2698 575 2770 Cumque
597 2696 778 2753 eidem
806 2694 1191 2768 proximasset,
1219 2692 1471 2765 expansis
1499 2691 1776 2759 manibus,
1801 2708 1925 2749 ora-

320 2794 535 2849 tionem
560 2807 688 2848 cum
720 2790 979 2864 lacrymis
1017 2788 1254 2846 fundens
1299 2806 1312 2842 :
1363 2787 1651 2864 Converte,
1680 2785 1774 2853 ait,
1810 2789 1929 2842 Do-

318 2887 495 2957 mine,
526 2887 617 2959 qui
647 2885 982 2942 occultarum
1011 2883 1209 2939 virium
1237 2890 1293 2939 et
1313 2855 1649 2938 inﬁrmitatis
1675 2880 1929 2937 humana:

319 2982 476 3038 solus
515 2980 721 3036 arbiter
754 2979 879 3052 pius
920 2993 984 3033 ac
1006 2984 1246 3034 secretus
1277 2990 1334 3030 es
1370 2973 1612 3030 medicus
1638 2972 1929 3046 impugna-

320 3075 535 3131 tionem
560 3073 702 3129 illius
731 3071 948 3144 juvenis
984 3070 1040 3124 in
1067 3083 1255 3125 senem
1280 3068 1473 3136 istum,
1503 3075 1564 3122 ut
1591 3065 1926 3122 condescen-

319 3169 458 3228 dere
483 3166 887 3224 inﬁrmitatibus
928 3163 1294 3219 laborantium
1318 3169 1373 3217 et
1399 3161 1630 3232 compati
1656 3159 1931 3232 fragilitati

2029 1933 2121 1990 ille
2157 1934 2402 2006 quotidie
2429 1937 2726 2010 conﬂigere
2761 1946 2817 1994 et
2841 1940 3124 1997 colluctari
3165 1942 3498 2014 profectibus
3545 1962 3635 2002 eo-

2031 2043 2156 2085 rum
2184 2044 2248 2085 ac
2285 2028 2478 2086 studiis
2520 2031 2826 2104 instigatur,
2859 2034 2953 2106 qui
2972 2050 3144 2092 unum
3168 2036 3287 2110 ejus
3329 2037 3383 2093 in
3409 2047 3460 2095 te
3489 2039 3634 2097 dire-

2030 2131 2183 2180 ctum
2223 2124 2467 2197 jaculum
2496 2133 2620 2197 post
2660 2133 2870 2183 tantam
2895 2143 3165 2188 annorum
3209 2131 3426 2200 seriem,
3469 2148 3634 2204 quam

2031 2218 2088 2274 in
2118 2217 2219 2274 hac
2246 2216 2577 2290 professione
2618 2220 2835 2289 trivisti,
2885 2237 2999 2278 non
3027 2222 3206 2280 dicam
3235 2240 3507 2297 respuere,
3538 2227 3634 2284 sed

2033 2329 2105 2370 ne
2132 2312 2332 2371 suffere
2359 2315 2578 2388 quidem
2613 2317 2846 2372 vel’uno
2884 2316 2968 2374 die
2996 2317 3243 2389 quivisti;
3285 2335 3394 2392 quo
3423 2328 3480 2377 te
3505 2337 3634 2378 sau-

2035 2407 2162 2463 ciari
2192 2409 2460 2466 Dominus
2486 2409 2691 2467 idcirco
2733 2427 2928 2483 passus
2957 2419 3059 2481 est,
3084 2421 3148 2468 ut
3167 2414 3361 2470 saltem
3390 2413 3445 2470 in
3473 2431 3635 2472 sene-

2035 2513 2122 2559 cta
2159 2503 2394 2562 disceres
2422 2505 2657 2578 compati
2705 2506 3123 2563 inﬁrmitatibus
3151 2508 3360 2578 alienis,
3390 2517 3446 2566 et
3471 2509 3638 2585 fragi-

2034 2597 2170 2655 litati
2199 2597 2634 2655 condescendere
2672 2599 2956 2670 juniorum
3005 2601 3114 2657 tuis
3166 2603 3430 2674 exemplis
3480 2613 3641 2677 atque

2032 2690 2368 2761 experientia
2397 2689 2692 2758 docereris,
2735 2691 2828 2762 qui
2861 2692 3156 2762 suscipiens
3202 2694 3458 2764 juvenem
3501 2695 3643 2752 infe-

2037 2784 2273 2841 statione
2293 2783 2562 2840 diabolica
2590 2783 2950 2852 laborantem,
2988 2801 3103 2840 non
3139 2786 3309 2842 modo
3334 2787 3484 2843 nulla
3511 2804 3642 2845 con-

2036 2879 2310 2936 solatione
2353 2879 2561 2950 fovisti,
2610 2879 2706 2936 sed
2751 2879 2915 2936 etiam
2943 2879 3248 2953 perniciosa
3273 2881 3646 2954 desperatione

2038 2973 2336 3047 dejectum,
2371 2973 2580 3030 inimici
2618 2974 2870 3030 manibus
2890 2974 3180 3043 tradidisti,
3209 2984 3475 3049 quantum
3504 2978 3561 3033 in
3589 2987 3646 3036 te

2039 3077 2140 3137 est,
2185 3069 2253 3125 ab
2282 3068 2480 3126 eodem
2527 3069 2830 3142 lugubriter
2865 3069 3264 3139 devorandum,
3315 3086 3482 3143 quem
3531 3072 3652 3129 sine

2040 3161 2208 3218 dubio
2261 3177 2608 3235 nequaquam
2654 3171 2771 3219 tam
2815 3160 3124 3219 vehementi
3169 3163 3433 3220 conﬂictu
3463 3162 3654 3222 fuisset

319 3262 616 3336 juniorum
655 3259 736 3315 vel
785 3258 844 3313 in
883 3262 1164 3313 senectute
1219 3254 1499 3311 doceatur.
1549 3254 1797 3324 Cumque
1842 3253 1934 3308 ille
1967 3247 2011 3310 C
2038 3253 2345 3328 aggressus,
2372 3272 2484 3328 quo
2511 3265 2567 3312 te
2607 3272 2755 3312 nunc
2778 3273 2951 3328 usque
2985 3265 3069 3314 est
3091 3268 3349 3330 appetere
3385 3257 3651 3332 dedigna-

330 3357 484 3413 hanc
564 3367 780 3427 precem
857 3365 986 3408 cum
1055 3348 1260 3422 gemitu
1337 3345 1709 3413 conclusisset,
1771 3346 1944 3401 cernit

331 3455 362 3484 ³
392 3449 707 3522 Ᾰίῑιιὶοροηι
747 3454 953 3504 tetrum
999 3451 1193 3501 contra
1223 3442 1365 3499 illius
1403 3440 1655 3513 cellulam
1685 3448 1940 3505 stantem,

330 3551 494 3618 atque
517 3543 780 3601 adversus
803 3556 932 3597 eum
970 3539 1131 3612 ignita
1149 3536 1330 3610 jacula
1353 3535 1700 3608 dirigentem.
1728 3535 1944 3606 Quibus

332 3656 463 3697 cum
509 3639 704 3697 fuisset
725 3636 1094 3710 illeprotinus
1141 3633 1439 3702 sauciatus,
1478 3641 1532 3690 et
1560 3647 1884 3706 progressus
1912 3645 1942 3688 e

335 3736 490 3805 cella,
531 3734 641 3792 huc
667 3735 902 3806 illucque
937 3732 1083 3789 velut
1108 3745 1296 3788 amens
1319 3738 1375 3787 et
1401 3729 1588 3786 ebrius
1628 3729 1941 3797 cursitaret,

337 3841 498 3905 atque
527 3830 807 3905 egrediens
826 3837 880 3886 et
906 3827 1232 3902 ingrediens,
1259 3826 1375 3898 jam
1403 3825 1682 3882 continere
1706 3841 1766 3882 se
1793 3825 1851 3881 in
1881 3839 1942 3880 ea

336 3942 450 3983 non
478 3934 686 4000 posset.
736 3924 927 3981 eadem
958 3923 1044 3978 via
1070 3920 1320 3977 concitus
1344 3935 1566 3990 pergere
1603 3919 1792 3990 cmpit,
1835 3934 1946 3989 qua

2048 3357 2159 3418 tus,
2212 3350 2316 3405 nisi
2377 3349 2570 3406 futuro
2615 3350 2884 3421 profectui
2943 3352 3061 3423 eius
3102 3353 3348 3409 invidens
3395 3354 3654 3411 inimicus

2050 3442 2202 3498 illam
2247 3443 2504 3499 virtutem
2551 3459 2719 3516 quam
2768 3444 2950 3500 animo
3003 3445 3122 3517 ejus
3163 3445 3339 3503 inesse
3373 3447 3652 3517 cernebat,

2048 3537 2344 3611 anticipare
2383 3554 2447 3594 ac
2486 3543 2791 3608 pervertere
2819 3538 2934 3595 suis
2961 3538 3141 3613 ignitis
3173 3540 3370 3612 jaculis
3397 3539 3654 3598 festinas-

2049 3642 2165 3704 set;
2221 3633 2586 3708 proculdubio
2649 3633 2950 3708 intelligens
3005 3633 3314 3706 fortiorem,
3380 3638 3469 3694 cui
3504 3646 3654 3694 tanta

2049 3729 2386 3786 vehementia
2414 3729 2706 3803 conﬂigere
2733 3744 2913 3801 operm
2931 3731 3167 3802 pretium
3185 3731 3471 3802 judicavit.
3493 3732 3657 3787 Disce

2049 3824 2228 3897 itaque
2255 3824 2366 3880 tuis
2407 3824 2670 3897 exemplis
2699 3823 3076 3880 laborantibus
3119 3825 3380 3895 compati,
3411 3832 3464 3880 et
3509 3825 3657 3894 peri-

2052 3919 2299 3976 clitantes
2325 3933 2670 3992 nequaquam
2692 3918 2998 3990 perniciosa
3023 3917 3404 3990 desperatione
3427 3925 3657 3989 terrere,

1447 4041 1699 4104 ALARDI
1738 4051 1961 4104 GAZASI
1998 4051 2560 4108 COMMENTARIUS.

336 4186 573 4242 striores
627 4179 1004 4236 anachoretas.
1066 4176 1214 4232 Vixit
1256 4173 1399 4230 enim
1449 4183 1698 4246 tempore
1742 4173 1945 4230 Juliani

337 4262 648 4331 Apostataa,
666 4324 677 4331 _
695 4246 1542 4331 quingentorumhmonachorum
1567 4248 1747 4313 Pater;
1774 4246 1946 4331 mira-

335 4317 598 4384 culorum
627 4317 802 4395 gloria
830 4317 1071 4395 illustris.
1111 4319 1244 4395 Ejus
1285 4319 1532 4395 vitamuet
1572 4334 1660 4395 res
1690 4317 1946 4395 praeclare

336 4407 524 4474 gestas
557 4388 841 4474 Palladius
892 4390 1022 4474 satis
1063 4388 1243 4460 ample
1284 4388 1545 4474 describit
1597 4388 1940 4474 Lausia._52.

335 4460 866 4538 Meminitejusdem
921 4466 1256 4519 Sozomenus
1303 4461 1413 4538 lib._
1423 4477 1483 4517 vr
1508 4477 1626 4538 cap.
1674 4465 1942 4538 20,_et_e_x

336 4557 406 4598 eo
435 4533 780 4605 Nicephorus
800 4535 894 4591 lib.
922 4549 990 4590 χι
1022 4550 1142 4605 cap.
1171 4539 1260 4595 34,
1297 4541 1351 4587 et
1374 4533 1733 4589 Cassiodorus
1773 4533 1830 4589 in
1851 4534 1952 4589 Hi-

334 4611 513 4670 storia
548 4605 783 4680 Tripart.
819 4607 911 4680 lib.
940 4619 1072 4680 _Vl_l_l
1273 4609 1317 4657 1.
1365 4605 1558 4680 Dictus
1586 4614 1668 4680 est
1697 4605 1945 4676 Apollos,

335 4685 428 4740 vel
459 4674 676 4753 Apollo,
707 4693 839 4735 voce
866 4674 1231 4753 indeclinabili
1259 4693 1270 4727 :
1298 4674 1578 4753 quomodo
1598 4674 1768 4753 etiam;
1792 4674 1947 4748 Apo;

335 4744 530 4812 stolus
553 4753 595 4823 (ι
623 4754 738 4809 Cor.
769 4765 874 4823 in,
907 4749 964 4815 4)
995 4744 1293 4823 quemdam
1327 4745 1583 4823 Ecclesiae
1639 4744 1944 4823 ministrum

335 4810 596 4883 nominat
629 4821 841 4894 Apollo,
861 4810 1321 4894 nonjtpollinem
1343 4837 1356 4879 ;
1382 4814 1451 4894 ad
1475 4816 1941 4894 supprimendam,
1976 4810 2025 4871 D

336 4905 408 4954 ut
434 4895 647 4968 Opinor,
671 4885 906 4968 profani
941 4885 1082 4968 illius
1125 4895 1181 4968 et
1222 4885 1942 4968 famosi__ApollinisIlfythii

334 4956 734 5037 sive'Delphiéi
755 4960 1100 5037 memoriam.
1125 4957 1377 5037 Meminit
1395 4956 1560 5037 etiam
1579 4956 1824 5037 .cgenobii
1844 4959 1946 5014 ab-

338 5039 494 5097 batis
550 5027 742 5106 Apollo
802 5030 1143 5106 SOplironius
1192 5029 1452 5106 in_Prato
1501 5027 1775 5106 Spiritu_a|.
1823 5044 1944 5102 cap.

343 5116 476 5167 184.
501 5098 627 5164 Fuit
672 5115 725 5162 et
769 5098 1095 5177 Apollonius
1131 5099 1456 5177 anachoreta
1507 5114 1618 5177 n_on
1660 5098 1947 5177 obscurus,

339 5182 420 5239 de
449 5195 558 5254 quo
600 5170 873 5235 Palladius
914 5174 1123 5254 Lausia.
1151 5177 1242 5238 66,
1279 5179 1345 5254 _et
1370 5170 1712 5254 Nicephorus
1744 5171 1848 5254 _lib.
1881 5170 1948 5227 xi

339 5241 484 5323 cap:
513 5257 604 5316 35,
641 5264 805 5320 quem
834 5244 1083 5323 nonnulli
1111 5259 1240 5323 cum
1279 5241 1383 5323 hoc
1414 5241 1608 5314 Apollo
1649 5243 1792 5323 male
1813 5257 1950 5297 con-

340 5313 609 5389 fundunt,
639 5313 919 5393 perperam
945 5317 1014 5393 illi
1056 5313 1564 5393 attribuentesquae
1593 5329 1660 5368 ne
1688 5313 1802 5393 hoc
1830 5329 1950 5393 pro-

343 5395 466 5450 dita
500 5387 652 5451 sunt:
690 5387 942 5460 (Vincen.
974 5391 1122 5457 Spcc.
1155 5387 1474 5460 Histor.iib.
1515 5401 1628 5460 xvi;
1650 5387 1860 5460 Anton.
1893 5388 1950 5440 in

347 5481 408 5524 "
432 5465 1080 5592 restantes;
1110 5458 1948 5600 sataesatae:2......

352 5623 612 5678 apparere
649 5606 871 5678 solitum
915 5601 1103 5658 multis
1149 5601 1409 5678 exemplis
1457 5609 1801 5678 compertum
1847 5608 1950 5678 est.

354 5671 496 5736 Vide
521 5676 894 5755 supra‘collat.
926 5681 948 5729 1
981 5689 1096 5755 cap.
1117 5677 1234 5755 34,
1262 5671 1620 5755 Athanasium
1643 5671 1854 5755 in_Vita
1895 5673 1952 5726 S.

353 5743 606 5812 Antonii:
635 5749 788 5805 Vitas
803 5748 1022 5816 Patrum
1046 5743 1102 5799 in
1117 5746 1375 5816 Macario,
1404 5745 1688 5800 Victorem”
1706 5743 1952 5800 Uticens.

347 5824 452 5882 lib.
499 5841 521 5881 1
556 5819 999 5880 Persecutionum
1027 5815 1282 5878 Vandal.,
1331 5817 1656 5887 Gregorium
1697 5829 1958 5885 magnum

351 5897 497 5954 libro
517 5891 764 5954 secundo
795 5889 1010 5960 Dialog.
1054 5902 1168 5958 cap.
1198 5893 1229 5942 4
1269 5895 1324 5942 et
1358 5887 1453 5943 lib.
1489 5902 1547 5942 ιν
1565 5903 1683 5958 cap.
1733 5893 1822 5953 18,
1854 5887 1958 5940 Pe-

2051 4182 2201 4251 trum
2249 4175 2659 4232 Cluniacensem
2691 4175 2749 4230 in
2779 4175 2928 4251 Iib._t_
2958 4176 3026 4232 de
3069 4176 3260 4231 Mirac.
3282 4193 3406 4251 cap.
3457 4184 3510 4236 8.
3552 4183 3659 4241 Sed

2057 4245 2297 4318 lepidum
2337 4253 2441 4318 est,
2477 4255 2533 4318 et
2576 4247 2845 4301 memoria
2874 4245 3121 4318 dignum,
3155 4247 3300 4318 quod
3331 4245 3387 4306 in
3412 4252 3530 4308 Vita
3560 4255 3657 4311 ab-

2053 4315 2191 4390 batis
2238 4316 2455 4390 Apollo,
2489 4317 2558 4374 de
2583 4332 2693 4388 quo
2721 4315 3101 4390 supra,gi'efert
3124 4315 3392 4380 Palladius
3417 4323 3502 4380 his
3531 4341 3656 4382 ver-

2054 4388 2167 4457 bis;
2196 4391 2268 4458 Is,
2290 4388 2500 4459 inquit,
2524 4404 2651 4445 cum
2677 4389 2986 4460 quindecim
3015 4405 3190 4446 annos
3211 4401 3370 4450 natus
3388 4411 3416 4450 a
3447 4398 3656 4456 mundo

2053 4462 2380 4527 secessisset,
2404 4468 2457 4516 et
2479 4459 2831 4532 quadraginta
2855 4477 3027 4518 annos
3051 4462 3110 4518 in
3138 4463 3432 4523 solitudine
3473 4477 3652 4526 trans-

2058 4532 2275 4604 egisset,
2307 4539 2363 4588 et
2401 4532 2555 4607 in__ea
2581 4548 2805 4607 omnem
2836 4533 3090 4607 virtutem
3127 4539 3485 4607 exercuisset,
3513 4543 3656 4599 visus

2057 4602 2138 4684 est
2167 4602 2560 4684 posteaaudire
2585 4604 2689 4684 I_)ei
2719 4619 2908 4684 vocem
2936 4606 3166 4684 dicentis
3195 4608 3244 4663 ei
3275 4629 3286 4664 :
3315 4602 3534 4684 Apollo,
3553 4629 3655 4684 per

2055 4682 2111 4730 te
2137 4675 2836 4749 sapientiam‘sapientum_
2859 4675 2916 4749 in
2943 4679 3199 4749 Egypto,
3227 4687 3282 4749 et
3314 4675 3656 4749 prudentiam

2056 4745 2295 4818 gentium
2319 4745 2583 4802 abolebof
2603 4746 2909 4818 Generabis
2931 4745 3240 4800 eni'm'mihi
3263 4745 3528 4814 populum
3562 4765 3654 4817 pe-

2055 4816 2335 4882 culiarem,
2375 4817 2752 4872 zemulatorem
2798 4816 3075 4869 bonorum
3104 4826 3351 4880 operum.
3382 4818 3434 4868 Is
3474 4816 3658 4874 autem

2055 4881 2394 4957 respondens
2411 4886 2546 4939 dixit
2569 4905 2582 4939 :
2607 4883 2828 4957 Aufer‘a
2847 4897 2962 4944 me,
2990 4881 3246 4957 Domine,
3270 4887 3654 4957 arrogantiam,

2056 4972 2129 5010 ne
2149 4951 2308 5009 'l'orte
2353 4955 2523 5008 elatus
2563 4968 2725 5021 supra
2779 4951 3198 5018 fraternitatem,
3234 4951 3466 5013 mulctEr
3506 4951 3658 5017 omni

2058 5026 2208 5080 bono
2236 5038 2416 5094 opere.
2447 5023 2509 5077 Ei
2537 5029 2724 5077 autem
2748 5037 2936 5094 rursus
2963 5021 3101 5078 dixit
3125 5038 3226 5079 vox
3251 5025 3426 5085 divina
3456 5051 3469 5088 :
3501 5033 3658 5089 Mitte

2058 5093 2290 5150 manum
2318 5102 2483 5173 tuam
2519 5108 2683 5163 super
2723 5093 2926 5173 collum
2954 5101 3130 5164 tuum,
3163 5105 3220 5152 et
3257 5098 3450 5173 deinde
3489 5119 3657 5173 pones

2061 5181 2203 5231 eam,
2232 5173 2290 5219 et
2316 5163 2544 5219 infodies
2568 5179 2767 5220 arenae.
2798 5168 2848 5220 ls
2871 5174 3053 5222 autem
3076 5183 3202 5223 cum
3224 5170 3408 5225 statim
3427 5163 3653 5231 manum

2063 5238 2299 5292 misisset
2319 5234 2742 5310 supercollum,
2773 5237 3130 5310 apprehendit
3175 5255 3402 5310 parvum
3440 5245 3652 5303 Ethio-

2061 5325 2206 5382 pem,
2238 5315 2291 5362 et
2330 5305 2461 5364 eum
2490 5305 2684 5382 infodit
2722 5306 2778 5361 in
2805 5305 3346 5382 arenaclamantem,
3383 5324 3438 5372 et
3481 5317 3656 5376 dicen-

2060 5377 2207 5437 tem:
2238 5382 2367 5452 Ego
2382 5395 2504 5435 sum
2520 5377 2750 5452 daemon
2776 5380 3060 5452 superbiae.
3091 5383 3222 5438 Haec
3245 5377 3343 5440 ibi.
3374 5389 3442 5443 Et
3469 5405 3654 5447 revera

2060 5449 2312 5527 congruit
2355 5451 2476 5527 hac
2505 5450 2680 5527 ﬁgura
2710 5449 2969 5527 daamoni,
2999 5453 3110 5507 sive
3153 5470 3220 5509 ex
3260 5455 3425 5527 ipsius
3462 5462 3655 5516 condi-
3729 5492 3733 5497 ~

2061 5522 2229 5592 tione,
2260 5531 2353 5578 aut
2388 5523 2554 5578 etiam
2598 5522 2895 5589 electione;
2925 5523 3039 5578 sive
3080 5539 3144 5578 ex
3175 5522 3294 5581 Dei'
3313 5529 3656 5587 ordinatione

2063 5603 2117 5673 et
2166 5595 2463 5673 voluntate,
2509 5609 2672 5673 quam
2693 5593 2829 5673 ipsa
2874 5592 3050 5673 signat
3092 5598 3335 5673 nominis
3386 5601 3655 5673 analogia.

2063 5669 2204 5740 13am
2235 5665 2506 5740 Ethiops,
2528 5665 2666 5722 ’cusz'
2691 5665 2955 5740 Hebraeis,
2986 5665 3039 5721 id
3061 5675 3146 5740 est
3176 5672 3344 5738 m'ge—r,
3390 5678 3446 5723 et
3472 5665 3660 5740 Αίσῖώψ

2065 5738 2276 5812 Graecis
2322 5737 2601 5812 incendens
2640 5739 2723 5793 vel
2755 5739 3020 5812 incensus
3047 5737 3501 5812 interpretatum.
3534 5737 3656 5810 qua;

2063 5825 2228 5881 quam
2249 5809 2347 5881 ipsi
2374 5809 2722 5879 conveniant,
2751 5809 2864 5881 ipse
2891 5808 3101 5865 viderit.
3197 5873 3204 5886 ι
