3982 6202
430 298 530 354 547

1511 285 1790 342 JOANNIS
1826 283 2126 340 CASSIANI
2163 283 2648 341 COLLATIONES.

3624 287 3724 342 548

360 472 377 476 -
429 440 531 480 nec
559 419 865 479 durissimis
887 415 1237 475 sermonibus
1256 427 1507 486 asperare
1525 454 1541 482 ,
1571 412 1668 470 sed
1692 412 1876 486 potius
1910 410 2019 467 leni
2048 413 2102 478 Α
2130 411 2178 468 si
2214 411 2347 468 nihil
2377 410 2589 485 penitus
2611 407 2873 468 affectare
2898 416 3088 466 nostro
3105 407 3307 481 judicio
3353 423 3417 465 ac
3460 424 3722 481 praesum-

430 520 735 592 blandaque
762 516 1131 574 consolatione
1174 513 1419 580 reﬁcere,
1442 520 1497 568 et
1542 509 1848 568 secundum
1875 525 2018 583 prae-

426 625 647 689 ceptum
676 610 1062 685 sapientissimi
1101 607 1415 665 Salomonis
1444 622 1627 663 eruere
1651 623 1733 663 eos
1775 608 1874 677 qui
1913 605 2021 662 du-

426 718 625 769 cuntur
648 710 721 764 ad
746 712 987 772 mortem,
1021 710 1072 762 et
1103 706 1362 762 redimere
1387 719 1471 760 eos
1499 706 1598 774 qui
1619 704 2021 773 interﬁciqu

429 824 495 861 ne
507 818 705 875 parcas
729 805 965 869 (Prover.
989 803 1198 867 xxxv);
1222 798 1504 870 nostrique
1524 797 1815 854 Salvatoris
1839 810 2023 853 exem-
2120 849 2135 862 ,

432 899 523 970 plo
545 894 873 952 arundinem
906 901 1217 966 quassatam
1244 908 1361 950 non
1388 901 1672 949 conterere
1690 930 1708 959 ,
1742 898 1799 947 ct
1845 890 2021 946 linum

426 992 698 1065 fumigans
740 1006 857 1046 non
904 989 1250 1061 exstinguere
1276 990 1451 1056 (Isaiae
1482 1002 1654 1055 xm;
1686 990 1842 1044 Matt.
1867 984 2020 1056 xu),

425 1088 683 1158 illamque
711 1103 742 1142 a
769 1084 1011 1141 Domino
1042 1082 1273 1157 gratiam
1301 1082 1594 1156 postulare,
1618 1098 1725 1155 qua
1756 1082 1870 1153 ipse
1893 1095 2023 1154 quo-

421 1198 527 1254 que
568 1179 893 1236 ﬁducialiter
942 1178 1121 1233 valeas
1157 1192 1322 1249 opere
1374 1191 1439 1232 ac
1477 1175 1706 1253 veritate
1754 1181 2016 1231 cantare:

425 1277 675 1332 Dominus
701 1273 849 1327 dedit
885 1272 1023 1326 mihi
1045 1270 1295 1340 linguam
1325 1269 1612 1331 eruditam,
1641 1273 1703 1324 ut
1735 1269 1903 1323 sciam
1925 1282 2023 1323 su-

422 1374 657 1427 stentare
702 1383 821 1423 eum
856 1368 954 1435 qui
988 1367 1170 1437 lapsus
1200 1369 1276 1420 est
1298 1365 1457 1420 uerbo
1501 1363 1675 1435 (Isaiae
1710 1362 1782 1435 ι).
1825 1362 2019 1419 Nullus

422 1464 572 1520 enim
612 1467 797 1534 posset
833 1457 1067 1515 insidias
1090 1457 1296 1514 inimici
1346 1455 1605 1525 sufferre,
1650 1471 1743 1512 seu
1776 1455 2021 1513 carnales

421 1564 589 1614 aestus
642 1552 877 1618 naturali
939 1549 1352 1626 quodammodo
1406 1551 1533 1622 igne
1594 1549 1884 1622 ﬂagrantes
1938 1547 2021 1604 vel

425 1648 794 1719 exstinguere,
816 1646 896 1700 vel
916 1646 1243 1718 reprimere,
1278 1644 1383 1700 nisi
1408 1643 1583 1715 gratia
1610 1643 1714 1699 Dei
1754 1643 1837 1698 vel
1861 1641 2022 1713 juva-

421 1749 506 1797 ret
526 1738 872 1812 fragilitatem
901 1745 1167 1805 nostram,
1198 1736 1281 1792 vel
1320 1741 1632 1808 protegeret
1661 1751 1725 1791 ac
1757 1733 2016 1791 muniret.

2127 506 2313 580 ptione
2340 516 2642 565 tentcmus.

2716 601 2955 657 CAPUT
2982 599 3134 654 XIV.

2588 698 2666 752 De
2686 696 2958 751 vocatione
2974 691 3263 750 Samuelis.

2199 791 2450 864 Denique
2475 790 2532 847 in
2549 798 2765 847 tantum
2787 788 2983 862 placita
3007 790 3119 844 Deo
3145 786 3265 844 haec
3286 788 3557 845 sententia
3585 804 3727 848 corn

2128 886 2413 960 probatur,
2455 893 2519 941 ut
2561 884 2724 940 etiam
2755 884 2815 940 in
2844 882 3137 955 Scripturis
3174 883 3380 943 sanctis
3408 882 3549 941 hanc
3585 901 3727 944 eam.

2130 979 2257 1038 dem
2280 977 2687 1036 institutionem
2707 992 2820 1033 non
2854 976 3029 1033 otiose
3058 974 3398 1047 reperiamus
3440 976 3725 1050 insertam,

2129 1074 2207 1131 ita
2260 1082 2324 1130 ut
2371 1088 2604 1146 puerum
2635 1081 2658 1106 ⁸
2692 1069 3002 1129 Samuelem
3049 1068 3253 1142 judicio
3296 1070 3587 1143 praelatum
3631 1088 3728 1132 suo

2130 1172 2298 1240 [Lips.
2328 1171 2390 1224 in
2417 1184 2597 1237 marg.
2638 1167 2986 1239 praeelectum
3017 1163 3228 1237 judicio
3260 1168 3386 1234 suo]
3427 1167 3600 1224 nollet
3637 1185 3730 1242 per

2129 1262 2485 1335 semetipsum
2513 1260 2682 1318 divini
2709 1259 2979 1332 colloquii
2993 1258 3281 1331 disciplina
3305 1260 3583 1318 Dominus
3610 1280 3729 1321 eru-

2122 1357 2264 1427 dire,
2293 1356 2393 1414 sed
2419 1370 2697 1413 recurrere
2733 1353 2902 1411 semel
2929 1361 2984 1410 et
3006 1353 3208 1410 iterum
3233 1361 3513 1426 pateretur
3539 1356 3611 1414 ad
3647 1375 3728 1416 se-

2126 1469 2297 1522 nem;
2330 1467 2565 1524 eumque
2609 1465 2777 1523 quem
2815 1448 2887 1506 ad
2919 1463 3083 1505 suum
3128 1448 3359 1505 vocabat
3403 1449 3728 1523 alloquium,
3806 1464 3817 1473 '

2131 1548 2299 1605 etiam
2322 1546 2469 1604 illius
2487 1546 2581 1619 qui
2598 1544 2904 1603 offenderat
2919 1548 3123 1614 Deum,
3145 1543 3452 1604 dummodo
3473 1548 3726 1618 senioris,

2128 1643 2378 1701 doctrina
2397 1641 2557 1699 vellet
2582 1641 2794 1698 institui
2815 1660 2832 1710 ;
2853 1649 2910 1697 et
2924 1656 3091 1713 quem
3108 1655 3205 1697 sua
3226 1641 3513 1699 vocatione
3531 1642 3732 1715 dignis.

2128 1736 2329 1793 simum
2339 1733 2635 1808 judicarat,
2652 1734 2888 1791 senioris
2897 1732 3443 1790 malletinstitutione
3472 1733 3728 1803 formari,

422 1838 491 1891 Et
518 1833 718 1890 idcirco
758 1830 1011 1888 salutaris
1052 1829 1216 1902 huius
1251 1827 1670 1901 dispensationis
1706 1828 1923 1885 ratione
1958 1828 2020 1885 li-
2053 1845 2102 1907 Β
2130 1840 2192 1888 ut
2206 1831 2417 1889 scilicet
2442 1838 2498 1887 et
2514 1830 2659 1887 illius
2678 1828 2772 1901 qui
2801 1828 2870 1886 ad
2893 1828 3147 1886 divinum
3172 1827 3537 1886 ministerium
3565 1845 3730 1886 voca-

422 1931 564 2001 nita,
621 1944 728 2000 qua
788 1926 872 1984 vel
918 1925 1074 1983 illum
1115 1925 1378 1998 juvenem
1435 1924 1748 1998 perniciosis
1798 1924 2024 1983 aestibus

423 2022 693 2080 Dominus
725 2020 978 2083 liberare,
1025 2016 1110 2074 vel
1159 2016 1227 2073 de
1264 2016 1694 2089 impugnationis
1731 2016 2020 2074 vehemen-

423 2118 524 2186 tia,
554 2125 611 2174 et
656 2114 1025 2187 compatiendi
1070 2113 1274 2172 affectu
1319 2123 1374 2172 te
1410 2112 1580 2172 voluit
1609 2112 1846 2182 erudire,
1874 2126 2023 2169 com-

421 2209 682 2268 munibus
704 2223 832 2266 eum
879 2208 1129 2281 precibus
1162 2208 1563 2281 imploremus,
1605 2221 1716 2279 quo
1744 2204 2020 2278 ﬂagellum

420 2303 566 2361 istud
605 2302 754 2376 quod
791 2302 1038 2360 utilitatis
1065 2302 1234 2375 gratia
1261 2302 1358 2358 tibi
1398 2299 1672 2357 Dominus
1698 2298 1898 2356 inferre
1939 2297 2022 2355 di-

422 2405 623 2471 gnatus
642 2405 742 2464 est,
761 2396 953 2469 jubeat
978 2396 1221 2453 amoveri
1248 2396 1381 2469 (ipse
1410 2399 1549 2453 enim
1590 2396 1768 2451 dolere
1809 2396 1944 2464 facit
1971 2397 2027 2449 et

416 2508 635 2550 rursum
649 2492 911 2556 medetur,
924 2493 1164 2563 percutit
1180 2496 1233 2548 et
1250 2507 1442 2547 manus
1454 2491 1571 2562 ejus
1590 2494 1785 2547 sanant
1800 2491 2015 2559 [Job.v];

419 2589 533 2659 ipse
560 2587 826 2643 humiliat
844 2591 896 2642 et
914 2586 1144 2656 exultat,
1177 2587 1292 2657 ipse
1326 2586 1524 2641 occidit
1561 2589 1613 2641 et
1638 2586 1890 2655 vwiﬁcat,
1928 2583 2021 2638 de-

420 2682 572 2738 ducit
590 2680 965 2750 adinfernum
994 2684 1043 2736 et
1070 2680 1277 2736 reducit
1294 2681 1345 2747 [Ι
1365 2680 1604 2751 RngI],
1632 2685 1688 2734 et
1710 2676 1874 2750 ignita
1896 2675 2023 2733 dia-

418 2776 532 2841 boli
559 2774 737 2847 jacula
765 2790 888 2848 quas
914 2790 1006 2831 me
1043 2772 1252 2831 arbitro
1276 2772 1378 2829 tibi
1405 2772 1650 2845 permisit
1677 2771 1868 2843 inﬂigi,
1918 2770 2021 2827 do-

419 2878 586 2927 nante
595 2870 828 2941 Spiritus
842 2870 927 2926 sui
939 2884 1089 2940 rore,
1104 2868 1426 2941 restinguat.
1446 2869 1622 2936 Quam
1639 2867 2021 2934 tentationem,

421 2963 549 3019 licet
577 2962 769 3018 eadem
796 2962 1074 3020 celeritate
1096 2978 1204 3033 qua
1230 2960 1420 3018 inferri
1458 2976 1583 3016 eam
1605 2960 1880 3016 Dominus
1907 2974 2022 3030 pas-

418 3068 514 3110 sus
541 3059 645 3120 est,
690 3051 761 3108 ad
803 3068 973 3109 unam
1014 3054 1158 3110 senis
1203 3051 1512 3107 orationem
1554 3065 1742 3107 rursus
1783 3049 2019 3106 abstule-

418 3147 533 3214 rit;
560 3144 800 3202 evidenti
816 3153 1006 3202 tamen
1035 3144 1407 3216 experimento
1453 3144 1659 3214 docuit,
1685 3159 1798 3201 non
1848 3143 2017 3202 modo

2131 1925 2292 1982 batur
2313 1923 2636 1998 probaretur
2658 1922 2963 1994 humilitas,
2985 1930 3041 1979 et
3056 1921 3361 1995 junioribus
3378 1921 3558 1979 forma
3587 1923 3722 1980 sub-

2122 2019 2381 2094 jectionis
2405 2019 2567 2093 hujus
2592 2026 2992 2093 proponeretur
3018 2017 3268 2091 exemplo
3293 2022 3338 2086 (l
3368 2021 3496 2088 Reg.
3531 2022 3651 2087 in).

2725 2113 2969 2171 CAPUT
3002 2115 3127 2170 XV.

2503 2212 2580 2266 De
2607 2210 2875 2265 vocatione
2904 2208 3066 2265 Pauli
3090 2208 3346 2280 apostoli.

2199 2302 2429 2360 Paulum
2463 2317 2680 2376 quoque
2728 2318 2825 2374 per
2860 2301 3220 2375 semetipsum
3258 2316 3462 2359 vocans
3497 2308 3556 2359 et
3593 2300 3733 2359 allo-

2127 2411 2302 2469 quens
2326 2396 2596 2466 Christus,
2639 2413 2767 2453 cum
2805 2404 2989 2469 posset
3003 2396 3051 2454 ei
3082 2395 3431 2469 perfectionis
3453 2395 3603 2453 viam
3644 2413 3731 2453 re-

2125 2506 2307 2548 serare
2330 2491 2642 2560 confestim,
2663 2490 2900 2563 dirigere
2925 2489 2994 2547 ad
3019 2490 3293 2547 Ananiam
3316 2489 3555 2558 mavult,
3582 2498 3642 2546 et
3669 2489 3731 2547 ab

2127 2600 2193 2643 eo
2218 2584 2374 2658 jubet
2400 2586 2549 2643 viam
2566 2584 2807 2653 veritatis
2841 2600 3158 2658 agnoscere,
3201 2583 3391 2642 dicens
3422 2605 3436 2641 :
3490 2587 3667 2654 Surge
3687 2590 3734 2641 et

2127 2681 2412 2750 ingredere
2428 2682 2716 2748 ciuitatem,
2736 2685 2788 2736 et
2808 2681 2890 2735 ibi
2908 2681 3013 2735 tibi
3033 2679 3245 2735 dicetur
3259 2679 3398 2751 quid
3414 2684 3465 2735 te
3484 2684 3734 2750 oporteat

2128 2775 2310 2843 facere
2329 2776 2531 2847 (Actor.
2555 2778 2632 2846 v).
2651 2774 2680 2809 δ
2710 2775 2885 2832 Mittit
2911 2775 3096 2848 itaque
3112 2783 3169 2832 et
3182 2773 3332 2832 hunc
3342 2774 3413 2832 ad
3429 2774 3730 2843 seniorem,

2129 2884 2365 2940 eumque
2384 2856 2538 2926 illius
2554 2869 2735 2942 potius
2754 2869 3000 2927 doctrina
3035 2885 3203 2943 quam
3227 2884 3326 2927 sua
3360 2878 3550 2927 censet
3579 2870 3733 2927 insti-

2127 2961 2249 3029 tui;
2274 2978 2343 3019 ne
2364 2962 2570 3020 scilicet
2609 2963 2757 3037 quod
2786 2972 2931 3022 recte
2971 2972 3185 3037 gestum
3212 2964 3408 3021 fuisset
3437 2965 3495 3021 in
3534 2967 3731 3036 Paulo,

2126 3056 2361 3127 posteris
2382 3057 2589 3113 malum
2609 3057 3056 3131 praesumptionis
3079 3057 3358 3131 praeberet
3391 3058 3730 3131 exemplum,

2123 3148 2257 3208 dum
2283 3152 2655 3226 unusquisque
2668 3152 2896 3210 sibimet
2915 3152 3270 3227 persuaderet
3286 3153 3455 3210 simili
3476 3153 3657 3210 modo
3673 3170 3732 3212 se

418 3255 534 3298 non
549 3238 863 3311 exprobrari
883 3238 1148 3312 patefacta
1162 3238 1429 3312 cujusque
1447 3239 1576 3297 vitia
1594 3239 1813 3310 debere,
1833 3239 1933 3297 sed
1951 3256 2020 3298 ne
2048 3242 2094 3308 C
2125 3259 2345 3320 quoque
2367 3247 2564 3305 debere
2591 3248 2694 3305 Dei
2732 3248 2904 3306 solius
2927 3242 3243 3322 magisterio
3270 3256 3437 3323 atque
3472 3248 3731 3307 doctrina

417 3333 613 3393 leviter
631 3332 855 3405 quidem
875 3332 1170 3391 laborantis
1192 3332 1442 3391 dolorem
1480 3333 1678 3393 debere
1711 3334 2013 3393 contemni.

420 3428 492 3483 Et
513 3424 716 3506 idcirco
744 3441 1090 3499 nequaquam
1113 3441 1217 3484 nos
1238 3430 1405 3499 [Lips.
1426 3430 1485 3484 in
1512 3444 1689 3499 marg.
1716 3431 1833 3498 vos]
1855 3428 2015 3486 unius

415 3522 529 3580 sive
554 3537 854 3596 paucorum
874 3523 958 3580 vel
977 3522 1247 3596 imperitia
1263 3524 1345 3582 vel
1363 3523 1554 3582 levitas
1568 3524 1637 3582 ab
1654 3524 1747 3582 illa
1766 3525 2014 3594 salutari,

417 3632 583 3689 quam
612 3616 988 3689 praediximus,
1014 3617 1098 3674 via
1134 3625 1191 3676 et
1223 3618 1512 3677 traditione
1531 3620 1806 3692 majorum
1830 3620 2017 3677 deter-

415 3718 534 3769 reat
559 3718 617 3768 et
634 3710 907 3781 excludat,
930 3727 1169 3785 quorum
1188 3712 1383 3769 canitie
1400 3712 1471 3771 ad
1505 3712 1890 3786 deceptionem
1917 3713 2011 3787 ju-

413 3806 637 3864 niorum
664 3806 1041 3865 callidissimus
1072 3806 1316 3865 abutitur
1344 3806 1594 3865 inimicus
1634 3827 1647 3864 :
1678 3806 1774 3865 sed
1808 3807 2016 3881 absque

415 3901 527 3960 ullo
552 3901 888 3960 confusionis
913 3902 1253 3975 operimento
1273 3902 1461 3960 omnia
1483 3902 1683 3960 debent
1704 3902 2016 3962 senioribus

413 3997 656 4069 revelari,
694 4005 859 4071 atque
916 3997 985 4054 ab
1026 3997 1104 4053 eis
1149 3996 1234 4054 vel
1285 3996 1535 4053 remedia
1579 3996 1885 4067 vulnerum,
1926 3998 2010 4057 vel

411 4092 662 4166 exempla
686 4091 1115 4149 conversationis
1146 4108 1210 4148 ac
1246 4092 1369 4149 vita:
1402 4092 1727 4149 ﬁducialiter
1754 4094 1931 4164 sumi;
1953 4094 2010 4150 in

410 4173 813 4262 quibus'parem
831 4203 996 4262 opem
1017 4194 1072 4245 et
1099 4187 1335 4245 similem
1364 4188 1707 4262 experiemur
1724 4186 2005 4262 effectum,

2124 3340 2307 3413 potius
2351 3357 2516 3414 quam
2562 3342 2846 3400 seniorum
2878 3344 3225 3401 institutione
3246 3342 3499 3401 formari.
3547 3345 3730 3414 Quam

2124 3438 2610 3510 praesumptionem
2644 3438 2983 3497 omnimodis
3015 3438 3390 3497 detestandam
3410 3440 3577 3507 etiam
3614 3442 3730 3514 ipse

2120 3531 2437 3603 Apostolus,
2469 3548 2580 3588 non
2600 3533 2781 3590 solum
2820 3534 3037 3604 litteris,
3059 3534 3156 3591 sed
3184 3533 3348 3591 etiam
3368 3549 3530 3607 apere
3554 3542 3730 3608 atque

2123 3623 2375 3696 exemplo
2415 3622 2597 3692 docet,
2628 3625 2700 3683 ob
2732 3625 2839 3683 hoc
2869 3626 3223 3685 solummodo
3248 3643 3306 3685 se
3341 3642 3590 3685 asserens
3635 3631 3732 3685 Je-

2120 3718 2458 3792 rosolymam
2488 3721 2890 3792 conscendisse,
2925 3730 2990 3780 ut
3027 3723 3385 3796 evangelium,
3428 3723 3608 3796 quod,
3639 3741 3732 3782 co-

2120 3812 2352 3871 mitante
2379 3814 2552 3888 gratia
2590 3816 2826 3888 Spiritus
2849 3819 3046 3887 sancti,
3081 3833 3207 3875 cum
3234 3826 3499 3890 potestate
3531 3818 3729 3892 signo-

2121 3924 2246 3966 rum
2281 3918 2337 3966 et
2362 3910 2741 3985 prodigiorum
2763 3912 3016 3986 gentibus
3039 3912 3382 3987 praedicabat,
3428 3928 3562 3968 cum
3609 3914 3732 3972 suis

2120 4005 2450 4077 coapostolis
2492 4014 2548 4063 et
2586 4007 3024 4064 antecessoribus
3054 4009 3261 4081 privata
3303 3998 3728 4080 quodammodo

2116 4115 2181 4156 ac
2207 4099 2511 4158 domestica
2538 4102 2941 4161 examinatione
2961 4104 3235 4161 conferret
3256 4125 3269 4161 :
3293 4108 3361 4161 Et
3388 4107 3629 4175 contuli,
3655 4106 3728 4162 in-

2116 4192 2332 4265 quiens,
2356 4211 2475 4252 cum
2493 4196 2607 4252 illis
2642 4197 3000 4268 Evangelium
3028 4198 3175 4269 quod
3186 4198 3426 4269 prcedico
3444 4201 3595 4256 inter
3611 4215 3725 4270 gen-

1505 4366 1761 4427 ALARDI
1800 4369 2024 4427 GAZzEl
2062 4371 2620 4434 COMMENTARIUS.

481 4520 941 4613 Lcounjsgtatbunc
1108 4538 1325 4613 morem
1362 4540 1494 4613 esse
1535 4519 1890 4613 perpetuum,
1914 4539 2011 4589 aut
2036 4538 2088 4603 D
2137 4605 2153 4613 _
2185 4535 2411 4613 {Quod
2439 4536 2633 4613 merito
2678 4536 2958 4613 admirans
2994 4540 3065 4595 D.
3104 4536 3423 4613 Bernartius
3452 4541 3638 4613 (sem.
3674 4542 3721 4605 l,

409 4601 558 4683 certe
578 4593 937 4683 ordinarium,
969 4603 1034 4683 ut
1054 4610 1183 4683 cum
1211 4596 1327 4683 ipse
1355 4598 1439 4654 vel
1451 4593 1556 4683 per
1575 4593 1653 4669 se;
1680 4603 1767 4683 vel
1794 4593 2007 4683 per_an-
2036 4593 2082 4603 ”
2114 4593 2458 4683 deﬂuens.
2484 4611 2542 4666 S.
2565 4611 2743 4674 Pauli,
2776 4593 2958 4667 Actor.
2995 4593 3416 4683 inn—illamque
3438 4593 3723 4670 divitatem

407 4667 561 4741 gelos
581 4666 895 4741 illuminare
913 4682 1104 4741 omnes
1130 4666 1326 4741 possit,
1348 4666 1514 4741 malit
1532 4666 1725 4741 tamen
1754 4666 2006 4732 homines

407 4738 475 4796 ab
496 4738 819 4796 hominibus
841 4738 1026 4796 doceri
1042 4747 1207 4811 atque
1228 4738 1469 4809 institui;
1496 4740 1609 4798 sive
1629 4750 1692 4798 ut
1710 4758 1772 4799 ea
1792 4745 2004 4804 ratione

407 4821 660 4869 mutuam
688 4811 1047 4884 cbaritatem,
1064 4812 1213 4884 velut
1238 4811 1383 4869 inter
1411 4815 1682 4878 membra,
1705 4815 1998 4884 conciliet;

406 4884 523 4941 sive
549 4892 613 4941 ut
638 4884 876 4942 alterum
896 4882 1051 4942 alteri
1073 4882 1409 4945 subiiciendo
1448 4884 1819 4944 humilitatem
1854 4882 2001 4945 exeré

404 4963 525 5011 ceat
552 4957 997 5031 et_comm_endet.
1020 4955 1183 5025 Quod
1205 4955 1299 5031 bic
1332 4957 1512 5031 Moses
1537 4958 1805 5031 Samuelis
1848 4960 1999 5031 pueri

405 5024 657 5103 exemplo
682 5026 996 5103 confirmat,
1014 5024 1177 5103 quem
1203 5028 1481 5103 Dominus
1498 5029 1614 5103 ipse
1639 5030 1693 5086 in
1714 5024 1893 5103 prima
1915 5048 2002 5088 vo.

405 5097 624 5171 catione
665 5096 882 5171 erudire
904 5096 1117 5171 noluit,
1137 5098 1234 5171 sed
1278 5099 1449 5156 semel
1490 5096 1544 5155 et
1573 5096 1794 5171 iterum,
1823 5104 1999 5159 immo

406 5176 460 5224 et
488 5167 674 5243 tertio,
730 5167 798 5225 ad
837 5182 1024 5243 senem
1069 5168 1220 5243 Heli
1230 5184 1423 5243 passus
1463 5179 1546 5227 est
1587 5167 1898 5243 recurrere;
1944 5184 1998 5230 et

405 5253 569 5308 quem
592 5238 662 5294 ad
680 5255 843 5315 suum
874 5236 1104 5315 vocabat
1136 5236 1496 5315 colloquium,
1536 5243 1661 5315 ejus
1685 5252 1873 5299 tamen
1888 5236 1995 5315 'qui

403 5317 563 5364 aetate
582 5310 861 5380 superior,
893 5309 1182 5380 sanctitate
1219 5309 1446 5367 inferior
1472 5309 1608 5380 erat,
1647 5309 1998 5372 institutione

401 5379 655 5441 formari,
691 5388 756 5435 ut
787 5379 857 5435 ab
887 5395 954 5436 eo
992 5379 1240 5447 edoctus,
1279 5382 1500 5438 tandem
1536 5379 1749 5438 vocanti
1779 5398 1838 5439 se
1875 5387 1996 5441 Deo

401 5450 786 5524 responderet:
806 5453 1060 5524 Loquere,
1080 5455 1317 5522 Domine,
1336 5455 1465 5524 quia
1478 5455 1635 5509 audit
1645 5468 1826 5509 seruus
1846 5459 1990 5513 tuus.

402 5523 597 5580 Simile
611 5522 925 5595 exemplum
956 5523 1132 5595 elucet
1156 5523 1213 5579 in
1231 5522 1489 5581 Cornelio
1514 5525 1854 5582 Centurione
1877 5529 1997 5595 (Ac

399 5600 504 5651 tor.
540 5601 630 5663 χ),
657 5594 748 5668 cui
776 5594 928 5668 cum
958 5594 1200 5668 angelus;
1222 5595 1582 5668 apparuisset,
1615 5596 1805 5651 eadem
1843 5594 1990 5656 certe

398 5681 564 5737 opera
585 5666 851 5738 potuisset
880 5664 929 5721 ei
955 5664 1143 5738 omnia
1172 5664 1588 5738 lidéi‘mysteria
1616 5668 1874 5732 revelare,
1908 5670 1990 5727 id-

397 5736 504 5809 que
540 5736 757 5808 utrique
782 5736 1227 5812 commodius__et
1265 5736 1711 5812 compendiosius
1755 5738 1986 5812 fuisset;

395 5808 580 5866 tamen
601 5824 731 5884 eum
752 5809 827 5884 ad
856 5810 1074 5884 Petrum
1102 5808 1305 5884 allegat
1334 5828 1346 5865 :
1376 5808 1615 5876 Accerse,
1654 5810 1849 5884 inquit,
1894 5808 1990 5871 Si;

394 5897 619 5952 manem,
655 5882 739 5936 hic
767 5882 910 5937 dicet
930 5881 1035 5938 tibi
1059 5881 1197 5951 quid
1225 5885 1276 5936 te
1298 5885 1540 5952 oporteat
1572 5881 1771 5951 facere.

2112 4676 2776 4754 religiosisinterpretans
2800 4682 2973 4753 ipsam
2995 4676 3112 4741 esse
3143 4676 3493 4754 religionem,
3529 4685 3607 4740 ita
3628 4699 3723 4740 ex-

2111 4750 2310 4805 clamat
2332 4769 2344 4804 :
2374 4753 2416 4807 0
2434 4750 2701 4810 sapientia
2721 4750 2963 4808 suabiter
2980 4770 3100 4810 uere
3113 4750 3363 4809 univérsa
3395 4755 3727 4810 disponens!

2111 4836 2231 4876 eum
2240 4824 2329 4876 cui
2342 4827 2401 4892 tu
2419 4824 2670 4892 loqueris,
2681 4826 3034 4880 erudiendum
3053 4828 3120 4882 de
3134 4832 3228 4882 tua
3238 4824 3522 4881 voluntate
3544 4830 3724 4881 mittis

2109 4893 2184 4965 ad
2210 4888 2497 4957 hominem:
2522 4901 2584 4950 ut
2609 4897 2818 4951 socialis
2842 4899 2967 4951 ritca
2987 4898 3384 4953 commendetur
3402 4900 3646 4965 utilitas,
3672 4901 3725 4952 et

2111 4962 2323 5041 edoctus
2343 4981 2443 5041 per
2466 4967 2749 5041 hominem,
2776 4968 2950 5041 discat
2970 4974 3023 5023 et
3055 4972 3169 5041 ipse
3205 4969 3502 5025 secundum
3530 4962 3722 5041 datam

2107 5036 2215 5111 sibi
2250 5039 2485 5105 gratiam
2508 5038 2808 5111 hominibus
2831 5036 3131 5097 subvenire.
3164 5041 3468 5109 Ingredere,
3503 5039 3715 5111 inquit,

2105 5109 2394 5163 civitatem.
2416 5109 2644 5172 Videtis,
2656 5112 2880 5179 fratres,
2896 5127 3007 5165 non
3022 5117 3142 5169 sine
3156 5113 3346 5167 divino
3360 5112 3571 5165 aus-ilio
3585 5109 3723 5177 Tac-

2108 5181 2222 5231 tum
2237 5194 2345 5235 esse
2355 5185 2417 5234 ut
2436 5181 2574 5235 hanc
2593 5184 2860 5236 cimtatem
2880 5186 3096 5239 Domini
3112 5187 3389 5240 virtutum
3407 5182 3726 5252 ingredere-

2106 5252 2261 5317 mini,
2286 5252 2530 5307 diuinam
2550 5252 2751 5307 discere
2766 5254 3120 5310 voluntatem.
3147 5254 3298 5311 Idem
3320 5253 3619 5310 conﬁrmat
3639 5256 3721 5309 D.

2103 5322 2478 5403 Augustinus,
2504 5324 2625 5395 qui,
2657 5339 2789 5380 cum
2819 5323 3009 5403 eadem
3042 5327 3290 5403 exempla
3316 5324 3475 5403 Pauli
3495 5333 3553 5403 et
3569 5326 3720 5403 Cor-

2103 5390 2232 5469 nelii
2278 5390 2802 5469 commemorasset,
2844 5395 2963 5452 hinc
3010 5390 3295 5469 aptissime
3332 5395 3583 5468 adjungit
3635 5397 3722 5465 (in

2099 5462 2305 5544 prolog.
2340 5464 2406 5519 de
2441 5469 2681 5544 Doctrin.
2711 5468 3024 5544 Christian.)
3047 5462 3066 5523 Ξ
3092 5472 3345 5544 Poterant
3371 5462 3558 5536 utique

2102 5538 2200 5617 nia
2212 5548 2311 5617 per
2333 5538 2586 5617 angelum
2602 5541 2741 5617 ﬁeri,
2760 5538 3083 5617 sedabjeCta
3096 5547 3237 5617 esset
3262 5543 3496 5617 humana
3519 5540 3725 5617 condi-

2099 5608 2202 5687 tio,
2224 5608 2275 5659 si
2284 5622 2386 5675 per
2410 5608 2651 5687 Itomincs
2668 5612 2975 5687 hominibus
2995 5614 3216 5668 verbum
3241 5629 3401 5669 suum
3600 5612 3725 5687 lmi-

2095 5680 2327 5755 nistrarc
2344 5681 2530 5755 nollet.
2553 5683 2758 5755 Deinde
2776 5685 2897 5752 ipsa
2926 5684 3184 5753 Charitas,
3210 5701 3332 5755 qua:
3354 5685 3465 5740 sibi
3483 5685 3718 5739 invicem

2096 5746 2334 5824 homines
2354 5752 2491 5807 nodo
2518 5746 2812 5809 charitartis'
2822 5758 3102 5824 astringit,
3128 5746 3237 5811 non
3254 5758 3473 5811 haberet
3491 5756 3715 5810 adﬂuat

2094 5821 2553 5895 refundendorum
2580 5827 2793 5883 sibimet
2817 5821 3141 5893 animorum,
3168 5830 3220 5885 si
3242 5829 3483 5885 homines
3498 5842 3613 5895 per
3632 5827 3713 5880 h0-

2093 5893 2258 5947 mines
2281 5895 2421 5947 nihil
2443 5895 2726 5954 discerent.
2795 5959 2798 5962 ,

2461 4754 2701 4822 apientia
2721 4756 2963 4808 suaviter
2980 4770 3100 4811 uere
3113 4757 3363 4809 universa
3395 4755 3599 4825 dispon
