3982 6202
263 164 357 252 549

1307 191 1644 252 COLLATIO
1681 193 1748 251 II.
1785 221 1860 236 --
1895 195 1987 251 DE
2022 196 2492 255 DlSCRETlONE.

3447 210 3554 264 550

263 325 352 392 tes,
375 335 442 376 ne
470 321 614 390 forte
650 321 710 375 in
735 335 966 375 uacuum
996 334 1266 376 cunerem
1289 324 1387 376 aut
1410 321 1843 389 currissem(Ga-
1872 324 1927 388 Α
1956 321 2154 394 potuit.
2183 322 2528 396 Quapropter
2558 323 2860 418 secundum
2883 327 3216 400 Apostolum
3257 345 3360 401 per
3393 347 3552 388 arma

264 415 356 472 lat.
389 418 490 486 Ir.)
519 413 656 486 Quis
678 429 810 488 ergo
845 421 961 470 tam
983 422 1348 488 prasumptor
1364 422 1420 472 et
1440 429 1619 473 cacus
1644 414 1736 485 sit,
1754 415 1848 489 qui
1953 415 2193 486 justitia
2211 431 2334 486 qua:
2369 433 2404 472 a
2431 417 2643 474 aratris
2671 413 2870 477 suntet
2891 436 2927 476 a
2951 423 3196 478 sinistris
3214 421 3283 494 (Il
3301 423 3420 479 Cor.
3442 427 3552 494 vi),

155 519 164 529 '
261 523 316 565 se
333 507 526 566 audeat
543 522 644 564 suo
665 505 882 580 judicio
911 521 976 563 ac
999 505 1310 564 discretioni
1329 508 1700 577 committere,
1722 522 1853 566 cum
1877 534 1884 539 -

264 603 366 660 Vas
407 601 696 660 electionis
732 600 1033 675 indiguisse
1059 601 1503 676 coapostolorum
1539 617 1772 660 suorum
1797 617 1855 660 se

264 695 538 754 collatione
568 697 839 753 testetur?
867 695 1031 754 Unde
1054 695 1502 753 manifestissime
1531 696 1856 770 comproba-

263 799 348 848 tur
371 789 508 848 nulli
532 807 566 847 a
585 789 832 848 Domino
857 789 1002 846 viam
1021 789 1379 863 perfectionis
1395 790 1632 864 ostendi,
1660 790 1753 864 qui
1771 791 1860 849 ha-

262 885 394 943 bens
437 884 582 942 unde
610 885 785 946 valeat
833 883 1062 955 erudiri,
1103 883 1413 942 doctrinam
1462 885 1745 942 seniorum
1775 884 1856 942 vel

264 980 514 1038 instituta
549 979 964 1053 contempserit,
994 979 1391 1054 parvipendens
1418 979 1552 1042 illud
1578 979 1854 1052 eloquium

263 1075 406 1149 quod
426 1081 647 1148 oportet
671 1073 1093 1147 diligentissime
1119 1075 1379 1133 custodiri
1403 1091 1420 1130 :
1445 1077 1725 1146 Interroga
1745 1091 1856 1148 pa-

261 1174 389 1226 trem
404 1173 580 1233 tuum,
597 1172 649 1226 et
669 1169 1019 1225 annuntiabit
1031 1169 1136 1224 tibi
1165 1189 1182 1240 ;
1203 1172 1434 1226 seniores
1454 1173 1594 1236 tuos,
1621 1169 1859 1227 etdicent

259 1265 366 1320 tibi
389 1268 628 1335 (Deuter.
661 1267 878 1332 χχχιι).

855 1357 1106 1416 CAPUT
1129 1359 1284 1414 XVI.

666 1456 742 1511 De
775 1453 1077 1524 appetenda
1106 1454 1436 1509 discretione.

323 1546 492 1607 Omni
515 1547 684 1622 igitur
720 1555 922 1604 conatu
949 1545 1114 1604 debet
1139 1545 1487 1604 discretionis
1506 1545 1717 1603 bonum
1744 1546 1856 1604 vir-

259 1650 376 1700 tute
403 1639 737 1698 humilitatis
756 1637 986 1714 acquiri,
1015 1655 1140 1714 qua
1165 1655 1269 1698 nos
1296 1639 1502 1698 illasos
1529 1639 1600 1696 ab
1622 1648 1855 1714 utraque

1958 517 2108 566 recto
2157 509 2535 568 moderamine
2583 513 2979 573 transeundum
3023 524 3127 585 est,
3184 523 3240 573 et
3283 516 3357 574 ita
3404 517 3549 575 inter

1960 610 2247 675 utrasques
2269 603 2576 664 nimietates
2605 604 2936 664 discretione
2958 607 3280 667 moderante
3307 609 3554 684 gradien-

1960 693 2094 752 dum
2137 703 2248 766 est,
2295 704 2356 752 ut
2399 712 2502 754 nec
2527 713 2557 754 a
2588 697 2791 756 tradito
2818 701 3170 760 continentia
3209 704 3434 761 tramite
3462 720 3560 762 ac-

1961 787 2304 860 quiescamus
2325 789 2544 862 abduci,
2566 807 2666 849 nec
2691 809 2918 853 rursum
2961 795 3282 854 remissione
3321 799 3485 857 noxia
3507 799 3562 856 in

1961 882 2103 956 gula
2127 884 2438 959 ventrisque
2467 885 2737 944 desideria
2755 888 3130 949 concidamus.

2509 1019 2755 1078 CAPUT
2820 1024 3010 1078 XVII.

2245 1137 2320 1192 De
2345 1137 2714 1193 immoderatis
2729 1137 2962 1209 jejuniis
2990 1145 3043 1195 et
3071 1142 3295 1210 uigiliis.

2035 1259 2252 1318 Etenim
2287 1262 2518 1320 memini
2554 1279 2644 1321 me
2663 1263 2974 1338 frequenter
2999 1265 3077 1323 ita
3113 1266 3424 1340 appetitum
3448 1268 3560 1327 cibi

1959 1353 2178 1427 penitus
2204 1355 2502 1428 respuisse,
2544 1364 2605 1413 ut
2627 1355 2844 1415 duobus
2873 1357 3068 1416 diebus
3095 1375 3159 1416 ac
3181 1359 3358 1416 tribus
3384 1357 3564 1418 refec-

1960 1449 2112 1506 tione
2148 1448 2331 1518 dilata,
2361 1467 2430 1508 ne
2458 1453 2732 1510 memoria
2755 1453 2978 1526 quidem
3003 1453 3149 1511 illius
3186 1453 3356 1512 edulii
3382 1471 3563 1514 meam

1963 1543 2382 1615 interpellaverit
2410 1553 2655 1602 mentem
2694 1563 2709 1602 :
2739 1554 2796 1602 et
2816 1561 3004 1604 rursus
3030 1547 3101 1604 ab
3129 1547 3300 1604 oculis
3324 1547 3464 1604 meis
3489 1549 3565 1606 ita

1962 1651 2224 1694 somnum
2245 1636 2447 1695 diaboli
2475 1638 2889 1711 impugnatione
2914 1639 3278 1710 subtractum,
3305 1648 3370 1698 ut
3385 1641 3568 1714 plures

255 1743 438 1810 potest
477 1735 766 1794 nimietate
796 1749 1036 1793 servare.
1087 1737 1260 1794 Vetus
1299 1749 1542 1808 namque
1587 1735 1861 1792 sententia
1891 1743 1941 1806 Β
1971 1739 2162 1789 noctes
2193 1746 2258 1788 ac
2287 1730 2406 1788 dies
2454 1731 2738 1804 paululum
2779 1732 2914 1805 quid
2955 1733 3137 1790 somni
3162 1733 3300 1792 meis
3331 1734 3504 1793 oculis
3537 1750 3569 1792 a

255 1839 338 1889 est
361 1840 390 1870 ι
413 1829 683 1902 ἀκρότητες
713 1828 956 1898 ἴσότητες,
977 1827 1037 1886 id
1081 1835 1199 1898 est,
1221 1829 1532 1886 nimietates
1573 1827 1861 1900 aequalita-

254 1935 338 1984 tes
363 1933 516 1984 sunt.
533 1924 620 1982 Ad
637 1939 808 1998 unum
835 1924 986 1981 enim
1003 1921 1177 1980 ﬁnem
1204 1923 1462 1980 nimietas
1477 1921 1669 1998 jejunii
1691 1931 1746 1980 et
1767 1937 1863 1980 vo-

252 2021 458 2080 racitas
483 2020 752 2094 pervenit,
782 2017 1086 2092 eodemque
1102 2017 1390 2090 dispendio
1415 2017 1724 2089 vigiliarum
1752 2016 1860 2074 im-

255 2115 550 2175 moderata
578 2113 925 2172 continuatio
943 2111 1301 2181 monachum,
1321 2126 1434 2185 quo
1457 2111 1640 2168 somni
1669 2112 1865 2185 gravis-

255 2209 397 2267 simi
424 2207 882 2283 torporinvolvit.
909 2211 1056 2266 Nam
1087 2221 1186 2280 per
1205 2201 1486 2264 excessum
1515 2205 1866 2265 continentia

258 2289 622 2361 debilitatum
650 2317 928 2376 quemque
967 2299 1038 2358 ad
1064 2299 1220 2358 illum
1247 2307 1452 2358 statum
1487 2299 1732 2358 revocari
1766 2315 1866 2358 ne-

253 2415 415 2458 cesse
438 2405 524 2456 est
559 2398 619 2456 in
643 2413 754 2470 quo
776 2397 1057 2471 negligens
1083 2397 1320 2470 quisque
1349 2410 1447 2468 per
1473 2393 1740 2452 incuriam
1763 2394 1868 2452 de-

255 2496 504 2567 tinetur;
547 2495 623 2552 ita
669 2502 733 2552 ut
767 2493 1081 2568 frequenter
1125 2507 1264 2566 quos
1289 2507 1384 2566 per
1426 2489 1902 2566 gastrimargiam-

248 2589 438 2664 decipi
477 2606 590 2648 non
614 2587 857 2662 potuisse
883 2587 1289 2661 conspeximus,
1323 2601 1419 2660 per
1446 2584 1864 2644 immoderatio-

249 2700 392 2743 nem
417 2684 758 2759 jejuniorum
788 2681 1088 2741 viderimus
1108 2681 1276 2740 fuisse
1304 2681 1572 2754 dejectos,
1613 2687 1778 2754 atque
1797 2679 1868 2739 ad

253 2778 520 2838 eamdem
547 2793 716 2852 quam
737 2776 984 2836 vicerant
1007 2777 1314 2852 passionem
1345 2775 1682 2833 inﬁrmitatis
1703 2790 1868 2834 occa-

252 2874 424 2933 sione
468 2873 760 2947 collapsos.
815 2872 1031 2946 Vigilia
1057 2887 1279 2946 quoque
1329 2879 1386 2929 et
1431 2870 1869 2946 pernoctationes

249 2967 610 3027 irrationales
649 2967 964 3042 dejecerunt
1008 2981 1147 3040 quos
1194 2981 1425 3024 somnus
1459 2982 1717 3040 superare
1754 2981 1868 3024 non

1966 1825 2213 1882 Domino
2253 1840 2504 1899 precarer
2545 1824 2779 1896 infundi,
2811 1827 3144 1902 graviusque
3171 1843 3262 1886 me
3288 1829 3569 1902 periclita-

1933 1944 1936 1947 ·
1968 1929 2090 1979 tum
2113 1921 2299 1978 somni
2325 1921 2536 1994 cibique
2577 1921 2819 1993 fastidio,
2846 1939 3012 1997 quam
3048 1925 3267 1998 soporis
3291 1933 3346 1984 et
3385 1926 3573 2000 gastri-

1970 2015 2198 2089 margia
2219 2015 2607 2074 colluctatione
2631 2019 2895 2089 persensi.
2929 2021 3140 2091 Itaque,
3183 2020 3328 2077 sicut
3351 2022 3378 2058 ³³
3417 2019 3572 2078 festi-

1970 2109 2214 2168 nandum
2241 2109 2404 2167 nobis
2427 2117 2510 2167 est
2532 2126 2603 2168 ne
2633 2111 2877 2184 appetitu
2906 2127 3186 2186 corporea
3209 2115 3499 2188 voluptatis
3517 2116 3572 2173 in

1969 2202 2386 2262 dissolutionem
2414 2204 2634 2262 noxiam
2673 2204 3003 2275 dilabamur,
3046 2213 3102 2263 et
3135 2217 3263 2265 ante
3290 2209 3570 2282 praestitu-

1969 2307 2096 2359 tum
2135 2309 2350 2376 tempus
2386 2303 2472 2361 vel
2516 2303 2642 2361 cibo
2681 2303 2980 2378 indulgere,
3047 2304 3133 2362 vel
3171 2305 3407 2364 modum
3455 2307 3573 2382 ejus

1971 2411 2376 2468 prasumamus
2422 2397 2715 2467 excedere;
2745 2397 2821 2455 ita
2854 2405 2940 2456 est
2979 2413 3123 2457 esca
3160 2400 3445 2476 somnique
3483 2417 3574 2459 re-

1969 2489 2132 2548 fectio
2181 2490 2318 2549 hora
2359 2491 2620 2564 legitima,
2651 2491 2818 2550 etiam
2864 2493 2912 2550 si
2959 2493 3202 2561 horreat,
3257 2495 3573 2568 ingerenda.

1970 2587 2290 2658 Utrumque
2309 2585 2460 2642 enim
2481 2585 2685 2644 bellum
2701 2586 2996 2647 adversarii
3015 2587 3258 2645 factione
3274 2591 3574 2662 consurgit,

1974 2685 2030 2735 et
2053 2676 2406 2752 perniciosius
2428 2677 2763 2736 continentia
2793 2679 3159 2736 immoderata
3187 2697 3354 2753 quam
3382 2682 3576 2738 saturi-

1973 2781 2060 2830 tas
2093 2771 2331 2830 remissa
2359 2771 2693 2845 supplantat.
2722 2772 2810 2830 Ab
2864 2771 2969 2830 hac
2993 2787 3231 2845 namque
3258 2772 3330 2830 ad
3355 2788 3582 2831 mensu-

1972 2882 2116 2936 ram,
2161 2866 2517 2924 districtionis
2567 2865 2934 2926 inlercedente
2969 2868 3394 2940 compunetione
3437 2868 3586 2926 salu-

1973 2965 2098 3037 tari,
2119 2963 2412 3022 conscendi
2426 2971 2627 3038 potest,
2653 2963 2723 3021 ab
2743 2962 2837 3020 illa
2859 2978 2973 3020 non
3000 2969 3200 3036 potest.

1365 3101 1622 3157 ALARDl
1658 3065 1885 3158 mm
1923 3099 2476 3158 COMMENTARIUS.

339 3234 368 3264 ³
404 3227 472 3282 In
500 3223 761 3298 codicibt
773 3211 1146 3298 Basileens‘iet
1170 3222 1512 3298 Dionysiano
1544 3240 1656 3282 non
1677 3224 1874 3298 legitur
1904 3230 1949 3294 C
1981 3225 2259 3298 deputari.
2283 3224 2451 3283 Unde
2477 3232 2534 3280 et
2567 3239 2711 3298 unus
2758 3231 2976 3298 septem
2993 3221 3393 3298 ,Sapientibus:
3425 3223 3579 3296 μηδὲν

253 3299 396 3357 hac
425 3296 696 3368 sententia
721 3296 936 3368 Graec,
962 3295 1060 3352 sed
1075 3297 1262 3352 Latine
1284 3295 1593 3364 dumtaxat,
1613 3295 1781 3368 quam
1794 3297 1876 3354 sic
1981 3295 2132 3368 ἄτᾶν,
2160 3296 2217 3352 id
2245 3305 2350 3364 est,
2377 3311 2444 3350 ne
2463 3297 2600 3366 quid
2625 3297 2787 3351 nimis
2822 3295 2843 3351 ἐ
2865 3297 3008 3366 quod
3027 3295 3138 3352 tam
3155 3297 3365 3368 celebre
3373 3300 3582 3364 factum

259 3367 502 3444 exponit
519 3365 1171 3444 DionysiussNimi'etates
1181 3368 1521 3444 aequalitates
1537 3365 1682 3432 sunt,
1699 3367 1874 3444 id_t,

261 3438 423 3514 aqua
449 3438 917 3514 nocipce':_malim
931 3439 1134 3507 dicere,
1153 3438 1556 3514 ambavitiosa
1565 3447 1621 3496 et
1633 3439 1876 3514 nociva,

265 3509 426 3582 quod
451 3509 669 3584 plenius
693 3511 1002 3584 declaratur
1029 3527 1149 3582 cap.
1173 3516 1274 3584 22,
1293 3509 1388 3568 ubi
1407 3510 1570 3584 paria
1599 3509 1735 3584 fere
1779 3526 1876 3568 os-

266 3582 576 3640 tenduntur
617 3583 802 3641 nimia
840 3583 1036 3640 inedia
1063 3590 1119 3639 et
1141 3583 1328 3640 nimia
1357 3582 1642 3640 edacitatis
1666 3583 1878 3639 incom-

271 3654 464 3728 moda.
517 3657 677 3728 Hanc
703 3670 868 3728 porro
910 3653 1264 3728 sententiam,
1295 3662 1378 3728 ut
1401 3655 1678 3728 Graecam,
1720 3670 1817 3728 seu
1845 3669 1877 3710 a

271 3726 490 3798 Gracia
507 3725 796 3798 prolatam,
823 3726 1018 3783 Latine
1031 3733 1216 3798 tamen
1229 3725 1473 3798 reddidit
1480 3729 1718 3798 Faustus
1727 3725 1878 3782 Rhe-

274 3797 483 3870 giensis
505 3797 646 3870 libro
667 3813 693 3855 1
719 3799 787 3855 de
815 3798 1010 3854 Gratia
1031 3805 1092 3870 et
1111 3797 1315 3852 Libero
1345 3797 1610 3864 Arbitrio,
1645 3811 1880 3870 eamque

275 3866 380 3925 suo
398 3867 652 3926 instituto
675 3870 750 3925 ita
770 3866 1158 3924 accommodat
1180 3885 1194 3920 :
1213 3869 1350 3921 Pene
1364 3871 1598 3934 utraque
1606 3866 1882 3929 nimietas,

277 3941 414 4004 dum
428 3940 808 3996 discretionem
820 3942 981 4006 atque
991 3937 1281 3989 discrimen
1295 3939 1468 3988 tenere
1482 3937 1666 4006 nescit,
1683 3937 1889 4004 ecquale

276 4013 490 4066 crimen
523 4011 775 4064 incurrit.
805 4009 875 4062 Et
888 4004 1093 4060 rursus
1119 4009 1255 4073 (cap.
1287 4007 1307 4058 l
1347 4007 1398 4058 et
1424 4006 1510 4064 l7)
1537 4020 1551 4056 :
1583 4004 1714 4059 Cum
1751 4006 1891 4058 inter

276 4081 398 4136 haec
417 4095 563 4134 unus
586 4081 796 4134 tantum
811 4076 1002 4138 labori,
1016 4075 1155 4129 alter
1169 4077 1336 4129 totum
1362 4074 1556 4143 gratia
1565 4073 1778 4142 judicet
1797 4073 1893 4128 de-

268 4150 622 4224 putandum,
648 4149 904 4224 impletur
923 4148 981 4201 in
1000 4150 1238 4224 utroque
1249 4147 1442 4224 Graeca
1475 4147 1772 4224 sententia:
1797 4147 1892 4199 ni-

277 4217 540 4278 mietates
555 4217 892 4290 aguaiitates
917 4221 1063 4280 sunt,
1088 4217 1285 4290 similis
1302 4218 1570 4288 impietas,
1585 4220 1638 4290 et
1649 4231 1760 4287 par
1781 4230 1893 4272 esse

277 4293 552 4366 probatur
570 4288 919 4366 improbitas,
932 4291 1174 4366 sitatam
1196 4289 1302 4366 so_li
1323 4289 1518 4366 gratiae
1537 4288 1621 4342 vel
1649 4290 1704 4344 si
1711 4292 1890 4366 totum

283 4358 390 4422 soli
414 4358 726 4421 ascribatur
743 4361 931 4432 labori.
959 4362 1088 4416 Hac
1101 4359 1208 4432 ille.
1234 4363 1342 4416 Pro
1371 4359 1566 4432 quibus
1582 4358 1728 4432 apud
1740 4361 1887 4416 Mar-

288 4435 550 4516 tinam.
573 4447 858 4516 verteram
886 4431 1085 4516 Issit!"
1113 4431 1410 4516 (bene;
1423 4432 1501 4514 th:
1527 4436 1582 4495 4»
1607 4431 1738 4516 eiii:
1770 4435 1802 4486 3
1824 4434 1886 4516 )5

289 4503 607 4567 Nimietatés
630 4503 686 4562 et
701 4503 1095 4575 inaqualitates
1115 4507 1242 4558 sunt
1259 4503 1458 4559 similis
1476 4504 1813 4575 improbitas,
1837 4507 1890 4560 et

287 4595 397 4650 par
417 4594 529 4635 esse
539 4577 806 4650 probatur
814 4573 1097 4650 impietas,
1127 4581 1261 4650 etc_._,_
1281 4582 1346 4650 ut
1365 4587 1437 4628 ex
1456 4573 1646 4650 priore
1672 4582 1885 4630 senten-

290 4623 378 4707 ἵίῖ
390 4623 596 4706 emi;
606 4623 1437 4718 3,-1.3t'béi'aaaaainsgiesg
1456 4623 1884 4718 instigatae
1910 4623 1961 4686 D

294 4721 416 4780 hac
440 4711 732 4786 sententia,
757 4733 855 4790 seu
880 4713 1238 4790 proverbialis
1249 4711 1489 4790 _ﬁ)cutio,
1513 4727 1578 4790 ex
1597 4713 1892 4790 Aristotele

294 4793 586 4864 desumpta
613 4807 660 4864 tt
689 4783 902 4864 Ethic.:
927 4791 1136 4864 _c_ap._6,
1168 4783 1264 4842 ubi
1295 4785 1458 4864 docet
1483 4783 1762 4864 plerasque
1781 4784 1892 4840 vir-

294 4872 449 4921 tutes
470 4854 712 4920 mor-ales
739 4861 795 4918 in
820 4854 1027 4926 medio',
1058 4856 1164 4913 hoc
1183 4864 1288 4924 est,
1313 4855 1452 4926 inter
1489 4854 1601 4912 duo
1636 4863 1892 4926 extrema

300 4935 428 4992 vitia
455 4929 776 4992 consistere.
803 4931 948 4988 Huic
969 4925 1136 5001 perro
1164 4926 1343 4984 afﬁnis
1365 4925 1463 5001 ill_a_
1481 4925 1760 5001 veteribus
1795 4940 1890 4982 ce-

299 5005 506 5063 lebrata
531 5002 801 5063 sententia
833 5023 846 5060 :
879 4995 1030 5074 μηὸέν
1061 4998 1464 5074 ᾅγανηηθαᾳξα
1484 4998 1668 5074 nimis,
1694 4995 1776 5074 de_
1786 5011 1895 5068 qua

300 5077 552 5135 Stobaus
579 5089 834 5133 sermone
849 5066 944 5140 2'4,
969 5080 1026 5128 et
1043 5071 1147 5129 alia
1175 5066 1421 5128 Cleob'uli
1450 5067 1595 5141 apud
1608 5066 1895 5141 eumdem,

301 5149 499 5220 ἄριστον
532 5147 733 5220 μετρδν,
755 5138 944 5203 modus
962 5138 1730 5220 _omnium_optintus.'_Quibus
1757 5138 1898 5220 allu-

303 5209 436 5277 d'ens
460 5209 545 5278 ΒΣ
568 5209 934 5286 Hierduymus
959 5215 1013 5272 in
1032 5209 1281 5286 epistola
1291 5220 1346 5280 8,
1380 5212 1454 5286 ita
1479 5209 1892 5286 Demetriadem

307 5289 679 5365 virgunculam
705 5283 972 5365 admonet
1001 5305 1015 5342 :
1052 5283 1232 5357 Neque
1256 5300 1381 5365 uero
1406 5283 1898 5365 immoderatatibi

307 5356 848 5433 ﬁnieramusjejunia
875 5363 926 5415 et
949 5356 1211 5415 enormem
1227 5357 1464 5433 ciborum
1511 5356 1896 5433 abstinentiam

307 5431 500 5504 quibi“
525 5431 716 5491 statim
761 5432 994 5489 delicata
1023 5444 1242 5502 corpora
1273 5431 1628 5504 franguntur,
1668 5432 1724 5504 et
1743 5496 1754 5504 _
1771 5431 1896 5482 ante

310 5496 567 5576 {egrotare
578 5507 870 5576 incipiunt,
887 5519 1050 5576 quam
1069 5496 1281 5558 sancta
1293 5496 1894 5576 conuersationisjecere

307 5571 706 5642 fundamenta."
732 5571 1187 5646 Philosophorum
1223 5587 1452 5646 quoque
1487 5571 1892 5646 sententia_est_,

311 5638 586 5718 μεσότητας
611 5646 786 5718 ἀρετὰς
806 5685 821 5713 ,
861 5638 1138 5717 ὓπερὁολὰς
1173 5638 1368 5718 nimia;—
1403 5638 1536 5718 εἶναι
1576 5641 1724 5714 quod
1755 5640 1896 5718 Lati-

541 5714 722 5796 potest
746 5733 927 5796 sermo
945 5714 1196 5796 resonare
1243 5735 1258 5773 ε
1305 5715 1616 5796 Mode-ratas
1642 5728 1751 5796 esse
1784 5714 1898 5796 eir-

311 5795 445 5847 tutes
457 5812 475 5863 ;
500 5788 816 5848 eacedrmtes
843 5789 1055 5844 modum
1076 5791 1236 5859 atque
1268 5801 1575 5844 mensuram
1592 5788 1732 5852 inter
1758 5788 1896 5839 vitia

309 5720 508 5778 nusita

1985 3367 2084 3431 est,
2103 3371 2168 3422 ut
2181 3369 2374 3423 comico
2391 3381 2600 3437 quoque
2618 3382 2778 3422 versu
2791 3382 3104 3436 eapressum
3119 3370 3211 3423 sit.
3235 3369 3322 3424 Sic
3335 3367 3488 3422 debes
3493 3368 3584 3437 je-

1973 3441 2184 3511 junare
2192 3442 2254 3494 ut
2263 3454 2368 3511 non
2375 3439 2613 3509 palpites
2625 3439 3259 3511 etrespirarevirpossis,
3272 3443 3324 3494 et
3333 3441 3585 3494 comitum

1987 3515 2207 3566 tuarum
2229 3510 2312 3565 vel
2331 3511 2586 3581 porteris,
2603 3510 2688 3565 uel
2705 3509 2948 3565 traharis
2968 3510 3218 3566 mnibus
3239 3511 3366 3578 gsed
3389 3515 3451 3565 ut
3474 3512 3588 3578 fra-

1985 3587 2067 3638 cto
2093 3584 2332 3652 corporis
2365 3583 2632 3652 appetitu,
2661 3596 2756 3637 nec
2795 3583 2854 3636 in
2899 3582 3134 3648 lectimie,
3155 3598 3249 3638 nec
3265 3585 3323 3637 in
3336 3583 3582 3653 psalmis,

1984 3669 2079 3710 nec
2114 3655 2170 3708 in
2195 3654 2404 3724 uigiliis
2424 3653 2579 3708 solito
2595 3653 2918 3722 quidminus
2940 3655 3132 3722 facias.
3149 3653 3301 3709 Idem
3315 3653 3371 3709 in
3389 3653 3586 3709 Isaiam

1987 3725 2080 3780 lib.
2105 3739 2242 3782 xw.
2265 3741 2386 3796 cap.
2413 3728 2484 3780 52
2517 3743 2530 3779 :
2553 3726 2904 3796 Neque
2924 3727 3069 3796 vitia
3083 3729 3135 3780 et
3151 3725 3588 3796 perturbationes

1987 3797 2212 3866 invicem
2225 3811 2281 3852 se
2289 3793 2610 3866 sequuntur,
2623 3793 2769 3866 quod
2779 3795 2846 3866 de
2857 3796 3002 3866 eirtu
3007 3795 3150 3866 tibus
3161 3794 3385 3855 dicitur,
3396 3793 3588 3866 quibus

1990 3881 2086 3920 nec
2125 3863 2416 3936 ὓπερϐάσὲις
2435 3871 2582 3930 sunt,
2610 3863 2702 3920 nec
2731 3863 2992 3934 ἐλλείψεις,
3020 3865 3080 3936 id
3099 3868 3196 3927 est,
3235 3878 3330 3918 nec
3349 3863 3591 3936 plusnec

1993 3937 2193 3998 minus,
2219 3930 2312 4006 sed
2336 3939 2517 4006 omnia
2531 3940 2847 4006 temperata.
2867 3930 2946 3992 l'ta
2965 3930 3592 4006 Hieronymtaondem

1996 4012 2240 4074 spectant
2259 4004 2383 4076 hac
2397 4002 2896 4076 lsidoriAP’elusiota
2914 4005 3074 4076 epist.
3092 4002 3188 4076 tat
3205 4044 3220 4066 ,
3247 4002 3339 4059 lib.
3370 4016 3446 4059 tu
3475 4019 3486 4055 :
3525 4005 3593 4058 Ut

1997 4088 2263 4142 corporea:
2286 4074 2721 4144 pulchritudinis.
2739 4089 2922 4130 norma
2940 4074 3300 4130 membrorum
3324 4077 3454 4144 apta
3467 4087 3594 4143 pro-

1991 4146 2176 4216 portio
2200 4147 2298 4206 est,
2322 4146 2403 4198 ita
2431 4146 2592 4198 etiam
2611 4148 2853 4216 entrema
2865 4144 3124 4214 spirituat
3129 4146 3174 4199 is
3191 4145 3594 4200 exercitationis

1999 4214 2144 4270 linea
2167 4217 2227 4270 in
2249 4216 2518 4270 virtutum
2543 4214 2910 4270 mediocritate
2922 4217 3180 4271 consistit.
3200 4218 3336 4274 Nam
3357 4217 3410 4271 si
3422 4221 3596 4272 extre-

1996 4287 2233 4350 mitates,
2256 4290 2320 4342 ut
2329 4285 2554 4356 quidam
2567 4286 2833 4358 sapientes
2846 4289 2959 4342 viri
2967 4291 3414 4358 pronuntiarunt,
3437 4291 3495 4343 in
3505 4289 3593 4344 vi-

1998 4361 2137 4430 tium
2151 4359 2472 4428 degenerent
2483 4357 2651 4430 (unde
2669 4359 2833 4413 etiam
2847 4357 3072 4415 virtutes
3083 4361 3476 4430 mediocritates
3485 4375 3595 4416 esse

1997 4429 2367 4504 deﬁnierunt),
2381 4431 2530 4504 haud
2546 4429 2724 4504 absre
2735 4431 2960 4504 Sapiam
2981 4447 3190 4504 quoque
3209 4435 3450 4490 monuit:
3468 4433 3598 4492 Noli

1993 4503 2308 4632 gas;
2321 4501 2744 4646 [ﬁgas
2764 4501 2857 4642 ξιςθ
2877 4501 3074 4576 (Epist.
3094 4501 3175 4564 ⁷19
3194 4509 3246 4562 et
3271 4511 3347 4574 6).
3376 4504 3594 4574 Quibus

2060 4725 2236 4776 Virtus
2267 4729 2346 4777 est
2361 4727 2586 4778 medium
2605 4723 2846 4776 vitiorum
2869 4722 3122 4783 utrimque
3141 4722 3420 4783 reductum.

2059 4789 2148 4837 Est
2176 4787 2358 4837 modus
2377 4788 2424 4836 in
2447 4788 2601 4837 rebus
2620 4805 2635 4835 :
2667 4790 2788 4835 sunt
2807 4785 2936 4834 certi
2965 4781 3182 4844 denique
3214 4781 3360 4842 ﬁnes,

2065 4852 2202 4906 Quos
2233 4848 2366 4897 ultra
2393 4849 2624 4910 citraque
2651 4847 2826 4909 nequit
2841 4843 3116 4896 consistere
3131 4846 3348 4896 rectum.

2003 4997 2281 5072 Idemque
2306 4996 2438 5052 alibi
2476 4996 2676 5072 insigni
2720 4995 2962 5072 epitheto
2990 5014 3209 5058 auream
3246 5002 3601 5062 commendat

2003 5069 2446 5148 medtperitatem:
2486 5069 2738 5148 Denique
2753 5069 3154 5148 pervulgatum
3183 5082 3267 5131 est
3300 5074 3451 5147 illud'
3472 5091 3602 5148 pro-

2007 5138 2256 5211 verbium
2276 5157 2290 5194 ε
2316 5140 2512 5196 Modus
2539 5145 2618 5197 est
2635 5138 3006 5211 pulclterrima
3030 5147 3226 5202 uirtus.
3409 5138 3429 5179 ί

2073 5203 2100 5243 ¹³
2125 5210 2184 5268 ld
2221 5218 2326 5290 est.
2346 5211 2582 5268 sollicite
2631 5203 2956 5285 cavendum,
3007 5217 3394 5290 satagendum;
3445 5218 3600 5281 festio

2001 5297 2134 5364 ears
2169 5281 2316 5364 enim
2341 5297 2452 5364 ηρῐι
2491 5298 2708 5364 semper
2733 5281 3038 5364 νεορβτέιῖφ,
3059 5281 3350 5364 ξίέηίῆοει,
3383 5281 3481 5364 'sed
3520 5294 3604 5352 in-

2000 5352 2220 5411 terdum
2257 5354 2552 5426 trepidare,
2567 5352 3214 5424 autturbai-imollicit‘um
3249 5352 3348 5418 aut
3377 5359 3599 5422 anxium

2001 5441 2145 5504 esse.
2161 5425 2450 5504 _Sallt_1st._:
2481 5429 2886 5504 Festinmuibus
2908 5431 2968 5486 in
2978 5447 3192 5504 summa
3217 5436 3400 5504 inopia
3418 5439 3603 5504 patri-

2005 5498 2121 5575 bus.
2161 5500 2234 5554 Et
2280 5498 2708 5575 Gellius__(1\_loct.
2757 5501 2925 5557 Attio.
2977 5503 3070 5559 lib.
3111 5520 3176 5568 x,
3225 5498 3474 5575 οαρευὶ)
3523 5523 3601 5564 ex

2002 5572 2246 5644 Varrone
2272 5569 2435 5644 docet
2455 5569 2603 5628 aliud
2630 5585 2750 5644 esse
2773 5587 3086 5644 properare,
3117 5575 3266 5632 aliud
3283 5569 3599 5642 'fe'stinare;

2001 5649 2059 5697 et
2080 5640 2334 5718 festinare
2357 5641 2570 5718 dictum
2595 5642 2752 5718 quasi
2774 5640 2982 5701 fessum
3008 5640 3126 5718 esse
3160 5665 3172 5700 :
3210 5661 3362 5718 nam,
3399 5640 3599 5718 inquit,

2001 5712 2096 5796 qui
2135 5712 2320 5770 multis
2369 5713 2534 5796 simul
2576 5712 2750 5796 rebus
2783 5717 3147 5796 properandis
3195 5712 3446 5774 defessus
3473 5712 3599 5776 "est,

1995 5785 2116 5856 jam
2145 5799 2259 5843 non
2287 5791 2564 5858 properat,
2591 5785 2688 5843 sed
2718 5785 2962 5844 festinat.
