3982 6202
338 269 422 323 653
1373 266 1711 325 COLLATIO
1751 269 1814 324 II.
1854 295 1930 311 —
1964 268 2055 325 DE
2091 268 2559 327 DISCRETIONE.

878 392 1120 450 CAPUT
1156 394 1321 449 XXI.

332 491 595 577 Responsio
617 491 879 560 quomodo
914 491 1193 618 magis;
1216 494 1554 548 continentia:
1582 492 1672 547 lea:
1701 494 1915 548 servari

387 666 598 739 Moyses
635 685 649 721 :
684 669 713 700 ³
749 664 807 724 Si
847 665 1007 723 vultis
1047 665 1278 739 experiri
1324 665 1462 723 vim'
1491 666 1681 725 statuti
1729 667 1912 741 hujus,

330 756 547 815 modum
576 758 743 815 istum
769 757 971 831 jugiter
993 758 1243 826 retinete,
1270 762 1297 796 δ
1332 759 1549 817 nullum
1579 760 1915 818 extrinsecus

330 851 585 909 coctionis
629 851 973 925 pulmentum
1000 856 1025 886 θ
1048 852 1139 911 die
1148 852 1431 911 dominico
1455 852 1540 911 vel
1566 853 1798 923 sabbati,
1814 869 1910 911 ne-

328 960 420 1018 que
446 945 549 1002 sub
579 945 758 1018 aliqua
787 946 1190 1005 advenientium
1224 947 1462 1006 fratrum
1500 949 1789 1006 occasione
1815 961 1909 1004 su-

327 1044 549 1108 mentes;
583 1054 717 1095 nam
753 1039 840 1096 his
878 1040 1081 1099 refecta
1134 1057 1265 1099 caro
1309 1041 1648 1099 non’solum
1698 1041 1910 1099 minore

326 1134 612 1207 quantitate
638 1133 832 1191 diebus
869 1136 1106 1194 residuis
1129 1137 1333 1210 poterit
1367 1138 1681 1208 sustentari,
1714 1155 1908 1197 verum

324 1227 469 1284 etiam
485 1231 663 1285 totam
691 1227 1047 1287 refectionem
1064 1230 1181 1288 sine
1207 1231 1394 1289 labore
1418 1230 1661 1302 differre,
1688 1231 1909 1290 illarum

320 1321 511 1378 scilicet
529 1320 779 1379 ciborum
808 1338 948 1396 quos
974 1324 1310 1384 extrinsecus
1339 1327 1633 1399 sumpserit
1650 1327 1908 1400 adjectio-
2012 1356 2023 1375 ι

321 1430 380 1471 ne
394 1412 637 1472 suffulta.
663 1414 825 1488 Quod
843 1417 995 1474 nullo
1006 1417 1175 1476 modo
1192 1418 1392 1487 facere,
1414 1435 1516 1476 nec
1538 1419 1905 1478 refectionem

321 1508 461 1582 panis
476 1507 699 1567 differre
721 1510 777 1566 in
803 1510 952 1568 diem
985 1520 1268 1585 posterum
1286 1513 1623 1586 pravalebit,
1649 1515 1903 1589 quisquis

318 1600 466 1659 fuerit
488 1616 707 1675 semper
730 1602 1005 1676 pradicta
1038 1620 1313 1664 mensura
1342 1606 1642 1679 quantitate
1670 1614 1897 1663 conten-

316 1702 412 1752 tus.
435 1697 654 1752 Etenim
685 1696 909 1754 memini
936 1698 1179 1756 seniores
1200 1707 1420 1757 nostros
1445 1696 1617 1772 (quod
1642 1714 1745 1756 nos
1765 1715 1903 1773 quo-

3518 285 3623 340 554

1935 401 1990 463 Α
2018 394 2201 451 carnis
2238 394 2555 454 lassitudine
2608 398 2780 455 nimia
2832 408 3170 473 pragravata
3213 401 3624 463 condormitare

2018 492 2187 561 [Lips.
2219 494 2277 545 in
2304 507 2486 562 marg.
2517 491 2835 564 dormitare]
2866 495 3246 569 compellitur;
3286 498 3361 554 ita
3396 513 3623 557 rursum

2019 582 2300 641 nimietate
2334 584 2649 667 voracitatis
2689 602 2946 659 oppressa
2982 589 3230 646 emittere
3265 606 3392 647 suas
3436 607 3624 663 preces

2020 675 2088 733 ad
2112 679 2292 733 Deum
2322 694 2485 751 puras
2513 678 2766 752 levesque
2792 697 2905 738 non
2933 683 3152 756 poterit.
3194 684 3301 741 Sed
3326 700 3429 742 nec
3451 687 3624 746 casti—

2019 769 2223 827 monia
2263 770 2485 844 quidem
2523 772 2687 845 ipsius
2724 774 3027 847 puritatem
3073 775 3376 851 indisrupta
3425 781 3623 837 valebit

2011 859 2244 935 jugitate
2288 878 2526 935 servare,
2569 864 2703 922 dum
2747 861 2807 922 ei
2845 867 3012 924 etiam
3056 866 3247 925 diebus
3284 869 3388 926 illis
3426 871 3624 942 quibus

2018 970 2238 1014 carnem
2259 958 2465 1015 acriore
2489 958 2704 1016 videtur
2722 961 3060 1018 continentia
3083 963 3368 1038 castigare,
3395 976 3621 1038 prater-

2017 1049 2091 1106 ita
2135 1050 2242 1108 cibi
2298 1053 2543 1123 materia,
2599 1055 2847 1125 quamvis
2895 1055 2964 1112 ad
3008 1071 3251 1128 prasens
3292 1058 3505 1119 defecto
3553 1063 3625 1120 sit

2016 1159 2262 1218 corpore,
2287 1146 2469 1219 ignem
2494 1147 2723 1204 carnalis
2743 1148 3193 1221 concupiscentia
3214 1152 3617 1214 subministrat.

2524 1328 2533 1335 .
2560 1286 2807 1343 CAPUT
2847 1286 3067 1344 XXIII.

2088 1403 2543 1473 Quemadmodum
2559 1406 2909 1460 abmtdantice
2923 1407 3210 1463 humorum
3226 1410 3547 1478 genitalium

2640 1479 2993 1545 castigentur.

2085 1602 2225 1656 Nam
2261 1599 2411 1672 quod
2448 1600 2615 1656 semel
2646 1616 2744 1673 per
2785 1617 3033 1658 escarum
3061 1601 3449 1660 abundantiam
3489 1620 3620 1661 con-

2013 1699 2229 1749 cretum
2269 1692 2436 1749 fuerit
2474 1694 2533 1748 in
2580 1694 2852 1764 medullis,
2884 1710 3103 1752 necesse
3148 1702 3232 1753 est
3259 1697 3424 1769 egeri,
3456 1704 3618 1770 atque

314 1802 412 1882 que
451 1789 663 1847 retineo
709 1789 1023 1862 frequenter
1058 1792 1230 1851 fuisse
1268 1797 1711 1867 perpessos)cum
1748 1802 1903 1851 tanto
1931 1820 1980 1882 Β
2012 1785 2086 1882 _ab
2102 1786 2222 1882 ipsa
2241 1792 2451 1882 natura!
2470 1787 2597 1882 lege
2618 1787 2869 1882 propelli,
2900 1803 3023 1882 qua
3065 1789 3477 1882 exuberantiam
3518 1806 3619 1848 cu-

315 1881 490 1939 labore
510 1898 575 1939 ac
596 1882 913 1942 difﬁcultate
942 1884 1085 1942 hanc
1116 1887 1520 1960 percimoniam
1548 1895 1900 1957 sustentasse,
1932 1879 1970 1882 ’
2002 1879 2233 1952 juslibet
2265 1879 2510 1936 humoris
2537 1880 2822 1952 ευρθτίιιιὶ,
2860 1881 3007 1938 velut
3045 1881 3269 1939 noxiam
3312 1882 3416 1940 Sibi
3456 1891 3627 1957 atque

310 1981 556 2048 tantaque
583 1976 631 2032 vi
655 1985 819 2049 atque
849 1978 1029 2035 inedia
1058 1979 1371 2052 pradictam
1406 1981 1704 2039 custodisse
1743 1997 1902 2039 men-

304 2083 507 2139 suram,
543 2080 606 2127 ut
629 2071 778 2128 inviti
798 2073 1205 2144 quodammodo
1219 2116 1234 2145 ,
1256 2090 1358 2132 nec
1377 2075 1495 2132 sine
1517 2076 1724 2148 gemitu
1743 2084 1904 2148 atque

308 2162 516 2222 tristitia
541 2165 688 2223 hunc
711 2166 878 2224 linem
902 2167 1002 2224 sibi
1019 2166 1331 2225 refectionis
1375 2168 1748 2242 imponerent.
1783 2242 1787 2255 Ι

881 2270 1121 2326 CAPUT
1136 2271 1325 2326 XXII.

442 2367 675 2433 Quinam
702 2363 969 2434 generalis
994 2365 1333 2434 continentia
1361 2378 1424 2417 ac
1455 2364 1762 2431 refectionis
1802 2379 1810 2387 ·

966 2433 1155 2489 modus
1175 2436 1265 2489 sit.
1640 2492 1641 2497 η

364 2538 646 2598 Generalis
679 2546 869 2595 tamen
903 2535 997 2593 hic
1023 2536 1378 2613 continentia
1413 2534 1616 2593 modus
1648 2544 1749 2600 est,
1782 2546 1843 2593 ut
1868 2537 1896 2573 ει

286 2632 602 2691 secundum
615 2631 971 2704 capacitatem
995 2629 1237 2700 viritum,
1255 2629 1340 2686 vel
1364 2628 1634 2702 corporis,
1660 2630 1741 2686 vel
1769 2638 1899 2687 ata-

292 2726 391 2796 tis,
420 2712 637 2783 tantum
657 2724 877 2781 sibimet
902 2722 1007 2779 cibi
1030 2722 1404 2795 unusquisque
1431 2721 1721 2793 concedat,
1737 2733 1900 2795 quan-

292 2828 421 2877 tum
440 2818 763 2877 sustentatio
791 2818 991 2887 carnis,
1017 2832 1128 2874 non
1155 2825 1421 2889 quantum
1446 2815 1778 2874 desiderium
1809 2832 1897 2873 sa-

281 2914 538 2971 turitatis
565 2911 862 2986 exposcit.°
889 2914 952 2967 In
984 2918 1217 2984 utraque
1244 2909 1389 2968 enim
1422 2918 1574 2983 parte
1611 2910 1899 2969 sustinebit

276 3007 609 3064 maximum
635 3007 1022 3064 detrimentum
1037 3045 1055 3074 ,
1094 3004 1338 3076 quisquis
1361 3004 1783 3083 inaqualitatem
1810 3014 1896 3062 te-

273 3115 461 3171 nens,
478 3115 628 3156 nunc
654 3107 900 3155 ventrem
912 3097 1251 3170 jejuniorum
1279 3095 1529 3153 ariditate
1550 3099 1895 3170 constringit,

2009 1973 2363 2042 contrariam,
2384 1972 2437 2028 in
2459 1974 2751 2046 semetipsa
2779 1974 3019 2031 residere
3049 1990 3164 2031 non
3201 1975 3420 2046 patitur.
3452 1975 3613 2035 Ideo-

2010 2084 2119 2141 que
2145 2067 2453 2125 rationabili
2477 2082 2697 2140 semper
2720 2074 2775 2124 et
2802 2067 2995 2140 aquali
3024 2075 3109 2124 est
3134 2084 3332 2141 corpus
3360 2078 3615 2127 nostrum

2013 2162 2367 2236 parcimonia,
2384 2162 2778 2237 castigandum,
2815 2171 2878 2220 ut
2907 2163 2952 2220 si
2978 2163 3211 2220 naturali
3241 2164 3344 2221 hac
3379 2165 3617 2223 necessi-

2011 2266 2125 2315 tate
2169 2264 2575 2314 commorantes
2618 2257 2675 2311 in
2704 2272 2867 2313 carne
2902 2257 3242 2315 omnimodis
3280 2273 3462 2315 carere
3498 2274 3614 2316 non
3699 2294 3703 2299 η

2010 2367 2323 2426 possumus,
2355 2351 2548 2409 saltem
2578 2351 2755 2408 rarius
2770 2365 2874 2408 nos
2898 2360 2953 2407 et
2982 2345 3002 2384 ί
3037 2367 3151 2408 non
3178 2351 3415 2425 amplius
3449 2367 3615 2425 quam

2005 2448 2145 2504 trina
2168 2448 2285 2503 vice
2311 2460 2590 2519 respersos
2634 2444 2737 2503 ista
2778 2445 3088 2503 colluvione
3124 2446 3297 2502 totius
3325 2447 3454 2502 anni
3492 2463 3616 2504 cur-

2004 2554 2098 2596 sus
2138 2540 2401 2596 inveniat.
2432 2538 2592 2607 Quod
2627 2546 2813 2593 tamen
2843 2538 2963 2592 sine
3004 2537 3116 2593 ullo
3143 2538 3359 2609 pruritu
3396 2539 3614 2609 quietus

2006 2639 2192 2704 egerat
2225 2646 2413 2703 sopor,
2452 2645 2568 2686 non
2595 2628 2754 2685 fallax
2782 2629 2962 2701 imago
2994 2628 3159 2685 index
3197 2630 3425 2685 occulta
3462 2631 3612 2689 volu-

2007 2724 2176 2796 ptatis
2188 2722 2384 2780 eliciat.
2413 2722 2786 2793 Quamobrem
2797 2721 2917 2777 hac
2935 2730 3017 2778 est
3031 2723 3433 2793 temperantia,
3447 2737 3616 2795 quam

2005 2817 2268 2886 diximus,
2289 2816 2624 2874 continentia
2652 2824 2706 2873 et
2730 2816 2965 2888 qualitas
2998 2824 3163 2887 atque
3184 2830 3466 2885 mensura,
3493 2831 3618 2889 qua

2006 2920 2223 2985 patrum
2246 2925 2464 2984 quoque
2475 2908 2686 2983 judicio
2705 2909 3124 2981 comprobatur,
3147 2918 3209 2966 ut
3237 2909 3615 2981 quotidianam

2005 3005 2162 3078 panis
2202 3002 2560 3061 refectionem
2603 3001 2919 3074 quotidiana
2956 3001 3250 3058 comitetur
3288 3000 3518 3071 esuries,
3558 3001 3616 3060 in

2006 3113 2116 3156 uno
2144 3096 2445 3170 eodemque
2473 3104 2619 3153 statu
2651 3096 2891 3152 animam
2918 3095 3118 3168 pariter
3142 3110 3446 3169 corpusque
3476 3111 3614 3153 con-

281 3208 460 3249 nunc
497 3207 745 3246 escarum
790 3189 1075 3245 nimietate
1121 3187 1402 3244 distendit.
1450 3190 1532 3245 Ut
1562 3191 1709 3245 enim
1742 3206 1900 3247 mens
1930 3218 1975 3281 ρ
2007 3206 2260 3259 servans;
2290 3207 2393 3247 nec
2425 3190 2619 3264 jejunii
2656 3188 2972 3264 fatigatione
3007 3188 3314 3259 concidere,
3358 3206 3460 3247 nec
3491 3206 3615 3264 gra-

269 3283 406 3343 cibi
431 3282 689 3340 inanitate
710 3282 905 3339 lassata
948 3279 1450 3354 perditorationum
1478 3281 1747 3353 vigorem,
1767 3282 1899 3339 dum
1947 3279 1962 3281 '
2007 3283 2117 3338 vari
2156 3291 2397 3338 mentem
2442 3283 2729 3338 saturitate
2772 3282 3105 3354 permittens.
3155 3285 3330 3338 Tanta
3376 3298 3615 3357 namque

1398 3389 1655 3445 ALARDI
1693 3390 1915 3447 GAZ/EI
1954 3388 2515 3447 COMMENTARIUS.

360 3491 391 3520 ³
428 3485 495 3544 Id
535 3493 621 3558 est
652 3485 902 3558 probare,
931 3499 1068 3558 num
1098 3484 1186 3558 illa
1220 3498 1495 3558 mensura,
1520 3486 1679 3558 unius
1699 3486 1903 3544 scilicet

278 3557 453 3616 libra
491 3553 730 3630 pauis'in
758 3554 926 3623 diem,
954 3556 1029 3630 sit
1060 3555 1193 3612 satis
1219 3553 1436 3612 modica
1470 3553 1528 3613 et
1560 3557 1775 3630 exigua,
1835 3574 1900 3616 ac

275 3625 788 3701 servatudiﬂicilis;
819 3625 1306 3701 eamdem_semper
1322 3641 1385 3682 ac
1409 3625 1677 3701 perpetué
1693 3625 1896 3701 tenete,

279 3700 446 3756 nulla
465 3699 753 3755 occasione
771 3713 893 3753 eam
916 3695 1259 3754 excedentes.

364 3773 396 3807 υ
440 3768 875 3843 Pulmentarium
926 3767 1062 3823 dixit
1098 3771 1168 3843 Ι).
1193 3767 1542 3843 _Benedictus_
1572 3769 1697 3843 loco
1732 3785 1895 3843 supra

276 3842 494 3909 citato;
509 3841 598 3898 ubi
612 3843 1087 3912 Turrecrematus:
1110 3838 1499 3912 l’ulmentaria,
1523 3841 1716 3912 inquit,
1743 3838 1897 3899 mul-

287 3912 365 3970 tis
390 3911 576 3969 modis
609 3911 887 3979 dicuntur,
932 3909 1239 3967 secundum
1275 3909 1615 3966 varietatem"
1636 3909 1895 3969 materia-

278 3998 500 4041 ramex
513 3982 711 4062 quibus
732 3982 902 4062 ﬁunt;
1153 3979 1278 4036 loco
1306 3981 1732 4062 pulmentarium
1747 3983 1896 4062 idem

278 3999 711 4111 rumexoaumus
732 3999 902 4051 nunt;
920 3999 1132 4037 seanoc
1157 3999 1278 4036 IOCO
1306 3999 1732 4062 pulmentarium
1747 3999 1892 4040 luem

276 4063 375 4127 est
405 4069 483 4125 qu
544 4054 917 4127 pulmentum
948 4051 1247 4127 fac_tu_m_ex
1273 4051 1529 4122 piscibus,
1557 4052 1892 4127 aut_legumi-

282 4121 482 4192 nibus,
512 4121 621 4182 siv'e
643 4125 712 4181 de
739 4123 943 4191 herbis,
970 4123 1053 4179 vel
1073 4121 1284 4185 farina,
1315 4131 1412 4179 aut
1438 4138 1615 4179 caseo.
1641 4121 1896 4180 Fulmen-

282 4206 423 4254 tum
453 4197 620 4264 enim,
661 4203 724 4252 ut
743 4195 875 4252 dicit
908 4194 1151 4250 lsidorus
1188 4194 1324 4261 (Lib.
1351 4210 1429 4250 xx
1463 4195 1700 4266 Etymol.
1746 4210 1788 4250 c.
1818 4199 1894 4263 2),

285 4268 503 4351 dicitur
533 4284 563 4322 a
591 4268 768 4351 pnite;
805 4267 917 4323 sive
948 4266 1096 4351 enim
1129 4265 1244 4351 sola
1277 4266 1420 4351 puls,
1449 4265 1561 4323 sive
1592 4265 1722 4349 quid
1750 4266 1896 4324 aliud

286 4340 425 4419 eius
449 4336 800 4419 permixtione
810 4345 1093 4419 sumatur,
1107 4336 1455 4419 pulmuntum
1470 4353 1580 4419 nqu
1598 4336 1898 4419 incongrue

331 4407 524 4492 icitur.
559 4411 756 4492 Dicunt
774 4409 941 4492 etiam_
957 4407 1287 4492 a_liquiqu_od
1313 4408 1573 4492 quidquid
1593 4408 1719 4492 pani
1747 4407 1899 4492 addi-

290 4489 415 4549 tur,
452 4489 513 4536 ut
530 4481 725 4538 melius
750 4479 1090 4541 comedatur,
1131 4479 1478 4550 pulmentum
1504 4479 1725 4536 dicitur.
1763 4483 1897 4538 Hac

289 4551 413 4623 ille.
447 4552 798 4623 Pulmentum
828 4552 1028 4623 itaque,
1058 4550 1194 4623 sive_
1212 4551 1637 4623 pulmentarium
1676 4552 1897 4623 proprie

286 4622 504 4695 dicitur
544 4623 682 4695 puls,
703 4622 787 4679 vel
803 4619 958 4678 cibus
988 4621 1045 4695 in
1070 4619 1298 4695 modum
1313 4619 1478 4695 pultis
1497 4619 1706 4695 factus':
1734 4619 1893 4695 gene-

286 4692 474 4751 ralius
496 4690 684 4767 tamen
712 4690 1283 4767 prgiquovisvobsonio
1312 4691 1576 4758 sumitur;
1600 4690 1896 4767 obsonium

284 4773 515 4838 autem,
539 4760 805 4838 quidquid
822 4760 878 4820 in
901 4764 1112 4830 cibum,
1139 4768 1337 4838 prater:
1345 4776 1562 4838 panem,
1584 4760 1892 4838 adhibetur:

284 4777 515 4832 autem,
539 4777 805 4838 qmdqmd
822 4782 878 4820 in
901 4781 950 4820 Cl
960 4777 1112 4830 num,
1176 4777 1333 4818 rater
1345 4777 1562 4831 panem,
1584 4777 1735 4817 aamr

284 4835 470 4917 Upde
483 4837 865 4917 pulmentum,
887 4844 942 4891 et
969 4777 1269 4917 7:900?ng
1300 4832 1486 4917 (irace
1505 4832 1735 4917 dictum,

285 4907 361 4964 ad
397 4903 632 4978 pultem,
656 4908 712 4965 id
739 4903 1063 4978 est,’pane'm
1095 4903 1423 4978 adjungatur
1452 4904 1510 4959 in
1536 4903 1897 4978 cibum._Pul-

284 4974 419 5051 teni
438 4977 586 5034 enim
612 4974 802 5051 prisca
828 4978 903 5035 illi
930 4974 1251 5051 Latinorum
1274 4974 1424 5046 genti
1449 4990 1712 5051 pro‘pane
1735 4974 1902 5032 fuisse

284 5048 535 5106 idoneus
559 5048 751 5107 auctor
770 5058 855 5107 est
872 5050 1083 5107 Plinius
1103 5048 1240 5115 (Lib.
1264 5060 1423 5102 xvm
1447 5063 1493 5102 c.
1517 5048 1598 5115 2),
1624 5060 1902 5115 argumen-

281 5129 469 5194 toque
502 5121 556 5177 id
582 5138 719 5194 esse,
736 5130 919 5194 potest
945 5118 1099 5194 quod
1127 5114 1486 5194 pulmentaria
1517 5114 1616 5189 pro
1643 5114 1780 5194 cibis
1803 5132 1902 5173 sua

281 5189 468 5250 etiam
495 5202 658 5249 atate
692 5189 1019 5249 dicerentur.
1060 5189 1433 5314 In'Evangelio
1472 5204 1688 5262 quoque
1729 5189 1899 5314 goan.

281 5268 442 5314 ιιι)
459 5263 693 5314 Ιερίιηιις
711 5283 723 5314 :
747 5268 919 5314 Pueri.
938 5261 1209 5314 numquid
1220 5277 1295 5314 nu
1314 5262 1650 5314 lmentarium
1665 5261 1733 5314 ha
1770 5262 1899 5314 etis?

281 5205 468 5250 cnam
495 5205 658 5249 atate
692 5205 1019 5249 dicerentur.
1060 5205 1118 5247 In
1148 5205 1433 5315 nvangeno
1472 5205 1688 5262 quoque
1729 5205 1899 5314 (zona.

280 5268 442 5336 xix?!)
459 5263 693 5336 legimus
711 5283 723 5319 :
741 5268 919 5327 Pueri,
938 5261 1209 5336 numquid
1216 5277 1295 5330 pu
1314 5262 1650 5336 lmentarium
1665 5261 1733 5336 lia
1770 5263 1904 5315 elts?

282 5335 399 5408 ubi
429 5331 740 5408 τρόοφάγιᾳν
770 5337 977 5403 Graue,
1014 5331 1522 5408 et’pulmentarium
1563 5331 1762 5388 Latine
1805 5346 1903 5403 pro

280 5402 983 5479 piscibus'positumsesse
1011 5402 1359 5479 consentiunt
1397 5402 1753 5479 interpretes;
1794 5402 1904 5479 quo

276 5473 475 5534 etiam
499 5473 665 5535 modo
694 5477 986 5534 verisimile
1009 5483 1092 5533 est
1124 5492 1155 5532 a
1178 5476 1242 5529 D.
1269 5473 1559 5531 Benedicto
1583 5474 1754 5546 accipi
1778 5473 1908 5542 (Ubi

272 5561 520 5617 Wa)-

371 5549 680 5693 E"latoque
698 5619 964 5693 nimirum
992 5618 1135 5692 apud
1162 5618 1472 5693 Orientales
1496 5617 1687 5676 festivo
1721 5624 1775 5675 et
1809 5632 1902 5675 so-

273 5688 497 5764 lemni,
522 5688 606 5764 _ut'
623 5691 749 5764 alibi
795 5690 997 5764 sapius
1016 5688 1316 5764 A'uotatum;
1359 5691 1578 5764 quibus
1605 5706 1711 5764 pro
1752 5705 1904 5764 reve-

270 5760 482 5834 rentia
511 5761 842 5828 festivitatis,
866 5760 1325 5834 aliquidsubinde
1354 5760 1435 5817 vel
1476 5760 1722 5834 olei,'vel_
1742 5760 1906 5834 oleris

273 5832 473 5900 cocti,
502 5849 600 5905 pro
624 5834 856 5890 obsonio
878 5831 975 5889 seu
999 5832 1279 5905 pulmento
1305 5832 1592 5890 monachis
1636 5831 1903 5906 indulgeri

528 5923 793 5981 Paraor.
831 5922 1025 5979 XLIX

2008 3487 2167 3554 solet,
2196 3494 2259 3543 ut
2285 3501 2348 3544 ex
2373 3485 2510 3543 Vitis
2552 3486 2777 3543 Patrum
2806 3494 2864 3543 et
2902 3486 3185 3544 Lausiacis
3229 3484 3468 3544 historiis
3507 3501 3611 3544 no-

2007 3566 2126 3615 tum
2148 3566 2247 3614 εει.
3196 3592 3199 3597 ι

2078 3617 2202 3685 d-lta
2232 3631 2301 3684 D.
2347 3628 2580 3685 Basilius
2631 3627 2701 3685 de
2743 3629 2924 3687 Instit.
2967 3629 3241 3691 Monach;
3267 3645 3318 3685 c.
3362 3634 3430 3685 to
3473 3628 3613 3685 hanc

2006 3698 2166 3758 docet
2216 3715 2334 3757 esse
2380 3714 2700 3772 mensuram
2729 3700 3081 3772 continentia
3124 3701 3306 3772 quoad
3345 3701 3523 3772 cibos,
3549 3709 3613 3757 ut

2006 3779 2170 3843 prout
2201 3785 2334 3844 usus
2373 3770 2638 3844 deposcit,
2683 3771 2949 3844 velatas,
3000 3771 3082 3844 vel
3122 3770 3305 3844 labor,
3331 3770 3413 3824 vel
3426 3770 3614 3844 robur

2003 3838 2271 3910 corporis,
2316 3842 2399 3897 vel
2444 3838 2809 3898 "commoditas
2852 3848 2967 3908 est;
3003 3840 3077 3895 ita
3118 3841 3281 3896 etiam
3311 3838 3515 3910 mod‘us
3559 3849 3617 3894 et

2004 3909 2239 4038 qualitas
2265 3911 2375 3968 cibi
2404 3919 2775 3984 temperetur:
2810 3913 3172 3996 Nequeenim,
3204 3909 3400 3979 inquit,
3433 3911 3613 3979 possi-

2041 3986 2112 4038 tle
2139 3988 2218 4037 est
2244 3998 2418 4037 omnes
2440 3985 2666 4038 fratres.
2696 3998 2861 4038 unum
2889 3984 3149 4038 ordtnem.
3179 3996 3243 4035 ac
3269 3980 3507 4038 modum,
3532 3982 3613 4036 vel

2041 3986 2112 4038 ile
2139 3988 2218 4037 est
2244 3998 2418 4037 omnes
2438 3980 2666 4050 fratres,
2696 3998 2861 4038 unum
2889 3980 3149 4045 ordinem,
3179 3996 3243 4035 ac
3269 3980 3507 4042 modum,
3532 3982 3615 4036 vel

2006 4054 2246 4123 regulam
2273 4053 2559 4108 custodire.
2586 4055 2661 4107 Hi
2682 4068 2805 4107 vero
2824 4055 2921 4122 qui
2943 4055 3065 4123 sani
3081 4056 3225 4113 sunt,
3246 4054 3474 4120 possunt
3502 4064 3614 4105 om-

2004 4122 2096 4179 nes
2117 4125 2354 4179 eamdem
2369 4138 2669 4178 mensuram
2692 4126 2867 4177 tenere
2885 4124 2945 4176 in
2959 4122 3308 4176 abstinentia.
3330 4123 3617 4176 Immutari

2006 4200 2187 4250 autem
2212 4197 2415 4265 oportet
2432 4209 2533 4263 per
2555 4194 2812 4265 singulos,
2834 4195 2889 4247 in
2914 4192 3111 4263 quibus
3140 4207 3302 4247 causa
3328 4192 3516 4262 aliqua
3534 4192 3613 4248 di-

2004 4264 2277 4323 versitatis
2295 4266 2504 4327 existit,
2531 4264 2873 4335 providentia
2890 4279 2954 4319 ac
2970 4266 3273 4334 provisione
3297 4279 3484 4335 eorum!
3498 4265 3614 4334 qui-

2008 4338 2102 4392 bus
2127 4334 2482 4406 dispensandi
2507 4333 2637 4391 cura
2668 4336 2779 4391 hac
2818 4333 3097 4391 commissa
3137 4341 3232 4392 est.
3269 4334 3424 4391 Idem
3454 4333 3615 4391 docet

2004 4408 2160 4465 divus
2203 4406 2526 4479 Benedictus
2569 4406 2742 4479 capite
2788 4406 3070 4479 trigesimo
3102 4416 3286 4479 sexto,
3324 4406 3611 4479 trigesimo

2004 4495 2174 4553 nono,
2206 4488 2260 4553 et
2285 4477 2701 4553 quadragesimo
2721 4477 2973 4553 Regula,
2998 4477 3112 4553 _Ubi
3127 4478 3193 4535 de
3214 4495 3349 4535 cura
3366 4477 3612 4535 infirmo-

2004 4567 2130 4607 rum
2156 4550 2425 4619 habenda,
2453 4550 2519 4607 et'
2534 4550 2602 4607 de
2628 4550 2883 4608 mensura
2908 4550 3017 4622 cibi
3061 4557 3117 4622 et
3144 4558 3329 4622 potus,
3374 4565 3474 4621 pro
3516 4565 3613 4605 ra-

2006 4622 2154 4706 tione
2196 4623 2393 4706 atatis,
2437 4621 2778 4691 valetudinis,
2826 4621 3026 4677 laboris
3053 4620 3310 4688 fratrum,
3357 4620 3613 4674 accurate

2005 4693 2579 4836 éliﬁgglicatmodo
2622 4761 2757 4836 quid
2786 4761 2888 4836 sibi
2926 4757 3164 4836 voluerit
3198 4755 3293 4836 illa
3322 4756 3611 4836 sententia.

1831 4816 1901 4891 od
1930 4816 1981 4878 D
2010 4816 2578 4905 axpeﬁ‘r‘sg'iimegg‘,
2631 4816 2757 4905 quia
2776 4828 3066 4905 _nimirum
3097 4826 3618 4905 utriusquenimie-

2012 4897 2159 4971 tatis,
2184 4897 2321 4958 sive
2350 4897 2731 4966 extremitatis,
2776 4898 2883 4955 hoc
2919 4906 3035 4971 est,
3056 4897 3250 4971 nimia
3280 4897 3614 4971 abstinentia

2011 4984 2067 5031 et
2092 4969 2275 5029 nimia
2301 4972 2601 5037 edacitatis,
2631 4970 2856 5042 aqualis
2900 4970 3217 5042 sentiuntur
3236 4969 3611 5042 incommoda,

2011 5046 2124 5101 sive
2150 5043 2334 5117 quoad
2360 5040 2841 5117 orationem,’sive
2866 5041 3069 5117 quoad
3085 5040 3425 5117 castimonia
3457 5041 3614 5112 puri-

2011 5111 2204 5185 tatem,
2236 5122 2299 5172 ut
2323 5114 2410 5169 hic
2439 5113 2753 5186 explicatur,
2787 5119 2840 5169 et
2866 5111 2957 5171 lib.
2988 5129 3021 5176 γ
3046 5111 3472 5169 Instituﬁonum’
3489 5126 3606 5184 cap.

2012 5194 2119 5244 8et
2142 5192 2197 5243 9.

2086 5259 2105 5295 ί
2131 5260 2311 5329 Quam
2337 5257 2567 5314 moleste
2586 5256 2812 5313 tulerint
2836 5265 2891 5314 et
2916 5273 2980 5314 ex
3011 5257 3205 5313 intimo
3244 5255 3411 5329 animi
3452 5269 3615 5313 sensu

2015 5328 2380 5404 ingemuerint
2407 5329 2509 5404 viri
2552 5328 2805 5404 religiosi,
2830 5329 2873 5385 si
2902 5328 3120 5404 quando
3153 5328 3505 5404 contingeret
3523 5342 3617 5384 eos

2015 5400 2333 5470 in'somnis,
2361 5402 2529 5457 etiam
2547 5400 2705 5472 nulla
2733 5414 2846 5472 sua
2873 5400 3051 5472 culpa,
3082 5400 3282 5472 pollui;
3320 5400 3379 5455 et
3409 5407 3615 5471 quanto

2014 5474 2197 5530 studio
2223 5482 2277 5529 et
2295 5471 2652 5545 sollicitudine
2676 5471 2977 5528 laborarint
2997 5480 3056 5526 ut
3081 5471 3185 5527 hoc
3209 5471 3288 5525 vel
3309 5483 3617 5545 numquam

2016 5546 2097 5602 vel
2126 5544 2404 5601 rarissime
2430 5550 2766 5617 paterentur,
2790 5551 2937 5617 patet
2956 5550 3071 5598 tum
3104 5557 3170 5617 es
3196 5545 3309 5617 hoc
3320 5542 3475 5617 loco,
3494 5542 3617 5617 tum

2015 5617 2287 5689 praecipue
2314 5632 2396 5689 ex
2423 5612 2606 5689 collat‘.
2652 5620 2742 5682 22,
2762 5612 2870 5689 ubi
2900 5613 2970 5671 de
2991 5614 3190 5689 _causis
3224 5612 3537 5689 pollutionis
3564 5618 3619 5665 et

2014 5681 2298 5745 nocturnis
2346 5686 2686 5743 illusionibus
2727 5686 2936 5757 plenius
2975 5681 3290 5753 disseritur;
3325 5682 3393 5741 de
3421 5681 3620 5755 quibus

2016 5760 2188 5817 etiam
2226 5758 2339 5830 agit
2367 5758 2640 5817 Climacus
2672 5757 2844 5832 gradu
2869 5757 3083 5816 decimo
3109 5757 3323 5828 quinto.

3268 5913 3335 5962 18
