  <div class='ocr_page' id='page_1' title='image "/cluster/home/n/w/nwhite01/storage/ocr_20150623/49/hvd.32044096580709/285.png"; bbox 0 0 3982 6202; ppageno 0'>
   <div class='ocr_carea' id='block_1_1' title="bbox 396 327 499 382">
    <p class='ocr_par' dir='ltr' id='par_1_1' title="bbox 396 327 499 382">
     <span class='ocr_line' id='line_1_1' title="bbox 396 327 499 382; baseline -0.019 0"><span class='ocrx_word' id='word_1_1' title='bbox 396 327 499 382; x_wconf 81' lang='lat'><strong>555</strong></span> 
     </span>
    </p>
   </div>
   <div class='ocr_carea' id='block_1_2' title="bbox 391 435 2073 522">
    <p class='ocr_par' dir='ltr' id='par_1_2' title="bbox 391 435 2073 522">
     <span class='ocr_line' id='line_1_2' title="bbox 391 435 2073 522; baseline -0.012 -13"><span class='ocrx_word' id='word_1_2' title='bbox 391 448 705 522; x_wconf 72' lang='lat' dir='ltr'><strong>frugalitate</strong></span> <span class='ocrx_word' id='word_1_3' title='bbox 726 445 935 515; x_wconf 88' lang='lat' dir='ltr'><strong>ﬁnitur,</strong></span> <span class='ocrx_word' id='word_1_4' title='bbox 959 451 1021 501; x_wconf 90' lang='lat' dir='ltr'><strong>ut</strong></span> <span class='ocrx_word' id='word_1_5' title='bbox 1046 439 1325 499; x_wconf 86' lang='lat' dir='ltr'><strong>interdum</strong></span> <span class='ocrx_word' id='word_1_6' title='bbox 1352 453 1410 518; x_wconf 87' lang='lat' dir='ltr'><strong>se</strong></span> <span class='ocrx_word' id='word_1_7' title='bbox 1439 444 1563 510; x_wconf 86' lang='lat' dir='ltr'><strong>post</strong></span> <span class='ocrx_word' id='word_1_8' title='bbox 1586 448 1869 507; x_wconf 83' lang='lat' dir='ltr'><strong>vesperam</strong></span> <span class='ocrx_word' id='word_1_9' title='bbox 1897 448 1997 490; x_wconf 90' lang='lat' dir='ltr'><strong>nec</strong></span> <span class='ocrx_word' id='word_1_10' title='bbox 2020 435 2073 500; x_wconf 85' lang='grc' dir='ltr'><strong>Α</strong></span> 
     </span>
    </p>
   </div>
   <div class='ocr_carea' id='block_1_3' title="bbox 396 533 1650 601">
    <p class='ocr_par' dir='ltr' id='par_1_3' title="bbox 396 533 1650 601">
     <span class='ocr_line' id='line_1_3' title="bbox 396 533 1650 601; baseline -0.014 0"><span class='ocrx_word' id='word_1_11' title='bbox 396 543 598 601; x_wconf 84' lang='lat' dir='ltr'><strong>sentiat</strong></span> <span class='ocrx_word' id='word_1_12' title='bbox 625 548 718 598; x_wconf 89' lang='lat' dir='ltr'><strong>aut</strong></span> <span class='ocrx_word' id='word_1_13' title='bbox 745 535 1058 596; x_wconf 90' lang='lat' dir='ltr'><strong>meminerit</strong></span> <span class='ocrx_word' id='word_1_14' title='bbox 1083 533 1362 591; x_wconf 81' lang='lat' dir='ltr'><strong>refecisse.</strong></span> <span class='ocrx_word' id='word_1_15' title='bbox 1646 544 1650 548; x_wconf 63' lang='lat'><em>‘</em></span> 
     </span>
    </p>
   </div>
   <div class='ocr_carea' id='block_1_4' title="bbox 965 656 1454 719">
    <p class='ocr_par' dir='ltr' id='par_1_4' title="bbox 965 656 1454 719">
     <span class='ocr_line' id='line_1_4' title="bbox 965 656 1454 719; baseline -0.01 -1"><span class='ocrx_word' id='word_1_16' title='bbox 965 661 1207 719; x_wconf 85' lang='lat' dir='ltr'><strong>CAPUT</strong></span> <span class='ocrx_word' id='word_1_17' title='bbox 1242 656 1454 715; x_wconf 81' lang='lat' dir='ltr'><strong>XXIV.</strong></span> 
     </span>
    </p>
   </div>
   <div class='ocr_carea' id='block_1_5' title="bbox 400 773 1999 852">
    <p class='ocr_par' dir='ltr' id='par_1_5' title="bbox 400 773 1999 852">
     <span class='ocr_line' id='line_1_5' title="bbox 400 773 1999 852; baseline -0.011 -9"><span class='ocrx_word' id='word_1_18' title='bbox 400 790 476 844; x_wconf 86' lang='lat' dir='ltr'><strong>De</strong></span> <span class='ocrx_word' id='word_1_19' title='bbox 504 784 683 841; x_wconf 81' lang='lat' dir='ltr'><strong>labore</strong></span> <span class='ocrx_word' id='word_1_20' title='bbox 703 776 931 852; x_wconf 64' lang='lat' dir='ltr'><strong>aequalis</strong></span> <span class='ocrx_word' id='word_1_21' title='bbox 964 779 1293 852; x_wconf 80' lang='lat' dir='ltr'><strong>refectionis,</strong></span> <span class='ocrx_word' id='word_1_22' title='bbox 1318 774 1457 832; x_wconf 86' lang='lat' dir='ltr'><strong>etde</strong></span> <span class='ocrx_word' id='word_1_23' title='bbox 1486 775 1685 843; x_wconf 73' lang='lat' dir='ltr'><strong>fratris</strong></span> <span class='ocrx_word' id='word_1_24' title='bbox 1715 773 1999 844; x_wconf 84' lang='lat' dir='ltr'><strong>Benjamin</strong></span> 
     </span>
    </p>
   </div>
   <div class='ocr_carea' id='block_1_6' title="bbox 1057 851 1343 904">
    <p class='ocr_par' dir='ltr' id='par_1_6' title="bbox 1057 851 1343 904">
     <span class='ocr_line' id='line_1_6' title="bbox 1057 851 1343 904; baseline -0.007 0"><span class='ocrx_word' id='word_1_25' title='bbox 1057 851 1343 904; x_wconf 71' lang='lat' dir='ltr'><strong>edacitate.</strong></span> 
     </span>
    </p>
   </div>
   <div class='ocr_carea' id='block_1_7' title="bbox 366 973 2004 1055">
    <p class='ocr_par' dir='ltr' id='par_1_7' title="bbox 366 973 2004 1055">
     <span class='ocr_line' id='line_1_7' title="bbox 366 973 2004 1055; baseline -0.01 -10"><span class='ocrx_word' id='word_1_26' title='bbox 366 1050 375 1055; x_wconf 88' lang='lat'>_</span> <span class='ocrx_word' id='word_1_27' title='bbox 471 990 543 1045; x_wconf 82' lang='lat' dir='ltr'><strong>Et</strong></span> <span class='ocrx_word' id='word_1_28' title='bbox 581 986 639 1042; x_wconf 89' lang='lat' dir='ltr'><strong>in</strong></span> <span class='ocrx_word' id='word_1_29' title='bbox 667 990 889 1041; x_wconf 89' lang='lat' dir='ltr'><strong>tantum</strong></span> <span class='ocrx_word' id='word_1_30' title='bbox 930 979 1035 1038; x_wconf 90' lang='lat' dir='ltr'><strong>hoc</strong></span> <span class='ocrx_word' id='word_1_31' title='bbox 1075 994 1193 1035; x_wconf 92' lang='lat' dir='ltr'><strong>non</strong></span> <span class='ocrx_word' id='word_1_32' title='bbox 1222 977 1337 1034; x_wconf 86' lang='lat' dir='ltr'><strong>sine</strong></span> <span class='ocrx_word' id='word_1_33' title='bbox 1379 975 1562 1032; x_wconf 89' lang='lat' dir='ltr'><strong>labore</strong></span> <span class='ocrx_word' id='word_1_34' title='bbox 1599 973 1897 1047; x_wconf 90' lang='lat' dir='ltr'><strong>perﬁcitur,</strong></span> <span class='ocrx_word' id='word_1_35' title='bbox 1943 980 2004 1030; x_wconf 92' lang='lat' dir='ltr'><strong>ut</strong></span> 
     </span>
    </p>
   </div>
   <div class='ocr_carea' id='block_1_8' title="bbox 400 1067 2003 1150">
    <p class='ocr_par' dir='ltr' id='par_1_8' title="bbox 400 1067 2003 1150">
     <span class='ocr_line' id='line_1_8' title="bbox 400 1067 2003 1150; baseline -0.011 -12"><span class='ocrx_word' id='word_1_36' title='bbox 400 1080 591 1138; x_wconf 87' lang='lat' dir='ltr'><strong>malint</strong></span> <span class='ocrx_word' id='word_1_37' title='bbox 636 1078 691 1135; x_wconf 92' lang='lat' dir='ltr'><strong>hi</strong></span> <span class='ocrx_word' id='word_1_38' title='bbox 741 1076 837 1150; x_wconf 90' lang='lat' dir='ltr'><strong>qui</strong></span> <span class='ocrx_word' id='word_1_39' title='bbox 885 1072 1280 1148; x_wconf 85' lang='lat' dir='ltr'><strong>perfectionem</strong></span> <span class='ocrx_word' id='word_1_40' title='bbox 1334 1069 1680 1127; x_wconf 85' lang='lat' dir='ltr'><strong>discretionis</strong></span> <span class='ocrx_word' id='word_1_41' title='bbox 1734 1067 2003 1141; x_wconf 87' lang='lat' dir='ltr'><strong>ignorant,</strong></span> 
     </span>
    </p>
   </div>
   <div class='ocr_carea' id='block_1_9' title="bbox 399 1162 2007 1243">
    <p class='ocr_par' dir='ltr' id='par_1_9' title="bbox 399 1162 2007 1243">
     <span class='ocr_line' id='line_1_9' title="bbox 399 1162 2007 1243; baseline -0.01 -10"><span class='ocrx_word' id='word_1_42' title='bbox 399 1177 567 1234; x_wconf 89' lang='lat' dir='ltr'><strong>etiam</strong></span> <span class='ocrx_word' id='word_1_43' title='bbox 590 1172 762 1231; x_wconf 84' lang='lat' dir='ltr'><strong>biduo</strong></span> <span class='ocrx_word' id='word_1_44' title='bbox 780 1166 1288 1243; x_wconf 89' lang='lat' dir='ltr'><strong>protelarejejunia,</strong></span> <span class='ocrx_word' id='word_1_45' title='bbox 1312 1164 1471 1237; x_wconf 89' lang='lat' dir='ltr'><strong>idque</strong></span> <span class='ocrx_word' id='word_1_46' title='bbox 1496 1162 1646 1237; x_wconf 91' lang='lat' dir='ltr'><strong>quod</strong></span> <span class='ocrx_word' id='word_1_47' title='bbox 1671 1162 1832 1219; x_wconf 86' lang='lat' dir='ltr'><strong>hodie</strong></span> <span class='ocrx_word' id='word_1_48' title='bbox 1856 1177 2007 1218; x_wconf 91' lang='lat' dir='ltr'><strong>sum-</strong></span> 
     </span>
    </p>
   </div>
   <div class='ocr_carea' id='block_1_10' title="bbox 402 1254 2007 1342">
    <p class='ocr_par' dir='ltr' id='par_1_10' title="bbox 402 1254 2007 1342">
     <span class='ocr_line' id='line_1_10' title="bbox 402 1254 2007 1342; baseline -0.009 -17"><span class='ocrx_word' id='word_1_49' title='bbox 402 1269 547 1342; x_wconf 88' lang='lat' dir='ltr'><strong>pturi</strong></span> <span class='ocrx_word' id='word_1_50' title='bbox 593 1265 805 1322; x_wconf 84' lang='lat' dir='ltr'><strong>fuerant</strong></span> <span class='ocrx_word' id='word_1_51' title='bbox 841 1262 900 1318; x_wconf 91' lang='lat' dir='ltr'><strong>in</strong></span> <span class='ocrx_word' id='word_1_52' title='bbox 928 1260 1225 1318; x_wconf 89' lang='lat' dir='ltr'><strong>crastinum</strong></span> <span class='ocrx_word' id='word_1_53' title='bbox 1266 1272 1565 1326; x_wconf 87' lang='lat' dir='ltr'><strong>reservare,</strong></span> <span class='ocrx_word' id='word_1_54' title='bbox 1604 1255 1907 1313; x_wconf 87' lang='lat' dir='ltr'><strong>dummodo</strong></span> <span class='ocrx_word' id='word_1_55' title='bbox 1937 1254 2007 1311; x_wconf 90' lang='lat' dir='ltr'><strong>ad</strong></span> 
     </span>
    </p>
   </div>
   <div class='ocr_carea' id='block_1_11' title="bbox 401 1350 2006 1432">
    <p class='ocr_par' dir='ltr' id='par_1_11' title="bbox 401 1350 2006 1432">
     <span class='ocr_line' id='line_1_11' title="bbox 401 1350 2006 1432; baseline -0.011 -10"><span class='ocrx_word' id='word_1_56' title='bbox 401 1362 762 1422; x_wconf 79' lang='lat' dir='ltr'><strong>refectionem</strong></span> <span class='ocrx_word' id='word_1_57' title='bbox 787 1358 1165 1432; x_wconf 74' lang='lat' dir='ltr'><strong>pervenientes</strong></span> <span class='ocrx_word' id='word_1_58' title='bbox 1193 1354 1494 1413; x_wconf 89' lang='lat' dir='ltr'><strong>desiderata</strong></span> <span class='ocrx_word' id='word_1_59' title='bbox 1525 1353 1771 1409; x_wconf 83' lang='lat' dir='ltr'><strong>satietate</strong></span> <span class='ocrx_word' id='word_1_60' title='bbox 1791 1350 2006 1424; x_wconf 63' lang='lat' dir='ltr'><strong>potian-</strong></span> 
     </span>
    </p>
   </div>
   <div class='ocr_carea' id='block_1_12' title="bbox 402 1444 2009 1529">
    <p class='ocr_par' dir='ltr' id='par_1_12' title="bbox 402 1444 2009 1529">
     <span class='ocr_line' id='line_1_12' title="bbox 402 1444 2009 1529; baseline -0.011 -14"><span class='ocrx_word' id='word_1_61' title='bbox 402 1466 513 1516; x_wconf 90' lang='lat' dir='ltr'><strong>tur.</strong></span> <span class='ocrx_word' id='word_1_62' title='bbox 539 1454 697 1529; x_wconf 86' lang='lat' dir='ltr'><strong>Quod</strong></span> <span class='ocrx_word' id='word_1_63' title='bbox 722 1469 896 1527; x_wconf 87' lang='lat' dir='ltr'><strong>nuper</strong></span> <span class='ocrx_word' id='word_1_64' title='bbox 922 1457 946 1485; x_wconf 78' lang='lat'>&quot;</span> <span class='ocrx_word' id='word_1_65' title='bbox 974 1449 1259 1523; x_wconf 86' lang='lat' dir='ltr'><strong>Benjamin</strong></span> <span class='ocrx_word' id='word_1_66' title='bbox 1291 1448 1466 1504; x_wconf 84' lang='lat' dir='ltr'><strong>civem</strong></span> <span class='ocrx_word' id='word_1_67' title='bbox 1496 1454 1735 1502; x_wconf 88' lang='lat' dir='ltr'><strong>vestrum</strong></span> <span class='ocrx_word' id='word_1_68' title='bbox 1766 1444 2009 1517; x_wconf 89' lang='lat' dir='ltr'><strong>pertina-</strong></span> 
     </span>
    </p>
   </div>
   <div class='ocr_carea' id='block_1_13' title="bbox 403 1537 2005 1625">
    <p class='ocr_par' dir='ltr' id='par_1_13' title="bbox 403 1537 2005 1625">
     <span class='ocr_line' id='line_1_13' title="bbox 403 1537 2005 1625; baseline -0.011 -16"><span class='ocrx_word' id='word_1_69' title='bbox 403 1539 536 1609; x_wconf 83' lang='lat' dir='ltr'><strong>citer</strong></span> <span class='ocrx_word' id='word_1_70' title='bbox 558 1547 802 1606; x_wconf 88' lang='lat' dir='ltr'><strong>tenuisse</strong></span> <span class='ocrx_word' id='word_1_71' title='bbox 828 1543 1174 1618; x_wconf 85' lang='lat' dir='ltr'><strong>cognoscitis,</strong></span> <span class='ocrx_word' id='word_1_72' title='bbox 1213 1542 1307 1615; x_wconf 89' lang='lat' dir='ltr'><strong>qui</strong></span> <span class='ocrx_word' id='word_1_73' title='bbox 1332 1556 1404 1597; x_wconf 90' lang='lat' dir='ltr'><strong>ne</strong></span> <span class='ocrx_word' id='word_1_74' title='bbox 1424 1538 1669 1612; x_wconf 88' lang='lat' dir='ltr'><strong>quotidie</strong></span> <span class='ocrx_word' id='word_1_75' title='bbox 1697 1537 2005 1625; x_wconf 79' lang='lat' dir='ltr'><strong>paximacia</strong></span> 
     </span>
    </p>
   </div>
   <div class='ocr_carea' id='block_1_14' title="bbox 400 1627 2007 1711">
    <p class='ocr_par' dir='ltr' id='par_1_14' title="bbox 400 1627 2007 1711">
     <span class='ocr_line' id='line_1_14' title="bbox 400 1627 2007 1711; baseline -0.009 -14"><span class='ocrx_word' id='word_1_76' title='bbox 400 1639 514 1697; x_wconf 91' lang='lat' dir='ltr'><strong>duo</strong></span> <span class='ocrx_word' id='word_1_77' title='bbox 542 1636 839 1711; x_wconf 89' lang='lat' dir='ltr'><strong>percipiens</strong></span> <span class='ocrx_word' id='word_1_78' title='bbox 861 1633 1059 1705; x_wconf 71' lang='lat' dir='ltr'><strong>aequali</strong></span> <span class='ocrx_word' id='word_1_79' title='bbox 1088 1631 1441 1705; x_wconf 80' lang='lat' dir='ltr'><strong>castigatione</strong></span> <span class='ocrx_word' id='word_1_80' title='bbox 1477 1628 1792 1685; x_wconf 88' lang='lat' dir='ltr'><strong>continuam</strong></span> <span class='ocrx_word' id='word_1_81' title='bbox 1825 1627 2007 1699; x_wconf 88' lang='lat' dir='ltr'><strong>parci-</strong></span> 
     </span>
    </p>
   </div>
   <div class='ocr_carea' id='block_1_15' title="bbox 401 1722 2006 1805">
    <p class='ocr_par' dir='ltr' id='par_1_15' title="bbox 401 1722 2006 1805">
     <span class='ocr_line' id='line_1_15' title="bbox 401 1722 2006 1805; baseline -0.009 -15"><span class='ocrx_word' id='word_1_82' title='bbox 401 1741 573 1791; x_wconf 90' lang='lat' dir='ltr'><strong>tatem</strong></span> <span class='ocrx_word' id='word_1_83' title='bbox 587 1731 794 1805; x_wconf 84' lang='lat' dir='ltr'><strong>jugiter</strong></span> <span class='ocrx_word' id='word_1_84' title='bbox 815 1735 1134 1796; x_wconf 88' lang='lat' dir='ltr'><strong>retentaret,</strong></span> <span class='ocrx_word' id='word_1_85' title='bbox 1156 1726 1354 1782; x_wconf 89' lang='lat' dir='ltr'><strong>maluit</strong></span> <span class='ocrx_word' id='word_1_86' title='bbox 1370 1723 1607 1781; x_wconf 87' lang='lat' dir='ltr'><strong>biduana</strong></span> <span class='ocrx_word' id='word_1_87' title='bbox 1621 1722 1829 1795; x_wconf 77' lang='lat' dir='ltr'><strong>jejunis</strong></span> <span class='ocrx_word' id='word_1_88' title='bbox 1861 1737 2006 1779; x_wconf 88' lang='lat' dir='ltr'><strong>sem-</strong></span> 
     </span>
    </p>
   </div>
   <div class='ocr_carea' id='block_1_16' title="bbox 1514 304 2627 366">
    <p class='ocr_par' dir='ltr' id='par_1_16' title="bbox 1514 304 2627 366">
     <span class='ocr_line' id='line_1_16' title="bbox 1514 304 2627 366; baseline -0.006 0"><span class='ocrx_word' id='word_1_89' title='bbox 1514 310 1764 366; x_wconf 74' lang='lat' dir='ltr'><strong>OANNIS</strong></span> <span class='ocrx_word' id='word_1_90' title='bbox 1798 306 2120 364; x_wconf 77' lang='lat' dir='ltr'><strong>CASSIANI-</strong></span> <span class='ocrx_word' id='word_1_91' title='bbox 2139 304 2627 362; x_wconf 76' lang='lat' dir='ltr'><strong>COLLATIONES.</strong></span> 
     </span>
    </p>
   </div>
   <div class='ocr_carea' id='block_1_17' title="bbox 3596 306 3689 360">
    <p class='ocr_par' dir='ltr' id='par_1_17' title="bbox 3596 306 3689 360">
     <span class='ocr_line' id='line_1_17' title="bbox 3596 306 3689 360; baseline 0.022 -2"><span class='ocrx_word' id='word_1_92' title='bbox 3596 306 3689 360; x_wconf 76' lang='lat'><strong>556</strong></span> 
     </span>
    </p>
   </div>
   <div class='ocr_carea' id='block_1_18' title="bbox 2688 427 3143 486">
    <p class='ocr_par' dir='ltr' id='par_1_18' title="bbox 2688 427 3143 486">
     <span class='ocr_line' id='line_1_18' title="bbox 2688 427 3143 486; baseline -0.015 0"><span class='ocrx_word' id='word_1_93' title='bbox 2688 428 2928 486; x_wconf 81' lang='lat' dir='ltr'><strong>CAPUT</strong></span> <span class='ocrx_word' id='word_1_94' title='bbox 2961 427 3143 482; x_wconf 86' lang='lat' dir='ltr'><strong>XXV.</strong></span> 
     </span>
    </p>
   </div>
   <div class='ocr_carea' id='block_1_19' title="bbox 2108 518 3693 649">
    <p class='ocr_par' dir='ltr' id='par_1_19' title="bbox 2108 518 3693 649">
     <span class='ocr_line' id='line_1_19' title="bbox 2108 518 3693 649; baseline -0.001 -69"><span class='ocrx_word' id='word_1_95' title='bbox 2108 528 2460 596; x_wconf 70' lang='lat' dir='ltr'><strong>piterrogatio</strong></span> <span class='ocrx_word' id='word_1_96' title='bbox 2501 523 2762 596; x_wconf 83' lang='lat' dir='ltr'><strong>quomodo</strong></span> <span class='ocrx_word' id='word_1_97' title='bbox 2776 534 3143 649; x_wconf 42' lang='lat' dir='ltr'><strong>821:;pr</strong></span> <span class='ocrx_word' id='word_1_98' title='bbox 3158 518 3447 591; x_wconf 82' lang='lat' dir='ltr'><strong>eademque</strong></span> <span class='ocrx_word' id='word_1_99' title='bbox 3464 535 3693 617; x_wconf 58' lang='lat' dir='ltr'><strong>mensura</strong></span> 
     </span>
    </p>
   </div>
   <div class='ocr_carea' id='block_1_20' title="bbox 2181 666 3694 759">
    <p class='ocr_par' dir='ltr' id='par_1_20' title="bbox 2181 666 3694 759">
     <span class='ocr_line' id='line_1_20' title="bbox 2181 666 3694 759; baseline -0.003 -12"><span class='ocrx_word' id='word_1_100' title='bbox 2181 689 2525 747; x_wconf 86' lang='lat' dir='ltr'><strong>Germanus:</strong></span> <span class='ocrx_word' id='word_1_101' title='bbox 2550 666 2849 759; x_wconf 70' lang='lat' dir='ltr'><strong>Quomodb</strong></span> <span class='ocrx_word' id='word_1_102' title='bbox 2871 686 3042 759; x_wconf 91' lang='lat' dir='ltr'><strong>igitur</strong></span> <span class='ocrx_word' id='word_1_103' title='bbox 3066 683 3154 741; x_wconf 91' lang='lat' dir='ltr'><strong>hic</strong></span> <span class='ocrx_word' id='word_1_104' title='bbox 3178 683 3379 742; x_wconf 90' lang='lat' dir='ltr'><strong>modus</strong></span> <span class='ocrx_word' id='word_1_105' title='bbox 3395 699 3426 740; x_wconf 87' lang='lat' dir='ltr'><strong>a</strong></span> <span class='ocrx_word' id='word_1_106' title='bbox 3452 684 3604 743; x_wconf 85' lang='lat' dir='ltr'><strong>nobis</strong></span> <span class='ocrx_word' id='word_1_107' title='bbox 3615 685 3694 743; x_wconf 83' lang='lat' dir='ltr'><strong>in-</strong></span> 
     </span>
    </p>
   </div>
   <div class='ocr_carea' id='block_1_21' title="bbox 2109 782 3695 857">
    <p class='ocr_par' dir='ltr' id='par_1_21' title="bbox 2109 782 3695 857">
     <span class='ocr_line' id='line_1_21' title="bbox 2109 782 3695 857; baseline -0.001 -15"><span class='ocrx_word' id='word_1_108' title='bbox 2109 783 2325 857; x_wconf 80' lang='lat' dir='ltr'><strong>dirupto</strong></span> <span class='ocrx_word' id='word_1_109' title='bbox 2361 784 2560 841; x_wconf 89' lang='lat' dir='ltr'><strong>valebit</strong></span> <span class='ocrx_word' id='word_1_110' title='bbox 2602 782 2870 841; x_wconf 87' lang='lat' dir='ltr'><strong>custodiri</strong></span> <span class='ocrx_word' id='word_1_111' title='bbox 2889 787 2917 840; x_wconf 65' lang='grc' dir='ltr'><em>ἓ</em></span> <span class='ocrx_word' id='word_1_112' title='bbox 2955 784 3097 839; x_wconf 87' lang='lat' dir='ltr'><strong>Nam</strong></span> <span class='ocrx_word' id='word_1_113' title='bbox 3124 794 3545 853; x_wconf 86' lang='lat' dir='ltr'><strong>nonnumquam</strong></span> <span class='ocrx_word' id='word_1_114' title='bbox 3572 782 3695 840; x_wconf 34' lang='lat' dir='ltr'><strong>hora.</strong></span> 
     </span>
    </p>
   </div>
   <div class='ocr_carea' id='block_1_22' title="bbox 2110 874 3689 951">
    <p class='ocr_par' dir='ltr' id='par_1_22' title="bbox 2110 874 3689 951">
     <span class='ocr_line' id='line_1_22' title="bbox 2110 874 3689 951; baseline -0.002 -14"><span class='ocrx_word' id='word_1_115' title='bbox 2110 895 2278 949; x_wconf 89' lang='lat' dir='ltr'><strong>nona,</strong></span> <span class='ocrx_word' id='word_1_116' title='bbox 2301 880 2328 915; x_wconf 71' lang='grc' dir='ltr'><strong>ι’</strong></span> <span class='ocrx_word' id='word_1_117' title='bbox 2355 878 2533 937; x_wconf 89' lang='lat' dir='ltr'><strong>soluta</strong></span> <span class='ocrx_word' id='word_1_118' title='bbox 2550 877 2668 951; x_wconf 89' lang='lat' dir='ltr'><strong>jam</strong></span> <span class='ocrx_word' id='word_1_119' title='bbox 2708 878 2942 935; x_wconf 85' lang='lat' dir='ltr'><strong>statione</strong></span> <span class='ocrx_word' id='word_1_120' title='bbox 2965 874 3182 949; x_wconf 89' lang='lat' dir='ltr'><strong>jejunii,</strong></span> <span class='ocrx_word' id='word_1_121' title='bbox 3212 874 3689 947; x_wconf 86' lang='lat' dir='ltr'><strong>supervenientibus</strong></span> 
     </span>
    </p>
   </div>
   <div class='ocr_carea' id='block_1_23' title="bbox 2111 968 3689 1045">
    <p class='ocr_par' dir='ltr' id='par_1_23' title="bbox 2111 968 3689 1045">
     <span class='ocr_line' id='line_1_23' title="bbox 2111 968 3689 1045; baseline -0.002 -15"><span class='ocrx_word' id='word_1_122' title='bbox 2111 971 2392 1042; x_wconf 87' lang='lat' dir='ltr'><strong>fratribus,</strong></span> <span class='ocrx_word' id='word_1_123' title='bbox 2434 986 2654 1030; x_wconf 89' lang='lat' dir='ltr'><strong>necesse</strong></span> <span class='ocrx_word' id='word_1_124' title='bbox 2685 979 2769 1033; x_wconf 85' lang='lat' dir='ltr'><strong>est</strong></span> <span class='ocrx_word' id='word_1_125' title='bbox 2797 985 2989 1045; x_wconf 79' lang='lat' dir='ltr'><strong>eorum</strong></span> <span class='ocrx_word' id='word_1_126' title='bbox 3018 970 3268 1039; x_wconf 90' lang='lat' dir='ltr'><strong>obtentu,</strong></span> <span class='ocrx_word' id='word_1_127' title='bbox 3301 978 3400 1026; x_wconf 91' lang='lat' dir='ltr'><strong>aut</strong></span> <span class='ocrx_word' id='word_1_128' title='bbox 3425 968 3579 1043; x_wconf 85' lang='lat' dir='ltr'><strong>adjici</strong></span> <span class='ocrx_word' id='word_1_129' title='bbox 3601 970 3689 1027; x_wconf 82' lang='lat' dir='ltr'><strong>ali-</strong></span> 
     </span>
    </p>
   </div>
   <div class='ocr_carea' id='block_1_24' title="bbox 2110 1064 3702 1138">
    <p class='ocr_par' dir='ltr' id='par_1_24' title="bbox 2110 1064 3702 1138">
     <span class='ocr_line' id='line_1_24' title="bbox 2110 1064 3702 1138; baseline -0.001 -15"><span class='ocrx_word' id='word_1_130' title='bbox 2110 1065 2242 1138; x_wconf 87' lang='lat' dir='ltr'><strong>quid</strong></span> <span class='ocrx_word' id='word_1_131' title='bbox 2287 1064 2359 1122; x_wconf 90' lang='lat' dir='ltr'><strong>ad</strong></span> <span class='ocrx_word' id='word_1_132' title='bbox 2402 1072 2670 1122; x_wconf 84' lang='lat' dir='ltr'><strong>statutam</strong></span> <span class='ocrx_word' id='word_1_133' title='bbox 2712 1064 3038 1135; x_wconf 89' lang='lat' dir='ltr'><strong>solitamque</strong></span> <span class='ocrx_word' id='word_1_134' title='bbox 3082 1078 3421 1133; x_wconf 85' lang='lat' dir='ltr'><strong>mensuram,</strong></span> <span class='ocrx_word' id='word_1_135' title='bbox 3453 1072 3548 1121; x_wconf 90' lang='lat' dir='ltr'><strong>aut</strong></span> <span class='ocrx_word' id='word_1_136' title='bbox 3586 1080 3702 1121; x_wconf 87' lang='lat' dir='ltr'><strong>cer--</strong></span> 
     </span>
    </p>
   </div>
   <div class='ocr_carea' id='block_1_25' title="bbox 2110 1156 3703 1231">
    <p class='ocr_par' dir='ltr' id='par_1_25' title="bbox 2110 1156 3703 1231">
     <span class='ocr_line' id='line_1_25' title="bbox 2110 1156 3703 1231; baseline 0.001 -16"><span class='ocrx_word' id='word_1_137' title='bbox 2110 1167 2166 1217; x_wconf 92' lang='lat' dir='ltr'><strong>te</strong></span> <span class='ocrx_word' id='word_1_138' title='bbox 2191 1162 2216 1193; x_wconf 83' lang='lat'><strong>°</strong></span> <span class='ocrx_word' id='word_1_139' title='bbox 2239 1158 2658 1229; x_wconf 84' lang='lat' dir='ltr'><strong>humanitatem,</strong></span> <span class='ocrx_word' id='word_1_140' title='bbox 2688 1172 2853 1231; x_wconf 87' lang='lat' dir='ltr'><strong>quam</strong></span> <span class='ocrx_word' id='word_1_141' title='bbox 2871 1156 3136 1231; x_wconf 90' lang='lat' dir='ltr'><strong>jubemur</strong></span> <span class='ocrx_word' id='word_1_142' title='bbox 3158 1157 3414 1214; x_wconf 91' lang='lat' dir='ltr'><strong>omnibus</strong></span> <span class='ocrx_word' id='word_1_143' title='bbox 3441 1158 3703 1230; x_wconf 59' lang='lat' dir='ltr'><strong>exhibere,</strong></span> 
     </span>
    </p>
   </div>
   <div class='ocr_carea' id='block_1_26' title="bbox 2113 1252 2613 1326">
    <p class='ocr_par' dir='ltr' id='par_1_26' title="bbox 2113 1252 2613 1326">
     <span class='ocr_line' id='line_1_26' title="bbox 2113 1252 2613 1326; baseline -0.004 -15"><span class='ocrx_word' id='word_1_144' title='bbox 2113 1252 2326 1326; x_wconf 90' lang='lat' dir='ltr'><strong>penitus</strong></span> <span class='ocrx_word' id='word_1_145' title='bbox 2350 1252 2613 1311; x_wconf 85' lang='lat' dir='ltr'><strong>abdicari.</strong></span> 
     </span>
    </p>
   </div>
   <div class='ocr_carea' id='block_1_27' title="bbox 2668 1345 3635 1419">
    <p class='ocr_par' dir='ltr' id='par_1_27' title="bbox 2668 1345 3635 1419">
     <span class='ocr_line' id='line_1_27' title="bbox 2668 1345 3635 1419; baseline 0 -16"><span class='ocrx_word' id='word_1_146' title='bbox 2668 1345 2911 1403; x_wconf 81' lang='lat' dir='ltr'><strong>CAPUT</strong></span> <span class='ocrx_word' id='word_1_147' title='bbox 2947 1346 3160 1403; x_wconf 74' lang='lat' dir='ltr'><strong>xxvr.</strong></span> <span class='ocrx_word' id='word_1_148' title='bbox 3628 1412 3635 1419; x_wconf 44' lang='grc'><strong><em>,</em></strong></span> 
     </span>
    </p>
   </div>
   <div class='ocr_carea' id='block_1_28' title="bbox 2232 1440 3588 1512">
    <p class='ocr_par' dir='ltr' id='par_1_28' title="bbox 2232 1440 3588 1512">
     <span class='ocr_line' id='line_1_28' title="bbox 2232 1440 3588 1512; baseline -0.001 -15"><span class='ocrx_word' id='word_1_149' title='bbox 2232 1442 2521 1512; x_wconf 83' lang='lat' dir='ltr'><strong>Responsio</strong></span> <span class='ocrx_word' id='word_1_150' title='bbox 2544 1440 2611 1496; x_wconf 86' lang='lat' dir='ltr'><strong>de</strong></span> <span class='ocrx_word' id='word_1_151' title='bbox 2637 1456 2744 1497; x_wconf 83' lang='lat' dir='ltr'><strong>non</strong></span> <span class='ocrx_word' id='word_1_152' title='bbox 2770 1440 3069 1496; x_wconf 66' lang='lat' dir='ltr'><strong>excedenda</strong></span> <span class='ocrx_word' id='word_1_153' title='bbox 3092 1440 3401 1508; x_wconf 78' lang='lat' dir='ltr'><strong>refectionis</strong></span> <span class='ocrx_word' id='word_1_154' title='bbox 3419 1440 3588 1498; x_wconf 85' lang='lat' dir='ltr'><strong>modo.</strong></span> 
     </span>
    </p>
   </div>
   <div class='ocr_carea' id='block_1_29' title="bbox 2183 1532 3705 1606">
    <p class='ocr_par' dir='ltr' id='par_1_29' title="bbox 2183 1532 3705 1606">
     <span class='ocr_line' id='line_1_29' title="bbox 2183 1532 3705 1606; baseline 0.001 -17"><span class='ocrx_word' id='word_1_155' title='bbox 2183 1536 2407 1606; x_wconf 84' lang='lat' dir='ltr'><strong>Moyses</strong></span> <span class='ocrx_word' id='word_1_156' title='bbox 2433 1554 2446 1590; x_wconf 93' lang='lat'>:</span> <span class='ocrx_word' id='word_1_157' title='bbox 2490 1534 2739 1606; x_wconf 88' lang='lat' dir='ltr'><strong>Utraque</strong></span> <span class='ocrx_word' id='word_1_158' title='bbox 2780 1548 2891 1591; x_wconf 90' lang='lat' dir='ltr'><strong>uno</strong></span> <span class='ocrx_word' id='word_1_159' title='bbox 2921 1532 3088 1589; x_wconf 91' lang='lat' dir='ltr'><strong>modo</strong></span> <span class='ocrx_word' id='word_1_160' title='bbox 3117 1547 3183 1589; x_wconf 92' lang='lat' dir='ltr'><strong>ac</strong></span> <span class='ocrx_word' id='word_1_161' title='bbox 3211 1532 3571 1591; x_wconf 83' lang='lat' dir='ltr'><strong>sollicitudine</strong></span> <span class='ocrx_word' id='word_1_162' title='bbox 3594 1534 3705 1605; x_wconf 50' lang='lat' dir='ltr'><strong>pari;</strong></span> 
     </span>
    </p>
   </div>
   <div class='ocr_carea' id='block_1_30' title="bbox 2114 1628 3699 1686">
    <p class='ocr_par' dir='ltr' id='par_1_30' title="bbox 2114 1628 3699 1686">
     <span class='ocr_line' id='line_1_30' title="bbox 2114 1628 3699 1686; baseline 0 -1"><span class='ocrx_word' id='word_1_163' title='bbox 2114 1629 2366 1685; x_wconf 83' lang='lat' dir='ltr'><strong>convenit</strong></span> <span class='ocrx_word' id='word_1_164' title='bbox 2408 1628 2706 1686; x_wconf 86' lang='lat' dir='ltr'><strong>observari.</strong></span> <span class='ocrx_word' id='word_1_165' title='bbox 2758 1630 2897 1685; x_wconf 84' lang='lat' dir='ltr'><strong>Nam</strong></span> <span class='ocrx_word' id='word_1_166' title='bbox 2940 1636 2998 1684; x_wconf 90' lang='lat' dir='ltr'><strong>et</strong></span> <span class='ocrx_word' id='word_1_167' title='bbox 3038 1641 3357 1685; x_wconf 86' lang='lat' dir='ltr'><strong>mensuram</strong></span> <span class='ocrx_word' id='word_1_168' title='bbox 3405 1628 3514 1685; x_wconf 91' lang='lat' dir='ltr'><strong>cibi</strong></span> <span class='ocrx_word' id='word_1_169' title='bbox 3550 1643 3699 1686; x_wconf 85' lang='lat' dir='ltr'><strong>causa</strong></span> 
     </span>
    </p>
   </div>
   <div class='ocr_carea' id='block_1_31' title="bbox 2114 1722 3700 1796">
    <p class='ocr_par' dir='ltr' id='par_1_31' title="bbox 2114 1722 3700 1796">
     <span class='ocr_line' id='line_1_31' title="bbox 2114 1722 3700 1796; baseline 0.004 -20"><span class='ocrx_word' id='word_1_170' title='bbox 2114 1722 2464 1780; x_wconf 66' lang='lat' dir='ltr'><strong>continentia:</strong></span> <span class='ocrx_word' id='word_1_171' title='bbox 2500 1738 2563 1780; x_wconf 92' lang='lat' dir='ltr'><strong>ac</strong></span> <span class='ocrx_word' id='word_1_172' title='bbox 2591 1722 2843 1796; x_wconf 86' lang='lat' dir='ltr'><strong>puritatis</strong></span> <span class='ocrx_word' id='word_1_173' title='bbox 2869 1738 2999 1779; x_wconf 90' lang='lat' dir='ltr'><strong>cum</strong></span> <span class='ocrx_word' id='word_1_174' title='bbox 3032 1723 3185 1780; x_wconf 90' lang='lat' dir='ltr'><strong>omni</strong></span> <span class='ocrx_word' id='word_1_175' title='bbox 3212 1724 3472 1795; x_wconf 88' lang='lat' dir='ltr'><strong>scrupulo</strong></span> <span class='ocrx_word' id='word_1_176' title='bbox 3521 1732 3700 1782; x_wconf 85' lang='lat' dir='ltr'><strong>custo-</strong></span> 
     </span>
    </p>
   </div>
   <div class='ocr_carea' id='block_1_32' title="bbox 403 1801 3697 1901">
    <p class='ocr_par' dir='ltr' id='par_1_32' title="bbox 403 1801 3697 1901">
     <span class='ocr_line' id='line_1_32' title="bbox 403 1801 3697 1901; baseline -0.003 -17"><span class='ocrx_word' id='word_1_177' title='bbox 403 1841 503 1901; x_wconf 88' lang='lat' dir='ltr'><strong>per</strong></span> <span class='ocrx_word' id='word_1_178' title='bbox 536 1801 873 1893; x_wconf 78' lang='lat' dir='ltr'><strong>continuare,</strong></span> <span class='ocrx_word' id='word_1_179' title='bbox 920 1820 1228 1879; x_wconf 88' lang='lat' dir='ltr'><strong>dummodo</strong></span> <span class='ocrx_word' id='word_1_180' title='bbox 1276 1817 1347 1877; x_wconf 92' lang='lat' dir='ltr'><strong>ad</strong></span> <span class='ocrx_word' id='word_1_181' title='bbox 1389 1816 1743 1875; x_wconf 83' lang='lat' dir='ltr'><strong>refectionem</strong></span> <span class='ocrx_word' id='word_1_182' title='bbox 1789 1815 2007 1872; x_wconf 87' lang='lat' dir='ltr'><strong>veniens</strong></span> <span class='ocrx_word' id='word_1_183' title='bbox 2035 1801 2084 1864; x_wconf 91' lang='grc' dir='ltr'><strong>Β</strong></span> <span class='ocrx_word' id='word_1_184' title='bbox 2117 1814 2233 1871; x_wconf 90' lang='lat' dir='ltr'><strong>dire</strong></span> <span class='ocrx_word' id='word_1_185' title='bbox 2256 1814 2535 1886; x_wconf 90' lang='lat' dir='ltr'><strong>debemus,</strong></span> <span class='ocrx_word' id='word_1_186' title='bbox 2568 1804 2666 1873; x_wconf 81' lang='lat' dir='ltr'><strong>etd</strong></span> <span class='ocrx_word' id='word_1_187' title='bbox 2712 1815 3102 1873; x_wconf 87' lang='lat' dir='ltr'><strong>humanitatem</strong></span> <span class='ocrx_word' id='word_1_188' title='bbox 3145 1824 3306 1888; x_wconf 88' lang='lat' dir='ltr'><strong>atque</strong></span> <span class='ocrx_word' id='word_1_189' title='bbox 3335 1816 3697 1883; x_wconf 83' lang='lat' dir='ltr'><strong>adorationem</strong></span> 
     </span>
    </p>
   </div>
   <div class='ocr_carea' id='block_1_33' title="bbox 403 1908 2006 1994">
    <p class='ocr_par' dir='ltr' id='par_1_33' title="bbox 403 1908 2006 1994">
     <span class='ocr_line' id='line_1_33' title="bbox 403 1908 2006 1994; baseline -0.009 -15"><span class='ocrx_word' id='word_1_190' title='bbox 403 1919 677 1994; x_wconf 88' lang='lat' dir='ltr'><strong>duplicata</strong></span> <span class='ocrx_word' id='word_1_191' title='bbox 706 1932 966 1975; x_wconf 86' lang='lat' dir='ltr'><strong>mensura</strong></span> <span class='ocrx_word' id='word_1_192' title='bbox 986 1914 1225 1988; x_wconf 80' lang='lat' dir='ltr'><strong>repleret</strong></span> <span class='ocrx_word' id='word_1_193' title='bbox 1255 1911 1460 1969; x_wconf 84' lang='lat' dir='ltr'><strong>ventris</strong></span> <span class='ocrx_word' id='word_1_194' title='bbox 1482 1910 1796 1984; x_wconf 83' lang='lat' dir='ltr'><strong>ingluviem,</strong></span> <span class='ocrx_word' id='word_1_195' title='bbox 1822 1908 1876 1967; x_wconf 88' lang='lat' dir='ltr'><strong>id</strong></span> <span class='ocrx_word' id='word_1_196' title='bbox 1904 1917 2006 1976; x_wconf 91' lang='lat' dir='ltr'><strong>est,</strong></span> 
     </span>
    </p>
   </div>
   <div class='ocr_carea' id='block_1_34' title="bbox 403 2004 2009 2089">
    <p class='ocr_par' dir='ltr' id='par_1_34' title="bbox 403 2004 2009 2089">
     <span class='ocr_line' id='line_1_34' title="bbox 403 2004 2009 2089; baseline -0.008 -17"><span class='ocrx_word' id='word_1_197' title='bbox 403 2021 641 2089; x_wconf 88' lang='lat' dir='ltr'><strong>quatuor</strong></span> <span class='ocrx_word' id='word_1_198' title='bbox 695 2010 995 2083; x_wconf 82' lang='lat' dir='ltr'><strong>paximacia</strong></span> <span class='ocrx_word' id='word_1_199' title='bbox 1032 2006 1326 2065; x_wconf 87' lang='lat' dir='ltr'><strong>comedens</strong></span> <span class='ocrx_word' id='word_1_200' title='bbox 1374 2004 1679 2062; x_wconf 87' lang='lat' dir='ltr'><strong>desiderata</strong></span> <span class='ocrx_word' id='word_1_201' title='bbox 1707 2004 2009 2060; x_wconf 67' lang='lat' dir='ltr'><strong>~saturitate</strong></span> 
     </span>
    </p>
   </div>
   <div class='ocr_carea' id='block_1_35' title="bbox 404 2094 2006 2180">
    <p class='ocr_par' dir='ltr' id='par_1_35' title="bbox 404 2094 2006 2180">
     <span class='ocr_line' id='line_1_35' title="bbox 404 2094 2006 2180; baseline -0.007 -16"><span class='ocrx_word' id='word_1_202' title='bbox 404 2106 688 2180; x_wconf 78' lang='lat' dir='ltr'><strong>gauderet,</strong></span> <span class='ocrx_word' id='word_1_203' title='bbox 717 2110 775 2159; x_wconf 88' lang='lat' dir='ltr'><strong>et</strong></span> <span class='ocrx_word' id='word_1_204' title='bbox 804 2101 1169 2174; x_wconf 77' lang='lat' dir='ltr'><strong>expletionem</strong></span> <span class='ocrx_word' id='word_1_205' title='bbox 1194 2096 1398 2155; x_wconf 89' lang='lat' dir='ltr'><strong>ventris</strong></span> <span class='ocrx_word' id='word_1_206' title='bbox 1421 2096 1507 2153; x_wconf 92' lang='lat' dir='ltr'><strong>sui</strong></span> <span class='ocrx_word' id='word_1_207' title='bbox 1534 2094 1772 2153; x_wconf 85' lang='lat' dir='ltr'><strong>biduano</strong></span> <span class='ocrx_word' id='word_1_208' title='bbox 1794 2096 2006 2169; x_wconf 84' lang='lat' dir='ltr'><strong>jejunio</strong></span> 
     </span>
    </p>
   </div>
   <div class='ocr_carea' id='block_1_36' title="bbox 406 2190 2006 2271">
    <p class='ocr_par' dir='ltr' id='par_1_36' title="bbox 406 2190 2006 2271">
     <span class='ocr_line' id='line_1_36' title="bbox 406 2190 2006 2271; baseline -0.006 -16"><span class='ocrx_word' id='word_1_209' title='bbox 406 2195 816 2271; x_wconf 90' lang='lat' dir='ltr'><strong>quodammodo</strong></span> <span class='ocrx_word' id='word_1_210' title='bbox 838 2200 1199 2264; x_wconf 86' lang='lat' dir='ltr'><strong>compararet.</strong></span> <span class='ocrx_word' id='word_1_211' title='bbox 1227 2191 1329 2262; x_wconf 88' lang='lat' dir='ltr'><strong>Qui</strong></span> <span class='ocrx_word' id='word_1_212' title='bbox 1357 2190 1719 2247; x_wconf 88' lang='lat' dir='ltr'><strong>obstinatione</strong></span> <span class='ocrx_word' id='word_1_213' title='bbox 1753 2197 1807 2247; x_wconf 86' lang='lat' dir='ltr'><strong>et</strong></span> <span class='ocrx_word' id='word_1_214' title='bbox 1834 2191 2006 2263; x_wconf 88' lang='lat' dir='ltr'><strong>perti-</strong></span> 
     </span>
    </p>
   </div>
   <div class='ocr_carea' id='block_1_37' title="bbox 406 2282 2004 2356">
    <p class='ocr_par' dir='ltr' id='par_1_37' title="bbox 406 2282 2004 2356">
     <span class='ocr_line' id='line_1_37' title="bbox 406 2282 2004 2356; baseline -0.005 -9"><span class='ocrx_word' id='word_1_215' title='bbox 406 2290 565 2347; x_wconf 89' lang='lat' dir='ltr'><strong>nacia</strong></span> <span class='ocrx_word' id='word_1_216' title='bbox 587 2287 790 2345; x_wconf 89' lang='lat' dir='ltr'><strong>mentis</strong></span> <span class='ocrx_word' id='word_1_217' title='bbox 807 2301 922 2343; x_wconf 69' lang='lat' dir='ltr'><strong>suae</strong></span> <span class='ocrx_word' id='word_1_218' title='bbox 940 2283 1363 2343; x_wconf 61' lang='lat' dir='ltr'><strong>&quot;deﬁnitionibus</strong></span> <span class='ocrx_word' id='word_1_219' title='bbox 1388 2282 1564 2355; x_wconf 88' lang='lat' dir='ltr'><strong>potius</strong></span> <span class='ocrx_word' id='word_1_220' title='bbox 1582 2283 1819 2356; x_wconf 90' lang='lat' dir='ltr'><strong>propriis</strong></span> <span class='ocrx_word' id='word_1_221' title='bbox 1841 2299 2004 2356; x_wconf 90' lang='lat' dir='ltr'><strong>quam</strong></span> 
     </span>
    </p>
   </div>
   <div class='ocr_carea' id='block_1_38' title="bbox 405 2377 2005 2452">
    <p class='ocr_par' dir='ltr' id='par_1_38' title="bbox 405 2377 2005 2452">
     <span class='ocr_line' id='line_1_38' title="bbox 405 2377 2005 2452; baseline -0.004 -10"><span class='ocrx_word' id='word_1_222' title='bbox 405 2384 688 2443; x_wconf 87' lang='lat' dir='ltr'><strong>seniorum</strong></span> <span class='ocrx_word' id='word_1_223' title='bbox 716 2379 1101 2440; x_wconf 89' lang='lat' dir='ltr'><strong>traditionibus</strong></span> <span class='ocrx_word' id='word_1_224' title='bbox 1126 2379 1499 2452; x_wconf 89' lang='lat' dir='ltr'><strong>acquiescens,</strong></span> <span class='ocrx_word' id='word_1_225' title='bbox 1528 2377 1670 2451; x_wconf 90' lang='lat' dir='ltr'><strong>quali</strong></span> <span class='ocrx_word' id='word_1_226' title='bbox 1702 2378 1810 2435; x_wconf 88' lang='lat' dir='ltr'><strong>ﬁne</strong></span> <span class='ocrx_word' id='word_1_227' title='bbox 1841 2395 2005 2436; x_wconf 90' lang='lat' dir='ltr'><strong>suum</strong></span> 
     </span>
    </p>
   </div>
   <div class='ocr_carea' id='block_1_39' title="bbox 406 2470 2005 2551">
    <p class='ocr_par' dir='ltr' id='par_1_39' title="bbox 406 2470 2005 2551">
     <span class='ocr_line' id='line_1_39' title="bbox 406 2470 2005 2551; baseline -0.003 -17"><span class='ocrx_word' id='word_1_228' title='bbox 406 2477 748 2551; x_wconf 88' lang='lat' dir='ltr'><strong>propositum</strong></span> <span class='ocrx_word' id='word_1_229' title='bbox 788 2474 1116 2541; x_wconf 89' lang='lat' dir='ltr'><strong>terminarit,</strong></span> <span class='ocrx_word' id='word_1_230' title='bbox 1148 2470 1503 2546; x_wconf 86' lang='lat' dir='ltr'><strong>proculdubio</strong></span> <span class='ocrx_word' id='word_1_231' title='bbox 1530 2471 1881 2529; x_wconf 88' lang='lat' dir='ltr'><strong>meministis.</strong></span> <span class='ocrx_word' id='word_1_232' title='bbox 1918 2474 2005 2530; x_wconf 90' lang='lat' dir='ltr'><strong>Si-</strong></span> 
     </span>
    </p>
   </div>
   <div class='ocr_carea' id='block_1_40' title="bbox 411 2566 2006 2644">
    <p class='ocr_par' dir='ltr' id='par_1_40' title="bbox 411 2566 2006 2644">
     <span class='ocr_line' id='line_1_40' title="bbox 411 2566 2006 2644; baseline -0.003 -16"><span class='ocrx_word' id='word_1_233' title='bbox 411 2570 630 2644; x_wconf 88' lang='lat' dir='ltr'><strong>quidem</strong></span> <span class='ocrx_word' id='word_1_234' title='bbox 674 2570 857 2627; x_wconf 87' lang='lat' dir='ltr'><strong>relicta</strong></span> <span class='ocrx_word' id='word_1_235' title='bbox 905 2582 1113 2636; x_wconf 88' lang='lat' dir='ltr'><strong>eremo,</strong></span> <span class='ocrx_word' id='word_1_236' title='bbox 1162 2582 1351 2625; x_wconf 89' lang='lat' dir='ltr'><strong>rursus</strong></span> <span class='ocrx_word' id='word_1_237' title='bbox 1387 2566 1457 2623; x_wconf 89' lang='lat' dir='ltr'><strong>ad</strong></span> <span class='ocrx_word' id='word_1_238' title='bbox 1498 2566 1716 2624; x_wconf 90' lang='lat' dir='ltr'><strong>inanem</strong></span> <span class='ocrx_word' id='word_1_239' title='bbox 1761 2566 2006 2639; x_wconf 89' lang='lat' dir='ltr'><strong>philoso-</strong></span> 
     </span>
    </p>
   </div>
   <div class='ocr_carea' id='block_1_41' title="bbox 409 2659 2004 2738">
    <p class='ocr_par' dir='ltr' id='par_1_41' title="bbox 409 2659 2004 2738">
     <span class='ocr_line' id='line_1_41' title="bbox 409 2659 2004 2738; baseline -0.003 -18"><span class='ocrx_word' id='word_1_240' title='bbox 409 2664 591 2738; x_wconf 88' lang='lat' dir='ltr'><strong>phiam</strong></span> <span class='ocrx_word' id='word_1_241' title='bbox 619 2663 811 2720; x_wconf 91' lang='lat' dir='ltr'><strong>mundi</strong></span> <span class='ocrx_word' id='word_1_242' title='bbox 857 2663 1019 2735; x_wconf 89' lang='lat' dir='ltr'><strong>hujus</strong></span> <span class='ocrx_word' id='word_1_243' title='bbox 1053 2675 1115 2718; x_wconf 89' lang='lat' dir='ltr'><strong>ac</strong></span> <span class='ocrx_word' id='word_1_244' title='bbox 1141 2660 1436 2716; x_wconf 87' lang='lat' dir='ltr'><strong>vanitatem</strong></span> <span class='ocrx_word' id='word_1_245' title='bbox 1476 2660 1659 2717; x_wconf 77' lang='lat' dir='ltr'><strong>saeculi</strong></span> <span class='ocrx_word' id='word_1_246' title='bbox 1697 2659 2004 2730; x_wconf 89' lang='lat' dir='ltr'><strong>devolutus,</strong></span> 
     </span>
    </p>
   </div>
   <div class='ocr_carea' id='block_1_42' title="bbox 399 2742 2006 2831">
    <p class='ocr_par' dir='ltr' id='par_1_42' title="bbox 399 2742 2006 2831">
     <span class='ocr_line' id='line_1_42' title="bbox 399 2742 2006 2831; baseline -0.004 -15"><span class='ocrx_word' id='word_1_247' title='bbox 399 2758 717 2831; x_wconf 70' lang='lat' dir='ltr'><strong>praedictam</strong></span> <span class='ocrx_word' id='word_1_248' title='bbox 765 2756 1093 2814; x_wconf 89' lang='lat' dir='ltr'><strong>sententiam</strong></span> <span class='ocrx_word' id='word_1_249' title='bbox 1142 2742 1421 2812; x_wconf 80' lang='lat' dir='ltr'><strong>seniorum</strong></span> <span class='ocrx_word' id='word_1_250' title='bbox 1480 2754 1566 2811; x_wconf 92' lang='lat' dir='ltr'><strong>sui</strong></span> <span class='ocrx_word' id='word_1_251' title='bbox 1615 2768 1776 2811; x_wconf 89' lang='lat' dir='ltr'><strong>casus</strong></span> <span class='ocrx_word' id='word_1_252' title='bbox 1828 2753 2006 2827; x_wconf 78' lang='lat' dir='ltr'><strong>signet</strong></span> 
     </span>
    </p>
   </div>
   <div class='ocr_carea' id='block_1_43' title="bbox 397 2845 2003 2925">
    <p class='ocr_par' dir='ltr' id='par_1_43' title="bbox 397 2845 2003 2925">
     <span class='ocr_line' id='line_1_43' title="bbox 397 2845 2003 2925; baseline -0.004 -16"><span class='ocrx_word' id='word_1_253' title='bbox 397 2851 674 2924; x_wconf 82' lang='lat' dir='ltr'><strong>exemplo,</strong></span> <span class='ocrx_word' id='word_1_254' title='bbox 720 2850 990 2925; x_wconf 91' lang='lat' dir='ltr'><strong>ruinaque</strong></span> <span class='ocrx_word' id='word_1_255' title='bbox 1034 2864 1134 2906; x_wconf 90' lang='lat' dir='ltr'><strong>sua</strong></span> <span class='ocrx_word' id='word_1_256' title='bbox 1180 2856 1410 2907; x_wconf 89' lang='lat' dir='ltr'><strong>cunctos</strong></span> <span class='ocrx_word' id='word_1_257' title='bbox 1460 2845 1676 2915; x_wconf 88' lang='lat' dir='ltr'><strong>doceat,</strong></span> <span class='ocrx_word' id='word_1_258' title='bbox 1726 2847 2003 2907; x_wconf 88' lang='lat' dir='ltr'><strong>neminem</strong></span> 
     </span>
    </p>
   </div>
   <div class='ocr_carea' id='block_1_44' title="bbox 399 2933 2001 3015">
    <p class='ocr_par' dir='ltr' id='par_1_44' title="bbox 399 2933 2001 3015">
     <span class='ocr_line' id='line_1_44' title="bbox 399 2933 2001 3015; baseline -0.003 -12"><span class='ocrx_word' id='word_1_259' title='bbox 399 2946 512 3004; x_wconf 86' lang='lat' dir='ltr'><strong>suis</strong></span> <span class='ocrx_word' id='word_1_260' title='bbox 551 2945 959 3003; x_wconf 88' lang='lat' dir='ltr'><strong>deﬁnitionibus</strong></span> <span class='ocrx_word' id='word_1_261' title='bbox 1001 2944 1081 3000; x_wconf 89' lang='lat' dir='ltr'><strong>vel</strong></span> <span class='ocrx_word' id='word_1_262' title='bbox 1110 2942 1332 3015; x_wconf 90' lang='lat' dir='ltr'><strong>proprio</strong></span> <span class='ocrx_word' id='word_1_263' title='bbox 1366 2940 1576 3014; x_wconf 89' lang='lat' dir='ltr'><strong>judicio</strong></span> <span class='ocrx_word' id='word_1_264' title='bbox 1612 2933 2001 3010; x_wconf 87' lang='lat' dir='ltr'><strong>conﬁdentem,</strong></span> 
     </span>
    </p>
   </div>
   <div class='ocr_carea' id='block_1_45' title="bbox 403 3032 2002 3111">
    <p class='ocr_par' dir='ltr' id='par_1_45' title="bbox 403 3032 2002 3111">
     <span class='ocr_line' id='line_1_45' title="bbox 403 3032 2002 3111; baseline -0.003 -15"><span class='ocrx_word' id='word_1_265' title='bbox 403 3037 747 3111; x_wconf 80' lang='lat' dir='ltr'><strong>perfectionis</strong></span> <span class='ocrx_word' id='word_1_266' title='bbox 805 3038 1023 3094; x_wconf 91' lang='lat' dir='ltr'><strong>culmen</strong></span> <span class='ocrx_word' id='word_1_267' title='bbox 1063 3033 1360 3107; x_wconf 89' lang='lat' dir='ltr'><strong>aliquando</strong></span> <span class='ocrx_word' id='word_1_268' title='bbox 1412 3048 1573 3105; x_wconf 84' lang='lat' dir='ltr'><strong>posse</strong></span> <span class='ocrx_word' id='word_1_269' title='bbox 1619 3032 2002 3106; x_wconf 89' lang='lat' dir='ltr'><strong>conscendere,</strong></span> 
     </span>
    </p>
   </div>
   <div class='ocr_carea' id='block_1_46' title="bbox 400 3125 2004 3201">
    <p class='ocr_par' dir='ltr' id='par_1_46' title="bbox 400 3125 2004 3201">
     <span class='ocr_line' id='line_1_46' title="bbox 400 3125 2004 3201; baseline -0.001 -14"><span class='ocrx_word' id='word_1_270' title='bbox 400 3130 499 3189; x_wconf 85' lang='lat' dir='ltr'><strong>sed</strong></span> <span class='ocrx_word' id='word_1_271' title='bbox 538 3146 640 3189; x_wconf 90' lang='lat' dir='ltr'><strong>nec</strong></span> <span class='ocrx_word' id='word_1_272' title='bbox 684 3129 888 3187; x_wconf 88' lang='lat' dir='ltr'><strong>diaboli</strong></span> <span class='ocrx_word' id='word_1_273' title='bbox 928 3127 1149 3201; x_wconf 84' lang='lat' dir='ltr'><strong>quidem</strong></span> <span class='ocrx_word' id='word_1_274' title='bbox 1187 3125 1519 3200; x_wconf 89' lang='lat' dir='ltr'><strong>perniciosas</strong></span> <span class='ocrx_word' id='word_1_275' title='bbox 1564 3126 1839 3183; x_wconf 90' lang='lat' dir='ltr'><strong>illusiones</strong></span> <span class='ocrx_word' id='word_1_276' title='bbox 1874 3142 2004 3185; x_wconf 87' lang='lat' dir='ltr'><strong>eva-</strong></span> 
     </span>
    </p>
   </div>
   <div class='ocr_carea' id='block_1_47' title="bbox 402 3221 554 3281">
    <p class='ocr_par' dir='ltr' id='par_1_47' title="bbox 402 3221 554 3281">
     <span class='ocr_line' id='line_1_47' title="bbox 402 3221 554 3281; baseline -0.007 -1"><span class='ocrx_word' id='word_1_277' title='bbox 402 3221 554 3281; x_wconf 88' lang='lat' dir='ltr'><strong>dere.</strong></span> 
     </span>
    </p>
   </div>
   <div class='ocr_carea' id='block_1_48' title="bbox 2111 1907 3710 1980">
    <p class='ocr_par' dir='ltr' id='par_1_48' title="bbox 2111 1907 3710 1980">
     <span class='ocr_line' id='line_1_48' title="bbox 2111 1907 3710 1980; baseline 0.001 -16"><span class='ocrx_word' id='word_1_278' title='bbox 2111 1907 2526 1966; x_wconf 85' lang='lat' dir='ltr'><strong>advenientibus</strong></span> <span class='ocrx_word' id='word_1_279' title='bbox 2568 1908 2854 1980; x_wconf 69' lang='lat' dir='ltr'><strong>fratribus:</strong></span> <span class='ocrx_word' id='word_1_280' title='bbox 2871 1908 3157 1967; x_wconf 85' lang='lat' dir='ltr'><strong>charitatis</strong></span> <span class='ocrx_word' id='word_1_281' title='bbox 3190 1910 3408 1967; x_wconf 89' lang='lat' dir='ltr'><strong>obtentu</strong></span> <span class='ocrx_word' id='word_1_282' title='bbox 3454 1910 3710 1967; x_wconf 77' lang='lat' dir='ltr'><strong>similiter</strong></span> 
     </span>
    </p>
   </div>
   <div class='ocr_carea' id='block_1_49' title="bbox 2113 2002 3713 2075">
    <p class='ocr_par' dir='ltr' id='par_1_49' title="bbox 2113 2002 3713 2075">
     <span class='ocr_line' id='line_1_49' title="bbox 2113 2002 3713 2075; baseline 0.001 -16"><span class='ocrx_word' id='word_1_283' title='bbox 2113 2002 2396 2071; x_wconf 80' lang='lat' dir='ltr'><strong>exhibere;</strong></span> <span class='ocrx_word' id='word_1_284' title='bbox 2436 2004 2562 2075; x_wconf 88' lang='lat' dir='ltr'><strong>quia</strong></span> <span class='ocrx_word' id='word_1_285' title='bbox 2588 2003 2718 2061; x_wconf 90' lang='lat' dir='ltr'><strong>satis</strong></span> <span class='ocrx_word' id='word_1_286' title='bbox 2753 2002 3053 2061; x_wconf 90' lang='lat' dir='ltr'><strong>absurdum</strong></span> <span class='ocrx_word' id='word_1_287' title='bbox 3082 2012 3185 2073; x_wconf 88' lang='lat' dir='ltr'><strong>est,</strong></span> <span class='ocrx_word' id='word_1_288' title='bbox 3215 2012 3277 2060; x_wconf 91' lang='lat' dir='ltr'><strong>ut</strong></span> <span class='ocrx_word' id='word_1_289' title='bbox 3316 2002 3494 2070; x_wconf 84' lang='lat' dir='ltr'><strong>fratri,</strong></span> <span class='ocrx_word' id='word_1_290' title='bbox 3529 2003 3713 2060; x_wconf 74' lang='lat' dir='ltr'><strong>immo</strong></span> 
     </span>
    </p>
   </div>
   <div class='ocr_carea' id='block_1_50' title="bbox 2112 2095 3715 2170">
    <p class='ocr_par' dir='ltr' id='par_1_50' title="bbox 2112 2095 3715 2170">
     <span class='ocr_line' id='line_1_50' title="bbox 2112 2095 3715 2170; baseline 0.001 -18"><span class='ocrx_word' id='word_1_291' title='bbox 2112 2096 2328 2153; x_wconf 89' lang='lat' dir='ltr'><strong>Christo</strong></span> <span class='ocrx_word' id='word_1_292' title='bbox 2358 2112 2605 2154; x_wconf 91' lang='lat' dir='ltr'><strong>mensam</strong></span> <span class='ocrx_word' id='word_1_293' title='bbox 2626 2095 2884 2162; x_wconf 86' lang='lat' dir='ltr'><strong>offerens,</strong></span> <span class='ocrx_word' id='word_1_294' title='bbox 2907 2112 3020 2154; x_wconf 92' lang='lat' dir='ltr'><strong>non</strong></span> <span class='ocrx_word' id='word_1_295' title='bbox 3048 2113 3175 2154; x_wconf 91' lang='lat' dir='ltr'><strong>cum</strong></span> <span class='ocrx_word' id='word_1_296' title='bbox 3200 2111 3266 2155; x_wconf 91' lang='lat' dir='ltr'><strong>eo</strong></span> <span class='ocrx_word' id='word_1_297' title='bbox 3295 2096 3475 2155; x_wconf 87' lang='lat' dir='ltr'><strong>cibum</strong></span> <span class='ocrx_word' id='word_1_298' title='bbox 3506 2097 3715 2170; x_wconf 84' lang='lat' dir='ltr'><strong>pariter</strong></span> 
     </span>
    </p>
   </div>
   <div class='ocr_carea' id='block_1_51' title="bbox 2110 2191 3706 2266">
    <p class='ocr_par' dir='ltr' id='par_1_51' title="bbox 2110 2191 3706 2266">
     <span class='ocr_line' id='line_1_51' title="bbox 2110 2191 3706 2266; baseline -0.001 -16"><span class='ocrx_word' id='word_1_299' title='bbox 2110 2206 2321 2262; x_wconf 89' lang='lat' dir='ltr'><strong>sumas,</strong></span> <span class='ocrx_word' id='word_1_300' title='bbox 2350 2201 2446 2250; x_wconf 89' lang='lat' dir='ltr'><strong>aut</strong></span> <span class='ocrx_word' id='word_1_301' title='bbox 2468 2192 2537 2250; x_wconf 92' lang='lat' dir='ltr'><strong>ab</strong></span> <span class='ocrx_word' id='word_1_302' title='bbox 2565 2193 2681 2266; x_wconf 90' lang='lat' dir='ltr'><strong>ejus</strong></span> <span class='ocrx_word' id='word_1_303' title='bbox 2701 2192 2999 2251; x_wconf 84' lang='lat' dir='ltr'><strong>refectione</strong></span> <span class='ocrx_word' id='word_1_304' title='bbox 3022 2201 3076 2250; x_wconf 91' lang='lat' dir='ltr'><strong>te</strong></span> <span class='ocrx_word' id='word_1_305' title='bbox 3106 2191 3278 2251; x_wconf 81' lang='lat' dir='ltr'><strong>facias</strong></span> <span class='ocrx_word' id='word_1_306' title='bbox 3303 2193 3561 2250; x_wconf 90' lang='lat' dir='ltr'><strong>alienum.</strong></span> <span class='ocrx_word' id='word_1_307' title='bbox 3591 2197 3706 2250; x_wconf 84' lang='lat' dir='ltr'><strong>Ita-</strong></span> 
     </span>
    </p>
   </div>
   <div class='ocr_carea' id='block_1_52' title="bbox 2111 2286 3715 2360">
    <p class='ocr_par' dir='ltr' id='par_1_52' title="bbox 2111 2286 3715 2360">
     <span class='ocr_line' id='line_1_52' title="bbox 2111 2286 3715 2360; baseline -0.001 -17"><span class='ocrx_word' id='word_1_308' title='bbox 2111 2301 2218 2359; x_wconf 91' lang='lat' dir='ltr'><strong>que</strong></span> <span class='ocrx_word' id='word_1_309' title='bbox 2261 2286 2317 2342; x_wconf 92' lang='lat' dir='ltr'><strong>in</strong></span> <span class='ocrx_word' id='word_1_310' title='bbox 2355 2294 2551 2344; x_wconf 91' lang='lat' dir='ltr'><strong>neutra</strong></span> <span class='ocrx_word' id='word_1_311' title='bbox 2590 2294 2741 2359; x_wconf 88' lang='lat' dir='ltr'><strong>parte</strong></span> <span class='ocrx_word' id='word_1_312' title='bbox 2768 2286 3220 2360; x_wconf 87' lang='lat' dir='ltr'><strong>reprehensibiles</strong></span> <span class='ocrx_word' id='word_1_313' title='bbox 3267 2287 3620 2355; x_wconf 88' lang='lat' dir='ltr'><strong>inveniemur,</strong></span> <span class='ocrx_word' id='word_1_314' title='bbox 3656 2294 3715 2351; x_wconf 72' lang='lat' dir='ltr'><strong>si</strong></span> 
     </span>
    </p>
   </div>
   <div class='ocr_carea' id='block_1_53' title="bbox 2111 2378 3708 2451">
    <p class='ocr_par' dir='ltr' id='par_1_53' title="bbox 2111 2378 3708 2451">
     <span class='ocr_line' id='line_1_53' title="bbox 2111 2378 3708 2451; baseline 0.001 -16"><span class='ocrx_word' id='word_1_315' title='bbox 2111 2378 2230 2436; x_wconf 69' lang='lat' dir='ltr'><strong>haec</strong></span> <span class='ocrx_word' id='word_1_316' title='bbox 2273 2395 2301 2435; x_wconf 92' lang='lat' dir='ltr'><strong>a</strong></span> <span class='ocrx_word' id='word_1_317' title='bbox 2351 2379 2509 2437; x_wconf 92' lang='lat' dir='ltr'><strong>nobis</strong></span> <span class='ocrx_word' id='word_1_318' title='bbox 2546 2380 2883 2438; x_wconf 88' lang='lat' dir='ltr'><strong>consuetudo</strong></span> <span class='ocrx_word' id='word_1_319' title='bbox 2908 2389 3175 2451; x_wconf 88' lang='lat' dir='ltr'><strong>teneatur,</strong></span> <span class='ocrx_word' id='word_1_320' title='bbox 3205 2390 3269 2438; x_wconf 90' lang='lat' dir='ltr'><strong>ut</strong></span> <span class='ocrx_word' id='word_1_321' title='bbox 3310 2380 3446 2438; x_wconf 90' lang='lat' dir='ltr'><strong>hora</strong></span> <span class='ocrx_word' id='word_1_322' title='bbox 3471 2397 3609 2438; x_wconf 91' lang='lat' dir='ltr'><strong>nona</strong></span> <span class='ocrx_word' id='word_1_323' title='bbox 3636 2380 3708 2437; x_wconf 90' lang='lat' dir='ltr'><strong>de</strong></span> 
     </span>
    </p>
   </div>
   <div class='ocr_carea' id='block_1_54' title="bbox 2111 2472 3710 2546">
    <p class='ocr_par' dir='ltr' id='par_1_54' title="bbox 2111 2472 3710 2546">
     <span class='ocr_line' id='line_1_54' title="bbox 2111 2472 3710 2546; baseline 0.001 -17"><span class='ocrx_word' id='word_1_324' title='bbox 2111 2472 2325 2530; x_wconf 85' lang='lat' dir='ltr'><strong>duobus</strong></span> <span class='ocrx_word' id='word_1_325' title='bbox 2373 2473 2706 2546; x_wconf 85' lang='lat' dir='ltr'><strong>paximaciis,</strong></span> <span class='ocrx_word' id='word_1_326' title='bbox 2758 2489 2880 2546; x_wconf 68' lang='lat' dir='ltr'><strong>quae</strong></span> <span class='ocrx_word' id='word_1_327' title='bbox 2928 2474 3087 2531; x_wconf 85' lang='lat' dir='ltr'><strong>nobis</strong></span> <span class='ocrx_word' id='word_1_328' title='bbox 3136 2473 3400 2531; x_wconf 91' lang='lat' dir='ltr'><strong>canonica</strong></span> <span class='ocrx_word' id='word_1_329' title='bbox 3459 2489 3710 2531; x_wconf 86' lang='lat' dir='ltr'><strong>mensura</strong></span> 
     </span>
    </p>
   </div>
   <div class='ocr_carea' id='block_1_55' title="bbox 2102 2566 3712 2643">
    <p class='ocr_par' dir='ltr' id='par_1_55' title="bbox 2102 2566 3712 2643">
     <span class='ocr_line' id='line_1_55' title="bbox 2102 2566 3712 2643; baseline 0.002 -20"><span class='ocrx_word' id='word_1_330' title='bbox 2102 2567 2227 2639; x_wconf 89' lang='lat' dir='ltr'><strong>jure</strong></span> <span class='ocrx_word' id='word_1_331' title='bbox 2255 2566 2541 2637; x_wconf 90' lang='lat' dir='ltr'><strong>debentur,</strong></span> <span class='ocrx_word' id='word_1_332' title='bbox 2580 2583 2691 2624; x_wconf 91' lang='lat' dir='ltr'><strong>uno</strong></span> <span class='ocrx_word' id='word_1_333' title='bbox 2740 2568 3042 2643; x_wconf 82' lang='lat' dir='ltr'><strong>paximacio</strong></span> <span class='ocrx_word' id='word_1_334' title='bbox 3072 2568 3377 2642; x_wconf 69' lang='lat' dir='ltr'><strong>prmlibato,</strong></span> <span class='ocrx_word' id='word_1_335' title='bbox 3419 2568 3565 2627; x_wconf 91' lang='lat' dir='ltr'><strong>aliud</strong></span> <span class='ocrx_word' id='word_1_336' title='bbox 3600 2568 3712 2627; x_wconf 90' lang='lat' dir='ltr'><strong>hu-</strong></span> 
     </span>
    </p>
   </div>
   <div class='ocr_carea' id='block_1_56' title="bbox 2106 2660 3708 2736">
    <p class='ocr_par' dir='ltr' id='par_1_56' title="bbox 2106 2660 3708 2736">
     <span class='ocr_line' id='line_1_56' title="bbox 2106 2660 3708 2736; baseline 0.003 -20"><span class='ocrx_word' id='word_1_337' title='bbox 2106 2660 2198 2733; x_wconf 89' lang='lat' dir='ltr'><strong>jus</strong></span> <span class='ocrx_word' id='word_1_338' title='bbox 2235 2660 2652 2733; x_wconf 79' lang='lat' dir='ltr'><strong>exspectationis</strong></span> <span class='ocrx_word' id='word_1_339' title='bbox 2693 2662 2863 2735; x_wconf 82' lang='lat' dir='ltr'><strong>gratia</strong></span> <span class='ocrx_word' id='word_1_340' title='bbox 2902 2661 3277 2736; x_wconf 54' lang='lat' dir='ltr'><strong>in’vesperam</strong></span> <span class='ocrx_word' id='word_1_341' title='bbox 3325 2678 3663 2721; x_wconf 83' lang='lat' dir='ltr'><strong>reservemus</strong></span> <span class='ocrx_word' id='word_1_342' title='bbox 3695 2686 3708 2721; x_wconf 94' lang='lat'>:</span> 
     </span>
    </p>
   </div>
   <div class='ocr_carea' id='block_1_57' title="bbox 2111 2754 3718 2830">
    <p class='ocr_par' dir='ltr' id='par_1_57' title="bbox 2111 2754 3718 2830">
     <span class='ocr_line' id='line_1_57' title="bbox 2111 2754 3718 2830; baseline 0.001 -18"><span class='ocrx_word' id='word_1_343' title='bbox 2111 2754 2265 2826; x_wconf 90' lang='lat' dir='ltr'><strong>quod</strong></span> <span class='ocrx_word' id='word_1_344' title='bbox 2295 2756 2342 2811; x_wconf 90' lang='lat' dir='ltr'><strong>si</strong></span> <span class='ocrx_word' id='word_1_345' title='bbox 2388 2756 2761 2827; x_wconf 85' lang='lat' dir='ltr'><strong>supervenerit</strong></span> <span class='ocrx_word' id='word_1_346' title='bbox 2787 2756 3065 2830; x_wconf 87' lang='lat' dir='ltr'><strong>quispiam</strong></span> <span class='ocrx_word' id='word_1_347' title='bbox 3114 2755 3369 2826; x_wconf 80' lang='lat' dir='ltr'><strong>fratrum,</strong></span> <span class='ocrx_word' id='word_1_348' title='bbox 3421 2773 3549 2814; x_wconf 89' lang='lat' dir='ltr'><strong>cum</strong></span> <span class='ocrx_word' id='word_1_349' title='bbox 3589 2758 3718 2830; x_wconf 83' lang='lat' dir='ltr'><strong>ipso</strong></span> 
     </span>
    </p>
   </div>
   <div class='ocr_carea' id='block_1_58' title="bbox 2110 2848 3719 2920">
    <p class='ocr_par' dir='ltr' id='par_1_58' title="bbox 2110 2848 3719 2920">
     <span class='ocr_line' id='line_1_58' title="bbox 2110 2848 3719 2920; baseline 0.004 -17"><span class='ocrx_word' id='word_1_350' title='bbox 2110 2848 2309 2920; x_wconf 88' lang='lat' dir='ltr'><strong>pariter</strong></span> <span class='ocrx_word' id='word_1_351' title='bbox 2359 2849 2726 2919; x_wconf 87' lang='lat' dir='ltr'><strong>insumamus,</strong></span> <span class='ocrx_word' id='word_1_352' title='bbox 2771 2849 2901 2905; x_wconf 91' lang='lat' dir='ltr'><strong>nihil</strong></span> <span class='ocrx_word' id='word_1_353' title='bbox 2932 2851 3319 2909; x_wconf 87' lang='lat' dir='ltr'><strong>consuetudini</strong></span> <span class='ocrx_word' id='word_1_354' title='bbox 3368 2852 3545 2910; x_wconf 64' lang='lat' dir='ltr'><strong>solitae</strong></span> <span class='ocrx_word' id='word_1_355' title='bbox 3585 2868 3719 2909; x_wconf 86' lang='lat' dir='ltr'><strong>am-</strong></span> 
     </span>
    </p>
   </div>
   <div class='ocr_carea' id='block_1_59' title="bbox 2112 2940 3716 3019">
    <p class='ocr_par' dir='ltr' id='par_1_59' title="bbox 2112 2940 3716 3019">
     <span class='ocr_line' id='line_1_59' title="bbox 2112 2940 3716 3019; baseline 0.004 -24"><span class='ocrx_word' id='word_1_356' title='bbox 2112 2940 2252 3013; x_wconf 86' lang='lat' dir='ltr'><strong>plius</strong></span> <span class='ocrx_word' id='word_1_357' title='bbox 2291 2940 2667 3015; x_wconf 86' lang='lat' dir='ltr'><strong>adjungentes,</strong></span> <span class='ocrx_word' id='word_1_358' title='bbox 2711 2951 2765 2999; x_wconf 92' lang='lat' dir='ltr'><strong>et</strong></span> <span class='ocrx_word' id='word_1_359' title='bbox 2793 2941 2897 3000; x_wconf 90' lang='lat' dir='ltr'><strong>hac</strong></span> <span class='ocrx_word' id='word_1_360' title='bbox 2929 2943 3330 3017; x_wconf 87' lang='lat' dir='ltr'><strong>dispensatione</strong></span> <span class='ocrx_word' id='word_1_361' title='bbox 3369 2961 3716 3019; x_wconf 85' lang='lat' dir='ltr'><strong>nequaquam</strong></span> 
     </span>
    </p>
   </div>
   <div class='ocr_carea' id='block_1_60' title="bbox 2114 3032 3725 3111">
    <p class='ocr_par' dir='ltr' id='par_1_60' title="bbox 2114 3032 3725 3111">
     <span class='ocr_line' id='line_1_60' title="bbox 2114 3032 3725 3111; baseline 0.005 -23"><span class='ocrx_word' id='word_1_362' title='bbox 2114 3032 2297 3090; x_wconf 88' lang='lat' dir='ltr'><strong>fratris</strong></span> <span class='ocrx_word' id='word_1_363' title='bbox 2347 3049 2448 3091; x_wconf 92' lang='lat' dir='ltr'><strong>nos</strong></span> <span class='ocrx_word' id='word_1_364' title='bbox 2486 3036 2828 3093; x_wconf 87' lang='lat' dir='ltr'><strong>contristabit</strong></span> <span class='ocrx_word' id='word_1_365' title='bbox 2873 3036 3161 3107; x_wconf 88' lang='lat' dir='ltr'><strong>adventus,</strong></span> <span class='ocrx_word' id='word_1_366' title='bbox 3205 3039 3298 3111; x_wconf 91' lang='lat' dir='ltr'><strong>qui</strong></span> <span class='ocrx_word' id='word_1_367' title='bbox 3342 3039 3499 3097; x_wconf 89' lang='lat' dir='ltr'><strong>nobis</strong></span> <span class='ocrx_word' id='word_1_368' title='bbox 3546 3039 3725 3096; x_wconf 84' lang='lat' dir='ltr'><strong>debet</strong></span> 
     </span>
    </p>
   </div>
   <div class='ocr_carea' id='block_1_61' title="bbox 2112 3127 3719 3202">
    <p class='ocr_par' dir='ltr' id='par_1_61' title="bbox 2112 3127 3719 3202">
     <span class='ocr_line' id='line_1_61' title="bbox 2112 3127 3719 3202; baseline 0.004 -17"><span class='ocrx_word' id='word_1_369' title='bbox 2112 3141 2230 3185; x_wconf 88' lang='lat' dir='ltr'><strong>esse</strong></span> <span class='ocrx_word' id='word_1_370' title='bbox 2261 3127 2622 3200; x_wconf 85' lang='lat' dir='ltr'><strong>gratissimus.</strong></span> <span class='ocrx_word' id='word_1_371' title='bbox 2663 3129 2943 3202; x_wconf 89' lang='lat' dir='ltr'><strong>Siquidem</strong></span> <span class='ocrx_word' id='word_1_372' title='bbox 2977 3132 3049 3187; x_wconf 91' lang='lat' dir='ltr'><strong>ita</strong></span> <span class='ocrx_word' id='word_1_373' title='bbox 3093 3132 3446 3191; x_wconf 86' lang='lat' dir='ltr'><strong>humanitatis</strong></span> <span class='ocrx_word' id='word_1_374' title='bbox 3482 3133 3719 3191; x_wconf 87' lang='lat' dir='ltr'><strong>exhibe-</strong></span> 
     </span>
    </p>
   </div>
   <div class='ocr_carea' id='block_1_62' title="bbox 2113 3222 3729 3300">
    <p class='ocr_par' dir='ltr' id='par_1_62' title="bbox 2113 3222 3729 3300">
     <span class='ocr_line' id='line_1_62' title="bbox 2113 3222 3729 3300; baseline 0.006 -23"><span class='ocrx_word' id='word_1_375' title='bbox 2113 3236 2236 3278; x_wconf 85' lang='lat' dir='ltr'><strong>mus</strong></span> <span class='ocrx_word' id='word_1_376' title='bbox 2274 3222 2550 3295; x_wconf 88' lang='lat' dir='ltr'><strong>obsequia,</strong></span> <span class='ocrx_word' id='word_1_377' title='bbox 2580 3233 2641 3281; x_wconf 91' lang='lat' dir='ltr'><strong>ut</strong></span> <span class='ocrx_word' id='word_1_378' title='bbox 2668 3224 2801 3281; x_wconf 89' lang='lat' dir='ltr'><strong>nihil</strong></span> <span class='ocrx_word' id='word_1_379' title='bbox 2843 3241 2874 3281; x_wconf 91' lang='lat' dir='ltr'><strong>a</strong></span> <span class='ocrx_word' id='word_1_380' title='bbox 2903 3225 3082 3300; x_wconf 88' lang='lat' dir='ltr'><strong>rigore</strong></span> <span class='ocrx_word' id='word_1_381' title='bbox 3114 3227 3463 3286; x_wconf 67' lang='lat' dir='ltr'><strong>continentia:</strong></span> <span class='ocrx_word' id='word_1_382' title='bbox 3501 3228 3729 3286; x_wconf 28' lang='lat' dir='ltr'><strong>relaxes</strong></span> 
     </span>
    </p>
   </div>
   <div class='ocr_carea' id='block_1_63' title="bbox 1501 3372 2611 3431">
    <p class='ocr_par' dir='ltr' id='par_1_63' title="bbox 1501 3372 2611 3431">
     <span class='ocr_line' id='line_1_63' title="bbox 1501 3372 2611 3431; baseline 0.004 -4"><span class='ocrx_word' id='word_1_383' title='bbox 1501 3372 1755 3428; x_wconf 81' lang='lat' dir='ltr'><strong>ALARDI</strong></span> <span class='ocrx_word' id='word_1_384' title='bbox 1794 3372 2018 3429; x_wconf 75' lang='grc' dir='ltr'><strong>ΟΑΖΑΞΙ</strong></span> <span class='ocrx_word' id='word_1_385' title='bbox 2056 3372 2611 3431; x_wconf 79' lang='lat' dir='ltr'><strong>COMMENTARIUS.</strong></span> 
     </span>
    </p>
   </div>
   <div class='ocr_carea' id='block_1_64' title="bbox 471 3513 2075 3599">
    <p class='ocr_par' dir='ltr' id='par_1_64' title="bbox 471 3513 2075 3599">
     <span class='ocr_line' id='line_1_64' title="bbox 471 3513 2075 3599; baseline 0.002 -28"><span class='ocrx_word' id='word_1_386' title='bbox 471 3515 641 3599; x_wconf 58' lang='lat' dir='ltr'><strong>‘Quis</strong></span> <span class='ocrx_word' id='word_1_387' title='bbox 658 3515 762 3572; x_wconf 92' lang='lat' dir='ltr'><strong>iste</strong></span> <span class='ocrx_word' id='word_1_388' title='bbox 781 3514 1069 3599; x_wconf 63' lang='lat' dir='ltr'><strong>Benjamin</strong></span> <span class='ocrx_word' id='word_1_389' title='bbox 1081 3513 1263 3599; x_wconf 62' lang='lat' dir='ltr'><strong>tuerit,</strong></span> <span class='ocrx_word' id='word_1_390' title='bbox 1277 3514 1562 3599; x_wconf 61' lang='lat' dir='ltr'><strong>curiosum</strong></span> <span class='ocrx_word' id='word_1_391' title='bbox 1583 3516 1995 3599; x_wconf 63' lang='lat' dir='ltr'><strong>et_s_upet&#39;ﬂuum</strong></span> <span class='ocrx_word' id='word_1_392' title='bbox 2031 3523 2075 3587; x_wconf 75' lang='grc' dir='ltr'>ο</span> 
     </span>
    </p>
   </div>
   <div class='ocr_carea' id='block_1_65' title="bbox 400 3585 1997 3661">
    <p class='ocr_par' dir='ltr' id='par_1_65' title="bbox 400 3585 1997 3661">
     <span class='ocr_line' id='line_1_65' title="bbox 400 3585 1997 3661; baseline 0 -18"><span class='ocrx_word' id='word_1_393' title='bbox 400 3595 482 3661; x_wconf 81' lang='lat' dir='ltr'><strong>est</strong></span> <span class='ocrx_word' id='word_1_394' title='bbox 528 3585 802 3661; x_wconf 82' lang='lat' dir='ltr'><strong>indagare.</strong></span> <span class='ocrx_word' id='word_1_395' title='bbox 852 3585 977 3661; x_wconf 52' lang='lat' dir='ltr'><strong>F:uit</strong></span> <span class='ocrx_word' id='word_1_396' title='bbox 1015 3585 1234 3661; x_wconf 76' lang='lat' dir='ltr'><strong>quidem</strong></span> <span class='ocrx_word' id='word_1_397' title='bbox 1277 3586 1567 3661; x_wconf 57' lang='lat' dir='ltr'><strong>Beniamin</strong></span> <span class='ocrx_word' id='word_1_398' title='bbox 1603 3585 1769 3661; x_wconf 74' lang='lat' dir='ltr'><strong>abbas</strong></span> <span class='ocrx_word' id='word_1_399' title='bbox 1797 3587 1997 3661; x_wconf 84' lang='lat' dir='ltr'><strong>hydro-</strong></span> 
     </span>
    </p>
   </div>
   <div class='ocr_carea' id='block_1_66' title="bbox 400 3656 1995 3786">
    <p class='ocr_par' dir='ltr' id='par_1_66' title="bbox 400 3656 1995 3786">
     <span class='ocr_line' id='line_1_66' title="bbox 400 3656 1995 3786; baseline -0.001 -71"><span class='ocrx_word' id='word_1_400' title='bbox 400 3658 572 3730; x_wconf 86' lang='lat' dir='ltr'><strong>picus,</strong></span> <span class='ocrx_word' id='word_1_401' title='bbox 598 3656 1125 3786; x_wconf 49' lang='lat' dir='ltr'><strong>egpatientissimus,</strong></span> <span class='ocrx_word' id='word_1_402' title='bbox 1143 3656 1342 3739; x_wconf 80' lang='lat' dir='ltr'><strong>dequo</strong></span> <span class='ocrx_word' id='word_1_403' title='bbox 1368 3656 1638 3737; x_wconf 61' lang='lat' dir='ltr'><strong>Palladius</strong></span> <span class='ocrx_word' id='word_1_404' title='bbox 1661 3656 1879 3740; x_wconf 78' lang='lat' dir='ltr'><strong>Lausia.</strong></span> <span class='ocrx_word' id='word_1_405' title='bbox 1906 3663 1995 3726; x_wconf 82' lang='grc'><strong>13,</strong></span> 
     </span>
     <span class='ocr_line' id='line_1_67' title="bbox 400 3727 1995 3786; baseline -0.001 0"><span class='ocrx_word' id='word_1_406' title='bbox 400 3738 452 3786; x_wconf 88' lang='lat' dir='ltr'><strong>et</strong></span> <span class='ocrx_word' id='word_1_407' title='bbox 480 3732 627 3786; x_wconf 70' lang='lat' dir='ltr'><strong>Cass:</strong></span> <span class='ocrx_word' id='word_1_408' title='bbox 705 3744 838 3786; x_wconf 90' lang='lat' dir='ltr'><strong>orus</strong></span> <span class='ocrx_word' id='word_1_409' title='bbox 867 3730 1076 3785; x_wconf 76' lang='lat' dir='ltr'><strong>Histor.</strong></span> <span class='ocrx_word' id='word_1_410' title='bbox 1114 3728 1328 3786; x_wconf 84' lang='lat' dir='ltr'><strong>Tnnar.</strong></span> <span class='ocrx_word' id='word_1_411' title='bbox 1356 3727 1446 3785; x_wconf 89' lang='lat' dir='ltr'><strong>hb.</strong></span> <span class='ocrx_word' id='word_1_412' title='bbox 1493 3742 1611 3784; x_wconf 81' lang='lat' dir='ltr'><strong>vm</strong></span> <span class='ocrx_word' id='word_1_413' title='bbox 1641 3736 1819 3786; x_wconf 76' lang='lat' dir='ltr'><strong>capite</strong></span> <span class='ocrx_word' id='word_1_414' title='bbox 1851 3735 1901 3786; x_wconf 82' lang='grc' dir='ltr'><strong>ι.</strong></span> <span class='ocrx_word' id='word_1_415' title='bbox 1942 3737 1995 3785; x_wconf 89' lang='lat' dir='ltr'><strong>at</strong></span> 
     </span>
    </p>
   </div>
   <div class='ocr_carea' id='block_1_67' title="bbox 397 3727 1999 3799">
    <p class='ocr_par' dir='ltr' id='par_1_67' title="bbox 397 3727 1999 3799">
     <span class='ocr_line' id='line_1_68' title="bbox 397 3727 1999 3799; baseline -0.001 -13"><span class='ocrx_word' id='word_1_416' title='bbox 397 3727 452 3786; x_wconf 81' lang='lat' dir='ltr'><strong>et</strong></span> <span class='ocrx_word' id='word_1_417' title='bbox 480 3727 838 3799; x_wconf 87' lang='lat' dir='ltr'><strong>Cassiodorus</strong></span> <span class='ocrx_word' id='word_1_418' title='bbox 867 3729 1076 3785; x_wconf 83' lang='lat' dir='ltr'><strong>Histor.</strong></span> <span class='ocrx_word' id='word_1_419' title='bbox 1114 3727 1328 3799; x_wconf 75' lang='lat' dir='ltr'><strong>Tripar.</strong></span> <span class='ocrx_word' id='word_1_420' title='bbox 1356 3727 1466 3799; x_wconf 90' lang='lat' dir='ltr'><strong>lib._</strong></span> <span class='ocrx_word' id='word_1_421' title='bbox 1493 3742 1623 3799; x_wconf 17' lang='lat' dir='ltr'><strong>vm,</strong></span> <span class='ocrx_word' id='word_1_422' title='bbox 1641 3729 1819 3799; x_wconf 90' lang='lat' dir='ltr'><strong>capite</strong></span> <span class='ocrx_word' id='word_1_423' title='bbox 1851 3735 1901 3793; x_wconf 81' lang='grc' dir='ltr'><strong>ι,</strong></span> <span class='ocrx_word' id='word_1_424' title='bbox 1942 3737 1999 3785; x_wconf 90' lang='lat' dir='ltr'><strong>at</strong></span> 
     </span>
    </p>
   </div>
   <div class='ocr_carea' id='block_1_68' title="bbox 400 3797 1998 3875">
    <p class='ocr_par' dir='ltr' id='par_1_68' title="bbox 400 3797 1998 3875">
     <span class='ocr_line' id='line_1_69' title="bbox 400 3797 1998 3875; baseline -0.001 -18"><span class='ocrx_word' id='word_1_425' title='bbox 400 3801 559 3875; x_wconf 90' lang='lat' dir='ltr'><strong>longe</strong></span> <span class='ocrx_word' id='word_1_426' title='bbox 598 3799 667 3857; x_wconf 90' lang='lat' dir='ltr'><strong>ab</strong></span> <span class='ocrx_word' id='word_1_427' title='bbox 699 3798 813 3875; x_wconf 91' lang='lat' dir='ltr'><strong>ho_c_</strong></span> <span class='ocrx_word' id='word_1_428' title='bbox 831 3799 1101 3875; x_wconf 80' lang='lat' dir='ltr'><strong>diversus,</strong></span> <span class='ocrx_word' id='word_1_429' title='bbox 1126 3806 1180 3875; x_wconf 80' lang='lat' dir='ltr'><strong>et</strong></span> <span class='ocrx_word' id='word_1_430' title='bbox 1208 3797 1317 3875; x_wconf 75' lang='lat' dir='ltr'><strong>vita</strong></span> <span class='ocrx_word' id='word_1_431' title='bbox 1345 3814 1410 3855; x_wconf 91' lang='lat' dir='ltr'><strong>ac</strong></span> <span class='ocrx_word' id='word_1_432' title='bbox 1439 3797 1547 3875; x_wconf 81' lang='lat' dir='ltr'><strong>ﬁne</strong></span> <span class='ocrx_word' id='word_1_433' title='bbox 1573 3797 1867 3875; x_wconf 74' lang='lat' dir='ltr'><strong>dissimilis.</strong></span> <span class='ocrx_word' id='word_1_434' title='bbox 1902 3800 1998 3875; x_wconf 86' lang='lat' dir='ltr'><strong>Ci-</strong></span> 
     </span>
    </p>
   </div>
   <div class='ocr_carea' id='block_1_69' title="bbox 399 3869 1997 3938">
    <p class='ocr_par' dir='ltr' id='par_1_69' title="bbox 399 3869 1997 3938">
     <span class='ocr_line' id='line_1_70' title="bbox 399 3869 1997 3938; baseline 0 -11"><span class='ocrx_word' id='word_1_435' title='bbox 399 3869 730 3930; x_wconf 71' lang='lat' dir='ltr'><strong>venientem</strong></span> <span class='ocrx_word' id='word_1_436' title='bbox 761 3870 849 3928; x_wconf 90' lang='lat' dir='ltr'><strong>hic</strong></span> <span class='ocrx_word' id='word_1_437' title='bbox 875 3870 1056 3928; x_wconf 87' lang='lat' dir='ltr'><strong>vocari</strong></span> <span class='ocrx_word' id='word_1_438' title='bbox 1083 3869 1362 3936; x_wconf 85' lang='lat' dir='ltr'><strong>existimo,</strong></span> <span class='ocrx_word' id='word_1_439' title='bbox 1407 3869 1489 3926; x_wconf 85' lang='lat' dir='ltr'><strong>vel</strong></span> <span class='ocrx_word' id='word_1_440' title='bbox 1517 3886 1579 3926; x_wconf 77' lang='lat' dir='ltr'><strong>ex</strong></span> <span class='ocrx_word' id='word_1_441' title='bbox 1620 3869 1811 3927; x_wconf 83' lang='lat' dir='ltr'><strong>eadem</strong></span> <span class='ocrx_word' id='word_1_442' title='bbox 1842 3871 1997 3938; x_wconf 90' lang='lat' dir='ltr'><strong>urbe,</strong></span> 
     </span>
    </p>
   </div>
   <div class='ocr_carea' id='block_1_70' title="bbox 396 3940 1999 4015">
    <p class='ocr_par' dir='ltr' id='par_1_70' title="bbox 396 3940 1999 4015">
     <span class='ocr_line' id='line_1_71' title="bbox 396 3940 1999 4015; baseline -0.001 -14"><span class='ocrx_word' id='word_1_443' title='bbox 396 3958 494 4015; x_wconf 89' lang='lat' dir='ltr'><strong>seu</strong></span> <span class='ocrx_word' id='word_1_444' title='bbox 537 3942 793 4015; x_wconf 82' lang='lat' dir='ltr'><strong>Oppidnlo</strong></span> <span class='ocrx_word' id='word_1_445' title='bbox 824 3940 1258 4015; x_wconf 79' lang='lat' dir='ltr'><strong>Bethleemitico,</strong></span> <span class='ocrx_word' id='word_1_446' title='bbox 1306 3940 1391 3999; x_wconf 89' lang='lat' dir='ltr'><strong>vel</strong></span> <span class='ocrx_word' id='word_1_447' title='bbox 1444 3955 1510 3999; x_wconf 71' lang='lat' dir='ltr'><strong>ex</strong></span> <span class='ocrx_word' id='word_1_448' title='bbox 1561 3941 1753 3999; x_wconf 73' lang='lat' dir='ltr'><strong>eadem</strong></span> <span class='ocrx_word' id='word_1_449' title='bbox 1781 3941 1999 4015; x_wconf 83' lang='lat' dir='ltr'><strong>regione</strong></span> 
     </span>
    </p>
   </div>
   <div class='ocr_carea' id='block_1_71' title="bbox 396 4013 1343 4072">
    <p class='ocr_par' dir='ltr' id='par_1_71' title="bbox 396 4013 1343 4072">
     <span class='ocr_line' id='line_1_72' title="bbox 396 4013 1343 4072; baseline -0.005 0"><span class='ocrx_word' id='word_1_450' title='bbox 396 4013 686 4072; x_wconf 77' lang='lat' dir='ltr'><strong>Palaestina</strong></span> <span class='ocrx_word' id='word_1_451' title='bbox 713 4013 1026 4071; x_wconf 86' lang='lat' dir='ltr'><strong>oriundum.</strong></span> <span class='ocrx_word' id='word_1_452' title='bbox 1320 4034 1343 4041; x_wconf 50' lang='grc' dir='ltr'><strong>ί-</strong></span> 
     </span>
    </p>
   </div>
   <div class='ocr_carea' id='block_1_72' title="bbox 468 4077 1995 4165">
    <p class='ocr_par' dir='ltr' id='par_1_72' title="bbox 468 4077 1995 4165">
     <span class='ocr_line' id='line_1_73' title="bbox 468 4077 1995 4165; baseline -0.001 -22"><span class='ocrx_word' id='word_1_453' title='bbox 468 4077 494 4165; x_wconf 60' lang='grc' dir='ltr'><strong><em>Ρ</em></strong></span> <span class='ocrx_word' id='word_1_454' title='bbox 523 4084 587 4143; x_wconf 90' lang='lat' dir='ltr'><strong>Id</strong></span> <span class='ocrx_word' id='word_1_455' title='bbox 604 4090 708 4165; x_wconf 73' lang='lat' dir='ltr'><strong>est,</strong></span> <span class='ocrx_word' id='word_1_456' title='bbox 729 4083 1249 4165; x_wconf 76' lang='lat' dir='ltr'><strong>soluto_jejunio,_ut</strong></span> <span class='ocrx_word' id='word_1_457' title='bbox 1267 4080 1390 4165; x_wconf 75' lang='lat' dir='ltr'><strong>ﬁeri</strong></span> <span class='ocrx_word' id='word_1_458' title='bbox 1418 4080 1627 4165; x_wconf 76' lang='lat' dir='ltr'><strong>solebat</strong></span> <span class='ocrx_word' id='word_1_459' title='bbox 1663 4082 1798 4165; x_wconf 70' lang='lat' dir='ltr'><strong>hora</strong></span> <span class='ocrx_word' id='word_1_460' title='bbox 1828 4098 1995 4165; x_wconf 71' lang='lat' dir='ltr'><strong>nona2</strong></span> 
     </span>
    </p>
   </div>
   <div class='ocr_carea' id='block_1_73' title="bbox 397 4154 1997 4230">
    <p class='ocr_par' dir='ltr' id='par_1_73' title="bbox 397 4154 1997 4230">
     <span class='ocr_line' id='line_1_74' title="bbox 397 4154 1997 4230; baseline 0.001 -18"><span class='ocrx_word' id='word_1_461' title='bbox 397 4164 548 4230; x_wconf 82' lang='lat' dir='ltr'><strong>extra</strong></span> <span class='ocrx_word' id='word_1_462' title='bbox 594 4154 1103 4230; x_wconf 59' lang='lat' dir='ltr'><strong>Quadragesi&#39;m&#39;am,</strong></span> <span class='ocrx_word' id='word_1_463' title='bbox 1144 4154 1422 4230; x_wconf 78' lang='lat' dir='ltr'><strong>_Sutnitur_</strong></span> <span class='ocrx_word' id='word_1_464' title='bbox 1443 4154 1606 4211; x_wconf 89' lang='lat' dir='ltr'><strong>etiam</strong></span> <span class='ocrx_word' id='word_1_465' title='bbox 1649 4155 1809 4230; x_wconf 79' lang='lat' dir='ltr'><strong>statio</strong></span> <span class='ocrx_word' id='word_1_466' title='bbox 1852 4156 1997 4228; x_wconf 90' lang='lat' dir='ltr'><strong>apud</strong></span> 
     </span>
    </p>
   </div>
   <div class='ocr_carea' id='block_1_74' title="bbox 392 4225 1995 4300">
    <p class='ocr_par' dir='ltr' id='par_1_74' title="bbox 392 4225 1995 4300">
     <span class='ocr_line' id='line_1_75' title="bbox 392 4225 1995 4300; baseline -0.001 -15"><span class='ocrx_word' id='word_1_467' title='bbox 392 4225 711 4286; x_wconf 78' lang='lat' dir='ltr'><strong>Cassianum</strong></span> <span class='ocrx_word' id='word_1_468' title='bbox 763 4225 862 4300; x_wconf 73' lang='lat' dir='ltr'><strong>pro</strong></span> <span class='ocrx_word' id='word_1_469' title='bbox 912 4228 1033 4300; x_wconf 88' lang='lat' dir='ltr'><strong>ipso</strong></span> <span class='ocrx_word' id='word_1_470' title='bbox 1081 4226 1312 4300; x_wconf 89' lang='lat' dir='ltr'><strong>jejunio,</strong></span> <span class='ocrx_word' id='word_1_471' title='bbox 1379 4225 1492 4300; x_wconf 80' lang='lat' dir='ltr'><strong>sive</strong></span> <span class='ocrx_word' id='word_1_472' title='bbox 1523 4225 1905 4300; x_wconf 40' lang='lat' dir='ltr'><strong>“quotidiano&#39;</strong></span> <span class='ocrx_word' id='word_1_473' title='bbox 1940 4235 1995 4283; x_wconf 92' lang='lat' dir='ltr'><strong>et</strong></span> 
     </span>
    </p>
   </div>
   <div class='ocr_carea' id='block_1_75' title="bbox 392 4296 1995 4370">
    <p class='ocr_par' dir='ltr' id='par_1_75' title="bbox 392 4296 1995 4370">
     <span class='ocr_line' id='line_1_76' title="bbox 392 4296 1995 4370; baseline 0 -15"><span class='ocrx_word' id='word_1_474' title='bbox 392 4306 732 4370; x_wconf 84' lang='lat' dir='ltr'><strong>spontaneo._</strong></span> <span class='ocrx_word' id='word_1_475' title='bbox 755 4296 873 4370; x_wconf 78' lang='lat' dir='ltr'><strong>sive</strong></span> <span class='ocrx_word' id='word_1_476' title='bbox 910 4296 1182 4370; x_wconf 69' lang='lat' dir='ltr'><strong>praecepr</strong></span> <span class='ocrx_word' id='word_1_477' title='bbox 1227 4306 1283 4355; x_wconf 93' lang='lat' dir='ltr'><strong>et</strong></span> <span class='ocrx_word' id='word_1_478' title='bbox 1314 4312 1353 4370; x_wconf 81' lang='lat' dir='ltr'><strong>a</strong></span> <span class='ocrx_word' id='word_1_479' title='bbox 1389 4296 1641 4370; x_wconf 81' lang='lat' dir='ltr'><strong>Patribus</strong></span> <span class='ocrx_word' id='word_1_480' title='bbox 1674 4297 1902 4367; x_wconf 88' lang='lat' dir='ltr'><strong>indicto,</strong></span> <span class='ocrx_word' id='word_1_481' title='bbox 1932 4307 1995 4370; x_wconf 83' lang='lat' dir='ltr'><strong>ut</strong></span> 
     </span>
    </p>
   </div>
   <div class='ocr_carea' id='block_1_76' title="bbox 396 4368 1989 4451">
    <p class='ocr_par' dir='ltr' id='par_1_76' title="bbox 396 4368 1989 4451">
     <span class='ocr_line' id='line_1_77' title="bbox 396 4368 1989 4451; baseline 0 -27"><span class='ocrx_word' id='word_1_482' title='bbox 396 4368 589 4451; x_wconf 70' lang='lat' dir='ltr'><strong>multis</strong></span> <span class='ocrx_word' id='word_1_483' title='bbox 631 4368 765 4451; x_wconf 73' lang='lat' dir='ltr'><strong>locis</strong></span> <span class='ocrx_word' id='word_1_484' title='bbox 793 4368 975 4425; x_wconf 86' lang='lat' dir='ltr'><strong>videre</strong></span> <span class='ocrx_word' id='word_1_485' title='bbox 1020 4368 1284 4451; x_wconf 69' lang='lat' dir='ltr'><strong>estlib._v</strong></span> <span class='ocrx_word' id='word_1_486' title='bbox 1313 4368 1548 4451; x_wconf 82' lang='lat' dir='ltr'><strong>Institut.</strong></span> <span class='ocrx_word' id='word_1_487' title='bbox 1572 4383 1689 4441; x_wconf 89' lang='lat' dir='ltr'><strong>cap.</strong></span> <span class='ocrx_word' id='word_1_488' title='bbox 1747 4375 1855 4451; x_wconf 42' lang='lat'><strong>3.0,</strong></span> <span class='ocrx_word' id='word_1_489' title='bbox 1895 4368 1989 4426; x_wconf 90' lang='lat' dir='ltr'><strong>ubi</strong></span> 
     </span>
    </p>
   </div>
   <div class='ocr_carea' id='block_1_77' title="bbox 395 4436 1990 4507">
    <p class='ocr_par' dir='ltr' id='par_1_77' title="bbox 395 4436 1990 4507">
     <span class='ocr_line' id='line_1_78' title="bbox 395 4436 1990 4507; baseline 0.002 -14"><span class='ocrx_word' id='word_1_490' title='bbox 395 4438 555 4494; x_wconf 90' lang='lat' dir='ltr'><strong>docet</strong></span> <span class='ocrx_word' id='word_1_491' title='bbox 567 4453 677 4493; x_wconf 92' lang='lat' dir='ltr'><strong>non</strong></span> <span class='ocrx_word' id='word_1_492' title='bbox 694 4437 853 4493; x_wconf 89' lang='lat' dir='ltr'><strong>licere</strong></span> <span class='ocrx_word' id='word_1_493' title='bbox 870 4436 1140 4494; x_wconf 91' lang='lat' dir='ltr'><strong>monacho</strong></span> <span class='ocrx_word' id='word_1_494' title='bbox 1155 4436 1449 4507; x_wconf 88' lang='lat' dir='ltr'><strong>quidquam</strong></span> <span class='ocrx_word' id='word_1_495' title='bbox 1469 4436 1656 4505; x_wconf 66' lang='lat' dir='ltr'><strong>edere;</strong></span> <span class='ocrx_word' id='word_1_496' title='bbox 1670 4448 1766 4496; x_wconf 90' lang='lat' dir='ltr'><strong>aut</strong></span> <span class='ocrx_word' id='word_1_497' title='bbox 1784 4436 1990 4506; x_wconf 88' lang='lat' dir='ltr'><strong>bibere,</strong></span> 
     </span>
    </p>
   </div>
   <div class='ocr_carea' id='block_1_78' title="bbox 394 4507 1990 4578">
    <p class='ocr_par' dir='ltr' id='par_1_78' title="bbox 394 4507 1990 4578">
     <span class='ocr_line' id='line_1_79' title="bbox 394 4507 1990 4578; baseline 0.005 -18"><span class='ocrx_word' id='word_1_498' title='bbox 394 4511 520 4562; x_wconf 84' lang='lat' dir='ltr'><strong>ante</strong></span> <span class='ocrx_word' id='word_1_499' title='bbox 553 4508 843 4563; x_wconf 82' lang='lat' dir='ltr'><strong>stationem</strong></span> <span class='ocrx_word' id='word_1_500' title='bbox 887 4507 1184 4578; x_wconf 79' lang='lat' dir='ltr'><strong>legitimam</strong></span> <span class='ocrx_word' id='word_1_501' title='bbox 1223 4522 1646 4577; x_wconf 79' lang='lat' dir='ltr'><strong>communemque</strong></span> <span class='ocrx_word' id='word_1_502' title='bbox 1683 4511 1990 4578; x_wconf 81' lang='lat' dir='ltr'><strong>refectionis</strong></span> 
     </span>
    </p>
   </div>
   <div class='ocr_carea' id='block_1_79' title="bbox 394 4576 1989 4661">
    <p class='ocr_par' dir='ltr' id='par_1_79' title="bbox 394 4576 1989 4661">
     <span class='ocr_line' id='line_1_80' title="bbox 394 4576 1989 4661; baseline 0.003 -28"><span class='ocrx_word' id='word_1_503' title='bbox 394 4578 600 4661; x_wconf 55' lang='lat' dir='ltr'><strong>horam:</strong></span> <span class='ocrx_word' id='word_1_504' title='bbox 614 4580 704 4661; x_wconf 84' lang='lat' dir='ltr'><strong>_Et</strong></span> <span class='ocrx_word' id='word_1_505' title='bbox 721 4593 839 4661; x_wconf 82' lang='lat' dir='ltr'><strong>cap.</strong></span> <span class='ocrx_word' id='word_1_506' title='bbox 866 4582 956 4647; x_wconf 81' lang='lat'><strong>24,</strong></span> <span class='ocrx_word' id='word_1_507' title='bbox 993 4576 1101 4661; x_wconf 43' lang='lat' dir='ltr'><strong>ubi.</strong></span> <span class='ocrx_word' id='word_1_508' title='bbox 1114 4576 1593 4661; x_wconf 43' lang='lat' dir='ltr'><strong>docet-stationem</strong></span> <span class='ocrx_word' id='word_1_509' title='bbox 1615 4576 1989 4661; x_wconf 71' lang='lat' dir='ltr'><strong>quotidianam</strong></span> 
     </span>
    </p>
   </div>
   <div class='ocr_carea' id='block_1_80' title="bbox 394 4593 1987 4732">
    <p class='ocr_par' dir='ltr' id='par_1_80' title="bbox 394 4593 1987 4732">
     <span class='ocr_line' id='line_1_81' title="bbox 394 4593 1987 4706; baseline 0.003 -73"><span class='ocrx_word' id='word_1_510' title='bbox 394 4593 600 4635; x_wconf 78' lang='lat' dir='ltr'><strong>noram.</strong></span> <span class='ocrx_word' id='word_1_511' title='bbox 634 4593 839 4706; x_wconf 47' lang='lat' dir='ltr'><strong>meat);</strong></span> <span class='ocrx_word' id='word_1_512' title='bbox 866 4593 956 4647; x_wconf 77' lang='lat'><strong>24,</strong></span> <span class='ocrx_word' id='word_1_513' title='bbox 993 4593 1085 4634; x_wconf 87' lang='lat' dir='ltr'><strong>um</strong></span> <span class='ocrx_word' id='word_1_514' title='bbox 1114 4593 1593 4660; x_wconf 70' lang='lat' dir='ltr'><strong>uocetsranonem</strong></span> <span class='ocrx_word' id='word_1_515' title='bbox 1615 4593 1987 4661; x_wconf 77' lang='lat' dir='ltr'><strong>quotidianam</strong></span> 
     </span>
     <span class='ocr_line' id='line_1_82' title="bbox 394 4647 1987 4732; baseline 0.003 -26"><span class='ocrx_word' id='word_1_516' title='bbox 394 4648 633 4732; x_wconf 71' lang='lat' dir='ltr'><strong>solvi,id</strong></span> <span class='ocrx_word' id='word_1_517' title='bbox 661 4657 764 4719; x_wconf 92' lang='lat' dir='ltr'><strong>est,</strong></span> <span class='ocrx_word' id='word_1_518' title='bbox 833 4647 1327 4732; x_wconf 68' lang='lat' dir='ltr'><strong>oram_reiect19nis</strong></span> <span class='ocrx_word' id='word_1_519' title='bbox 1354 4648 1641 4732; x_wconf 66' lang='lat' dir='ltr'><strong>praevenit]</strong></span> <span class='ocrx_word' id='word_1_520' title='bbox 1668 4650 1724 4705; x_wconf 93' lang='lat' dir='ltr'><strong>in</strong></span> <span class='ocrx_word' id='word_1_521' title='bbox 1754 4651 1987 4732; x_wconf 62' lang='lat' dir='ltr'><strong>adventu</strong></span> 
     </span>
    </p>
   </div>
   <div class='ocr_carea' id='block_1_81' title="bbox 393 4720 1982 4796">
    <p class='ocr_par' dir='ltr' id='par_1_81' title="bbox 393 4720 1982 4796">
     <span class='ocr_line' id='line_1_83' title="bbox 393 4720 1982 4796; baseline 0.002 -18"><span class='ocrx_word' id='word_1_522' title='bbox 393 4720 695 4796; x_wconf 82' lang='lat' dir='ltr'><strong>hospitum,</strong></span> <span class='ocrx_word' id='word_1_523' title='bbox 725 4721 963 4796; x_wconf 64' lang='lat' dir='ltr'><strong>exceptis</strong></span> <span class='ocrx_word' id='word_1_524' title='bbox 989 4720 1248 4794; x_wconf 89' lang='lat' dir='ltr'><strong>legitimis</strong></span> <span class='ocrx_word' id='word_1_525' title='bbox 1272 4720 1480 4796; x_wconf 73' lang='lat' dir='ltr'><strong>quartae</strong></span> <span class='ocrx_word' id='word_1_526' title='bbox 1506 4730 1780 4796; x_wconf 54' lang='lat' dir='ltr'><strong>sentesque</strong></span> <span class='ocrx_word' id='word_1_527' title='bbox 1800 4721 1982 4796; x_wconf 73' lang='lat' dir='ltr'><strong>feriae.</strong></span> 
     </span>
    </p>
   </div>
   <div class='ocr_carea' id='block_1_82' title="bbox 389 4792 1985 4869">
    <p class='ocr_par' dir='ltr' id='par_1_82' title="bbox 389 4792 1985 4869">
     <span class='ocr_line' id='line_1_84' title="bbox 389 4792 1985 4869; baseline 0.001 -19"><span class='ocrx_word' id='word_1_528' title='bbox 389 4792 638 4869; x_wconf 82' lang='lat' dir='ltr'><strong>Denique</strong></span> <span class='ocrx_word' id='word_1_529' title='bbox 664 4792 976 4869; x_wconf 40' lang='lat' dir='ltr'><strong>_collat.&quot;_2t</strong></span> <span class='ocrx_word' id='word_1_530' title='bbox 1027 4792 1145 4869; x_wconf 60' lang='lat' dir='ltr'><strong>cap.</strong></span> <span class='ocrx_word' id='word_1_531' title='bbox 1195 4796 1265 4850; x_wconf 85' lang='grc'><strong>29</strong></span> <span class='ocrx_word' id='word_1_532' title='bbox 1288 4792 1429 4850; x_wconf 77' lang='lat' dir='ltr'><strong>dicit</strong></span> <span class='ocrx_word' id='word_1_533' title='bbox 1477 4792 1767 4869; x_wconf 79' lang='lat' dir='ltr'><strong>stationem</strong></span> <span class='ocrx_word' id='word_1_534' title='bbox 1787 4794 1985 4869; x_wconf 79' lang='lat' dir='ltr'><strong>jejunii</strong></span> 
     </span>
    </p>
   </div>
   <div class='ocr_carea' id='block_1_83' title="bbox 390 4864 1987 4939">
    <p class='ocr_par' dir='ltr' id='par_1_83' title="bbox 390 4864 1987 4939">
     <span class='ocr_line' id='line_1_85' title="bbox 390 4864 1987 4939; baseline 0.002 -17"><span class='ocrx_word' id='word_1_535' title='bbox 390 4864 807 4939; x_wconf 71' lang='lat' dir='ltr'><strong>superveniente</strong></span> <span class='ocrx_word' id='word_1_536' title='bbox 838 4866 1019 4939; x_wconf 90' lang='lat' dir='ltr'><strong>aliqua</strong></span> <span class='ocrx_word' id='word_1_537' title='bbox 1051 4864 1282 4939; x_wconf 76' lang='lat' dir='ltr'><strong>honesta</strong></span> <span class='ocrx_word' id='word_1_538' title='bbox 1313 4864 1626 4939; x_wconf 82' lang='lat' dir='ltr'><strong>necessitate</strong></span> <span class='ocrx_word' id='word_1_539' title='bbox 1666 4882 1697 4922; x_wconf 88' lang='lat' dir='ltr'><strong>a</strong></span> <span class='ocrx_word' id='word_1_540' title='bbox 1737 4864 1987 4939; x_wconf 75' lang='lat' dir='ltr'><strong>Pati-ibus</strong></span> 
     </span>
    </p>
   </div>
   <div class='ocr_carea' id='block_1_84' title="bbox 390 4936 1985 5011">
    <p class='ocr_par' dir='ltr' id='par_1_84' title="bbox 390 4936 1985 5011">
     <span class='ocr_line' id='line_1_86' title="bbox 390 4936 1985 5011; baseline 0.002 -19"><span class='ocrx_word' id='word_1_541' title='bbox 390 4936 637 4994; x_wconf 85' lang='lat' dir='ltr'><strong>relaxari.</strong></span> <span class='ocrx_word' id='word_1_542' title='bbox 664 4938 808 4995; x_wconf 88' lang='lat' dir='ltr'><strong>Solvi</strong></span> <span class='ocrx_word' id='word_1_543' title='bbox 835 4936 1019 5011; x_wconf 78' lang='lat' dir='ltr'><strong>autem</strong></span> <span class='ocrx_word' id='word_1_544' title='bbox 1042 4937 1334 5011; x_wconf 81' lang='lat' dir='ltr'><strong>jejunium,</strong></span> <span class='ocrx_word' id='word_1_545' title='bbox 1364 4953 1462 5011; x_wconf 86' lang='lat' dir='ltr'><strong>seu</strong></span> <span class='ocrx_word' id='word_1_546' title='bbox 1490 4936 1783 5011; x_wconf 81' lang='lat' dir='ltr'><strong>stationem</strong></span> <span class='ocrx_word' id='word_1_547' title='bbox 1819 4938 1985 5011; x_wconf 88' lang='lat' dir='ltr'><strong>ﬁniri,</strong></span> 
     </span>
    </p>
   </div>
   <div class='ocr_carea' id='block_1_85' title="bbox 390 5008 1985 5083">
    <p class='ocr_par' dir='ltr' id='par_1_85' title="bbox 390 5008 1985 5083">
     <span class='ocr_line' id='line_1_87' title="bbox 390 5008 1985 5083; baseline 0.002 -19"><span class='ocrx_word' id='word_1_548' title='bbox 390 5015 542 5066; x_wconf 86' lang='lat' dir='ltr'><strong>extra</strong></span> <span class='ocrx_word' id='word_1_549' title='bbox 589 5015 807 5083; x_wconf 83' lang='lat' dir='ltr'><strong>tempus</strong></span> <span class='ocrx_word' id='word_1_550' title='bbox 842 5008 1341 5083; x_wconf 70' lang='lat' dir='ltr'><strong>Quadragesimalis</strong></span> <span class='ocrx_word' id='word_1_551' title='bbox 1373 5009 1590 5083; x_wconf 88' lang='lat' dir='ltr'><strong>jejunii,</strong></span> <span class='ocrx_word' id='word_1_552' title='bbox 1637 5008 1985 5083; x_wconf 15' lang='lat' dir='ltr'><strong>solereihora</strong></span> 
     </span>
    </p>
   </div>
   <div class='ocr_carea' id='block_1_86' title="bbox 388 5077 1983 5154">
    <p class='ocr_par' dir='ltr' id='par_1_86' title="bbox 388 5077 1983 5154">
     <span class='ocr_line' id='line_1_88' title="bbox 388 5077 1983 5154; baseline 0.001 -17"><span class='ocrx_word' id='word_1_553' title='bbox 388 5094 556 5154; x_wconf 80' lang='lat' dir='ltr'><strong>nona,</strong></span> <span class='ocrx_word' id='word_1_554' title='bbox 582 5087 670 5154; x_wconf 84' lang='lat' dir='ltr'><strong>_ut_</strong></span> <span class='ocrx_word' id='word_1_555' title='bbox 708 5077 800 5135; x_wconf 87' lang='lat' dir='ltr'><strong>hic</strong></span> <span class='ocrx_word' id='word_1_556' title='bbox 832 5077 1100 5154; x_wconf 61' lang='lat' dir='ltr'><strong>habetur;</strong></span> <span class='ocrx_word' id='word_1_557' title='bbox 1142 5079 1195 5154; x_wconf 81' lang='lat' dir='ltr'><strong>id</strong></span> <span class='ocrx_word' id='word_1_558' title='bbox 1241 5077 1542 5154; x_wconf 12' lang='lat' dir='ltr'><strong>est,r&#39;te&#39;rtia</strong></span> <span class='ocrx_word' id='word_1_559' title='bbox 1579 5077 1983 5154; x_wconf 88' lang='lat' dir='ltr'><strong>pomeridiana,</strong></span> 
     </span>
    </p>
   </div>
   <div class='ocr_carea' id='block_1_87' title="bbox 391 5149 1986 5226">
    <p class='ocr_par' dir='ltr' id='par_1_87' title="bbox 391 5149 1986 5226">
     <span class='ocr_line' id='line_1_89' title="bbox 391 5149 1986 5226; baseline 0.001 -18"><span class='ocrx_word' id='word_1_560' title='bbox 391 5150 553 5210; x_wconf 90' lang='lat' dir='ltr'><strong>docet</strong></span> <span class='ocrx_word' id='word_1_561' title='bbox 578 5150 768 5226; x_wconf 84' lang='lat' dir='ltr'><strong>itidem</strong></span> <span class='ocrx_word' id='word_1_562' title='bbox 789 5152 1022 5226; x_wconf 83' lang='lat' dir='ltr'><strong>_Auctor</strong></span> <span class='ocrx_word' id='word_1_563' title='bbox 1065 5149 1227 5223; x_wconf 91' lang='lat' dir='ltr'><strong>hujus</strong></span> <span class='ocrx_word' id='word_1_564' title='bbox 1257 5152 1564 5226; x_wconf 78' lang='lat' dir='ltr'><strong>collationis</strong></span> <span class='ocrx_word' id='word_1_565' title='bbox 1590 5149 1728 5226; x_wconf 69' lang='lat' dir='ltr'><strong>&#39;cap.</strong></span> <span class='ocrx_word' id='word_1_566' title='bbox 1763 5154 1889 5226; x_wconf 86' lang='lat' dir='ltr'><strong>ult.,</strong></span> <span class='ocrx_word' id='word_1_567' title='bbox 1930 5149 1986 5209; x_wconf 88' lang='lat' dir='ltr'><strong>et</strong></span> 
     </span>
    </p>
   </div>
   <div class='ocr_carea' id='block_1_88' title="bbox 389 5221 1985 5295">
    <p class='ocr_par' dir='ltr' id='par_1_88' title="bbox 389 5221 1985 5295">
     <span class='ocr_line' id='line_1_90' title="bbox 389 5221 1985 5295; baseline 0 -15"><span class='ocrx_word' id='word_1_568' title='bbox 389 5238 579 5295; x_wconf 81' lang='lat' dir='ltr'><strong>rursus</strong></span> <span class='ocrx_word' id='word_1_569' title='bbox 622 5221 908 5295; x_wconf 85' lang='lat' dir='ltr'><strong>collatione</strong></span> <span class='ocrx_word' id='word_1_570' title='bbox 953 5224 1013 5276; x_wconf 89' lang='grc'><strong>21</strong></span> <span class='ocrx_word' id='word_1_571' title='bbox 1050 5221 1309 5295; x_wconf 84' lang='lat' dir='ltr'><strong>cap._23,</strong></span> <span class='ocrx_word' id='word_1_572' title='bbox 1341 5224 1433 5279; x_wconf 90' lang='lat' dir='ltr'><strong>ubi</strong></span> <span class='ocrx_word' id='word_1_573' title='bbox 1474 5224 1629 5295; x_wconf 78' lang='lat' dir='ltr'><strong>plura</strong></span> <span class='ocrx_word' id='word_1_574' title='bbox 1671 5221 1739 5281; x_wconf 84' lang='lat' dir='ltr'><strong>de</strong></span> <span class='ocrx_word' id='word_1_575' title='bbox 1776 5221 1882 5282; x_wconf 91' lang='lat' dir='ltr'><strong>hac</strong></span> <span class='ocrx_word' id='word_1_576' title='bbox 1926 5239 1985 5295; x_wconf 84' lang='lat' dir='ltr'><strong>re</strong></span> 
     </span>
    </p>
   </div>
   <div class='ocr_carea' id='block_1_89' title="bbox 386 5291 1985 5364">
    <p class='ocr_par' dir='ltr' id='par_1_89' title="bbox 386 5291 1985 5364">
     <span class='ocr_line' id='line_1_91' title="bbox 386 5291 1985 5364; baseline 0.001 -15"><span class='ocrx_word' id='word_1_577' title='bbox 386 5293 727 5364; x_wconf 80' lang='lat' dir='ltr'><strong>notabimus.</strong></span> <span class='ocrx_word' id='word_1_578' title='bbox 770 5292 1033 5364; x_wconf 86' lang='lat' dir='ltr'><strong>Idemque</strong></span> <span class='ocrx_word' id='word_1_579' title='bbox 1071 5291 1360 5364; x_wconf 86' lang='lat' dir='ltr'><strong>conﬁrmat</strong></span> <span class='ocrx_word' id='word_1_580' title='bbox 1387 5291 1753 5364; x_wconf 75' lang='lat' dir='ltr'><strong>Tertullianus</strong></span> <span class='ocrx_word' id='word_1_581' title='bbox 1782 5295 1873 5352; x_wconf 91' lang='lat' dir='ltr'><strong>lib.</strong></span> <span class='ocrx_word' id='word_1_582' title='bbox 1917 5294 1985 5351; x_wconf 90' lang='lat' dir='ltr'><strong>de</strong></span> 
     </span>
    </p>
   </div>
   <div class='ocr_carea' id='block_1_90' title="bbox 379 5362 1979 5439">
    <p class='ocr_par' dir='ltr' id='par_1_90' title="bbox 379 5362 1979 5439">
     <span class='ocr_line' id='line_1_92' title="bbox 379 5362 1979 5439; baseline 0.003 -20"><span class='ocrx_word' id='word_1_583' title='bbox 379 5362 791 5439; x_wconf 35' lang='lat' dir='ltr'><strong>jejunio‘cap4</strong></span> <span class='ocrx_word' id='word_1_584' title='bbox 836 5362 1207 5439; x_wconf 46' lang='lat' dir='ltr'><strong>to,‘B_asilius</strong></span> <span class='ocrx_word' id='word_1_585' title='bbox 1254 5363 1813 5439; x_wconf 49' lang='lat' dir='ltr'><strong>aditmphilochium</strong></span> <span class='ocrx_word' id='word_1_586' title='bbox 1858 5381 1979 5439; x_wconf 89' lang='lat' dir='ltr'><strong>cap.</strong></span> 
     </span>
    </p>
   </div>
   <div class='ocr_carea' id='block_1_91' title="bbox 387 5433 1984 5509">
    <p class='ocr_par' dir='ltr' id='par_1_91' title="bbox 387 5433 1984 5509">
     <span class='ocr_line' id='line_1_93' title="bbox 387 5433 1984 5509; baseline 0.003 -18"><span class='ocrx_word' id='word_1_587' title='bbox 387 5433 485 5509; x_wconf 41' lang='lat'><strong>’73,</strong></span> <span class='ocrx_word' id='word_1_588' title='bbox 528 5433 859 5509; x_wconf 76' lang='lat' dir='ltr'><strong>Epiphanius</strong></span> <span class='ocrx_word' id='word_1_589' title='bbox 898 5434 959 5509; x_wconf 91' lang='lat' dir='ltr'><strong>in_</strong></span> <span class='ocrx_word' id='word_1_590' title='bbox 989 5434 1255 5509; x_wconf 23' lang='lat' dir='ltr'><strong>AEpitomeg</strong></span> <span class='ocrx_word' id='word_1_591' title='bbox 1281 5434 1428 5504; x_wconf 77' lang='lat' dir='ltr'><strong>ﬁdei,</strong></span> <span class='ocrx_word' id='word_1_592' title='bbox 1458 5433 1828 5509; x_wconf 82' lang='lat' dir='ltr'><strong>Hieronymus</strong></span> <span class='ocrx_word' id='word_1_593' title='bbox 1872 5433 1984 5509; x_wconf 81' lang='lat' dir='ltr'><strong>epi-</strong></span> 
     </span>
    </p>
   </div>
   <div class='ocr_carea' id='block_1_92' title="bbox 385 5505 1985 5577">
    <p class='ocr_par' dir='ltr' id='par_1_92' title="bbox 385 5505 1985 5577">
     <span class='ocr_line' id='line_1_94' title="bbox 385 5505 1985 5577; baseline 0.002 -14"><span class='ocrx_word' id='word_1_594' title='bbox 385 5508 512 5577; x_wconf 81' lang='lat' dir='ltr'><strong>stol.</strong></span> <span class='ocrx_word' id='word_1_595' title='bbox 542 5505 612 5562; x_wconf 79' lang='grc'><strong>22</strong></span> <span class='ocrx_word' id='word_1_596' title='bbox 633 5505 710 5563; x_wconf 83' lang='lat' dir='ltr'><strong>ad</strong></span> <span class='ocrx_word' id='word_1_597' title='bbox 740 5505 1118 5572; x_wconf 85' lang='lat' dir='ltr'><strong>Eustochium,</strong></span> <span class='ocrx_word' id='word_1_598' title='bbox 1151 5513 1208 5563; x_wconf 92' lang='lat' dir='ltr'><strong>et</strong></span> <span class='ocrx_word' id='word_1_599' title='bbox 1230 5508 1345 5577; x_wconf 85' lang='lat' dir='ltr'><strong>Leo</strong></span> <span class='ocrx_word' id='word_1_600' title='bbox 1384 5521 1520 5577; x_wconf 89' lang='lat' dir='ltr'><strong>papa</strong></span> <span class='ocrx_word' id='word_1_601' title='bbox 1551 5505 1768 5577; x_wconf 85' lang='lat' dir='ltr'><strong>epistol.</strong></span> <span class='ocrx_word' id='word_1_602' title='bbox 1796 5513 1887 5576; x_wconf 87' lang='lat'><strong>65,</strong></span> <span class='ocrx_word' id='word_1_603' title='bbox 1906 5505 1985 5566; x_wconf 48' lang='lat' dir='ltr'><strong>‘et</strong></span> 
     </span>
    </p>
   </div>
   <div class='ocr_carea' id='block_1_93' title="bbox 384 5574 1985 5660">
    <p class='ocr_par' dir='ltr' id='par_1_93' title="bbox 384 5574 1985 5660">
     <span class='ocr_line' id='line_1_95' title="bbox 384 5574 1985 5660; baseline 0.004 -28"><span class='ocrx_word' id='word_1_604' title='bbox 384 5574 476 5660; x_wconf 81' lang='lat' dir='ltr'><strong>alii</strong></span> <span class='ocrx_word' id='word_1_605' title='bbox 509 5582 716 5660; x_wconf 73' lang='lat' dir='ltr'><strong>Patres.</strong></span> <span class='ocrx_word' id='word_1_606' title='bbox 743 5577 932 5660; x_wconf 78' lang='lat' dir='ltr'><strong>Fuisse</strong></span> <span class='ocrx_word' id='word_1_607' title='bbox 963 5586 1148 5634; x_wconf 87' lang='lat' dir='ltr'><strong>tamen</strong></span> <span class='ocrx_word' id='word_1_608' title='bbox 1182 5576 1337 5660; x_wconf 70' lang='lat' dir='ltr'><strong>apud</strong></span> <span class='ocrx_word' id='word_1_609' title='bbox 1371 5574 1602 5660; x_wconf 48' lang='lat' dir='ltr'><strong>veteres:</strong></span> <span class='ocrx_word' id='word_1_610' title='bbox 1620 5576 1840 5659; x_wconf 89' lang='lat' dir='ltr'><strong>aliquod</strong></span> <span class='ocrx_word' id='word_1_611' title='bbox 1868 5574 1985 5638; x_wconf 85' lang='lat' dir='ltr'><strong>dis-</strong></span> 
     </span>
    </p>
   </div>
   <div class='ocr_carea' id='block_1_94' title="bbox 384 5649 1981 5721">
    <p class='ocr_par' dir='ltr' id='par_1_94' title="bbox 384 5649 1981 5721">
     <span class='ocr_line' id='line_1_96' title="bbox 384 5649 1981 5721; baseline 0.002 -16"><span class='ocrx_word' id='word_1_612' title='bbox 384 5650 591 5721; x_wconf 83' lang='lat' dir='ltr'><strong>crimen</strong></span> <span class='ocrx_word' id='word_1_613' title='bbox 621 5649 763 5707; x_wconf 87' lang='lat' dir='ltr'><strong>inter</strong></span> <span class='ocrx_word' id='word_1_614' title='bbox 787 5649 1103 5721; x_wconf 86' lang='lat' dir='ltr'><strong>stationem,</strong></span> <span class='ocrx_word' id='word_1_615' title='bbox 1146 5649 1481 5721; x_wconf 42' lang='lat' dir='ltr'><strong>vigiliamuet</strong></span> <span class='ocrx_word' id='word_1_616' title='bbox 1514 5649 1806 5721; x_wconf 70' lang='lat' dir='ltr'><strong>jejunium,</strong></span> <span class='ocrx_word' id='word_1_617' title='bbox 1849 5666 1981 5721; x_wconf 90' lang='lat' dir='ltr'><strong>pro-</strong></span> 
     </span>
    </p>
   </div>
   <div class='ocr_carea' id='block_1_95' title="bbox 384 5717 1984 5793">
    <p class='ocr_par' dir='ltr' id='par_1_95' title="bbox 384 5717 1984 5793">
     <span class='ocr_line' id='line_1_97' title="bbox 384 5717 1984 5793; baseline 0.002 -16"><span class='ocrx_word' id='word_1_618' title='bbox 384 5719 501 5793; x_wconf 83' lang='lat' dir='ltr'><strong>prie</strong></span> <span class='ocrx_word' id='word_1_619' title='bbox 526 5721 821 5793; x_wconf 90' lang='lat' dir='ltr'><strong>loquendo,</strong></span> <span class='ocrx_word' id='word_1_620' title='bbox 852 5717 1253 5793; x_wconf 15' lang='lat' dir='ltr'><strong>docet‘erudit&#39;e</strong></span> <span class='ocrx_word' id='word_1_621' title='bbox 1277 5717 1484 5775; x_wconf 90' lang='lat' dir='ltr'><strong>cardin.</strong></span> <span class='ocrx_word' id='word_1_622' title='bbox 1517 5717 1907 5793; x_wconf 38' lang='lat' dir='ltr'><strong>’Bellarmjlib.</strong></span> <span class='ocrx_word' id='word_1_623' title='bbox 1937 5739 1984 5780; x_wconf 80' lang='grc' dir='ltr'><strong>ιι</strong></span> 
     </span>
    </p>
   </div>
   <div class='ocr_carea' id='block_1_96' title="bbox 385 5789 1984 5862">
    <p class='ocr_par' dir='ltr' id='par_1_96' title="bbox 385 5789 1984 5862">
     <span class='ocr_line' id='line_1_98' title="bbox 385 5789 1984 5862; baseline 0.003 -15"><span class='ocrx_word' id='word_1_624' title='bbox 385 5789 453 5848; x_wconf 81' lang='lat' dir='ltr'><strong>de</strong></span> <span class='ocrx_word' id='word_1_625' title='bbox 493 5789 663 5847; x_wconf 72' lang='lat' dir='ltr'><strong>Bonis</strong></span> <span class='ocrx_word' id='word_1_626' title='bbox 699 5789 1076 5862; x_wconf 77' lang='lat' dir='ltr'><strong>Operibusin</strong></span> <span class='ocrx_word' id='word_1_627' title='bbox 1116 5789 1305 5862; x_wconf 75' lang='lat' dir='ltr'><strong>partio.</strong></span> <span class='ocrx_word' id='word_1_628' title='bbox 1348 5805 1466 5862; x_wconf 77' lang='lat' dir='ltr'><strong>cap.</strong></span> <span class='ocrx_word' id='word_1_629' title='bbox 1491 5795 1599 5846; x_wconf 84' lang='lat'><strong>.22.</strong></span> <span class='ocrx_word' id='word_1_630' title='bbox 1642 5792 1778 5851; x_wconf 88' lang='lat' dir='ltr'><strong>Vide</strong></span> <span class='ocrx_word' id='word_1_631' title='bbox 1818 5793 1984 5851; x_wconf 89' lang='lat' dir='ltr'><strong>etiam</strong></span> 
     </span>
    </p>
   </div>
   <div class='ocr_carea' id='block_1_97' title="bbox 383 5808 1981 5938">
    <p class='ocr_par' dir='ltr' id='par_1_97' title="bbox 383 5808 1981 5938">
     <span class='ocr_line' id='line_1_99' title="bbox 385 5808 1981 5862; baseline 0.003 -15"><span class='ocrx_word' id='word_1_632' title='bbox 385 5808 453 5848; x_wconf 77' lang='grc' dir='ltr'><strong>αθ</strong></span> <span class='ocrx_word' id='word_1_633' title='bbox 493 5808 663 5847; x_wconf 71' lang='lat' dir='ltr'><strong>ﬂODlS</strong></span> <span class='ocrx_word' id='word_1_634' title='bbox 699 5808 748 5849; x_wconf 90' lang='lat' dir='ltr'><strong>U</strong></span> <span class='ocrx_word' id='word_1_635' title='bbox 786 5808 974 5848; x_wconf 69' lang='lat' dir='ltr'><strong>erutus</strong></span> <span class='ocrx_word' id='word_1_636' title='bbox 1018 5808 1076 5846; x_wconf 82' lang='lat' dir='ltr'><strong>In</strong></span> <span class='ocrx_word' id='word_1_637' title='bbox 1116 5808 1305 5862; x_wconf 79' lang='lat' dir='ltr'><strong>panic.</strong></span> <span class='ocrx_word' id='word_1_638' title='bbox 1348 5808 1466 5862; x_wconf 87' lang='lat' dir='ltr'><strong>cap.</strong></span> <span class='ocrx_word' id='word_1_639' title='bbox 1491 5808 1599 5846; x_wconf 75' lang='lat'><strong>.22.</strong></span> <span class='ocrx_word' id='word_1_640' title='bbox 1649 5808 1778 5851; x_wconf 79' lang='grc' dir='ltr'><strong>νιαθ</strong></span> <span class='ocrx_word' id='word_1_641' title='bbox 1818 5808 1981 5851; x_wconf 76' lang='lat' dir='ltr'><strong>etiam</strong></span> 
     </span>
     <span class='ocr_line' id='line_1_100' title="bbox 383 5808 1981 5938; baseline -0.001 -18"><span class='ocrx_word' id='word_1_642' title='bbox 383 5862 688 5922; x_wconf 88' lang='lat' dir='ltr'><strong>Pamelium</strong></span> <span class='ocrx_word' id='word_1_643' title='bbox 706 5808 784 5920; x_wconf 56' lang='lat' dir='ltr'><strong>ag</strong></span> <span class='ocrx_word' id='word_1_644' title='bbox 801 5860 1198 5919; x_wconf 86' lang='lat' dir='ltr'><strong>Tertullianum</strong></span> <span class='ocrx_word' id='word_1_645' title='bbox 1220 5859 1317 5918; x_wconf 91' lang='lat' dir='ltr'><strong>lib.</strong></span> <span class='ocrx_word' id='word_1_646' title='bbox 1352 5860 1419 5919; x_wconf 88' lang='lat' dir='ltr'><strong>de</strong></span> <span class='ocrx_word' id='word_1_647' title='bbox 1451 5863 1713 5921; x_wconf 90' lang='lat' dir='ltr'><strong>Oratione</strong></span> <span class='ocrx_word' id='word_1_648' title='bbox 1741 5880 1860 5938; x_wconf 87' lang='lat' dir='ltr'><strong>cap.</strong></span> <span class='ocrx_word' id='word_1_649' title='bbox 1886 5866 1981 5922; x_wconf 93' lang='lat' dir='ltr'><strong>ult.</strong></span> 
     </span>
    </p>
   </div>
   <div class='ocr_carea' id='block_1_98' title="bbox 2018 4921 2070 4983">
    <p class='ocr_par' dir='ltr' id='par_1_98' title="bbox 2018 4921 2070 4983">
     <span class='ocr_line' id='line_1_101' title="bbox 2018 4921 2070 4983; baseline 0 0"><span class='ocrx_word' id='word_1_650' title='bbox 2018 4921 2070 4983; x_wconf 92' lang='lat' dir='ltr'><strong>D</strong></span> 
     </span>
    </p>
   </div>
   <div class='ocr_carea' id='block_1_99' title="bbox 2177 3516 3729 3592">
    <p class='ocr_par' dir='ltr' id='par_1_99' title="bbox 2177 3516 3729 3592">
     <span class='ocr_line' id='line_1_102' title="bbox 2177 3516 3729 3592; baseline 0.005 -18"><span class='ocrx_word' id='word_1_651' title='bbox 2177 3527 2197 3554; x_wconf 84' lang='lat'><strong><em>°</em></strong></span> <span class='ocrx_word' id='word_1_652' title='bbox 2225 3516 2287 3592; x_wconf 73' lang='lat' dir='ltr'><strong>id</strong></span> <span class='ocrx_word' id='word_1_653' title='bbox 2314 3527 2417 3592; x_wconf 80' lang='lat' dir='ltr'><strong>est,</strong></span> <span class='ocrx_word' id='word_1_654' title='bbox 2444 3517 2798 3592; x_wconf 82' lang='lat' dir='ltr'><strong>humanitatis</strong></span> <span class='ocrx_word' id='word_1_655' title='bbox 2821 3528 2876 3592; x_wconf 85' lang='lat' dir='ltr'><strong>et</strong></span> <span class='ocrx_word' id='word_1_656' title='bbox 2902 3518 3284 3592; x_wconf 78' lang='lat' dir='ltr'><strong>hospitalitatis</strong></span> <span class='ocrx_word' id='word_1_657' title='bbox 3310 3518 3502 3592; x_wconf 86' lang='lat' dir='ltr'><strong>ofﬁcia.</strong></span> <span class='ocrx_word' id='word_1_658' title='bbox 3535 3522 3729 3581; x_wconf 82' lang='lat' dir='ltr'><strong>Vides</strong></span> 
     </span>
    </p>
   </div>
   <div class='ocr_carea' id='block_1_100' title="bbox 2104 3587 3722 3663">
    <p class='ocr_par' dir='ltr' id='par_1_100' title="bbox 2104 3587 3722 3663">
     <span class='ocr_line' id='line_1_103' title="bbox 2104 3587 3722 3663; baseline 0.005 -20"><span class='ocrx_word' id='word_1_659' title='bbox 2104 3587 2523 3663; x_wconf 77' lang='lat' dir='ltr'><strong>hospitalitatem</strong></span> <span class='ocrx_word' id='word_1_660' title='bbox 2570 3589 2760 3660; x_wconf 86' lang='lat' dir='ltr'><strong>priscis</strong></span> <span class='ocrx_word' id='word_1_661' title='bbox 2785 3590 2948 3663; x_wconf 83' lang='lat' dir='ltr'><strong>etiam</strong></span> <span class='ocrx_word' id='word_1_662' title='bbox 2989 3587 3275 3663; x_wconf 76' lang='lat' dir='ltr'><strong>monachis</strong></span> <span class='ocrx_word' id='word_1_663' title='bbox 3307 3591 3596 3661; x_wconf 84' lang='lat' dir='ltr'><strong>usitatam;</strong></span> <span class='ocrx_word' id='word_1_664' title='bbox 3643 3594 3722 3652; x_wconf 88' lang='lat' dir='ltr'><strong>de</strong></span> 
     </span>
    </p>
   </div>
   <div class='ocr_carea' id='block_1_101' title="bbox 2104 3658 3727 3734">
    <p class='ocr_par' dir='ltr' id='par_1_101' title="bbox 2104 3658 3727 3734">
     <span class='ocr_line' id='line_1_104' title="bbox 2104 3658 3727 3734; baseline 0.006 -21"><span class='ocrx_word' id='word_1_665' title='bbox 2104 3658 2224 3731; x_wconf 52' lang='lat' dir='ltr'><strong>qua‘</strong></span> <span class='ocrx_word' id='word_1_666' title='bbox 2247 3658 2452 3734; x_wconf 14' lang='lat' dir='ltr'><strong>itidem,</strong></span> <span class='ocrx_word' id='word_1_667' title='bbox 2480 3658 2767 3734; x_wconf 71' lang='lat' dir='ltr'><strong>Cassianus</strong></span> <span class='ocrx_word' id='word_1_668' title='bbox 2797 3661 2894 3734; x_wconf 82' lang='lat' dir='ltr'><strong>lib.</strong></span> <span class='ocrx_word' id='word_1_669' title='bbox 2926 3678 2959 3716; x_wconf 92' lang='lat' dir='ltr'><strong>v</strong></span> <span class='ocrx_word' id='word_1_670' title='bbox 2998 3659 3241 3719; x_wconf 65' lang='lat' dir='ltr'><strong>I&#39;nstitut.</strong></span> <span class='ocrx_word' id='word_1_671' title='bbox 3281 3677 3399 3734; x_wconf 89' lang='lat' dir='ltr'><strong>cap.</strong></span> <span class='ocrx_word' id='word_1_672' title='bbox 3433 3669 3502 3720; x_wconf 77' lang='grc'><strong>23</strong></span> <span class='ocrx_word' id='word_1_673' title='bbox 3532 3658 3592 3721; x_wconf 81' lang='lat' dir='ltr'><strong>et</strong></span> <span class='ocrx_word' id='word_1_674' title='bbox 3615 3680 3727 3723; x_wconf 82' lang='lat' dir='ltr'><strong>se-</strong></span> 
     </span>
    </p>
   </div>
   <div class='ocr_carea' id='block_1_102' title="bbox 2105 3729 3722 3812">
    <p class='ocr_par' dir='ltr' id='par_1_102' title="bbox 2105 3729 3722 3812">
     <span class='ocr_line' id='line_1_105' title="bbox 2105 3729 3722 3812; baseline 0.007 -28"><span class='ocrx_word' id='word_1_675' title='bbox 2105 3729 2413 3812; x_wconf 77' lang='lat' dir='ltr'><strong>quentibus.</strong></span> <span class='ocrx_word' id='word_1_676' title='bbox 2442 3733 2511 3786; x_wconf 83' lang='lat' dir='ltr'><strong>Et</strong></span> <span class='ocrx_word' id='word_1_677' title='bbox 2538 3731 2650 3812; x_wconf 82' lang='lat' dir='ltr'><strong>div.</strong></span> <span class='ocrx_word' id='word_1_678' title='bbox 2680 3731 3008 3812; x_wconf 46' lang='lat' dir='ltr'><strong>benedictus</strong></span> <span class='ocrx_word' id='word_1_679' title='bbox 3032 3749 3153 3812; x_wconf 78' lang='lat' dir='ltr'><strong>cap.</strong></span> <span class='ocrx_word' id='word_1_680' title='bbox 3182 3740 3275 3812; x_wconf 58' lang='lat'><strong>353,</strong></span> <span class='ocrx_word' id='word_1_681' title='bbox 3295 3729 3393 3812; x_wconf 74' lang='lat' dir='ltr'><strong>ubi</strong></span> <span class='ocrx_word' id='word_1_682' title='bbox 3416 3736 3584 3791; x_wconf 88' lang='lat' dir='ltr'><strong>etiam</strong></span> <span class='ocrx_word' id='word_1_683' title='bbox 3605 3734 3722 3812; x_wconf 85' lang='lat' dir='ltr'><strong>_hu-</strong></span> 
     </span>
    </p>
   </div>
   <div class='ocr_carea' id='block_1_103' title="bbox 2105 3804 3720 3876">
    <p class='ocr_par' dir='ltr' id='par_1_103' title="bbox 2105 3804 3720 3876">
     <span class='ocr_line' id='line_1_106' title="bbox 2105 3804 3720 3876; baseline 0.007 -22"><span class='ocrx_word' id='word_1_684' title='bbox 2105 3804 2429 3876; x_wconf 80' lang='lat' dir='ltr'><strong>manitatem</strong></span> <span class='ocrx_word' id='word_1_685' title='bbox 2456 3809 2614 3876; x_wconf 79' lang='lat' dir='ltr'><strong>vocat</strong></span> <span class='ocrx_word' id='word_1_686' title='bbox 2642 3821 2656 3858; x_wconf 90' lang='lat'><strong>:</strong></span> <span class='ocrx_word' id='word_1_687' title='bbox 2686 3805 2888 3876; x_wconf 72' lang='lat' dir='ltr'><strong>Omnis.</strong></span> <span class='ocrx_word' id='word_1_688' title='bbox 2918 3804 3116 3876; x_wconf 76' lang='lat' dir='ltr'><strong>inquit,</strong></span> <span class='ocrx_word' id='word_1_689' title='bbox 3142 3808 3216 3862; x_wconf 87' lang='lat' dir='ltr'><strong>eis</strong></span> <span class='ocrx_word' id='word_1_690' title='bbox 3247 3807 3565 3862; x_wconf 67' lang='lat' dir='ltr'><strong>exhibentur</strong></span> <span class='ocrx_word' id='word_1_691' title='bbox 3598 3809 3720 3865; x_wconf 82' lang='lat' dir='ltr'><strong>hu-</strong></span> 
     </span>
    </p>
   </div>
   <div class='ocr_carea' id='block_1_104' title="bbox 2104 3873 3721 3949">
    <p class='ocr_par' dir='ltr' id='par_1_104' title="bbox 2104 3873 3721 3949">
     <span class='ocr_line' id='line_1_107' title="bbox 2104 3873 3721 3949; baseline 0.007 -23"><span class='ocrx_word' id='word_1_692' title='bbox 2104 3874 2357 3949; x_wconf 68' lang='lat' dir='ltr'><strong>manitas.</strong></span> <span class='ocrx_word' id='word_1_693' title='bbox 2392 3875 2462 3929; x_wconf 92' lang='lat' dir='ltr'><strong>D.</strong></span> <span class='ocrx_word' id='word_1_694' title='bbox 2493 3873 2859 3949; x_wconf 83' lang='lat' dir='ltr'><strong>Hieronymus</strong></span> <span class='ocrx_word' id='word_1_695' title='bbox 2877 3875 2933 3930; x_wconf 90' lang='lat' dir='ltr'><strong>in</strong></span> <span class='ocrx_word' id='word_1_696' title='bbox 2960 3873 3206 3949; x_wconf 78' lang='lat' dir='ltr'><strong>apologia</strong></span> <span class='ocrx_word' id='word_1_697' title='bbox 3230 3885 3421 3933; x_wconf 90' lang='lat' dir='ltr'><strong>contra</strong></span> <span class='ocrx_word' id='word_1_698' title='bbox 3444 3876 3721 3937; x_wconf 81' lang='lat' dir='ltr'><strong>Ruﬁnum</strong></span> 
     </span>
    </p>
   </div>
   <div class='ocr_carea' id='block_1_105' title="bbox 2109 3942 3739 4019">
    <p class='ocr_par' dir='ltr' id='par_1_105' title="bbox 2109 3942 3739 4019">
     <span class='ocr_line' id='line_1_108' title="bbox 2109 3942 3739 4019; baseline 0.006 -22"><span class='ocrx_word' id='word_1_699' title='bbox 2109 3942 2222 4014; x_wconf 85' lang='lat' dir='ltr'><strong>(lib.</strong></span> <span class='ocrx_word' id='word_1_700' title='bbox 2244 3958 2318 4000; x_wconf 82' lang='lat' dir='ltr'><strong>ur</strong></span> <span class='ocrx_word' id='word_1_701' title='bbox 2347 3960 2465 4015; x_wconf 89' lang='lat' dir='ltr'><strong>cap.</strong></span> <span class='ocrx_word' id='word_1_702' title='bbox 2492 3949 2550 4015; x_wconf 83' lang='lat'><strong>5)</strong></span> <span class='ocrx_word' id='word_1_703' title='bbox 2575 3965 2587 4019; x_wconf 69' lang='grc' dir='ltr'><strong>ς</strong></span> <span class='ocrx_word' id='word_1_704' title='bbox 2609 3942 2770 4004; x_wconf 84' lang='lat' dir='ltr'><strong>Nobis</strong></span> <span class='ocrx_word' id='word_1_705' title='bbox 2788 3948 2847 4001; x_wconf 89' lang='lat' dir='ltr'><strong>in</strong></span> <span class='ocrx_word' id='word_1_706' title='bbox 2869 3942 3188 4004; x_wconf 58' lang='lat' dir='ltr'><strong>monasterio</strong></span> <span class='ocrx_word' id='word_1_707' title='bbox 3205 3949 3546 4019; x_wconf 77' lang='lat' dir='ltr'><strong>hospitalitas</strong></span> <span class='ocrx_word' id='word_1_708' title='bbox 3562 3952 3739 4007; x_wconf 77' lang='lat' dir='ltr'><strong>cordi</strong></span> 
     </span>
    </p>
   </div>
   <div class='ocr_carea' id='block_1_106' title="bbox 2104 4017 3739 4088">
    <p class='ocr_par' dir='ltr' id='par_1_106' title="bbox 2104 4017 3739 4088">
     <span class='ocr_line' id='line_1_109' title="bbox 2104 4017 3739 4088; baseline 0.006 -18"><span class='ocrx_word' id='word_1_709' title='bbox 2104 4019 2202 4079; x_wconf 88' lang='lat' dir='ltr'><strong>est,</strong></span> <span class='ocrx_word' id='word_1_710' title='bbox 2219 4030 2502 4086; x_wconf 86' lang='lat' dir='ltr'><strong>omnesque</strong></span> <span class='ocrx_word' id='word_1_711' title='bbox 2514 4017 2589 4073; x_wconf 86' lang='lat' dir='ltr'><strong>ad</strong></span> <span class='ocrx_word' id='word_1_712' title='bbox 2605 4033 2703 4074; x_wconf 87' lang='lat' dir='ltr'><strong>nos</strong></span> <span class='ocrx_word' id='word_1_713' title='bbox 2718 4020 2984 4075; x_wconf 79' lang='lat' dir='ltr'><strong>venientes</strong></span> <span class='ocrx_word' id='word_1_714' title='bbox 3003 4019 3130 4074; x_wconf 73' lang='grc' dir='ltr'><strong>ιωεα</strong></span> <span class='ocrx_word' id='word_1_715' title='bbox 3149 4017 3509 4076; x_wconf 76' lang='lat' dir='ltr'><strong>humanitatis</strong></span> <span class='ocrx_word' id='word_1_716' title='bbox 3528 4023 3739 4088; x_wconf 76' lang='lat' dir='ltr'><strong>fronte</strong></span> 
     </span>
    </p>
   </div>
   <div class='ocr_carea' id='block_1_107' title="bbox 2104 4088 3722 4162">
    <p class='ocr_par' dir='ltr' id='par_1_107' title="bbox 2104 4088 3722 4162">
     <span class='ocr_line' id='line_1_110' title="bbox 2104 4088 3722 4162; baseline 0.005 -21"><span class='ocrx_word' id='word_1_717' title='bbox 2104 4088 2446 4162; x_wconf 77' lang='lat' dir='ltr'><strong>suscipimus.</strong></span> <span class='ocrx_word' id='word_1_718' title='bbox 2479 4091 2735 4162; x_wconf 67' lang='lat' dir='ltr'><strong>veremur</strong></span> <span class='ocrx_word' id='word_1_719' title='bbox 2745 4092 2887 4146; x_wconf 86' lang='lat' dir='ltr'><strong>enim</strong></span> <span class='ocrx_word' id='word_1_720' title='bbox 2908 4104 2973 4144; x_wconf 88' lang='lat' dir='ltr'><strong>ne</strong></span> <span class='ocrx_word' id='word_1_721' title='bbox 2993 4092 3171 4147; x_wconf 77' lang='lat' dir='ltr'><strong>Maria</strong></span> <span class='ocrx_word' id='word_1_722' title='bbox 3195 4106 3310 4146; x_wconf 84' lang='lat' dir='ltr'><strong>cum</strong></span> <span class='ocrx_word' id='word_1_723' title='bbox 3328 4093 3521 4162; x_wconf 85' lang='lat' dir='ltr'><strong>Joseph</strong></span> <span class='ocrx_word' id='word_1_724' title='bbox 3538 4094 3722 4149; x_wconf 67' lang='lat' dir='ltr'><strong>(actim</strong></span> 
     </span>
    </p>
   </div>
   <div class='ocr_carea' id='block_1_108' title="bbox 2104 4161 3724 4228">
    <p class='ocr_par' dir='ltr' id='par_1_108' title="bbox 2104 4161 3724 4228">
     <span class='ocr_line' id='line_1_111' title="bbox 2104 4161 3724 4228; baseline 0.005 -16"><span class='ocrx_word' id='word_1_725' title='bbox 2104 4173 2209 4213; x_wconf 87' lang='lat' dir='ltr'><strong>non</strong></span> <span class='ocrx_word' id='word_1_726' title='bbox 2230 4161 2472 4215; x_wconf 74' lang='lat' dir='ltr'><strong>inueniat</strong></span> <span class='ocrx_word' id='word_1_727' title='bbox 2495 4161 2553 4214; x_wconf 84' lang='lat' dir='ltr'><strong>in</strong></span> <span class='ocrx_word' id='word_1_728' title='bbox 2573 4161 2885 4228; x_wconf 83' lang='lat' dir='ltr'><strong>diversorio,</strong></span> <span class='ocrx_word' id='word_1_729' title='bbox 2913 4176 2980 4216; x_wconf 89' lang='lat' dir='ltr'><strong>ne</strong></span> <span class='ocrx_word' id='word_1_730' title='bbox 2998 4162 3150 4217; x_wconf 84' lang='lat' dir='ltr'><strong>nobis</strong></span> <span class='ocrx_word' id='word_1_731' title='bbox 3177 4165 3325 4219; x_wconf 86' lang='lat' dir='ltr'><strong>Jesus</strong></span> <span class='ocrx_word' id='word_1_732' title='bbox 3350 4161 3497 4218; x_wconf 79' lang='lat' dir='ltr'><strong>dicat</strong></span> <span class='ocrx_word' id='word_1_733' title='bbox 3517 4164 3724 4220; x_wconf 62' lang='lat' dir='ltr'><strong>emolu-</strong></span> 
     </span>
    </p>
   </div>
   <div class='ocr_carea' id='block_1_109' title="bbox 2102 4233 3731 4303">
    <p class='ocr_par' dir='ltr' id='par_1_109' title="bbox 2102 4233 3731 4303">
     <span class='ocr_line' id='line_1_112' title="bbox 2102 4233 3731 4303; baseline 0.002 -19"><span class='ocrx_word' id='word_1_734' title='bbox 2102 4242 2191 4303; x_wconf 79' lang='lat' dir='ltr'><strong>sus</strong></span> <span class='ocrx_word' id='word_1_735' title='bbox 2220 4248 2265 4303; x_wconf 87' lang='lat'><strong>:_</strong></span> <span class='ocrx_word' id='word_1_736' title='bbox 2286 4233 2484 4303; x_wconf 82' lang='lat' dir='ltr'><strong>Hospes</strong></span> <span class='ocrx_word' id='word_1_737' title='bbox 2508 4246 2690 4303; x_wconf 15' lang='lat' dir='ltr'><strong>ieram,</strong></span> <span class='ocrx_word' id='word_1_738' title='bbox 2728 4235 2781 4287; x_wconf 87' lang='lat' dir='ltr'><strong>et</strong></span> <span class='ocrx_word' id='word_1_739' title='bbox 2816 4246 2921 4287; x_wconf 88' lang='lat' dir='ltr'><strong>non</strong></span> <span class='ocrx_word' id='word_1_740' title='bbox 2943 4235 3249 4303; x_wconf 79' lang='lat' dir='ltr'><strong>suscepistis</strong></span> <span class='ocrx_word' id='word_1_741' title='bbox 3289 4248 3372 4289; x_wconf 87' lang='lat' dir='ltr'><strong>me</strong></span> <span class='ocrx_word' id='word_1_742' title='bbox 3400 4234 3579 4303; x_wconf 70' lang='lat' dir='ltr'><strong>(Luca:</strong></span> <span class='ocrx_word' id='word_1_743' title='bbox 3616 4251 3673 4292; x_wconf 87' lang='lat' dir='ltr'><strong>Il</strong></span> <span class='ocrx_word' id='word_1_744' title='bbox 3701 4259 3731 4303; x_wconf 81' lang='lat'><strong>;_</strong></span> 
     </span>
    </p>
   </div>
   <div class='ocr_carea' id='block_1_110' title="bbox 2106 4300 3723 4376">
    <p class='ocr_par' dir='ltr' id='par_1_110' title="bbox 2106 4300 3723 4376">
     <span class='ocr_line' id='line_1_113' title="bbox 2106 4300 3723 4376; baseline 0.004 -20"><span class='ocrx_word' id='word_1_745' title='bbox 2106 4300 2299 4376; x_wconf 77' lang='lat' dir='ltr'><strong>Matth.</strong></span> <span class='ocrx_word' id='word_1_746' title='bbox 2314 4301 2460 4376; x_wconf 71' lang='lat' dir='ltr'><strong>xxy)</strong></span> <span class='ocrx_word' id='word_1_747' title='bbox 2470 4340 2482 4352; x_wconf 91' lang='lat'><strong>.</strong></span> <span class='ocrx_word' id='word_1_748' title='bbox 2492 4302 2639 4357; x_wconf 90' lang='lat' dir='ltr'><strong>Solos</strong></span> <span class='ocrx_word' id='word_1_749' title='bbox 2649 4303 2918 4376; x_wconf 57' lang='lat' dir='ltr'><strong>hereticos</strong></span> <span class='ocrx_word' id='word_1_750' title='bbox 2928 4300 3348 4375; x_wconf 74' lang='lat' dir='ltr'><strong>nonrécipimus.</strong></span> <span class='ocrx_word' id='word_1_751' title='bbox 3362 4300 3723 4376; x_wconf 71' lang='lat' dir='ltr'><strong>Propositwn</strong></span> 
     </span>
    </p>
   </div>
   <div class='ocr_carea' id='block_1_111' title="bbox 2099 4371 3723 4496">
    <p class='ocr_par' dir='ltr' id='par_1_111' title="bbox 2099 4371 3723 4496">
     <span class='ocr_line' id='line_1_114' title="bbox 2099 4371 3723 4496; baseline 0.006 -72"><span class='ocrx_word' id='word_1_752' title='bbox 2099 4371 2483 4496; x_wconf 42' lang='lat' dir='ltr'><strong>ggﬁﬁrgobis</strong></span> <span class='ocrx_word' id='word_1_753' title='bbox 2508 4377 2587 4430; x_wconf 85' lang='lat' dir='ltr'><strong>est</strong></span> <span class='ocrx_word' id='word_1_754' title='bbox 2606 4373 2769 4443; x_wconf 83' lang='lat' dir='ltr'><strong>pedes</strong></span> <span class='ocrx_word' id='word_1_755' title='bbox 2797 4374 2980 4431; x_wconf 79' lang='lat' dir='ltr'><strong>lavare</strong></span> <span class='ocrx_word' id='word_1_756' title='bbox 3005 4371 3349 4440; x_wconf 70' lang='lat' dir='ltr'><strong>venientium,</strong></span> <span class='ocrx_word' id='word_1_757' title='bbox 3374 4371 3483 4433; x_wconf 73' lang='lat' dir='ltr'><strong>non</strong></span> <span class='ocrx_word' id='word_1_758' title='bbox 3509 4381 3723 4434; x_wconf 81' lang='lat' dir='ltr'><strong>merita</strong></span> 
     </span>
    </p>
   </div>
   <div class='ocr_carea' id='block_1_112' title="bbox 2140 4456 2382 4498">
    <p class='ocr_par' dir='ltr' id='par_1_112' title="bbox 2140 4456 2382 4498">
     <span class='ocr_line' id='line_1_115' title="bbox 2140 4456 2382 4498; baseline -0.004 -4"><span class='ocrx_word' id='word_1_759' title='bbox 2140 4456 2382 4498; x_wconf 73' lang='lat' dir='ltr'><strong>iscutere.</strong></span> 
     </span>
    </p>
   </div>
   <div class='ocr_carea' id='block_1_113' title="bbox 2126 4499 3741 4593">
    <p class='ocr_par' dir='ltr' id='par_1_113' title="bbox 2126 4499 3741 4593">
     <span class='ocr_line' id='line_1_116' title="bbox 2126 4499 3741 4593; baseline 0.006 -27"><span class='ocrx_word' id='word_1_760' title='bbox 2126 4580 2137 4593; x_wconf 44' lang='lat'><strong>.</strong></span> <span class='ocrx_word' id='word_1_761' title='bbox 2169 4499 2322 4568; x_wconf 67' lang='lat' dir='ltr'><strong>f&quot;Hic</strong></span> <span class='ocrx_word' id='word_1_762' title='bbox 2360 4528 2549 4571; x_wconf 87' lang='lat' dir='ltr'><strong>rursus</strong></span> <span class='ocrx_word' id='word_1_763' title='bbox 2588 4516 2899 4593; x_wconf 75' lang='lat' dir='ltr'><strong>humanitas</strong></span> <span class='ocrx_word' id='word_1_764' title='bbox 2927 4532 3026 4589; x_wconf 90' lang='lat' dir='ltr'><strong>pro</strong></span> <span class='ocrx_word' id='word_1_765' title='bbox 3067 4516 3741 4593; x_wconf 55' lang='lat' dir='ltr'><strong>hospitalitate._Adora-«</strong></span> 
     </span>
    </p>
   </div>
   <div class='ocr_carea' id='block_1_114' title="bbox 2098 4587 3733 4662">
    <p class='ocr_par' dir='ltr' id='par_1_114' title="bbox 2098 4587 3733 4662">
     <span class='ocr_line' id='line_1_117' title="bbox 2098 4587 3733 4662; baseline 0.008 -26"><span class='ocrx_word' id='word_1_766' title='bbox 2098 4587 2308 4662; x_wconf 75' lang='lat' dir='ltr'><strong>tionem</strong></span> <span class='ocrx_word' id='word_1_767' title='bbox 2352 4593 2537 4662; x_wconf 83' lang='lat' dir='ltr'><strong>autem</strong></span> <span class='ocrx_word' id='word_1_768' title='bbox 2586 4587 2851 4662; x_wconf 85' lang='lat' dir='ltr'><strong>inte_l_lige-</strong></span> <span class='ocrx_word' id='word_1_769' title='bbox 2881 4587 3151 4662; x_wconf 74' lang='lat' dir='ltr'><strong>honorem</strong></span> <span class='ocrx_word' id='word_1_770' title='bbox 3172 4587 3733 4662; x_wconf 68' lang='lat' dir='ltr'><strong>supervenientibus</strong></span> 
     </span>
    </p>
   </div>
   <div class='ocr_carea' id='block_1_115' title="bbox 2098 4651 3741 4733">
    <p class='ocr_par' dir='ltr' id='par_1_115' title="bbox 2098 4651 3741 4733">
     <span class='ocr_line' id='line_1_118' title="bbox 2098 4651 3741 4733; baseline 0.007 -25"><span class='ocrx_word' id='word_1_771' title='bbox 2098 4651 2353 4733; x_wconf 78' lang='lat' dir='ltr'><strong>fratribus</strong></span> <span class='ocrx_word' id='word_1_772' title='bbox 2374 4656 2483 4733; x_wconf 80' lang='lat' dir='ltr'><strong>sive</strong></span> <span class='ocrx_word' id='word_1_773' title='bbox 2508 4651 2814 4733; x_wconf 72' lang='lat' dir='ltr'><strong>hospitibus</strong></span> <span class='ocrx_word' id='word_1_774' title='bbox 2839 4658 3229 4717; x_wconf 82' lang='lat' dir='ltr'><strong>exhibendum.</strong></span> <span class='ocrx_word' id='word_1_775' title='bbox 3260 4651 3345 4718; x_wconf 75' lang='lat' dir='ltr'><strong>De</strong></span> <span class='ocrx_word' id='word_1_776' title='bbox 3364 4676 3474 4733; x_wconf 89' lang='lat' dir='ltr'><strong>quo</strong></span> <span class='ocrx_word' id='word_1_777' title='bbox 3505 4664 3578 4717; x_wconf 91' lang='lat' dir='ltr'><strong>D.</strong></span> <span class='ocrx_word' id='word_1_778' title='bbox 3608 4665 3741 4719; x_wconf 27' lang='lat' dir='ltr'><strong>Be-r</strong></span> 
     </span>
    </p>
   </div>
   <div class='ocr_carea' id='block_1_116' title="bbox 2094 4726 3731 4803">
    <p class='ocr_par' dir='ltr' id='par_1_116' title="bbox 2094 4726 3731 4803">
     <span class='ocr_line' id='line_1_119' title="bbox 2094 4726 3731 4803; baseline 0.006 -21"><span class='ocrx_word' id='word_1_779' title='bbox 2094 4726 2346 4803; x_wconf 82' lang='lat' dir='ltr'><strong>nedictus</strong></span> <span class='ocrx_word' id='word_1_780' title='bbox 2373 4728 2446 4785; x_wconf 90' lang='lat' dir='ltr'><strong>ita</strong></span> <span class='ocrx_word' id='word_1_781' title='bbox 2475 4726 2669 4786; x_wconf 78' lang='lat' dir='ltr'><strong>statuit</strong></span> <span class='ocrx_word' id='word_1_782' title='bbox 2694 4734 2839 4802; x_wconf 87' lang='lat' dir='ltr'><strong>(cap.</strong></span> <span class='ocrx_word' id='word_1_783' title='bbox 2870 4735 2954 4787; x_wconf 86' lang='grc'><strong>13.</strong></span> <span class='ocrx_word' id='word_1_784' title='bbox 2979 4735 3135 4801; x_wconf 82' lang='lat' dir='ltr'><strong>Reg.)</strong></span> <span class='ocrx_word' id='word_1_785' title='bbox 3164 4751 3177 4786; x_wconf 87' lang='lat'><strong>:</strong></span> <span class='ocrx_word' id='word_1_786' title='bbox 3232 4726 3421 4790; x_wconf 69' lang='lat' dir='ltr'><strong>Omnes</strong></span> <span class='ocrx_word' id='word_1_787' title='bbox 3448 4748 3731 4803; x_wconf 74' lang='lat' dir='ltr'><strong>superve-</strong></span> 
     </span>
    </p>
   </div>
   <div class='ocr_carea' id='block_1_117' title="bbox 2093 4800 3735 4875">
    <p class='ocr_par' dir='ltr' id='par_1_117' title="bbox 2093 4800 3735 4875">
     <span class='ocr_line' id='line_1_120' title="bbox 2093 4800 3735 4875; baseline 0.003 -20"><span class='ocrx_word' id='word_1_788' title='bbox 2093 4803 2298 4875; x_wconf 74' lang='lat' dir='ltr'><strong>nientes</strong></span> <span class='ocrx_word' id='word_1_789' title='bbox 2320 4800 2564 4870; x_wconf 79' lang='lat' dir='ltr'><strong>hospites,</strong></span> <span class='ocrx_word' id='word_1_790' title='bbox 2592 4800 2865 4873; x_wconf 76' lang='lat' dir='ltr'><strong>tamquam</strong></span> <span class='ocrx_word' id='word_1_791' title='bbox 2885 4803 3129 4860; x_wconf 81' lang='lat' dir='ltr'><strong>Christus</strong></span> <span class='ocrx_word' id='word_1_792' title='bbox 3155 4800 3545 4875; x_wconf 56' lang='lat' dir='ltr'><strong>suscipiantur,</strong></span> <span class='ocrx_word' id='word_1_793' title='bbox 3571 4809 3735 4875; x_wconf 77' lang='lat' dir='ltr'><strong>quia</strong></span> 
     </span>
    </p>
   </div>
   <div class='ocr_carea' id='block_1_118' title="bbox 2096 4871 3731 4945">
    <p class='ocr_par' dir='ltr' id='par_1_118' title="bbox 2096 4871 3731 4945">
     <span class='ocr_line' id='line_1_121' title="bbox 2096 4871 3731 4945; baseline 0.005 -20"><span class='ocrx_word' id='word_1_794' title='bbox 2096 4872 2209 4941; x_wconf 85' lang='lat' dir='ltr'><strong>ipse</strong></span> <span class='ocrx_word' id='word_1_795' title='bbox 2237 4871 2482 4945; x_wconf 69' lang='lat' dir='ltr'><strong>dicturus</strong></span> <span class='ocrx_word' id='word_1_796' title='bbox 2523 4878 2642 4940; x_wconf 88' lang='lat' dir='ltr'><strong>est;</strong></span> <span class='ocrx_word' id='word_1_797' title='bbox 2695 4871 2894 4944; x_wconf 80' lang='lat' dir='ltr'><strong>Hospes</strong></span> <span class='ocrx_word' id='word_1_798' title='bbox 2922 4875 3030 4943; x_wconf 84' lang='lat' dir='ltr'><strong>fui,</strong></span> <span class='ocrx_word' id='word_1_799' title='bbox 3072 4879 3123 4930; x_wconf 89' lang='lat' dir='ltr'><strong>et</strong></span> <span class='ocrx_word' id='word_1_800' title='bbox 3149 4871 3458 4945; x_wconf 68' lang='lat' dir='ltr'><strong>suscepistis</strong></span> <span class='ocrx_word' id='word_1_801' title='bbox 3496 4871 3605 4933; x_wconf 57' lang='lat' dir='ltr'><strong>me:</strong></span> <span class='ocrx_word' id='word_1_802' title='bbox 3640 4880 3731 4933; x_wconf 80' lang='lat' dir='ltr'><strong>Et</strong></span> 
     </span>
    </p>
   </div>
   <div class='ocr_carea' id='block_1_119' title="bbox 2098 4943 3733 5014">
    <p class='ocr_par' dir='ltr' id='par_1_119' title="bbox 2098 4943 3733 5014">
     <span class='ocr_line' id='line_1_122' title="bbox 2098 4943 3733 5014; baseline 0.004 -17"><span class='ocrx_word' id='word_1_803' title='bbox 2098 4943 2334 4998; x_wconf 82' lang='lat' dir='ltr'><strong>omnibus</strong></span> <span class='ocrx_word' id='word_1_804' title='bbox 2370 4959 2628 5013; x_wconf 77' lang='lat' dir='ltr'><strong>congruas</strong></span> <span class='ocrx_word' id='word_1_805' title='bbox 2654 4943 2823 5000; x_wconf 68' lang='lat' dir='ltr'><strong>honor</strong></span> <span class='ocrx_word' id='word_1_806' title='bbox 2859 4946 3196 5014; x_wconf 65' lang='lat' dir='ltr'><strong>exhibeatur,</strong></span> <span class='ocrx_word' id='word_1_807' title='bbox 3236 4943 3476 5002; x_wconf 66' lang='lat' dir='ltr'><strong>maxime</strong></span> <span class='ocrx_word' id='word_1_808' title='bbox 3524 4953 3733 5002; x_wconf 80' lang='lat' dir='ltr'><strong>tamen</strong></span> 
     </span>
    </p>
   </div>
   <div class='ocr_carea' id='block_1_120' title="bbox 2094 5014 3738 5087">
    <p class='ocr_par' dir='ltr' id='par_1_120' title="bbox 2094 5014 3738 5087">
     <span class='ocr_line' id='line_1_123' title="bbox 2094 5014 3738 5087; baseline 0.003 -19"><span class='ocrx_word' id='word_1_809' title='bbox 2094 5014 2388 5087; x_wconf 69' lang='lat' dir='ltr'><strong>domesticis</strong></span> <span class='ocrx_word' id='word_1_810' title='bbox 2410 5016 2540 5085; x_wconf 79' lang='lat' dir='ltr'><strong>ﬁdei</strong></span> <span class='ocrx_word' id='word_1_811' title='bbox 2557 5021 2607 5072; x_wconf 87' lang='lat' dir='ltr'><strong>et</strong></span> <span class='ocrx_word' id='word_1_812' title='bbox 2630 5018 2951 5087; x_wconf 80' lang='lat' dir='ltr'><strong>peregrinis.</strong></span> <span class='ocrx_word' id='word_1_813' title='bbox 2989 5020 3059 5073; x_wconf 92' lang='lat' dir='ltr'><strong>Ut</strong></span> <span class='ocrx_word' id='word_1_814' title='bbox 3079 5032 3202 5087; x_wconf 85' lang='lat' dir='ltr'><strong>ergo</strong></span> <span class='ocrx_word' id='word_1_815' title='bbox 3227 5020 3511 5073; x_wconf 78' lang='lat' dir='ltr'><strong>nuntiatus</strong></span> <span class='ocrx_word' id='word_1_816' title='bbox 3529 5021 3738 5086; x_wconf 74' lang='lat' dir='ltr'><strong>fuerit</strong></span> 
     </span>
    </p>
   </div>
   <div class='ocr_carea' id='block_1_121' title="bbox 2094 5085 3739 5158">
    <p class='ocr_par' dir='ltr' id='par_1_121' title="bbox 2094 5085 3739 5158">
     <span class='ocr_line' id='line_1_124' title="bbox 2094 5085 3739 5158; baseline 0.004 -19"><span class='ocrx_word' id='word_1_817' title='bbox 2094 5085 2299 5155; x_wconf 86' lang='lat' dir='ltr'><strong>hospes,</strong></span> <span class='ocrx_word' id='word_1_818' title='bbox 2344 5085 2654 5143; x_wconf 70' lang='lat' dir='ltr'><strong>occurratur</strong></span> <span class='ocrx_word' id='word_1_819' title='bbox 2703 5085 2823 5144; x_wconf 72' lang='lat' dir='ltr'><strong>eia</strong></span> <span class='ocrx_word' id='word_1_820' title='bbox 2859 5090 3056 5158; x_wconf 67' lang='lat' dir='ltr'><strong>jm&#39;ore,</strong></span> <span class='ocrx_word' id='word_1_821' title='bbox 3085 5085 3168 5143; x_wconf 79' lang='lat' dir='ltr'><strong>vel</strong></span> <span class='ocrx_word' id='word_1_822' title='bbox 3198 5105 3234 5144; x_wconf 81' lang='grc' dir='ltr'><strong><em>α</em></strong></span> <span class='ocrx_word' id='word_1_823' title='bbox 3274 5090 3549 5158; x_wconf 81' lang='lat' dir='ltr'><strong>fratribus</strong></span> <span class='ocrx_word' id='word_1_824' title='bbox 3583 5106 3739 5145; x_wconf 80' lang='lat' dir='ltr'><strong>cum</strong></span> 
     </span>
    </p>
   </div>
   <div class='ocr_carea' id='block_1_122' title="bbox 2092 5158 3763 5232">
    <p class='ocr_par' dir='ltr' id='par_1_122' title="bbox 2092 5158 3763 5232">
     <span class='ocr_line' id='line_1_125' title="bbox 2092 5158 3763 5232; baseline 0.003 -21"><span class='ocrx_word' id='word_1_825' title='bbox 2092 5160 2237 5232; x_wconf 79' lang='lat' dir='ltr'><strong>omni</strong></span> <span class='ocrx_word' id='word_1_826' title='bbox 2264 5158 2440 5232; x_wconf 76' lang='lat' dir='ltr'><strong>officio</strong></span> <span class='ocrx_word' id='word_1_827' title='bbox 2460 5159 2764 5232; x_wconf 68' lang='lat' dir='ltr'><strong>charitatis,</strong></span> <span class='ocrx_word' id='word_1_828' title='bbox 2790 5165 2839 5216; x_wconf 88' lang='lat' dir='ltr'><strong>et</strong></span> <span class='ocrx_word' id='word_1_829' title='bbox 2857 5162 3112 5232; x_wconf 80' lang='lat' dir='ltr'><strong>primitus</strong></span> <span class='ocrx_word' id='word_1_830' title='bbox 3136 5166 3287 5216; x_wconf 83' lang='lat' dir='ltr'><strong>orent</strong></span> <span class='ocrx_word' id='word_1_831' title='bbox 3302 5163 3532 5231; x_wconf 78' lang='lat' dir='ltr'><strong>pariter,</strong></span> <span class='ocrx_word' id='word_1_832' title='bbox 3556 5166 3625 5216; x_wconf 83' lang='lat' dir='ltr'><strong>et</strong></span> <span class='ocrx_word' id='word_1_833' title='bbox 3644 5163 3763 5216; x_wconf 78' lang='lat' dir='ltr'><strong>sic-</strong></span> 
     </span>
    </p>
   </div>
   <div class='ocr_carea' id='block_1_123' title="bbox 2092 5228 3769 5301">
    <p class='ocr_par' dir='ltr' id='par_1_123' title="bbox 2092 5228 3769 5301">
     <span class='ocr_line' id='line_1_126' title="bbox 2092 5228 3769 5301; baseline 0.003 -18"><span class='ocrx_word' id='word_1_834' title='bbox 2092 5228 2483 5301; x_wconf 35' lang='lat' dir='ltr'><strong>sib;isocieiztu1&#39;</strong></span> <span class='ocrx_word' id='word_1_835' title='bbox 2504 5231 2566 5285; x_wconf 85' lang='lat' dir='ltr'><strong>in</strong></span> <span class='ocrx_word' id='word_1_836' title='bbox 2580 5246 2730 5301; x_wconf 84' lang='lat' dir='ltr'><strong>pace.</strong></span> <span class='ocrx_word' id='word_1_837' title='bbox 2759 5233 2823 5286; x_wconf 88' lang='lat' dir='ltr'><strong>In</strong></span> <span class='ocrx_word' id='word_1_838' title='bbox 2846 5228 2965 5301; x_wconf 71' lang='lat' dir='ltr'><strong>ipsa</strong></span> <span class='ocrx_word' id='word_1_839' title='bbox 2983 5235 3161 5287; x_wconf 85' lang='lat' dir='ltr'><strong>autem</strong></span> <span class='ocrx_word' id='word_1_840' title='bbox 3184 5228 3508 5287; x_wconf 72' lang='lat' dir='ltr'><strong>salutatione</strong></span> <span class='ocrx_word' id='word_1_841' title='bbox 3523 5235 3769 5288; x_wconf 13' lang='lat' dir='ltr'><strong>omnis.</strong></span> 
     </span>
    </p>
   </div>
   <div class='ocr_carea' id='block_1_124' title="bbox 2093 5300 3755 5360">
    <p class='ocr_par' dir='ltr' id='par_1_124' title="bbox 2093 5300 3755 5360">
     <span class='ocr_line' id='line_1_127' title="bbox 2093 5300 3755 5360; baseline 0.004 -7"><span class='ocrx_word' id='word_1_842' title='bbox 2093 5300 2411 5355; x_wconf 74' lang='lat' dir='ltr'><strong>emhibeatur</strong></span> <span class='ocrx_word' id='word_1_843' title='bbox 2430 5300 2729 5357; x_wconf 84' lang='lat' dir='ltr'><strong>humilitas.</strong></span> <span class='ocrx_word' id='word_1_844' title='bbox 2755 5300 3011 5360; x_wconf 83' lang='lat' dir='ltr'><strong>Omnibus</strong></span> <span class='ocrx_word' id='word_1_845' title='bbox 3038 5303 3371 5359; x_wconf 75' lang='lat' dir='ltr'><strong>venientibus</strong></span> <span class='ocrx_word' id='word_1_846' title='bbox 3392 5305 3504 5358; x_wconf 84' lang='lat' dir='ltr'><strong>sive</strong></span> <span class='ocrx_word' id='word_1_847' title='bbox 3528 5304 3755 5359; x_wconf 69' lang='lat' dir='ltr'><strong>disce-</strong></span> 
     </span>
    </p>
   </div>
   <div class='ocr_carea' id='block_1_125' title="bbox 2095 5369 3757 5445">
    <p class='ocr_par' dir='ltr' id='par_1_125' title="bbox 2095 5369 3757 5445">
     <span class='ocr_line' id='line_1_128' title="bbox 2095 5369 3757 5445; baseline 0.004 -21"><span class='ocrx_word' id='word_1_848' title='bbox 2095 5369 2341 5445; x_wconf 79' lang='lat' dir='ltr'><strong>dentibus</strong></span> <span class='ocrx_word' id='word_1_849' title='bbox 2384 5372 2702 5442; x_wconf 85' lang='lat' dir='ltr'><strong>hospitibus,</strong></span> <span class='ocrx_word' id='word_1_850' title='bbox 2751 5375 3012 5429; x_wconf 84' lang='lat' dir='ltr'><strong>inclinato</strong></span> <span class='ocrx_word' id='word_1_851' title='bbox 3050 5376 3246 5445; x_wconf 84' lang='lat' dir='ltr'><strong>capite,</strong></span> <span class='ocrx_word' id='word_1_852' title='bbox 3292 5374 3375 5429; x_wconf 75' lang='lat' dir='ltr'><strong>uel</strong></span> <span class='ocrx_word' id='word_1_853' title='bbox 3413 5378 3757 5442; x_wconf 72' lang='lat' dir='ltr'><strong>prostrato</strong></span> 
     </span>
    </p>
   </div>
   <div class='ocr_carea' id='block_1_126' title="bbox 2092 5442 3757 5513">
    <p class='ocr_par' dir='ltr' id='par_1_126' title="bbox 2092 5442 3757 5513">
     <span class='ocr_line' id='line_1_129' title="bbox 2092 5442 3757 5513; baseline 0.004 -18"><span class='ocrx_word' id='word_1_854' title='bbox 2092 5442 2238 5495; x_wconf 83' lang='lat' dir='ltr'><strong>omni</strong></span> <span class='ocrx_word' id='word_1_855' title='bbox 2250 5456 2466 5511; x_wconf 75' lang='lat' dir='ltr'><strong>corpore</strong></span> <span class='ocrx_word' id='word_1_856' title='bbox 2486 5445 2543 5498; x_wconf 84' lang='lat' dir='ltr'><strong>in</strong></span> <span class='ocrx_word' id='word_1_857' title='bbox 2565 5447 2728 5513; x_wconf 71' lang='lat' dir='ltr'><strong>terra,</strong></span> <span class='ocrx_word' id='word_1_858' title='bbox 2756 5445 2995 5501; x_wconf 76' lang='lat' dir='ltr'><strong>Christus</strong></span> <span class='ocrx_word' id='word_1_859' title='bbox 3021 5448 3078 5499; x_wconf 86' lang='lat' dir='ltr'><strong>in</strong></span> <span class='ocrx_word' id='word_1_860' title='bbox 3101 5442 3175 5502; x_wconf 71' lang='lat' dir='ltr'><strong>eis</strong></span> <span class='ocrx_word' id='word_1_861' title='bbox 3204 5442 3478 5505; x_wconf 77' lang='lat' dir='ltr'><strong>adoretur,</strong></span> <span class='ocrx_word' id='word_1_862' title='bbox 3517 5448 3650 5513; x_wconf 81' lang='lat' dir='ltr'><strong>qui</strong></span> <span class='ocrx_word' id='word_1_863' title='bbox 3683 5451 3757 5501; x_wconf 76' lang='lat' dir='ltr'><strong>et</strong></span> 
     </span>
    </p>
   </div>
   <div class='ocr_carea' id='block_1_127' title="bbox 2091 5512 3755 5598">
    <p class='ocr_par' dir='ltr' id='par_1_127' title="bbox 2091 5512 3755 5598">
     <span class='ocr_line' id='line_1_130' title="bbox 2091 5512 3755 5598; baseline 0.004 -33"><span class='ocrx_word' id='word_1_864' title='bbox 2091 5513 2426 5598; x_wconf 30' lang='lat' dir='ltr'><strong>suscipitur:</strong></span> <span class='ocrx_word' id='word_1_865' title='bbox 2443 5512 2678 5598; x_wconf 44' lang='lat' dir='ltr'><strong>Haecﬂi&#39;bi</strong></span> <span class='ocrx_word' id='word_1_866' title='bbox 2709 5517 2875 5598; x_wconf 59' lang='lat' dir='ltr'><strong>gVide</strong></span> <span class='ocrx_word' id='word_1_867' title='bbox 2898 5518 2980 5598; x_wconf 76' lang='lat' dir='ltr'><strong>ibi</strong></span> <span class='ocrx_word' id='word_1_868' title='bbox 3010 5520 3333 5598; x_wconf 57' lang='lat' dir='ltr'><strong>Turrecrem:</strong></span> <span class='ocrx_word' id='word_1_869' title='bbox 3373 5512 3755 5598; x_wconf 89' lang='lat' dir='ltr'><strong>et</strong></span> 
     </span>
    </p>
   </div>
   <div class='ocr_carea' id='block_1_128' title="bbox 2093 5581 3749 5659">
    <p class='ocr_par' dir='ltr' id='par_1_128' title="bbox 2093 5581 3749 5659">
     <span class='ocr_line' id='line_1_131' title="bbox 2093 5581 3749 5659; baseline 0.005 -26"><span class='ocrx_word' id='word_1_870' title='bbox 2093 5581 2243 5659; x_wconf 57' lang='lat' dir='ltr'><strong>(iam,</strong></span> <span class='ocrx_word' id='word_1_871' title='bbox 2260 5587 2310 5636; x_wconf 89' lang='lat' dir='ltr'><strong>et</strong></span> <span class='ocrx_word' id='word_1_872' title='bbox 2333 5586 2556 5659; x_wconf 68' lang='lat' dir='ltr'><strong>Petrum</strong></span> <span class='ocrx_word' id='word_1_873' title='bbox 2567 5581 2806 5659; x_wconf 74' lang='lat' dir='ltr'><strong>Cluniae.</strong></span> <span class='ocrx_word' id='word_1_874' title='bbox 2828 5591 2981 5659; x_wconf 84' lang='lat' dir='ltr'><strong>epist.</strong></span> <span class='ocrx_word' id='word_1_875' title='bbox 3015 5591 3084 5644; x_wconf 82' lang='lat'><strong>28</strong></span> <span class='ocrx_word' id='word_1_876' title='bbox 3110 5604 3154 5643; x_wconf 79' lang='grc' dir='ltr'><strong><em>ο.</em></strong></span> <span class='ocrx_word' id='word_1_877' title='bbox 3176 5595 3228 5652; x_wconf 82' lang='grc'><strong>3,</strong></span> <span class='ocrx_word' id='word_1_878' title='bbox 3247 5588 3426 5659; x_wconf 60' lang='lat' dir='ltr'><strong>ethvt</strong></span> <span class='ocrx_word' id='word_1_879' title='bbox 3444 5588 3625 5657; x_wconf 79' lang='lat' dir='ltr'><strong>epist.</strong></span> <span class='ocrx_word' id='word_1_880' title='bbox 3636 5581 3749 5659; x_wconf 63' lang='lat'><strong>63.</strong></span> 
     </span>
    </p>
   </div>
   <div class='ocr_carea' id='block_1_129' title="bbox 2092 5652 3752 5730">
    <p class='ocr_par' dir='ltr' id='par_1_129' title="bbox 2092 5652 3752 5730">
     <span class='ocr_line' id='line_1_132' title="bbox 2092 5652 3752 5730; baseline 0.004 -23"><span class='ocrx_word' id='word_1_881' title='bbox 2092 5652 2270 5730; x_wconf 80' lang='lat' dir='ltr'><strong>_Huju_s</strong></span> <span class='ocrx_word' id='word_1_882' title='bbox 2295 5668 2457 5724; x_wconf 90' lang='lat' dir='ltr'><strong>porro</strong></span> <span class='ocrx_word' id='word_1_883' title='bbox 2474 5655 2825 5730; x_wconf 76' lang='lat' dir='ltr'><strong>adorationis</strong></span> <span class='ocrx_word' id='word_1_884' title='bbox 2849 5652 2907 5715; x_wconf 74' lang='lat' dir='ltr'><strong>et</strong></span> <span class='ocrx_word' id='word_1_885' title='bbox 2946 5659 3173 5716; x_wconf 88' lang='lat' dir='ltr'><strong>honoris</strong></span> <span class='ocrx_word' id='word_1_886' title='bbox 3208 5652 3515 5730; x_wconf 71' lang='lat' dir='ltr'><strong>hospitibus</strong></span> <span class='ocrx_word' id='word_1_887' title='bbox 3539 5652 3752 5730; x_wconf 64' lang='lat' dir='ltr'><strong>exili-</strong></span> 
     </span>
    </p>
   </div>
   <div class='ocr_carea' id='block_1_130' title="bbox 2092 5722 3757 5803">
    <p class='ocr_par' dir='ltr' id='par_1_130' title="bbox 2092 5722 3757 5803">
     <span class='ocr_line' id='line_1_133' title="bbox 2092 5722 3757 5803; baseline 0.005 -25"><span class='ocrx_word' id='word_1_888' title='bbox 2092 5722 2253 5803; x_wconf 76' lang='lat' dir='ltr'><strong>bendi</strong></span> <span class='ocrx_word' id='word_1_889' title='bbox 2278 5722 2892 5803; x_wconf 63' lang='lat' dir='ltr'><strong>exemplumpraebnere</strong></span> <span class='ocrx_word' id='word_1_890' title='bbox 2922 5730 3122 5803; x_wconf 85' lang='lat' dir='ltr'><strong>summi</strong></span> <span class='ocrx_word' id='word_1_891' title='bbox 3160 5722 3484 5803; x_wconf 73' lang='lat' dir='ltr'><strong>patriarchae</strong></span> <span class='ocrx_word' id='word_1_892' title='bbox 3528 5729 3757 5803; x_wconf 70' lang='lat' dir='ltr'><strong>Abra-</strong></span> 
     </span>
    </p>
   </div>
   <div class='ocr_carea' id='block_1_131' title="bbox 2095 5794 3761 5875">
    <p class='ocr_par' dir='ltr' id='par_1_131' title="bbox 2095 5794 3761 5875">
     <span class='ocr_line' id='line_1_134' title="bbox 2095 5794 3761 5875; baseline 0.011 -26"><span class='ocrx_word' id='word_1_893' title='bbox 2095 5794 2223 5875; x_wconf 88' lang='lat' dir='ltr'><strong>ham</strong></span> <span class='ocrx_word' id='word_1_894' title='bbox 2264 5805 2318 5852; x_wconf 91' lang='lat' dir='ltr'><strong>et</strong></span> <span class='ocrx_word' id='word_1_895' title='bbox 2344 5794 2475 5875; x_wconf 55' lang='lat' dir='ltr'><strong>Lo_t‘,_</strong></span> <span class='ocrx_word' id='word_1_896' title='bbox 2516 5794 2884 5875; x_wconf 63' lang='lat' dir='ltr'><strong>qui&#39;hospites</strong></span> <span class='ocrx_word' id='word_1_897' title='bbox 2927 5794 3182 5860; x_wconf 76' lang='lat' dir='ltr'><strong>adorasse</strong></span> <span class='ocrx_word' id='word_1_898' title='bbox 3215 5801 3476 5875; x_wconf 86' lang='lat' dir='ltr'><strong>leguntur</strong></span> <span class='ocrx_word' id='word_1_899' title='bbox 3516 5799 3761 5873; x_wconf 52' lang='lat' dir='ltr'><strong>proni,</strong></span> 
     </span>
    </p>
   </div>
   <div class='ocr_carea' id='block_1_132' title="bbox 2093 5870 3327 5945">
    <p class='ocr_par' dir='ltr' id='par_1_132' title="bbox 2093 5870 3327 5945">
     <span class='ocr_line' id='line_1_135' title="bbox 2093 5870 3327 5945; baseline 0.005 -21"><span class='ocrx_word' id='word_1_900' title='bbox 2093 5874 2149 5924; x_wconf 89' lang='lat' dir='ltr'><strong>et</strong></span> <span class='ocrx_word' id='word_1_901' title='bbox 2176 5870 2430 5942; x_wconf 90' lang='lat' dir='ltr'><strong>prostrati</strong></span> <span class='ocrx_word' id='word_1_902' title='bbox 2460 5871 2515 5927; x_wconf 91' lang='lat' dir='ltr'><strong>in</strong></span> <span class='ocrx_word' id='word_1_903' title='bbox 2536 5870 2974 5945; x_wconf 61' lang='lat' dir='ltr'><strong>terram&#39;(Genes.</strong></span> <span class='ocrx_word' id='word_1_904' title='bbox 3003 5888 3121 5931; x_wconf 85' lang='lat' dir='ltr'><strong>vm</strong></span> <span class='ocrx_word' id='word_1_905' title='bbox 3144 5878 3199 5931; x_wconf 86' lang='lat' dir='ltr'><strong>et</strong></span> <span class='ocrx_word' id='word_1_906' title='bbox 3223 5870 3327 5944; x_wconf 62' lang='lat' dir='ltr'><strong>if).</strong></span> 
     </span>
    </p>
   </div>
  </div>
