  <div class='ocr_page' id='page_1' title='image "/cluster/home/n/w/nwhite01/storage/ocr_20150623/49/hvd.32044096580709/286.png"; bbox 0 0 3982 6202; ppageno 0'>
   <div class='ocr_carea' id='block_1_1' title="bbox 279 317 372 371">
    <p class='ocr_par' dir='ltr' id='par_1_1' title="bbox 279 317 372 371">
     <span class='ocr_line' id='line_1_1' title="bbox 279 317 372 371; baseline 0.032 -4"><span class='ocrx_word' id='word_1_1' title='bbox 279 317 372 371; x_wconf 78' lang='grc'><strong>557</strong></span> 
     </span>
    </p>
   </div>
   <div class='ocr_carea' id='block_1_2' title="bbox 1025 311 2829 375">
    <p class='ocr_par' dir='ltr' id='par_1_2' title="bbox 1025 311 2829 375">
     <span class='ocr_line' id='line_1_2' title="bbox 1025 311 2829 375; baseline 0.003 -6"><span class='ocrx_word' id='word_1_2' title='bbox 1025 311 1363 369; x_wconf 78' lang='lat' dir='ltr'><strong>COLLATIO</strong></span> <span class='ocrx_word' id='word_1_3' title='bbox 1402 314 1490 367; x_wconf 88' lang='lat' dir='ltr'><strong>Ill.</strong></span> <span class='ocrx_word' id='word_1_4' title='bbox 1530 342 1602 354; x_wconf 91' lang='lat'><strong>-</strong></span> <span class='ocrx_word' id='word_1_5' title='bbox 1639 313 1729 368; x_wconf 86' lang='lat' dir='ltr'><strong>DE</strong></span> <span class='ocrx_word' id='word_1_6' title='bbox 1768 312 2018 371; x_wconf 82' lang='lat' dir='ltr'><strong>TRIBUS</strong></span> <span class='ocrx_word' id='word_1_7' title='bbox 2054 314 2829 375; x_wconf 80' lang='lat' dir='ltr'><strong>ABRENUNTIATIONIBUS.</strong></span> 
     </span>
    </p>
   </div>
   <div class='ocr_carea' id='block_1_3' title="bbox 3476 329 3578 383">
    <p class='ocr_par' dir='ltr' id='par_1_3' title="bbox 3476 329 3578 383">
     <span class='ocr_line' id='line_1_3' title="bbox 3476 329 3578 383; baseline 0.02 -2"><span class='ocrx_word' id='word_1_8' title='bbox 3476 329 3578 383; x_wconf 78' lang='lat'><strong>558</strong></span> 
     </span>
    </p>
   </div>
   <div class='ocr_carea' id='block_1_4' title="bbox 280 434 3579 519">
    <p class='ocr_par' dir='ltr' id='par_1_4' title="bbox 280 434 3579 519">
     <span class='ocr_line' id='line_1_4' title="bbox 280 434 3579 519; baseline 0.002 -22"><span class='ocrx_word' id='word_1_9' title='bbox 280 454 416 497; x_wconf 91' lang='lat' dir='ltr'><strong>mus.</strong></span> <span class='ocrx_word' id='word_1_10' title='bbox 462 437 517 497; x_wconf 88' lang='lat' dir='ltr'><strong>Si</strong></span> <span class='ocrx_word' id='word_1_11' title='bbox 539 452 667 496; x_wconf 83' lang='lat' dir='ltr'><strong>vero</strong></span> <span class='ocrx_word' id='word_1_12' title='bbox 714 436 901 495; x_wconf 85' lang='lat' dir='ltr'><strong>nullus</strong></span> <span class='ocrx_word' id='word_1_13' title='bbox 933 434 1232 505; x_wconf 80' lang='lat' dir='ltr'><strong>advenerit,</strong></span> <span class='ocrx_word' id='word_1_14' title='bbox 1263 434 1412 493; x_wconf 88' lang='lat' dir='ltr'><strong>hunc</strong></span> <span class='ocrx_word' id='word_1_15' title='bbox 1456 452 1676 509; x_wconf 90' lang='lat' dir='ltr'><strong>quoque</strong></span> <span class='ocrx_word' id='word_1_16' title='bbox 1726 436 1875 494; x_wconf 91' lang='lat' dir='ltr'><strong>velut</strong></span> <span class='ocrx_word' id='word_1_17' title='bbox 1900 442 1954 505; x_wconf 83' lang='grc' dir='ltr'>Α</span> <span class='ocrx_word' id='word_1_18' title='bbox 1981 436 2088 495; x_wconf 88' lang='lat' dir='ltr'><strong>bus</strong></span> <span class='ocrx_word' id='word_1_19' title='bbox 2127 454 2231 496; x_wconf 89' lang='lat' dir='ltr'><strong>nos</strong></span> <span class='ocrx_word' id='word_1_20' title='bbox 2277 439 2468 497; x_wconf 91' lang='lat' dir='ltr'><strong>beatus</strong></span> <span class='ocrx_word' id='word_1_21' title='bbox 2502 443 2686 498; x_wconf 85' lang='lat' dir='ltr'><strong>Moses</strong></span> <span class='ocrx_word' id='word_1_22' title='bbox 2728 442 2960 514; x_wconf 60' lang='lat' dir='ltr'><strong>gemina</strong></span> <span class='ocrx_word' id='word_1_23' title='bbox 2998 442 3352 507; x_wconf 78' lang='lat' dir='ltr'><strong>institutionis</strong></span> <span class='ocrx_word' id='word_1_24' title='bbox 3403 448 3579 519; x_wconf 84' lang='lat' dir='ltr'><strong>epulis</strong></span> 
     </span>
    </p>
   </div>
   <div class='ocr_carea' id='block_1_5' title="bbox 281 530 1867 603">
    <p class='ocr_par' dir='ltr' id='par_1_5' title="bbox 281 530 1867 603">
     <span class='ocr_line' id='line_1_5' title="bbox 281 530 1867 603; baseline 0 -14"><span class='ocrx_word' id='word_1_25' title='bbox 281 531 345 590; x_wconf 85' lang='lat' dir='ltr'><strong>de</strong></span> <span class='ocrx_word' id='word_1_26' title='bbox 358 532 617 589; x_wconf 71' lang='lat' dir='ltr'><strong>monico</strong></span> <span class='ocrx_word' id='word_1_27' title='bbox 635 530 806 589; x_wconf 89' lang='lat' dir='ltr'><strong>modo</strong></span> <span class='ocrx_word' id='word_1_28' title='bbox 816 530 1063 588; x_wconf 89' lang='lat' dir='ltr'><strong>debitum</strong></span> <span class='ocrx_word' id='word_1_29' title='bbox 1078 531 1236 589; x_wconf 91' lang='lat' dir='ltr'><strong>nobis</strong></span> <span class='ocrx_word' id='word_1_30' title='bbox 1253 530 1423 588; x_wconf 78' lang='lat' dir='ltr'><strong>libere</strong></span> <span class='ocrx_word' id='word_1_31' title='bbox 1443 546 1867 603; x_wconf 67' lang='lat' dir='ltr'><strong>prazsumemus;</strong></span> 
     </span>
    </p>
   </div>
   <div class='ocr_carea' id='block_1_6' title="bbox 281 623 1873 699">
    <p class='ocr_par' dir='ltr' id='par_1_6' title="bbox 281 623 1873 699">
     <span class='ocr_line' id='line_1_6' title="bbox 281 623 1873 699; baseline -0.001 -17"><span class='ocrx_word' id='word_1_32' title='bbox 281 638 378 696; x_wconf 77' lang='lat' dir='ltr'><strong>qua</strong></span> <span class='ocrx_word' id='word_1_33' title='bbox 414 623 674 697; x_wconf 79' lang='lat' dir='ltr'><strong>parcitate</strong></span> <span class='ocrx_word' id='word_1_34' title='bbox 709 639 812 681; x_wconf 88' lang='lat' dir='ltr'><strong>nec</strong></span> <span class='ocrx_word' id='word_1_35' title='bbox 837 623 1155 682; x_wconf 81' lang='lat' dir='ltr'><strong>stomachus</strong></span> <span class='ocrx_word' id='word_1_36' title='bbox 1181 639 1403 697; x_wconf 81' lang='lat' dir='ltr'><strong>vespere</strong></span> <span class='ocrx_word' id='word_1_37' title='bbox 1439 624 1644 697; x_wconf 90' lang='lat' dir='ltr'><strong>poterit</strong></span> <span class='ocrx_word' id='word_1_38' title='bbox 1676 640 1873 699; x_wconf 88' lang='lat' dir='ltr'><strong>aggra-</strong></span> 
     </span>
    </p>
   </div>
   <div class='ocr_carea' id='block_1_7' title="bbox 281 716 1873 792">
    <p class='ocr_par' dir='ltr' id='par_1_7' title="bbox 281 716 1873 792">
     <span class='ocr_line' id='line_1_7' title="bbox 281 716 1873 792; baseline 0.003 -21"><span class='ocrx_word' id='word_1_39' title='bbox 281 717 409 787; x_wconf 85' lang='lat' dir='ltr'><strong>vari,</strong></span> <span class='ocrx_word' id='word_1_40' title='bbox 432 717 634 792; x_wconf 82' lang='lat' dir='ltr'><strong>quippe</strong></span> <span class='ocrx_word' id='word_1_41' title='bbox 666 716 803 774; x_wconf 89' lang='lat' dir='ltr'><strong>hora</strong></span> <span class='ocrx_word' id='word_1_42' title='bbox 829 732 979 774; x_wconf 89' lang='lat' dir='ltr'><strong>nona</strong></span> <span class='ocrx_word' id='word_1_43' title='bbox 1012 733 1124 776; x_wconf 91' lang='lat' dir='ltr'><strong>uno</strong></span> <span class='ocrx_word' id='word_1_44' title='bbox 1157 716 1462 792; x_wconf 82' lang='lat' dir='ltr'><strong>paximacio</strong></span> <span class='ocrx_word' id='word_1_45' title='bbox 1482 717 1600 790; x_wconf 88' lang='lat' dir='ltr'><strong>jam</strong></span> <span class='ocrx_word' id='word_1_46' title='bbox 1624 719 1873 792; x_wconf 69' lang='lat' dir='ltr'><strong>praemis-</strong></span> 
     </span>
    </p>
   </div>
   <div class='ocr_carea' id='block_1_8' title="bbox 279 808 1876 883">
    <p class='ocr_par' dir='ltr' id='par_1_8' title="bbox 279 808 1876 883">
     <span class='ocr_line' id='line_1_8' title="bbox 279 808 1876 883; baseline -0.002 -14"><span class='ocrx_word' id='word_1_47' title='bbox 279 824 358 880; x_wconf 81' lang='lat' dir='ltr'><strong>so,</strong></span> <span class='ocrx_word' id='word_1_48' title='bbox 386 808 537 883; x_wconf 90' lang='lat' dir='ltr'><strong>quod</strong></span> <span class='ocrx_word' id='word_1_49' title='bbox 574 808 896 883; x_wconf 85' lang='lat' dir='ltr'><strong>plerumque</strong></span> <span class='ocrx_word' id='word_1_50' title='bbox 921 809 1008 868; x_wconf 86' lang='lat' dir='ltr'><strong>his</strong></span> <span class='ocrx_word' id='word_1_51' title='bbox 1043 811 1142 883; x_wconf 89' lang='lat' dir='ltr'><strong>qui</strong></span> <span class='ocrx_word' id='word_1_52' title='bbox 1176 810 1568 869; x_wconf 83' lang='lat' dir='ltr'><strong>districtiorem</strong></span> <span class='ocrx_word' id='word_1_53' title='bbox 1602 811 1876 868; x_wconf 85' lang='lat' dir='ltr'><strong>abstinen-</strong></span> 
     </span>
    </p>
   </div>
   <div class='ocr_carea' id='block_1_9' title="bbox 282 903 1873 975">
    <p class='ocr_par' dir='ltr' id='par_1_9' title="bbox 282 903 1873 975">
     <span class='ocr_line' id='line_1_9' title="bbox 282 903 1873 975; baseline -0.001 -13"><span class='ocrx_word' id='word_1_54' title='bbox 282 904 409 962; x_wconf 87' lang='lat' dir='ltr'><strong>tiam</strong></span> <span class='ocrx_word' id='word_1_55' title='bbox 435 920 496 963; x_wconf 86' lang='lat' dir='ltr'><strong>se</strong></span> <span class='ocrx_word' id='word_1_56' title='bbox 532 912 718 963; x_wconf 88' lang='lat' dir='ltr'><strong>tenere</strong></span> <span class='ocrx_word' id='word_1_57' title='bbox 751 903 1058 975; x_wconf 85' lang='lat' dir='ltr'><strong>credentes,</strong></span> <span class='ocrx_word' id='word_1_58' title='bbox 1093 914 1271 963; x_wconf 89' lang='lat' dir='ltr'><strong>totam</strong></span> <span class='ocrx_word' id='word_1_59' title='bbox 1301 905 1650 965; x_wconf 86' lang='lat' dir='ltr'><strong>refectionem</strong></span> <span class='ocrx_word' id='word_1_60' title='bbox 1684 904 1757 962; x_wconf 89' lang='lat' dir='ltr'><strong>ad</strong></span> <span class='ocrx_word' id='word_1_61' title='bbox 1784 920 1873 961; x_wconf 90' lang='lat' dir='ltr'><strong>ve-</strong></span> 
     </span>
    </p>
   </div>
   <div class='ocr_carea' id='block_1_10' title="bbox 281 996 1875 1070">
    <p class='ocr_par' dir='ltr' id='par_1_10' title="bbox 281 996 1875 1070">
     <span class='ocr_line' id='line_1_10' title="bbox 281 996 1875 1070; baseline 0 -16"><span class='ocrx_word' id='word_1_62' title='bbox 281 1011 493 1070; x_wconf 88' lang='lat' dir='ltr'><strong>speram</strong></span> <span class='ocrx_word' id='word_1_63' title='bbox 545 996 851 1067; x_wconf 85' lang='lat' dir='ltr'><strong>differunt,</strong></span> <span class='ocrx_word' id='word_1_64' title='bbox 901 999 1119 1063; x_wconf 76' lang='lat' dir='ltr'><strong>evenire</strong></span> <span class='ocrx_word' id='word_1_65' title='bbox 1161 1001 1458 1056; x_wconf 86' lang='lat' dir='ltr'><strong>consuevit.</strong></span> <span class='ocrx_word' id='word_1_66' title='bbox 1502 1001 1644 1055; x_wconf 89' lang='lat' dir='ltr'><strong>Nam</strong></span> <span class='ocrx_word' id='word_1_67' title='bbox 1688 1012 1875 1055; x_wconf 81' lang='lat' dir='ltr'><strong>recens</strong></span> 
     </span>
    </p>
   </div>
   <div class='ocr_carea' id='block_1_11' title="bbox 282 1092 1877 1166">
    <p class='ocr_par' dir='ltr' id='par_1_11' title="bbox 282 1092 1877 1166">
     <span class='ocr_line' id='line_1_11' title="bbox 282 1092 1877 1166; baseline -0.003 -14"><span class='ocrx_word' id='word_1_68' title='bbox 282 1106 414 1152; x_wconf 67' lang='lat' dir='ltr'><strong>esca:</strong></span> <span class='ocrx_word' id='word_1_69' title='bbox 436 1092 708 1165; x_wconf 84' lang='lat' dir='ltr'><strong>perceptio</strong></span> <span class='ocrx_word' id='word_1_70' title='bbox 736 1100 852 1149; x_wconf 89' lang='lat' dir='ltr'><strong>tam</strong></span> <span class='ocrx_word' id='word_1_71' title='bbox 878 1092 936 1148; x_wconf 91' lang='lat' dir='ltr'><strong>in</strong></span> <span class='ocrx_word' id='word_1_72' title='bbox 966 1093 1294 1165; x_wconf 89' lang='lat' dir='ltr'><strong>vespertinis</strong></span> <span class='ocrx_word' id='word_1_73' title='bbox 1321 1108 1485 1166; x_wconf 87' lang='lat' dir='ltr'><strong>quam</strong></span> <span class='ocrx_word' id='word_1_74' title='bbox 1512 1092 1569 1149; x_wconf 91' lang='lat' dir='ltr'><strong>in</strong></span> <span class='ocrx_word' id='word_1_75' title='bbox 1592 1092 1877 1150; x_wconf 87' lang='lat' dir='ltr'><strong>nocturnis</strong></span> 
     </span>
    </p>
   </div>
   <div class='ocr_carea' id='block_1_12' title="bbox 282 1186 1874 1260">
    <p class='ocr_par' dir='ltr' id='par_1_12' title="bbox 282 1186 1874 1260">
     <span class='ocr_line' id='line_1_12' title="bbox 282 1186 1874 1260; baseline -0.003 -15"><span class='ocrx_word' id='word_1_76' title='bbox 282 1186 615 1245; x_wconf 85' lang='lat' dir='ltr'><strong>orationibus</strong></span> <span class='ocrx_word' id='word_1_77' title='bbox 636 1194 854 1243; x_wconf 86' lang='lat' dir='ltr'><strong>tenuem</strong></span> <span class='ocrx_word' id='word_1_78' title='bbox 881 1188 1166 1260; x_wconf 87' lang='lat' dir='ltr'><strong>levemque</strong></span> <span class='ocrx_word' id='word_1_79' title='bbox 1187 1201 1411 1245; x_wconf 87' lang='lat' dir='ltr'><strong>sensum</strong></span> <span class='ocrx_word' id='word_1_80' title='bbox 1429 1203 1538 1247; x_wconf 89' lang='lat' dir='ltr'><strong>non</strong></span> <span class='ocrx_word' id='word_1_81' title='bbox 1568 1187 1700 1244; x_wconf 84' lang='lat' dir='ltr'><strong>sinit</strong></span> <span class='ocrx_word' id='word_1_82' title='bbox 1728 1186 1874 1242; x_wconf 90' lang='lat' dir='ltr'><strong>inve-</strong></span> 
     </span>
    </p>
   </div>
   <div class='ocr_carea' id='block_1_13' title="bbox 1977 533 3579 613">
    <p class='ocr_par' dir='ltr' id='par_1_13' title="bbox 1977 533 3579 613">
     <span class='ocr_line' id='line_1_13' title="bbox 1977 533 3579 613; baseline 0.006 -25"><span class='ocrx_word' id='word_1_83' title='bbox 1977 533 2272 605; x_wconf 85' lang='lat' dir='ltr'><strong>saginavit;</strong></span> <span class='ocrx_word' id='word_1_84' title='bbox 2302 549 2417 589; x_wconf 93' lang='lat' dir='ltr'><strong>non</strong></span> <span class='ocrx_word' id='word_1_85' title='bbox 2446 534 2630 591; x_wconf 90' lang='lat' dir='ltr'><strong>solum</strong></span> <span class='ocrx_word' id='word_1_86' title='bbox 2660 535 2998 593; x_wconf 88' lang='lat' dir='ltr'><strong>discretionis</strong></span> <span class='ocrx_word' id='word_1_87' title='bbox 3025 538 3260 610; x_wconf 82' lang='lat' dir='ltr'><strong>gratiam</strong></span> <span class='ocrx_word' id='word_1_88' title='bbox 3288 547 3452 613; x_wconf 88' lang='lat' dir='ltr'><strong>atque</strong></span> <span class='ocrx_word' id='word_1_89' title='bbox 3477 542 3579 598; x_wconf 88' lang='lat' dir='ltr'><strong>vir-</strong></span> 
     </span>
    </p>
   </div>
   <div class='ocr_carea' id='block_1_14' title="bbox 1979 627 3579 703">
    <p class='ocr_par' dir='ltr' id='par_1_14' title="bbox 1979 627 3579 703">
     <span class='ocr_line' id='line_1_14' title="bbox 1979 627 3579 703; baseline 0.006 -19"><span class='ocrx_word' id='word_1_90' title='bbox 1979 633 2158 684; x_wconf 88' lang='lat' dir='ltr'><strong>tutem</strong></span> <span class='ocrx_word' id='word_1_91' title='bbox 2210 627 2468 700; x_wconf 69' lang='lat' dir='ltr'><strong>praesenti</strong></span> <span class='ocrx_word' id='word_1_92' title='bbox 2526 628 2828 686; x_wconf 83' lang='lat' dir='ltr'><strong>eruditione</strong></span> <span class='ocrx_word' id='word_1_93' title='bbox 2874 631 3162 688; x_wconf 87' lang='lat' dir='ltr'><strong>verborum</strong></span> <span class='ocrx_word' id='word_1_94' title='bbox 3192 675 3206 703; x_wconf 91' lang='lat'><strong>,</strong></span> <span class='ocrx_word' id='word_1_95' title='bbox 3266 634 3362 691; x_wconf 89' lang='lat' dir='ltr'><strong>sed</strong></span> <span class='ocrx_word' id='word_1_96' title='bbox 3410 635 3579 692; x_wconf 89' lang='lat' dir='ltr'><strong>etiam</strong></span> 
     </span>
    </p>
   </div>
   <div class='ocr_carea' id='block_1_15' title="bbox 1980 720 3578 802">
    <p class='ocr_par' dir='ltr' id='par_1_15' title="bbox 1980 720 3578 802">
     <span class='ocr_line' id='line_1_15' title="bbox 1980 720 3578 802; baseline 0.007 -26"><span class='ocrx_word' id='word_1_97' title='bbox 1980 720 2394 779; x_wconf 89' lang='lat' dir='ltr'><strong>abrenuntiandi</strong></span> <span class='ocrx_word' id='word_1_98' title='bbox 2421 724 2694 780; x_wconf 91' lang='lat' dir='ltr'><strong>rationem</strong></span> <span class='ocrx_word' id='word_1_99' title='bbox 2734 733 2788 780; x_wconf 92' lang='lat' dir='ltr'><strong>et</strong></span> <span class='ocrx_word' id='word_1_100' title='bbox 2819 723 3256 795; x_wconf 84' lang='lat' dir='ltr'><strong>destinationem,</strong></span> <span class='ocrx_word' id='word_1_101' title='bbox 3303 728 3578 802; x_wconf 90' lang='lat' dir='ltr'><strong>ﬁnemque</strong></span> 
     </span>
    </p>
   </div>
   <div class='ocr_carea' id='block_1_16' title="bbox 1981 815 3581 894">
    <p class='ocr_par' dir='ltr' id='par_1_16' title="bbox 1981 815 3581 894">
     <span class='ocr_line' id='line_1_16' title="bbox 1981 815 3581 894; baseline 0.006 -24"><span class='ocrx_word' id='word_1_102' title='bbox 1981 815 2249 887; x_wconf 87' lang='lat' dir='ltr'><strong>propositi</strong></span> <span class='ocrx_word' id='word_1_103' title='bbox 2277 824 2528 874; x_wconf 88' lang='lat' dir='ltr'><strong>anteacta</strong></span> <span class='ocrx_word' id='word_1_104' title='bbox 2546 816 2911 890; x_wconf 88' lang='lat' dir='ltr'><strong>disputatione</strong></span> <span class='ocrx_word' id='word_1_105' title='bbox 2932 816 3334 890; x_wconf 86' lang='lat' dir='ltr'><strong>demonstrans,</strong></span> <span class='ocrx_word' id='word_1_106' title='bbox 3353 830 3417 877; x_wconf 88' lang='lat' dir='ltr'><strong>ut</strong></span> <span class='ocrx_word' id='word_1_107' title='bbox 3432 822 3581 894; x_wconf 90' lang='lat' dir='ltr'><strong>quod</strong></span> 
     </span>
    </p>
   </div>
   <div class='ocr_carea' id='block_1_17' title="bbox 1981 907 3582 983">
    <p class='ocr_par' dir='ltr' id='par_1_17' title="bbox 1981 907 3582 983">
     <span class='ocr_line' id='line_1_17' title="bbox 1981 907 3582 983; baseline 0.007 -21"><span class='ocrx_word' id='word_1_108' title='bbox 1981 916 2141 965; x_wconf 87' lang='lat' dir='ltr'><strong>antea</strong></span> <span class='ocrx_word' id='word_1_109' title='bbox 2181 907 2399 966; x_wconf 83' lang='lat' dir='ltr'><strong>fervore</strong></span> <span class='ocrx_word' id='word_1_110' title='bbox 2440 918 2654 967; x_wconf 89' lang='lat' dir='ltr'><strong>tantum</strong></span> <span class='ocrx_word' id='word_1_111' title='bbox 2695 911 2922 983; x_wconf 89' lang='lat' dir='ltr'><strong>spiritus</strong></span> <span class='ocrx_word' id='word_1_112' title='bbox 2961 927 3025 968; x_wconf 90' lang='lat' dir='ltr'><strong>ac</strong></span> <span class='ocrx_word' id='word_1_113' title='bbox 3072 912 3191 969; x_wconf 84' lang='lat' dir='ltr'><strong>zelo</strong></span> <span class='ocrx_word' id='word_1_114' title='bbox 3232 913 3336 970; x_wconf 91' lang='lat' dir='ltr'><strong>Dei</strong></span> <span class='ocrx_word' id='word_1_115' title='bbox 3381 914 3582 973; x_wconf 88' lang='lat' dir='ltr'><strong>clausis</strong></span> 
     </span>
    </p>
   </div>
   <div class='ocr_carea' id='block_1_18' title="bbox 1981 1003 3578 1081">
    <p class='ocr_par' dir='ltr' id='par_1_18' title="bbox 1981 1003 3578 1081">
     <span class='ocr_line' id='line_1_18' title="bbox 1981 1003 3578 1081; baseline 0.005 -23"><span class='ocrx_word' id='word_1_116' title='bbox 1981 1003 2392 1075; x_wconf 90' lang='lat' dir='ltr'><strong>quodammodo</strong></span> <span class='ocrx_word' id='word_1_117' title='bbox 2422 1005 2591 1060; x_wconf 87' lang='lat' dir='ltr'><strong>oculis</strong></span> <span class='ocrx_word' id='word_1_118' title='bbox 2622 1004 2990 1074; x_wconf 84' lang='lat' dir='ltr'><strong>sectabamur,</strong></span> <span class='ocrx_word' id='word_1_119' title='bbox 3020 1006 3139 1063; x_wconf 91' lang='lat' dir='ltr'><strong>luce</strong></span> <span class='ocrx_word' id='word_1_120' title='bbox 3171 1007 3372 1064; x_wconf 88' lang='lat' dir='ltr'><strong>clarius</strong></span> <span class='ocrx_word' id='word_1_121' title='bbox 3404 1009 3578 1081; x_wconf 88' lang='lat' dir='ltr'><strong>aperi-</strong></span> 
     </span>
    </p>
   </div>
   <div class='ocr_carea' id='block_1_19' title="bbox 1982 1094 3584 1171">
    <p class='ocr_par' dir='ltr' id='par_1_19' title="bbox 1982 1094 3584 1171">
     <span class='ocr_line' id='line_1_19' title="bbox 1982 1094 3584 1171; baseline 0.006 -21"><span class='ocrx_word' id='word_1_122' title='bbox 1982 1102 2094 1161; x_wconf 90' lang='lat' dir='ltr'><strong>ret;</strong></span> <span class='ocrx_word' id='word_1_123' title='bbox 2125 1094 2428 1167; x_wconf 82' lang='lat' dir='ltr'><strong>laceretque</strong></span> <span class='ocrx_word' id='word_1_124' title='bbox 2455 1097 2654 1153; x_wconf 89' lang='lat' dir='ltr'><strong>sentire</strong></span> <span class='ocrx_word' id='word_1_125' title='bbox 2678 1107 2946 1169; x_wconf 90' lang='lat' dir='ltr'><strong>quantum</strong></span> <span class='ocrx_word' id='word_1_126' title='bbox 2976 1115 3007 1156; x_wconf 88' lang='lat' dir='ltr'><strong>a</strong></span> <span class='ocrx_word' id='word_1_127' title='bbox 3037 1100 3277 1171; x_wconf 90' lang='lat' dir='ltr'><strong>puritate</strong></span> <span class='ocrx_word' id='word_1_128' title='bbox 3318 1102 3499 1159; x_wconf 89' lang='lat' dir='ltr'><strong>cordis</strong></span> <span class='ocrx_word' id='word_1_129' title='bbox 3525 1111 3584 1160; x_wconf 91' lang='lat' dir='ltr'><strong>et</strong></span> 
     </span>
    </p>
   </div>
   <div class='ocr_carea' id='block_1_20' title="bbox 1981 1186 3579 1268">
    <p class='ocr_par' dir='ltr' id='par_1_20' title="bbox 1981 1186 3579 1268">
     <span class='ocr_line' id='line_1_20' title="bbox 1981 1186 3579 1268; baseline 0.005 -25"><span class='ocrx_word' id='word_1_130' title='bbox 1981 1186 2318 1244; x_wconf 79' lang='lat' dir='ltr'><strong>discretionis</strong></span> <span class='ocrx_word' id='word_1_131' title='bbox 2348 1188 2487 1245; x_wconf 89' lang='lat' dir='ltr'><strong>linea</strong></span> <span class='ocrx_word' id='word_1_132' title='bbox 2512 1187 2809 1246; x_wconf 87' lang='lat' dir='ltr'><strong>fuissemus</strong></span> <span class='ocrx_word' id='word_1_133' title='bbox 2839 1206 2935 1263; x_wconf 88' lang='lat' dir='ltr'><strong>per</strong></span> <span class='ocrx_word' id='word_1_134' title='bbox 2971 1191 3025 1249; x_wconf 91' lang='lat' dir='ltr'><strong>id</strong></span> <span class='ocrx_word' id='word_1_135' title='bbox 3063 1194 3323 1266; x_wconf 86' lang='lat' dir='ltr'><strong>temporis</strong></span> <span class='ocrx_word' id='word_1_136' title='bbox 3347 1197 3579 1268; x_wconf 88' lang='lat' dir='ltr'><strong>evagati,</strong></span> 
     </span>
    </p>
   </div>
   <div class='ocr_carea' id='block_1_21' title="bbox 279 1279 3581 1355">
    <p class='ocr_par' dir='ltr' id='par_1_21' title="bbox 279 1279 3581 1355">
     <span class='ocr_line' id='line_1_21' title="bbox 279 1279 3581 1355; baseline 0.001 -16"><span class='ocrx_word' id='word_1_137' title='bbox 431 1279 671 1355; x_wconf 85' lang='lat' dir='ltr'><strong>Ideoque</strong></span> <span class='ocrx_word' id='word_1_138' title='bbox 698 1280 1060 1338; x_wconf 89' lang='lat' dir='ltr'><strong>commodum</strong></span> <span class='ocrx_word' id='word_1_139' title='bbox 1088 1282 1241 1351; x_wconf 86' lang='lat' dir='ltr'><strong>satis,</strong></span> <span class='ocrx_word' id='word_1_140' title='bbox 1272 1290 1327 1338; x_wconf 93' lang='lat' dir='ltr'><strong>et</strong></span> <span class='ocrx_word' id='word_1_141' title='bbox 1359 1281 1488 1337; x_wconf 89' lang='lat' dir='ltr'><strong>utile</strong></span> <span class='ocrx_word' id='word_1_142' title='bbox 1510 1290 1536 1317; x_wconf 72' lang='grc'>⁸</span> <span class='ocrx_word' id='word_1_143' title='bbox 1565 1281 1697 1337; x_wconf 87' lang='lat' dir='ltr'><strong>hora</strong></span> <span class='ocrx_word' id='word_1_144' title='bbox 1726 1295 1870 1336; x_wconf 90' lang='lat' dir='ltr'><strong>nona</strong></span> <span class='ocrx_word' id='word_1_145' title='bbox 1942 1281 2177 1353; x_wconf 56' lang='lat' dir='ltr'><strong>‘quippe</strong></span> <span class='ocrx_word' id='word_1_146' title='bbox 2213 1297 2339 1338; x_wconf 89' lang='lat' dir='ltr'><strong>cum</strong></span> <span class='ocrx_word' id='word_1_147' title='bbox 2371 1282 2533 1338; x_wconf 88' lang='lat' dir='ltr'><strong>etiam</strong></span> <span class='ocrx_word' id='word_1_148' title='bbox 2562 1282 2812 1339; x_wconf 89' lang='lat' dir='ltr'><strong>omnium</strong></span> <span class='ocrx_word' id='word_1_149' title='bbox 2846 1283 3137 1341; x_wconf 90' lang='lat' dir='ltr'><strong>visibilium</strong></span> <span class='ocrx_word' id='word_1_150' title='bbox 3166 1285 3222 1341; x_wconf 88' lang='lat' dir='ltr'><strong>in</strong></span> <span class='ocrx_word' id='word_1_151' title='bbox 3250 1288 3355 1342; x_wconf 90' lang='lat' dir='ltr'><strong>hoc</strong></span> <span class='ocrx_word' id='word_1_152' title='bbox 3380 1286 3581 1344; x_wconf 70' lang='lat' dir='ltr'><strong>saeculo</strong></span> 
     </span>
    </p>
   </div>
   <div class='ocr_carea' id='block_1_22' title="bbox 280 1372 3578 1449">
    <p class='ocr_par' dir='ltr' id='par_1_22' title="bbox 280 1372 3578 1449">
     <span class='ocr_line' id='line_1_22' title="bbox 280 1372 3578 1449; baseline 0.001 -18"><span class='ocrx_word' id='word_1_153' title='bbox 280 1372 591 1432; x_wconf 81' lang='lat' dir='ltr'><strong>refectionis</strong></span> <span class='ocrx_word' id='word_1_154' title='bbox 634 1374 853 1446; x_wconf 79' lang='lat' dir='ltr'><strong>tempus</strong></span> <span class='ocrx_word' id='word_1_155' title='bbox 898 1372 1177 1430; x_wconf 86' lang='lat' dir='ltr'><strong>indultum</strong></span> <span class='ocrx_word' id='word_1_156' title='bbox 1216 1382 1299 1430; x_wconf 90' lang='lat' dir='ltr'><strong>est</strong></span> <span class='ocrx_word' id='word_1_157' title='bbox 1320 1415 1336 1442; x_wconf 94' lang='lat'><strong>,</strong></span> <span class='ocrx_word' id='word_1_158' title='bbox 1380 1375 1437 1430; x_wconf 90' lang='lat' dir='ltr'><strong>in</strong></span> <span class='ocrx_word' id='word_1_159' title='bbox 1478 1389 1588 1444; x_wconf 92' lang='lat' dir='ltr'><strong>quo</strong></span> <span class='ocrx_word' id='word_1_160' title='bbox 1620 1372 1871 1431; x_wconf 85' lang='lat' dir='ltr'><strong>reﬁciens</strong></span> <span class='ocrx_word' id='word_1_161' title='bbox 1976 1378 2177 1431; x_wconf 83' lang='lat' dir='ltr'><strong>artium</strong></span> <span class='ocrx_word' id='word_1_162' title='bbox 2215 1374 2490 1447; x_wconf 89' lang='lat' dir='ltr'><strong>disciplina</strong></span> <span class='ocrx_word' id='word_1_163' title='bbox 2537 1376 2740 1449; x_wconf 89' lang='lat' dir='ltr'><strong>absque</strong></span> <span class='ocrx_word' id='word_1_164' title='bbox 2779 1375 3148 1435; x_wconf 89' lang='lat' dir='ltr'><strong>destinationis</strong></span> <span class='ocrx_word' id='word_1_165' title='bbox 3195 1379 3403 1436; x_wconf 88' lang='lat' dir='ltr'><strong>ratione</strong></span> <span class='ocrx_word' id='word_1_166' title='bbox 3445 1378 3578 1436; x_wconf 89' lang='lat' dir='ltr'><strong>sub-</strong></span> 
     </span>
    </p>
   </div>
   <div class='ocr_carea' id='block_1_23' title="bbox 279 1465 1874 1539">
    <p class='ocr_par' dir='ltr' id='par_1_23' title="bbox 279 1465 1874 1539">
     <span class='ocr_line' id='line_1_23' title="bbox 279 1465 1874 1539; baseline -0.001 -16"><span class='ocrx_word' id='word_1_167' title='bbox 279 1465 575 1529; x_wconf 86' lang='lat' dir='ltr'><strong>monacbus</strong></span> <span class='ocrx_word' id='word_1_168' title='bbox 606 1481 721 1523; x_wconf 92' lang='lat' dir='ltr'><strong>non</strong></span> <span class='ocrx_word' id='word_1_169' title='bbox 756 1466 938 1523; x_wconf 90' lang='lat' dir='ltr'><strong>solum</strong></span> <span class='ocrx_word' id='word_1_170' title='bbox 984 1467 1042 1523; x_wconf 92' lang='lat' dir='ltr'><strong>in</strong></span> <span class='ocrx_word' id='word_1_171' title='bbox 1070 1466 1349 1523; x_wconf 89' lang='lat' dir='ltr'><strong>nocturnis</strong></span> <span class='ocrx_word' id='word_1_172' title='bbox 1391 1465 1582 1539; x_wconf 84' lang='lat' dir='ltr'><strong>vigiliis</strong></span> <span class='ocrx_word' id='word_1_173' title='bbox 1618 1466 1759 1523; x_wconf 88' lang='lat' dir='ltr'><strong>levis</strong></span> <span class='ocrx_word' id='word_1_174' title='bbox 1810 1481 1874 1523; x_wconf 91' lang='lat' dir='ltr'><strong>ac</strong></span> 
     </span>
    </p>
   </div>
   <div class='ocr_carea' id='block_1_24' title="bbox 283 1558 1876 1633">
    <p class='ocr_par' dir='ltr' id='par_1_24' title="bbox 283 1558 1876 1633">
     <span class='ocr_line' id='line_1_24' title="bbox 283 1558 1876 1633; baseline 0.001 -18"><span class='ocrx_word' id='word_1_175' title='bbox 283 1573 500 1630; x_wconf 83' lang='lat' dir='ltr'><strong>vacuus,</strong></span> <span class='ocrx_word' id='word_1_176' title='bbox 551 1573 747 1615; x_wconf 91' lang='lat' dir='ltr'><strong>verum</strong></span> <span class='ocrx_word' id='word_1_177' title='bbox 797 1559 964 1616; x_wconf 89' lang='lat' dir='ltr'><strong>etiam</strong></span> <span class='ocrx_word' id='word_1_178' title='bbox 993 1560 1051 1616; x_wconf 93' lang='lat' dir='ltr'><strong>in</strong></span> <span class='ocrx_word' id='word_1_179' title='bbox 1084 1558 1213 1631; x_wconf 91' lang='lat' dir='ltr'><strong>ipsis</strong></span> <span class='ocrx_word' id='word_1_180' title='bbox 1251 1561 1574 1633; x_wconf 88' lang='lat' dir='ltr'><strong>vespertinis</strong></span> <span class='ocrx_word' id='word_1_181' title='bbox 1616 1561 1876 1617; x_wconf 89' lang='lat' dir='ltr'><strong>solemni-</strong></span> 
     </span>
    </p>
   </div>
   <div class='ocr_carea' id='block_1_25' title="bbox 283 1650 1872 1727">
    <p class='ocr_par' dir='ltr' id='par_1_25' title="bbox 283 1650 1872 1727">
     <span class='ocr_line' id='line_1_25' title="bbox 283 1650 1872 1727; baseline -0.001 -15"><span class='ocrx_word' id='word_1_182' title='bbox 283 1652 479 1712; x_wconf 85' lang='lat' dir='ltr'><strong>tatibus</strong></span> <span class='ocrx_word' id='word_1_183' title='bbox 519 1650 727 1725; x_wconf 89' lang='lat' dir='ltr'><strong>digesto</strong></span> <span class='ocrx_word' id='word_1_184' title='bbox 751 1651 870 1725; x_wconf 89' lang='lat' dir='ltr'><strong>jam</strong></span> <span class='ocrx_word' id='word_1_185' title='bbox 898 1652 1022 1711; x_wconf 89' lang='lat' dir='ltr'><strong>cibo</strong></span> <span class='ocrx_word' id='word_1_186' title='bbox 1045 1653 1320 1711; x_wconf 87' lang='lat' dir='ltr'><strong>invenitur</strong></span> <span class='ocrx_word' id='word_1_187' title='bbox 1345 1653 1679 1727; x_wconf 85' lang='lat' dir='ltr'><strong>aptissimus.</strong></span> <span class='ocrx_word' id='word_1_188' title='bbox 1718 1654 1872 1711; x_wconf 86' lang='lat' dir='ltr'><strong>Tali-</strong></span> 
     </span>
    </p>
   </div>
   <div class='ocr_carea' id='block_1_26' title="bbox 1982 1460 3585 1555">
    <p class='ocr_par' dir='ltr' id='par_1_26' title="bbox 1982 1460 3585 1555">
     <span class='ocr_line' id='line_1_26' title="bbox 1982 1460 3585 1555; baseline 0.003 -32"><span class='ocrx_word' id='word_1_189' title='bbox 1982 1468 2196 1535; x_wconf 88' lang='lat' dir='ltr'><strong>sistere,</strong></span> <span class='ocrx_word' id='word_1_190' title='bbox 2247 1483 2310 1523; x_wconf 91' lang='lat' dir='ltr'><strong>ac</strong></span> <span class='ocrx_word' id='word_1_191' title='bbox 2357 1468 2473 1523; x_wconf 91' lang='lat' dir='ltr'><strong>sine</strong></span> <span class='ocrx_word' id='word_1_192' title='bbox 2519 1468 2981 1555; x_wconf 79' lang='lat' dir='ltr'><strong>contemplatione</strong></span> <span class='ocrx_word' id='word_1_193' title='bbox 3010 1460 3163 1527; x_wconf 84' lang='lat' dir='ltr'><strong>certi</strong></span> <span class='ocrx_word' id='word_1_194' title='bbox 3214 1472 3339 1527; x_wconf 88' lang='lat' dir='ltr'><strong>ﬁnis</strong></span> <span class='ocrx_word' id='word_1_195' title='bbox 3386 1472 3585 1546; x_wconf 23' lang='lat' dir='ltr'><strong>attingi.</strong></span> 
     </span>
    </p>
   </div>
   <div class='ocr_carea' id='block_1_27' title="bbox 1970 1554 2545 1632">
    <p class='ocr_par' dir='ltr' id='par_1_27' title="bbox 1970 1554 2545 1632">
     <span class='ocr_line' id='line_1_27' title="bbox 1970 1554 2545 1632; baseline -0.002 -17"><span class='ocrx_word' id='word_1_196' title='bbox 1970 1554 2209 1617; x_wconf 72' lang='lat' dir='ltr'><strong>&#39;omnino</strong></span> <span class='ocrx_word' id='word_1_197' title='bbox 2230 1575 2342 1615; x_wconf 87' lang='lat' dir='ltr'><strong>non</strong></span> <span class='ocrx_word' id='word_1_198' title='bbox 2356 1560 2545 1632; x_wconf 84' lang='lat' dir='ltr'><strong>possit.</strong></span> 
     </span>
    </p>
   </div>
   <div class='ocr_carea' id='block_1_28' title="bbox 1374 1722 2525 1836">
    <p class='ocr_par' dir='ltr' id='par_1_28' title="bbox 1374 1722 2525 1836">
     <span class='ocr_line' id='line_1_28' title="bbox 1374 1722 2525 1836; baseline -0.003 0"><span class='ocrx_word' id='word_1_199' title='bbox 1374 1780 1630 1836; x_wconf 81' lang='lat' dir='ltr'><strong>ALARDI</strong></span> <span class='ocrx_word' id='word_1_200' title='bbox 1669 1780 1892 1836; x_wconf 65' lang='lat' dir='ltr'><strong>GAZzEI</strong></span> <span class='ocrx_word' id='word_1_201' title='bbox 1931 1722 2525 1835; x_wconf 53' lang='lat' dir='ltr'><strong>COMMENTAIHUS.‘</strong></span> 
     </span>
    </p>
   </div>
   <div class='ocr_carea' id='block_1_29' title="bbox 347 1883 3587 1960">
    <p class='ocr_par' dir='ltr' id='par_1_29' title="bbox 347 1883 3587 1960">
     <span class='ocr_line' id='line_1_29' title="bbox 347 1883 3587 1960; baseline 0 -16"><span class='ocrx_word' id='word_1_202' title='bbox 347 1891 371 1921; x_wconf 73' lang='grc'>³</span> <span class='ocrx_word' id='word_1_203' title='bbox 405 1886 691 1960; x_wconf 86' lang='lat' dir='ltr'><strong>Jejunium</strong></span> <span class='ocrx_word' id='word_1_204' title='bbox 736 1886 870 1943; x_wconf 90' lang='lat' dir='ltr'><strong>olim</strong></span> <span class='ocrx_word' id='word_1_205' title='bbox 912 1887 968 1943; x_wconf 91' lang='lat' dir='ltr'><strong>in</strong></span> <span class='ocrx_word' id='word_1_206' title='bbox 998 1886 1429 1960; x_wconf 84' lang='lat' dir='ltr'><strong>Quadragesima</strong></span> <span class='ocrx_word' id='word_1_207' title='bbox 1456 1903 1568 1943; x_wconf 93' lang='lat' dir='ltr'><strong>non</strong></span> <span class='ocrx_word' id='word_1_208' title='bbox 1596 1896 1720 1943; x_wconf 87' lang='lat' dir='ltr'><strong>ante</strong></span> <span class='ocrx_word' id='word_1_209' title='bbox 1757 1902 1879 1960; x_wconf 80' lang='lat' dir='ltr'><strong>ves-</strong></span> <span class='ocrx_word' id='word_1_210' title='bbox 1905 1892 1954 1953; x_wconf 90' lang='lat' dir='ltr'><strong>B</strong></span> <span class='ocrx_word' id='word_1_211' title='bbox 1986 1889 2154 1960; x_wconf 78' lang='lat' dir='ltr'><strong>noetis</strong></span> <span class='ocrx_word' id='word_1_212' title='bbox 2174 1883 2502 1960; x_wconf 76' lang='lat' dir='ltr'><strong>particulam</strong></span> <span class='ocrx_word' id='word_1_213' title='bbox 2524 1886 2851 1960; x_wconf 60' lang='lat' dir='ltr'><strong>largiuntur.</strong></span> <span class='ocrx_word' id='word_1_214' title='bbox 2884 1887 2938 1960; x_wconf 60' lang='grc' dir='ltr'><strong>ξ’»,</strong></span> <span class='ocrx_word' id='word_1_215' title='bbox 2963 1884 3098 1941; x_wconf 88' lang='lat' dir='ltr'><strong>item</strong></span> <span class='ocrx_word' id='word_1_216' title='bbox 3127 1885 3420 1960; x_wconf 81' lang='lat' dir='ltr'><strong>Antonius,</strong></span> <span class='ocrx_word' id='word_1_217' title='bbox 3448 1894 3587 1945; x_wconf 89' lang='lat' dir='ltr'><strong>teste</strong></span> 
     </span>
    </p>
   </div>
   <div class='ocr_carea' id='block_1_30' title="bbox 284 1958 1879 2032">
    <p class='ocr_par' dir='ltr' id='par_1_30' title="bbox 284 1958 1879 2032">
     <span class='ocr_line' id='line_1_30' title="bbox 284 1958 1879 2032; baseline -0.002 -16"><span class='ocrx_word' id='word_1_218' title='bbox 284 1958 489 2032; x_wconf 63' lang='lat' dir='ltr'><strong>peram;</strong></span> <span class='ocrx_word' id='word_1_219' title='bbox 522 1959 645 2032; x_wconf 84' lang='lat' dir='ltr'><strong>aliis</strong></span> <span class='ocrx_word' id='word_1_220' title='bbox 673 1972 799 2015; x_wconf 88' lang='lat' dir='ltr'><strong>vero</strong></span> <span class='ocrx_word' id='word_1_221' title='bbox 825 1958 1170 2032; x_wconf 82' lang='lat' dir='ltr'><strong>temporibus</strong></span> <span class='ocrx_word' id='word_1_222' title='bbox 1191 1958 1260 2032; x_wconf 82' lang='lat' dir='ltr'><strong>ad</strong></span> <span class='ocrx_word' id='word_1_223' title='bbox 1283 1958 1476 2032; x_wconf 81' lang='lat' dir='ltr'><strong>borem</strong></span> <span class='ocrx_word' id='word_1_224' title='bbox 1511 1973 1739 2032; x_wconf 76' lang='lat' dir='ltr'><strong>nonam,</strong></span> <span class='ocrx_word' id='word_1_225' title='bbox 1772 1959 1879 2014; x_wconf 92' lang='lat' dir='ltr'><strong>hoc</strong></span> 
     </span>
    </p>
   </div>
   <div class='ocr_carea' id='block_1_31' title="bbox 285 2028 1879 2101">
    <p class='ocr_par' dir='ltr' id='par_1_31' title="bbox 285 2028 1879 2101">
     <span class='ocr_line' id='line_1_31' title="bbox 285 2028 1879 2101; baseline -0.003 -13"><span class='ocrx_word' id='word_1_226' title='bbox 285 2028 385 2101; x_wconf 78' lang='lat' dir='ltr'><strong>est,</strong></span> <span class='ocrx_word' id='word_1_227' title='bbox 420 2030 643 2087; x_wconf 90' lang='lat' dir='ltr'><strong>tertiam</strong></span> <span class='ocrx_word' id='word_1_228' title='bbox 676 2028 1132 2101; x_wconf 87' lang='lat' dir='ltr'><strong>pomeridianam,</strong></span> <span class='ocrx_word' id='word_1_229' title='bbox 1167 2030 1301 2087; x_wconf 91' lang='lat' dir='ltr'><strong>solvi</strong></span> <span class='ocrx_word' id='word_1_230' title='bbox 1330 2029 1507 2101; x_wconf 88' lang='lat' dir='ltr'><strong>solere</strong></span> <span class='ocrx_word' id='word_1_231' title='bbox 1533 2029 1661 2086; x_wconf 89' lang='lat' dir='ltr'><strong>alibi</strong></span> <span class='ocrx_word' id='word_1_232' title='bbox 1695 2037 1879 2086; x_wconf 90' lang='lat' dir='ltr'><strong>osten-</strong></span> 
     </span>
    </p>
   </div>
   <div class='ocr_carea' id='block_1_32' title="bbox 284 2100 1883 2172">
    <p class='ocr_par' dir='ltr' id='par_1_32' title="bbox 284 2100 1883 2172">
     <span class='ocr_line' id='line_1_32' title="bbox 284 2100 1883 2172; baseline -0.003 -13"><span class='ocrx_word' id='word_1_233' title='bbox 284 2100 461 2160; x_wconf 88' lang='lat' dir='ltr'><strong>dimus</strong></span> <span class='ocrx_word' id='word_1_234' title='bbox 489 2102 599 2172; x_wconf 82' lang='lat' dir='ltr'><strong>(lib.</strong></span> <span class='ocrx_word' id='word_1_235' title='bbox 635 2100 867 2172; x_wconf 9' lang='lat' dir='ltr'><strong>vr’Instit.</strong></span> <span class='ocrx_word' id='word_1_236' title='bbox 895 2115 1018 2172; x_wconf 88' lang='lat' dir='ltr'><strong>cap.</strong></span> <span class='ocrx_word' id='word_1_237' title='bbox 1041 2104 1156 2172; x_wconf 66' lang='lat'><strong>24).</strong></span> <span class='ocrx_word' id='word_1_238' title='bbox 1186 2101 1366 2169; x_wconf 88' lang='lat' dir='ltr'><strong>Quare</strong></span> <span class='ocrx_word' id='word_1_239' title='bbox 1412 2100 1619 2172; x_wconf 82' lang='lat' dir='ltr'><strong>mirum</strong></span> <span class='ocrx_word' id='word_1_240' title='bbox 1647 2115 1770 2172; x_wconf 82' lang='lat' dir='ltr'><strong>non</strong></span> <span class='ocrx_word' id='word_1_241' title='bbox 1800 2107 1883 2156; x_wconf 91' lang='lat' dir='ltr'><strong>est</strong></span> 
     </span>
    </p>
   </div>
   <div class='ocr_carea' id='block_1_33' title="bbox 287 2169 1883 2251">
    <p class='ocr_par' dir='ltr' id='par_1_33' title="bbox 287 2169 1883 2251">
     <span class='ocr_line' id='line_1_33' title="bbox 287 2169 1883 2251; baseline -0.003 -21"><span class='ocrx_word' id='word_1_242' title='bbox 287 2173 330 2230; x_wconf 90' lang='lat' dir='ltr'><strong>si</strong></span> <span class='ocrx_word' id='word_1_243' title='bbox 347 2171 618 2251; x_wconf 66' lang='lat' dir='ltr'><strong>monachi</strong></span> <span class='ocrx_word' id='word_1_244' title='bbox 659 2171 761 2251; x_wconf 92' lang='lat' dir='ltr'><strong>illi,</strong></span> <span class='ocrx_word' id='word_1_245' title='bbox 799 2172 892 2251; x_wconf 83' lang='lat' dir='ltr'><strong>qui</strong></span> <span class='ocrx_word' id='word_1_246' title='bbox 932 2169 1469 2251; x_wconf 77' lang='lat' dir='ltr'><strong>quetidie_(except_is</strong></span> <span class='ocrx_word' id='word_1_247' title='bbox 1510 2169 1815 2251; x_wconf 69' lang='lat' dir='ltr'><strong>dominicis</strong></span> <span class='ocrx_word' id='word_1_248' title='bbox 1828 2180 1883 2226; x_wconf 91' lang='lat' dir='ltr'><strong>et</strong></span> 
     </span>
    </p>
   </div>
   <div class='ocr_carea' id='block_1_34' title="bbox 290 2240 1880 2313">
    <p class='ocr_par' dir='ltr' id='par_1_34' title="bbox 290 2240 1880 2313">
     <span class='ocr_line' id='line_1_34' title="bbox 290 2240 1880 2313; baseline -0.002 -13"><span class='ocrx_word' id='word_1_249' title='bbox 290 2243 541 2309; x_wconf 86' lang='lat' dir='ltr'><strong>sabbatis,</strong></span> <span class='ocrx_word' id='word_1_250' title='bbox 571 2250 628 2299; x_wconf 91' lang='lat' dir='ltr'><strong>et</strong></span> <span class='ocrx_word' id='word_1_251' title='bbox 660 2242 716 2298; x_wconf 92' lang='lat' dir='ltr'><strong>in</strong></span> <span class='ocrx_word' id='word_1_252' title='bbox 751 2240 987 2299; x_wconf 78' lang='lat' dir='ltr'><strong>adventu</strong></span> <span class='ocrx_word' id='word_1_253' title='bbox 1022 2242 1319 2313; x_wconf 87' lang='lat' dir='ltr'><strong>hospitum)</strong></span> <span class='ocrx_word' id='word_1_254' title='bbox 1351 2240 1691 2313; x_wconf 87' lang='lat' dir='ltr'><strong>jejunabant,</strong></span> <span class='ocrx_word' id='word_1_255' title='bbox 1721 2240 1880 2313; x_wconf 86' lang='lat' dir='ltr'><strong>unica</strong></span> 
     </span>
    </p>
   </div>
   <div class='ocr_carea' id='block_1_35' title="bbox 292 2311 1880 2383">
    <p class='ocr_par' dir='ltr' id='par_1_35' title="bbox 292 2311 1880 2383">
     <span class='ocr_line' id='line_1_35' title="bbox 292 2311 1880 2383; baseline -0.003 -11"><span class='ocrx_word' id='word_1_256' title='bbox 292 2313 577 2372; x_wconf 87' lang='lat' dir='ltr'><strong>refectione</strong></span> <span class='ocrx_word' id='word_1_257' title='bbox 615 2313 881 2383; x_wconf 90' lang='lat' dir='ltr'><strong>contenti,</strong></span> <span class='ocrx_word' id='word_1_258' title='bbox 910 2328 1032 2370; x_wconf 90' lang='lat' dir='ltr'><strong>eam</strong></span> <span class='ocrx_word' id='word_1_259' title='bbox 1059 2311 1193 2369; x_wconf 75' lang='lat' dir='ltr'><strong>hora</strong></span> <span class='ocrx_word' id='word_1_260' title='bbox 1239 2311 1417 2381; x_wconf 71' lang='lat' dir='ltr'><strong>nona,</strong></span> <span class='ocrx_word' id='word_1_261' title='bbox 1446 2328 1513 2367; x_wconf 84' lang='lat' dir='ltr'><strong>ex</strong></span> <span class='ocrx_word' id='word_1_262' title='bbox 1539 2326 1692 2368; x_wconf 89' lang='lat' dir='ltr'><strong>more</strong></span> <span class='ocrx_word' id='word_1_263' title='bbox 1719 2319 1773 2383; x_wconf 87' lang='lat' dir='ltr'><strong>et</strong></span> <span class='ocrx_word' id='word_1_264' title='bbox 1796 2311 1880 2368; x_wconf 90' lang='lat' dir='ltr'><strong>in-</strong></span> 
     </span>
    </p>
   </div>
   <div class='ocr_carea' id='block_1_36' title="bbox 289 2382 1882 2458">
    <p class='ocr_par' dir='ltr' id='par_1_36' title="bbox 289 2382 1882 2458">
     <span class='ocr_line' id='line_1_36' title="bbox 289 2382 1882 2458; baseline -0.003 -16"><span class='ocrx_word' id='word_1_265' title='bbox 289 2385 480 2442; x_wconf 89' lang='lat' dir='ltr'><strong>stituto</strong></span> <span class='ocrx_word' id='word_1_266' title='bbox 518 2385 810 2458; x_wconf 85' lang='lat' dir='ltr'><strong>majorum,</strong></span> <span class='ocrx_word' id='word_1_267' title='bbox 855 2391 1156 2458; x_wconf 79' lang='lat' dir='ltr'><strong>sumerent;</strong></span> <span class='ocrx_word' id='word_1_268' title='bbox 1224 2398 1388 2454; x_wconf 90' lang='lat' dir='ltr'><strong>quam</strong></span> <span class='ocrx_word' id='word_1_269' title='bbox 1431 2382 1882 2458; x_wconf 74' lang='lat' dir='ltr'><strong>consuetudinem</strong></span> 
     </span>
    </p>
   </div>
   <div class='ocr_carea' id='block_1_37' title="bbox 287 2453 1883 2526">
    <p class='ocr_par' dir='ltr' id='par_1_37' title="bbox 287 2453 1883 2526">
     <span class='ocr_line' id='line_1_37' title="bbox 287 2453 1883 2526; baseline -0.002 -13"><span class='ocrx_word' id='word_1_270' title='bbox 287 2458 445 2514; x_wconf 89' lang='lat' dir='ltr'><strong>etiam</strong></span> <span class='ocrx_word' id='word_1_271' title='bbox 481 2472 581 2513; x_wconf 90' lang='lat' dir='ltr'><strong>sua</strong></span> <span class='ocrx_word' id='word_1_272' title='bbox 603 2453 768 2512; x_wconf 62' lang='lat' dir='ltr'><strong>aetate</strong></span> <span class='ocrx_word' id='word_1_273' title='bbox 808 2455 1130 2526; x_wconf 87' lang='lat' dir='ltr'><strong>perdurasse</strong></span> <span class='ocrx_word' id='word_1_274' title='bbox 1157 2453 1426 2511; x_wconf 82' lang='lat' dir='ltr'><strong>testantur</strong></span> <span class='ocrx_word' id='word_1_275' title='bbox 1466 2457 1532 2526; x_wconf 76' lang='grc' dir='ltr'><strong>Ι).</strong></span> <span class='ocrx_word' id='word_1_276' title='bbox 1572 2453 1883 2511; x_wconf 82' lang='lat' dir='ltr'><strong>Bernardus</strong></span> 
     </span>
    </p>
   </div>
   <div class='ocr_carea' id='block_1_38' title="bbox 288 2525 1882 2599">
    <p class='ocr_par' dir='ltr' id='par_1_38' title="bbox 288 2525 1882 2599">
     <span class='ocr_line' id='line_1_38' title="bbox 288 2525 1882 2599; baseline -0.003 -14"><span class='ocrx_word' id='word_1_277' title='bbox 288 2527 596 2585; x_wconf 85' lang='lat' dir='ltr'><strong>etThomas</strong></span> <span class='ocrx_word' id='word_1_278' title='bbox 626 2525 868 2599; x_wconf 82' lang='lat' dir='ltr'><strong>Aquinas</strong></span> <span class='ocrx_word' id='word_1_279' title='bbox 891 2526 1168 2598; x_wconf 83' lang='lat' dir='ltr'><strong>(Bernard.</strong></span> <span class='ocrx_word' id='word_1_280' title='bbox 1195 2541 1351 2581; x_wconf 86' lang='lat' dir='ltr'><strong>serm.</strong></span> <span class='ocrx_word' id='word_1_281' title='bbox 1383 2531 1414 2599; x_wconf 77' lang='lat'><strong>3</strong></span> <span class='ocrx_word' id='word_1_282' title='bbox 1457 2525 1882 2599; x_wconf 79' lang='lat' dir='ltr'><strong>de_0_uadrage-</strong></span> 
     </span>
    </p>
   </div>
   <div class='ocr_carea' id='block_1_39' title="bbox 284 2595 1883 2667">
    <p class='ocr_par' dir='ltr' id='par_1_39' title="bbox 284 2595 1883 2667">
     <span class='ocr_line' id='line_1_39' title="bbox 284 2595 1883 2667; baseline -0.003 -12"><span class='ocrx_word' id='word_1_283' title='bbox 284 2602 455 2665; x_wconf 79' lang='lat' dir='ltr'><strong>sima,-</strong></span> <span class='ocrx_word' id='word_1_284' title='bbox 495 2600 553 2655; x_wconf 91' lang='lat' dir='ltr'><strong>S.</strong></span> <span class='ocrx_word' id='word_1_285' title='bbox 585 2595 763 2654; x_wconf 75' lang='lat' dir='ltr'><strong>Thom.</strong></span> <span class='ocrx_word' id='word_1_286' title='bbox 796 2595 911 2663; x_wconf 74' lang='lat'><strong>2-2,</strong></span> <span class='ocrx_word' id='word_1_287' title='bbox 939 2614 996 2667; x_wconf 88' lang='lat' dir='ltr'><strong>q.</strong></span> <span class='ocrx_word' id='word_1_288' title='bbox 1030 2602 1153 2662; x_wconf 80' lang='lat'><strong>146,</strong></span> <span class='ocrx_word' id='word_1_289' title='bbox 1194 2601 1304 2652; x_wconf 73' lang='lat' dir='ltr'><strong>art.</strong></span> <span class='ocrx_word' id='word_1_290' title='bbox 1349 2598 1420 2667; x_wconf 92' lang='lat'><strong>8).</strong></span> <span class='ocrx_word' id='word_1_291' title='bbox 1458 2595 1883 2667; x_wconf 12' lang='lat' dir='ltr'><strong>indultumgau-</strong></span> 
     </span>
    </p>
   </div>
   <div class='ocr_carea' id='block_1_40' title="bbox 284 2665 1887 2739">
    <p class='ocr_par' dir='ltr' id='par_1_40' title="bbox 284 2665 1887 2739">
     <span class='ocr_line' id='line_1_40' title="bbox 284 2665 1887 2739; baseline -0.003 -13"><span class='ocrx_word' id='word_1_292' title='bbox 284 2678 396 2727; x_wconf 91' lang='lat' dir='ltr'><strong>tem</strong></span> <span class='ocrx_word' id='word_1_293' title='bbox 425 2669 561 2726; x_wconf 90' lang='lat' dir='ltr'><strong>dicit</strong></span> <span class='ocrx_word' id='word_1_294' title='bbox 588 2668 696 2725; x_wconf 90' lang='lat' dir='ltr'><strong>hoc</strong></span> <span class='ocrx_word' id='word_1_295' title='bbox 733 2665 1047 2739; x_wconf 75' lang='lat' dir='ltr'><strong>refectionis</strong></span> <span class='ocrx_word' id='word_1_296' title='bbox 1068 2676 1313 2739; x_wconf 87' lang='lat' dir='ltr'><strong>tempus,</strong></span> <span class='ocrx_word' id='word_1_297' title='bbox 1350 2665 1506 2739; x_wconf 89' lang='lat' dir='ltr'><strong>quasi</strong></span> <span class='ocrx_word' id='word_1_298' title='bbox 1535 2681 1597 2721; x_wconf 82' lang='lat' dir='ltr'><strong>ex</strong></span> <span class='ocrx_word' id='word_1_299' title='bbox 1626 2665 1804 2739; x_wconf 81' lang='lat' dir='ltr'><strong>gratia</strong></span> <span class='ocrx_word' id='word_1_300' title='bbox 1831 2674 1887 2739; x_wconf 92' lang='lat' dir='ltr'><strong>et_</strong></span> 
     </span>
    </p>
   </div>
   <div class='ocr_carea' id='block_1_41' title="bbox 285 2736 1887 2813">
    <p class='ocr_par' dir='ltr' id='par_1_41' title="bbox 285 2736 1887 2813">
     <span class='ocr_line' id='line_1_41' title="bbox 285 2736 1887 2813; baseline -0.005 -14"><span class='ocrx_word' id='word_1_301' title='bbox 285 2739 629 2813; x_wconf 18' lang='lat' dir='ltr'><strong>indulgentia;</strong></span> <span class='ocrx_word' id='word_1_302' title='bbox 661 2738 898 2811; x_wconf 89' lang='lat' dir='ltr'><strong>quadam</strong></span> <span class='ocrx_word' id='word_1_303' title='bbox 936 2739 1014 2796; x_wconf 92' lang='lat' dir='ltr'><strong>eis</strong></span> <span class='ocrx_word' id='word_1_304' title='bbox 1055 2736 1400 2813; x_wconf 73' lang='lat' dir='ltr'><strong>concessum,</strong></span> <span class='ocrx_word' id='word_1_305' title='bbox 1431 2752 1497 2793; x_wconf 88' lang='lat' dir='ltr'><strong>eo</strong></span> <span class='ocrx_word' id='word_1_306' title='bbox 1524 2736 1686 2813; x_wconf 62' lang='lat' dir='ltr'><strong>quod</strong></span> <span class='ocrx_word' id='word_1_307' title='bbox 1719 2736 1887 2813; x_wconf 83' lang='lat' dir='ltr'><strong>primi</strong></span> 
     </span>
    </p>
   </div>
   <div class='ocr_carea' id='block_1_42' title="bbox 285 2807 1891 2936">
    <p class='ocr_par' dir='ltr' id='par_1_42' title="bbox 285 2807 1891 2936">
     <span class='ocr_line' id='line_1_42' title="bbox 285 2807 1891 2936; baseline -0.004 -67"><span class='ocrx_word' id='word_1_308' title='bbox 285 2807 541 2869; x_wconf 46' lang='lat' dir='ltr'><strong>moria-chi</strong></span> <span class='ocrx_word' id='word_1_309' title='bbox 565 2810 634 2867; x_wconf 89' lang='lat' dir='ltr'><strong>ad</strong></span> <span class='ocrx_word' id='word_1_310' title='bbox 655 2807 937 2880; x_wconf 73' lang='lat' dir='ltr'><strong>vesperam</strong></span> <span class='ocrx_word' id='word_1_311' title='bbox 961 2824 1134 2892; x_wconf 78' lang='lat' dir='ltr'><strong>usque</strong></span> <span class='ocrx_word' id='word_1_312' title='bbox 1164 2809 1489 2936; x_wconf 60' lang='lat' dir='ltr'><strong>jeiiinarent.</strong></span> <span class='ocrx_word' id='word_1_313' title='bbox 1517 2808 1607 2864; x_wconf 90' lang='lat' dir='ltr'><strong>Sic</strong></span> <span class='ocrx_word' id='word_1_314' title='bbox 1643 2808 1802 2890; x_wconf 42' lang='lat' dir='ltr'><strong>enim.</strong></span> <span class='ocrx_word' id='word_1_315' title='bbox 1821 2807 1891 2863; x_wconf 91' lang='lat' dir='ltr'><strong>de</strong></span> 
     </span>
     <span class='ocr_line' id='line_1_43' title="bbox 285 2879 1890 2936; baseline -0.001 0"><span class='ocrx_word' id='word_1_316' title='bbox 285 2884 479 2936; x_wconf 85' lang='lat' dir='ltr'><strong>ascetis</strong></span> <span class='ocrx_word' id='word_1_317' title='bbox 540 2881 643 2936; x_wconf 88' lang='lat' dir='ltr'><strong>illis</strong></span> <span class='ocrx_word' id='word_1_318' title='bbox 692 2880 1073 2936; x_wconf 81' lang='lat' dir='ltr'><strong>Alexandria</strong></span> <span class='ocrx_word' id='word_1_319' title='bbox 1131 2895 1163 2936; x_wconf 91' lang='lat' dir='ltr'><strong>a</strong></span> <span class='ocrx_word' id='word_1_320' title='bbox 1270 2921 1284 2936; x_wconf 94' lang='lat'><strong>.</strong></span> <span class='ocrx_word' id='word_1_321' title='bbox 1329 2883 1523 2936; x_wconf 90' lang='lat' dir='ltr'><strong>Marco</strong></span> <span class='ocrx_word' id='word_1_322' title='bbox 1563 2879 1890 2936; x_wconf 69' lang='lat' dir='ltr'><strong>evangelista</strong></span> 
     </span>
    </p>
   </div>
   <div class='ocr_carea' id='block_1_43' title="bbox 285 2879 1890 2949">
    <p class='ocr_par' dir='ltr' id='par_1_43' title="bbox 285 2879 1890 2949">
     <span class='ocr_line' id='line_1_44' title="bbox 285 2879 1890 2949; baseline -0.004 -8"><span class='ocrx_word' id='word_1_323' title='bbox 285 2884 479 2941; x_wconf 88' lang='lat' dir='ltr'><strong>ascetis</strong></span> <span class='ocrx_word' id='word_1_324' title='bbox 540 2881 643 2938; x_wconf 87' lang='lat' dir='ltr'><strong>illis</strong></span> <span class='ocrx_word' id='word_1_325' title='bbox 692 2879 1073 2937; x_wconf 78' lang='lat' dir='ltr'><strong>Alexandrinis</strong></span> <span class='ocrx_word' id='word_1_326' title='bbox 1131 2879 1181 2936; x_wconf 65' lang='lat' dir='ltr'><strong>a&#39;</strong></span> <span class='ocrx_word' id='word_1_327' title='bbox 1217 2879 1284 2937; x_wconf 86' lang='grc' dir='ltr'><strong>Β.</strong></span> <span class='ocrx_word' id='word_1_328' title='bbox 1329 2883 1523 2937; x_wconf 90' lang='lat' dir='ltr'><strong>Marco</strong></span> <span class='ocrx_word' id='word_1_329' title='bbox 1563 2879 1890 2949; x_wconf 84' lang='lat' dir='ltr'><strong>evangelista</strong></span> 
     </span>
    </p>
   </div>
   <div class='ocr_carea' id='block_1_44' title="bbox 287 2949 1877 3012">
    <p class='ocr_par' dir='ltr' id='par_1_44' title="bbox 287 2949 1877 3012">
     <span class='ocr_line' id='line_1_45' title="bbox 287 2949 1877 3012; baseline -0.004 -1"><span class='ocrx_word' id='word_1_330' title='bbox 287 2954 548 3012; x_wconf 89' lang='lat' dir='ltr'><strong>institutis</strong></span> <span class='ocrx_word' id='word_1_331' title='bbox 585 2950 774 3008; x_wconf 90' lang='lat' dir='ltr'><strong>scribit</strong></span> <span class='ocrx_word' id='word_1_332' title='bbox 801 2967 867 3008; x_wconf 83' lang='lat' dir='ltr'><strong>ex</strong></span> <span class='ocrx_word' id='word_1_333' title='bbox 892 2950 1115 3009; x_wconf 84' lang='lat' dir='ltr'><strong>Philone</strong></span> <span class='ocrx_word' id='word_1_334' title='bbox 1152 2950 1420 3008; x_wconf 85' lang='lat' dir='ltr'><strong>Eusebius</strong></span> <span class='ocrx_word' id='word_1_335' title='bbox 1450 2950 1546 3007; x_wconf 92' lang='lat' dir='ltr'><strong>lib.</strong></span> <span class='ocrx_word' id='word_1_336' title='bbox 1585 2966 1630 3007; x_wconf 80' lang='grc' dir='ltr'>ιι</span> <span class='ocrx_word' id='word_1_337' title='bbox 1660 2949 1877 3007; x_wconf 86' lang='lat' dir='ltr'><strong>Histor.</strong></span> 
     </span>
    </p>
   </div>
   <div class='ocr_carea' id='block_1_45' title="bbox 287 3024 1891 3097">
    <p class='ocr_par' dir='ltr' id='par_1_45' title="bbox 287 3024 1891 3097">
     <span class='ocr_line' id='line_1_46' title="bbox 287 3024 1891 3097; baseline -0.004 -16"><span class='ocrx_word' id='word_1_338' title='bbox 287 3041 406 3097; x_wconf 86' lang='lat' dir='ltr'><strong>cap.</strong></span> <span class='ocrx_word' id='word_1_339' title='bbox 436 3031 503 3080; x_wconf 84' lang='lat' dir='ltr'><strong>l6</strong></span> <span class='ocrx_word' id='word_1_340' title='bbox 533 3042 546 3078; x_wconf 90' lang='lat'>:</span> <span class='ocrx_word' id='word_1_341' title='bbox 579 3024 765 3097; x_wconf 80' lang='lat' dir='ltr'><strong>Cibum</strong></span> <span class='ocrx_word' id='word_1_342' title='bbox 784 3028 881 3097; x_wconf 82' lang='lat' dir='ltr'><strong>aut</strong></span> <span class='ocrx_word' id='word_1_343' title='bbox 897 3024 1163 3097; x_wconf 66' lang='lat' dir='ltr'><strong>peiionern</strong></span> <span class='ocrx_word' id='word_1_344' title='bbox 1190 3026 1315 3097; x_wconf 77' lang='lat' dir='ltr'><strong>ante</strong></span> <span class='ocrx_word' id='word_1_345' title='bbox 1335 3024 1459 3097; x_wconf 83' lang='lat' dir='ltr'><strong>solis</strong></span> <span class='ocrx_word' id='word_1_346' title='bbox 1479 3037 1718 3097; x_wconf 81' lang='lat' dir='ltr'><strong>oceasum</strong></span> <span class='ocrx_word' id='word_1_347' title='bbox 1740 3036 1891 3076; x_wconf 87' lang='lat' dir='ltr'><strong>nemo</strong></span> 
     </span>
    </p>
   </div>
   <div class='ocr_carea' id='block_1_46' title="bbox 285 3093 1895 3164">
    <p class='ocr_par' dir='ltr' id='par_1_46' title="bbox 285 3093 1895 3164">
     <span class='ocr_line' id='line_1_47' title="bbox 285 3093 1895 3164; baseline -0.003 -13"><span class='ocrx_word' id='word_1_348' title='bbox 285 3093 510 3151; x_wconf 77' lang='lat' dir='ltr'><strong>illorum</strong></span> <span class='ocrx_word' id='word_1_349' title='bbox 525 3096 690 3164; x_wconf 83' lang='lat' dir='ltr'><strong>capit.</strong></span> <span class='ocrx_word' id='word_1_350' title='bbox 711 3094 919 3162; x_wconf 80' lang='lat' dir='ltr'><strong>Quippe</strong></span> <span class='ocrx_word' id='word_1_351' title='bbox 930 3093 1130 3147; x_wconf 70' lang='lat' dir='ltr'><strong>divinae</strong></span> <span class='ocrx_word' id='word_1_352' title='bbox 1145 3094 1421 3164; x_wconf 72' lang='lat' dir='ltr'><strong>sapientiw</strong></span> <span class='ocrx_word' id='word_1_353' title='bbox 1437 3093 1700 3159; x_wconf 82' lang='lat' dir='ltr'><strong>studium,</strong></span> <span class='ocrx_word' id='word_1_354' title='bbox 1720 3107 1828 3162; x_wconf 87' lang='lat' dir='ltr'><strong>quo</strong></span> <span class='ocrx_word' id='word_1_355' title='bbox 1841 3107 1895 3147; x_wconf 90' lang='lat' dir='ltr'><strong>se</strong></span> 
     </span>
    </p>
   </div>
   <div class='ocr_carea' id='block_1_47' title="bbox 288 3161 1895 3232">
    <p class='ocr_par' dir='ltr' id='par_1_47' title="bbox 288 3161 1895 3232">
     <span class='ocr_line' id='line_1_48' title="bbox 288 3161 1895 3232; baseline -0.004 -11"><span class='ocrx_word' id='word_1_356' title='bbox 288 3161 603 3229; x_wconf 60' lang='lat' dir='ltr'><strong>involvunt;</strong></span> <span class='ocrx_word' id='word_1_357' title='bbox 636 3161 820 3217; x_wconf 78' lang='lat' dir='ltr'><strong>lucem</strong></span> <span class='ocrx_word' id='word_1_358' title='bbox 830 3161 1124 3232; x_wconf 78' lang='lat' dir='ltr'><strong>promereri</strong></span> <span class='ocrx_word' id='word_1_359' title='bbox 1134 3161 1388 3232; x_wconf 75' lang='lat' dir='ltr'><strong>judicent</strong></span> <span class='ocrx_word' id='word_1_360' title='bbox 1411 3181 1426 3226; x_wconf 89' lang='lat'><strong><em>;</em></strong></span> <span class='ocrx_word' id='word_1_361' title='bbox 1452 3164 1684 3232; x_wconf 76' lang='lat' dir='ltr'><strong>corporis</strong></span> <span class='ocrx_word' id='word_1_362' title='bbox 1716 3161 1895 3215; x_wconf 82' lang='lat' dir='ltr'><strong>autem</strong></span> 
     </span>
    </p>
   </div>
   <div class='ocr_carea' id='block_1_48' title="bbox 290 3230 1899 3290">
    <p class='ocr_par' dir='ltr' id='par_1_48' title="bbox 290 3230 1899 3290">
     <span class='ocr_line' id='line_1_49' title="bbox 290 3230 1899 3290; baseline -0.002 0"><span class='ocrx_word' id='word_1_363' title='bbox 290 3237 634 3290; x_wconf 74' lang='lat' dir='ltr'><strong>necessitates</strong></span> <span class='ocrx_word' id='word_1_364' title='bbox 654 3230 897 3287; x_wconf 64' lang='lat' dir='ltr'><strong>tenebrbs</strong></span> <span class='ocrx_word' id='word_1_365' title='bbox 910 3232 1085 3286; x_wconf 84' lang='lat' dir='ltr'><strong>solum</strong></span> <span class='ocrx_word' id='word_1_366' title='bbox 1095 3233 1284 3286; x_wconf 73' lang='lat' dir='ltr'><strong>merito</strong></span> <span class='ocrx_word' id='word_1_367' title='bbox 1303 3230 1411 3286; x_wconf 78' lang='lat' dir='ltr'><strong>sibi</strong></span> <span class='ocrx_word' id='word_1_368' title='bbox 1425 3230 1719 3285; x_wconf 62' lang='lat' dir='ltr'><strong>vindicare.</strong></span> <span class='ocrx_word' id='word_1_369' title='bbox 1750 3232 1899 3286; x_wconf 86' lang='lat' dir='ltr'><strong>Unde</strong></span> 
     </span>
    </p>
   </div>
   <div class='ocr_carea' id='block_1_49' title="bbox 290 3286 1975 3374">
    <p class='ocr_par' dir='ltr' id='par_1_49' title="bbox 290 3286 1975 3374">
     <span class='ocr_line' id='line_1_50' title="bbox 290 3286 1975 3374; baseline -0.002 -15"><span class='ocrx_word' id='word_1_370' title='bbox 290 3286 408 3360; x_wconf 63' lang='lat' dir='ltr'><strong>iliis</strong></span> <span class='ocrx_word' id='word_1_371' title='bbox 423 3286 645 3374; x_wconf 61' lang='lat' dir='ltr'><strong>quidem</strong></span> <span class='ocrx_word' id='word_1_372' title='bbox 662 3286 836 3359; x_wconf 79' lang='lat' dir='ltr'><strong>totum</strong></span> <span class='ocrx_word' id='word_1_373' title='bbox 855 3302 1020 3369; x_wconf 83' lang='lat' dir='ltr'><strong>diem,</strong></span> <span class='ocrx_word' id='word_1_374' title='bbox 1034 3302 1116 3356; x_wconf 84' lang='lat' dir='ltr'><strong>his</strong></span> <span class='ocrx_word' id='word_1_375' title='bbox 1137 3305 1316 3357; x_wconf 85' lang='lat' dir='ltr'><strong>autem</strong></span> <span class='ocrx_word' id='word_1_376' title='bbox 1334 3303 1589 3370; x_wconf 63' lang='lat' dir='ltr'><strong>emiguam</strong></span> <span class='ocrx_word' id='word_1_377' title='bbox 1603 3302 1898 3370; x_wconf 83' lang='lat' dir='ltr'><strong>quamdam</strong></span> <span class='ocrx_word' id='word_1_378' title='bbox 1930 3286 1975 3347; x_wconf 87' lang='lat' dir='ltr'>C</span> 
     </span>
    </p>
   </div>
   <div class='ocr_carea' id='block_1_50' title="bbox 1989 1956 3587 2026">
    <p class='ocr_par' dir='ltr' id='par_1_50' title="bbox 1989 1956 3587 2026">
     <span class='ocr_line' id='line_1_51' title="bbox 1989 1956 3587 2026; baseline 0 -12"><span class='ocrx_word' id='word_1_379' title='bbox 1989 1956 2308 2022; x_wconf 80' lang='lat' dir='ltr'><strong>Athanasio,</strong></span> <span class='ocrx_word' id='word_1_380' title='bbox 2330 1956 2490 2010; x_wconf 83' lang='lat' dir='ltr'><strong>semel</strong></span> <span class='ocrx_word' id='word_1_381' title='bbox 2512 1957 2568 2010; x_wconf 82' lang='lat' dir='ltr'><strong>in</strong></span> <span class='ocrx_word' id='word_1_382' title='bbox 2594 1957 2682 2011; x_wconf 83' lang='lat' dir='ltr'><strong>die</strong></span> <span class='ocrx_word' id='word_1_383' title='bbox 2692 1960 2814 2026; x_wconf 86' lang='lat' dir='ltr'><strong>post</strong></span> <span class='ocrx_word' id='word_1_384' title='bbox 2831 1957 2954 2011; x_wconf 77' lang='lat' dir='ltr'><strong>solis</strong></span> <span class='ocrx_word' id='word_1_385' title='bbox 2973 1972 3210 2012; x_wconf 85' lang='lat' dir='ltr'><strong>occasum</strong></span> <span class='ocrx_word' id='word_1_386' title='bbox 3230 1957 3435 2021; x_wconf 80' lang='lat' dir='ltr'><strong>edebat,</strong></span> <span class='ocrx_word' id='word_1_387' title='bbox 3462 1974 3587 2015; x_wconf 85' lang='lat' dir='ltr'><strong>non-</strong></span> 
     </span>
    </p>
   </div>
   <div class='ocr_carea' id='block_1_51' title="bbox 1986 2027 3584 2098">
    <p class='ocr_par' dir='ltr' id='par_1_51' title="bbox 1986 2027 3584 2098">
     <span class='ocr_line' id='line_1_52' title="bbox 1986 2027 3584 2098; baseline 0.001 -15"><span class='ocrx_word' id='word_1_388' title='bbox 1986 2043 2277 2098; x_wconf 82' lang='lat' dir='ltr'><strong>numquam</strong></span> <span class='ocrx_word' id='word_1_389' title='bbox 2306 2027 2468 2098; x_wconf 80' lang='lat' dir='ltr'><strong>biduo</strong></span> <span class='ocrx_word' id='word_1_390' title='bbox 2500 2027 2784 2098; x_wconf 71' lang='lat' dir='ltr'><strong>triduoque</strong></span> <span class='ocrx_word' id='word_1_391' title='bbox 2801 2028 2878 2098; x_wconf 80' lang='lat' dir='ltr'><strong>sic</strong></span> <span class='ocrx_word' id='word_1_392' title='bbox 2897 2042 3236 2098; x_wconf 74' lang='lat' dir='ltr'><strong>permanens,</strong></span> <span class='ocrx_word' id='word_1_393' title='bbox 3268 2033 3468 2098; x_wconf 77' lang='lat' dir='ltr'><strong>quarta</strong></span> <span class='ocrx_word' id='word_1_394' title='bbox 3490 2030 3584 2085; x_wconf 84' lang='lat' dir='ltr'><strong>de-</strong></span> 
     </span>
    </p>
   </div>
   <div class='ocr_carea' id='block_1_52' title="bbox 1986 2096 3583 2167">
    <p class='ocr_par' dir='ltr' id='par_1_52' title="bbox 1986 2096 3583 2167">
     <span class='ocr_line' id='line_1_53' title="bbox 1986 2096 3583 2167; baseline 0 -12"><span class='ocrx_word' id='word_1_395' title='bbox 1986 2096 2143 2155; x_wconf 69' lang='lat' dir='ltr'><strong>mum</strong></span> <span class='ocrx_word' id='word_1_396' title='bbox 2161 2099 2250 2153; x_wconf 78' lang='lat' dir='ltr'><strong>die</strong></span> <span class='ocrx_word' id='word_1_397' title='bbox 2273 2097 2629 2167; x_wconf 68' lang='lat' dir='ltr'><strong>reﬁciebatur.</strong></span> <span class='ocrx_word' id='word_1_398' title='bbox 2659 2096 2812 2167; x_wconf 87' lang='lat' dir='ltr'><strong>Idem</strong></span> <span class='ocrx_word' id='word_1_399' title='bbox 2839 2096 2907 2153; x_wconf 91' lang='lat' dir='ltr'><strong>de</strong></span> <span class='ocrx_word' id='word_1_400' title='bbox 2935 2096 3220 2152; x_wconf 79' lang='lat' dir='ltr'><strong>Hilarione</strong></span> <span class='ocrx_word' id='word_1_401' title='bbox 3256 2096 3422 2154; x_wconf 77' lang='lat' dir='ltr'><strong>tradit</strong></span> <span class='ocrx_word' id='word_1_402' title='bbox 3450 2099 3583 2155; x_wconf 84' lang='lat' dir='ltr'><strong>Hie-</strong></span> 
     </span>
    </p>
   </div>
   <div class='ocr_carea' id='block_1_53' title="bbox 1989 2166 3587 2243">
    <p class='ocr_par' dir='ltr' id='par_1_53' title="bbox 1989 2166 3587 2243">
     <span class='ocr_line' id='line_1_54' title="bbox 1989 2166 3587 2243; baseline -0.001 -16"><span class='ocrx_word' id='word_1_403' title='bbox 1989 2184 2295 2243; x_wconf 82' lang='lat' dir='ltr'><strong>ronymus,</strong></span> <span class='ocrx_word' id='word_1_404' title='bbox 2325 2166 2419 2243; x_wconf 79' lang='lat' dir='ltr'><strong>qui</strong></span> <span class='ocrx_word' id='word_1_405' title='bbox 2458 2176 2514 2243; x_wconf 80' lang='lat' dir='ltr'><strong>et</strong></span> <span class='ocrx_word' id='word_1_406' title='bbox 2542 2166 2614 2223; x_wconf 89' lang='lat' dir='ltr'><strong>ad</strong></span> <span class='ocrx_word' id='word_1_407' title='bbox 2653 2166 2950 2243; x_wconf 64' lang='lat' dir='ltr'><strong>Paulinum</strong></span> <span class='ocrx_word' id='word_1_408' title='bbox 2980 2167 3224 2243; x_wconf 77' lang='lat' dir='ltr'><strong>scribens</strong></span> <span class='ocrx_word' id='word_1_409' title='bbox 3269 2168 3410 2226; x_wconf 89' lang='lat' dir='ltr'><strong>inter</strong></span> <span class='ocrx_word' id='word_1_410' title='bbox 3455 2169 3587 2226; x_wconf 87' lang='lat' dir='ltr'><strong>alias</strong></span> 
     </span>
    </p>
   </div>
   <div class='ocr_carea' id='block_1_54' title="bbox 1992 2238 3583 2311">
    <p class='ocr_par' dir='ltr' id='par_1_54' title="bbox 1992 2238 3583 2311">
     <span class='ocr_line' id='line_1_55' title="bbox 1992 2238 3583 2311; baseline -0.001 -15"><span class='ocrx_word' id='word_1_411' title='bbox 1992 2238 2247 2297; x_wconf 79' lang='lat' dir='ltr'><strong>monachi</strong></span> <span class='ocrx_word' id='word_1_412' title='bbox 2280 2238 2688 2311; x_wconf 75' lang='lat' dir='ltr'><strong>institutiones:</strong></span> <span class='ocrx_word' id='word_1_413' title='bbox 2738 2239 2822 2295; x_wconf 80' lang='lat' dir='ltr'><strong>Sit</strong></span> <span class='ocrx_word' id='word_1_414' title='bbox 2848 2239 2995 2301; x_wconf 79' lang='lat' dir='ltr'><strong>vilis,</strong></span> <span class='ocrx_word' id='word_1_415' title='bbox 3037 2238 3322 2311; x_wconf 81' lang='lat' dir='ltr'><strong>inquit,_et</strong></span> <span class='ocrx_word' id='word_1_416' title='bbox 3370 2256 3583 2311; x_wconf 80' lang='lat' dir='ltr'><strong>vesper—</strong></span> 
     </span>
    </p>
   </div>
   <div class='ocr_carea' id='block_1_55' title="bbox 1990 2309 3587 2380">
    <p class='ocr_par' dir='ltr' id='par_1_55' title="bbox 1990 2309 3587 2380">
     <span class='ocr_line' id='line_1_56' title="bbox 1990 2309 3587 2380; baseline -0.001 -13"><span class='ocrx_word' id='word_1_417' title='bbox 1990 2315 2133 2367; x_wconf 80' lang='lat' dir='ltr'><strong>tinus</strong></span> <span class='ocrx_word' id='word_1_418' title='bbox 2160 2313 2307 2366; x_wconf 83' lang='lat' dir='ltr'><strong>cibus</strong></span> <span class='ocrx_word' id='word_1_419' title='bbox 2343 2311 2536 2380; x_wconf 80' lang='lat' dir='ltr'><strong>(Epist.</strong></span> <span class='ocrx_word' id='word_1_420' title='bbox 2574 2310 2692 2379; x_wconf 85' lang='lat'><strong>13).</strong></span> <span class='ocrx_word' id='word_1_421' title='bbox 2736 2311 2909 2365; x_wconf 90' lang='lat' dir='ltr'><strong>Porro</strong></span> <span class='ocrx_word' id='word_1_422' title='bbox 2940 2313 3011 2380; x_wconf 73' lang='lat' dir='ltr'><strong>D.</strong></span> <span class='ocrx_word' id='word_1_423' title='bbox 3057 2309 3380 2367; x_wconf 84' lang='lat' dir='ltr'><strong>Benedictus</strong></span> <span class='ocrx_word' id='word_1_424' title='bbox 3408 2309 3473 2366; x_wconf 76' lang='lat' dir='ltr'><strong>in</strong></span> <span class='ocrx_word' id='word_1_425' title='bbox 3503 2310 3587 2367; x_wconf 88' lang='lat' dir='ltr'><strong>his</strong></span> 
     </span>
    </p>
   </div>
   <div class='ocr_carea' id='block_1_56' title="bbox 1989 2378 3596 2440">
    <p class='ocr_par' dir='ltr' id='par_1_56' title="bbox 1989 2378 3596 2440">
     <span class='ocr_line' id='line_1_57' title="bbox 1989 2378 3596 2440; baseline -0.002 0"><span class='ocrx_word' id='word_1_426' title='bbox 1989 2384 2089 2440; x_wconf 92' lang='lat' dir='ltr'><strong>SS.</strong></span> <span class='ocrx_word' id='word_1_427' title='bbox 2142 2385 2364 2439; x_wconf 88' lang='lat' dir='ltr'><strong>Patrum</strong></span> <span class='ocrx_word' id='word_1_428' title='bbox 2408 2378 2465 2437; x_wconf 84' lang='lat' dir='ltr'><strong>et</strong></span> <span class='ocrx_word' id='word_1_429' title='bbox 2510 2378 2753 2437; x_wconf 89' lang='lat' dir='ltr'><strong>veterum</strong></span> <span class='ocrx_word' id='word_1_430' title='bbox 2802 2378 3199 2438; x_wconf 88' lang='lat' dir='ltr'><strong>monachorum</strong></span> <span class='ocrx_word' id='word_1_431' title='bbox 3241 2380 3492 2438; x_wconf 90' lang='lat' dir='ltr'><strong>moribus</strong></span> <span class='ocrx_word' id='word_1_432' title='bbox 3539 2388 3596 2438; x_wconf 94' lang='lat' dir='ltr'><strong>et</strong></span> 
     </span>
    </p>
   </div>
   <div class='ocr_carea' id='block_1_57' title="bbox 1990 2451 3592 2532">
    <p class='ocr_par' dir='ltr' id='par_1_57' title="bbox 1990 2451 3592 2532">
     <span class='ocr_line' id='line_1_58' title="bbox 1990 2451 3592 2532; baseline 0 -24"><span class='ocrx_word' id='word_1_433' title='bbox 1990 2453 2253 2532; x_wconf 76' lang='lat' dir='ltr'><strong>institutis</strong></span> <span class='ocrx_word' id='word_1_434' title='bbox 2277 2452 2472 2532; x_wconf 82' lang='lat' dir='ltr'><strong>eximie</strong></span> <span class='ocrx_word' id='word_1_435' title='bbox 2496 2459 2758 2532; x_wconf 71' lang='lat' dir='ltr'><strong>versatus,</strong></span> <span class='ocrx_word' id='word_1_436' title='bbox 2770 2451 2859 2532; x_wconf 74' lang='lat' dir='ltr'><strong>eis</strong></span> <span class='ocrx_word' id='word_1_437' title='bbox 2877 2466 2983 2532; x_wconf 79' lang='lat' dir='ltr'><strong>que</strong></span> <span class='ocrx_word' id='word_1_438' title='bbox 3013 2461 3275 2532; x_wconf 78' lang='lat' dir='ltr'><strong>perpetuo</strong></span> <span class='ocrx_word' id='word_1_439' title='bbox 3295 2452 3592 2532; x_wconf 72' lang='lat' dir='ltr'><strong>inhaerens,</strong></span> 
     </span>
    </p>
   </div>
   <div class='ocr_carea' id='block_1_58' title="bbox 1991 2522 3597 2593">
    <p class='ocr_par' dir='ltr' id='par_1_58' title="bbox 1991 2522 3597 2593">
     <span class='ocr_line' id='line_1_59' title="bbox 1991 2522 3597 2593; baseline -0.002 -12"><span class='ocrx_word' id='word_1_440' title='bbox 1991 2524 2185 2581; x_wconf 87' lang='lat' dir='ltr'><strong>statuit</strong></span> <span class='ocrx_word' id='word_1_441' title='bbox 2214 2530 2351 2593; x_wconf 89' lang='lat' dir='ltr'><strong>(cap.</strong></span> <span class='ocrx_word' id='word_1_442' title='bbox 2385 2522 2474 2593; x_wconf 79' lang='lat'><strong>41)</strong></span> <span class='ocrx_word' id='word_1_443' title='bbox 2508 2523 2647 2576; x_wconf 77' lang='lat' dir='ltr'><strong>utin</strong></span> <span class='ocrx_word' id='word_1_444' title='bbox 2675 2523 2862 2579; x_wconf 78' lang='lat' dir='ltr'><strong>diebus</strong></span> <span class='ocrx_word' id='word_1_445' title='bbox 2873 2522 3076 2592; x_wconf 78' lang='lat' dir='ltr'><strong>jejunii</strong></span> <span class='ocrx_word' id='word_1_446' title='bbox 3098 2522 3256 2578; x_wconf 64' lang='lat' dir='ltr'><strong>extra</strong></span> <span class='ocrx_word' id='word_1_447' title='bbox 3284 2525 3597 2593; x_wconf 80' lang='lat' dir='ltr'><strong>Quadrage-</strong></span> 
     </span>
    </p>
   </div>
   <div class='ocr_carea' id='block_1_59' title="bbox 1992 2594 3592 2660">
    <p class='ocr_par' dir='ltr' id='par_1_59' title="bbox 1992 2594 3592 2660">
     <span class='ocr_line' id='line_1_60' title="bbox 1992 2594 3592 2660; baseline -0.002 -11"><span class='ocrx_word' id='word_1_448' title='bbox 1992 2597 2206 2656; x_wconf 88' lang='lat' dir='ltr'><strong>simam,</strong></span> <span class='ocrx_word' id='word_1_449' title='bbox 2230 2596 2360 2648; x_wconf 87' lang='lat' dir='ltr'><strong>hora</strong></span> <span class='ocrx_word' id='word_1_450' title='bbox 2390 2608 2532 2646; x_wconf 89' lang='lat' dir='ltr'><strong>nona</strong></span> <span class='ocrx_word' id='word_1_451' title='bbox 2558 2594 2807 2660; x_wconf 74' lang='lat' dir='ltr'><strong>reﬁciant</strong></span> <span class='ocrx_word' id='word_1_452' title='bbox 2829 2595 3064 2658; x_wconf 78' lang='lat' dir='ltr'><strong>fratres;</strong></span> <span class='ocrx_word' id='word_1_453' title='bbox 3085 2595 3211 2646; x_wconf 76' lang='lat' dir='ltr'><strong>aliis</strong></span> <span class='ocrx_word' id='word_1_454' title='bbox 3237 2609 3358 2647; x_wconf 79' lang='lat' dir='ltr'><strong>vero</strong></span> <span class='ocrx_word' id='word_1_455' title='bbox 3384 2594 3592 2657; x_wconf 86' lang='lat' dir='ltr'><strong>diebus,</strong></span> 
     </span>
    </p>
   </div>
   <div class='ocr_carea' id='block_1_60' title="bbox 1995 2662 3597 2733">
    <p class='ocr_par' dir='ltr' id='par_1_60' title="bbox 1995 2662 3597 2733">
     <span class='ocr_line' id='line_1_61' title="bbox 1995 2662 3597 2733; baseline -0.002 -12"><span class='ocrx_word' id='word_1_456' title='bbox 1995 2666 2071 2720; x_wconf 89' lang='lat' dir='ltr'><strong>ad</strong></span> <span class='ocrx_word' id='word_1_457' title='bbox 2089 2669 2300 2720; x_wconf 67' lang='lat' dir='ltr'><strong>sextam</strong></span> <span class='ocrx_word' id='word_1_458' title='bbox 2308 2662 2639 2733; x_wconf 77' lang='lat' dir='ltr'><strong>prandeant.</strong></span> <span class='ocrx_word' id='word_1_459' title='bbox 2655 2662 2742 2717; x_wconf 86' lang='lat' dir='ltr'><strong>Ab</strong></span> <span class='ocrx_word' id='word_1_460' title='bbox 2759 2662 2937 2717; x_wconf 84' lang='lat' dir='ltr'><strong>idibus</strong></span> <span class='ocrx_word' id='word_1_461' title='bbox 2953 2677 3074 2716; x_wconf 80' lang='lat' dir='ltr'><strong>vero</strong></span> <span class='ocrx_word' id='word_1_462' title='bbox 3088 2662 3407 2732; x_wconf 80' lang='lat' dir='ltr'><strong>Septembris</strong></span> <span class='ocrx_word' id='word_1_463' title='bbox 3429 2677 3597 2731; x_wconf 83' lang='lat' dir='ltr'><strong>usque</strong></span> 
     </span>
    </p>
   </div>
   <div class='ocr_carea' id='block_1_61' title="bbox 1996 2733 3593 2806">
    <p class='ocr_par' dir='ltr' id='par_1_61' title="bbox 1996 2733 3593 2806">
     <span class='ocr_line' id='line_1_62' title="bbox 1996 2733 3593 2806; baseline -0.002 -15"><span class='ocrx_word' id='word_1_464' title='bbox 1996 2736 2069 2791; x_wconf 89' lang='lat' dir='ltr'><strong>ad</strong></span> <span class='ocrx_word' id='word_1_465' title='bbox 2097 2740 2262 2806; x_wconf 83' lang='lat' dir='ltr'><strong>caput</strong></span> <span class='ocrx_word' id='word_1_466' title='bbox 2298 2734 2753 2806; x_wconf 57' lang='lat' dir='ltr'><strong>Quadragesimae</strong></span> <span class='ocrx_word' id='word_1_467' title='bbox 2778 2733 2855 2806; x_wconf 73' lang='lat' dir='ltr'><strong>ad</strong></span> <span class='ocrx_word' id='word_1_468' title='bbox 2878 2746 3088 2806; x_wconf 73' lang='lat' dir='ltr'><strong>nonam</strong></span> <span class='ocrx_word' id='word_1_469' title='bbox 3098 2746 3300 2806; x_wconf 72' lang='lat' dir='ltr'><strong>semper</strong></span> <span class='ocrx_word' id='word_1_470' title='bbox 3330 2734 3593 2802; x_wconf 76' lang='lat' dir='ltr'><strong>reﬁciant.</strong></span> 
     </span>
    </p>
   </div>
   <div class='ocr_carea' id='block_1_62' title="bbox 1998 2801 3601 2884">
    <p class='ocr_par' dir='ltr' id='par_1_62' title="bbox 1998 2801 3601 2884">
     <span class='ocr_line' id='line_1_63' title="bbox 1998 2801 3601 2884; baseline -0.002 -23"><span class='ocrx_word' id='word_1_471' title='bbox 1998 2810 2077 2884; x_wconf 51' lang='lat' dir='ltr'><strong>113x</strong></span> <span class='ocrx_word' id='word_1_472' title='bbox 2121 2801 2333 2884; x_wconf 32' lang='lat' dir='ltr'><strong>quibus;</strong></span> <span class='ocrx_word' id='word_1_473' title='bbox 2359 2803 2538 2860; x_wconf 88' lang='lat' dir='ltr'><strong>verbis</strong></span> <span class='ocrx_word' id='word_1_474' title='bbox 2557 2802 2782 2884; x_wconf 39' lang='lat' dir='ltr'><strong>_ee_lligi.t</strong></span> <span class='ocrx_word' id='word_1_475' title='bbox 2826 2801 3171 2884; x_wconf 43' lang='lat' dir='ltr'><strong>Smaragdus.</strong></span> <span class='ocrx_word' id='word_1_476' title='bbox 3192 2801 3396 2884; x_wconf 24' lang='lat' dir='ltr'><strong>abbas;</strong></span> <span class='ocrx_word' id='word_1_477' title='bbox 3410 2817 3601 2884; x_wconf 82' lang='lat' dir='ltr'><strong>secun-</strong></span> 
     </span>
    </p>
   </div>
   <div class='ocr_carea' id='block_1_63' title="bbox 1996 2871 3597 2947">
    <p class='ocr_par' dir='ltr' id='par_1_63' title="bbox 1996 2871 3597 2947">
     <span class='ocr_line' id='line_1_64' title="bbox 1996 2871 3597 2947; baseline -0.004 -13"><span class='ocrx_word' id='word_1_478' title='bbox 1996 2871 2427 2947; x_wconf 52' lang='lat' dir='ltr'><strong>dum—Regulam</strong></span> <span class='ocrx_word' id='word_1_479' title='bbox 2444 2871 3057 2947; x_wconf 70' lang='lat' dir='ltr'><strong>quotidiejejunendum</strong></span> <span class='ocrx_word' id='word_1_480' title='bbox 3071 2871 3141 2928; x_wconf 90' lang='lat' dir='ltr'><strong>ab</strong></span> <span class='ocrx_word' id='word_1_481' title='bbox 3156 2871 3337 2947; x_wconf 76' lang='lat' dir='ltr'><strong>idibus</strong></span> <span class='ocrx_word' id='word_1_482' title='bbox 3355 2873 3597 2947; x_wconf 78' lang='lat' dir='ltr'><strong>Septem-</strong></span> 
     </span>
    </p>
   </div>
   <div class='ocr_carea' id='block_1_64' title="bbox 1995 2941 3601 3015">
    <p class='ocr_par' dir='ltr' id='par_1_64' title="bbox 1995 2941 3601 3015">
     <span class='ocr_line' id='line_1_65' title="bbox 1995 2941 3601 3015; baseline -0.004 -11"><span class='ocrx_word' id='word_1_483' title='bbox 1995 2948 2129 3013; x_wconf 89' lang='lat' dir='ltr'><strong>bris,</strong></span> <span class='ocrx_word' id='word_1_484' title='bbox 2157 2946 2211 3003; x_wconf 89' lang='lat' dir='ltr'><strong>id</strong></span> <span class='ocrx_word' id='word_1_485' title='bbox 2241 2941 2343 3011; x_wconf 76' lang='lat' dir='ltr'><strong>ést,</strong></span> <span class='ocrx_word' id='word_1_486' title='bbox 2386 2941 2801 3015; x_wconf 78' lang='lat' dir='ltr'><strong>Exaltatione_S.</strong></span> <span class='ocrx_word' id='word_1_487' title='bbox 2834 2942 3025 3015; x_wconf 85' lang='lat' dir='ltr'><strong>Crucis</strong></span> <span class='ocrx_word' id='word_1_488' title='bbox 3052 2958 3226 3015; x_wconf 90' lang='lat' dir='ltr'><strong>usque</strong></span> <span class='ocrx_word' id='word_1_489' title='bbox 3254 2942 3323 2999; x_wconf 89' lang='lat' dir='ltr'><strong>ad</strong></span> <span class='ocrx_word' id='word_1_490' title='bbox 3351 2941 3601 3015; x_wconf 76' lang='lat' dir='ltr'><strong>Quadra-</strong></span> 
     </span>
    </p>
   </div>
   <div class='ocr_carea' id='block_1_65' title="bbox 1999 3013 3601 3091">
    <p class='ocr_par' dir='ltr' id='par_1_65' title="bbox 1999 3013 3601 3091">
     <span class='ocr_line' id='line_1_66' title="bbox 1999 3013 3601 3091; baseline -0.003 -16"><span class='ocrx_word' id='word_1_491' title='bbox 1999 3018 2288 3091; x_wconf 87' lang='lat' dir='ltr'><strong>gesimam,</strong></span> <span class='ocrx_word' id='word_1_492' title='bbox 2318 3017 2393 3091; x_wconf 88' lang='lat' dir='ltr'><strong>ita</strong></span> <span class='ocrx_word' id='word_1_493' title='bbox 2422 3026 2603 3091; x_wconf 78' lang='lat' dir='ltr'><strong>tamen</strong></span> <span class='ocrx_word' id='word_1_494' title='bbox 2628 3023 2693 3091; x_wconf 80' lang='lat' dir='ltr'><strong>ut</strong></span> <span class='ocrx_word' id='word_1_495' title='bbox 2720 3013 2823 3070; x_wconf 87' lang='lat' dir='ltr'><strong>hoc</strong></span> <span class='ocrx_word' id='word_1_496' title='bbox 2850 3013 3295 3091; x_wconf 27' lang='lat' dir='ltr'><strong>jejunium’hora</strong></span> <span class='ocrx_word' id='word_1_497' title='bbox 3317 3030 3458 3070; x_wconf 90' lang='lat' dir='ltr'><strong>nona</strong></span> <span class='ocrx_word' id='word_1_498' title='bbox 3482 3014 3601 3070; x_wconf 85' lang='lat' dir='ltr'><strong>sol-</strong></span> 
     </span>
    </p>
   </div>
   <div class='ocr_carea' id='block_1_66' title="bbox 2001 3084 3599 3159">
    <p class='ocr_par' dir='ltr' id='par_1_66' title="bbox 2001 3084 3599 3159">
     <span class='ocr_line' id='line_1_67' title="bbox 2001 3084 3599 3159; baseline -0.003 -14"><span class='ocrx_word' id='word_1_499' title='bbox 2001 3084 2190 3155; x_wconf 71' lang='lat' dir='ltr'><strong>vatur;</strong></span> <span class='ocrx_word' id='word_1_500' title='bbox 2224 3084 2283 3143; x_wconf 90' lang='lat' dir='ltr'><strong>in</strong></span> <span class='ocrx_word' id='word_1_501' title='bbox 2312 3086 2743 3159; x_wconf 12' lang='lat' dir='ltr'><strong>Quadragesimai</strong></span> <span class='ocrx_word' id='word_1_502' title='bbox 2765 3084 3040 3159; x_wconf 18' lang='lat' dir='ltr'><strong>ver&#39;o&#39;noni</strong></span> <span class='ocrx_word' id='word_1_503' title='bbox 3066 3085 3173 3141; x_wconf 88' lang='lat' dir='ltr'><strong>nisi</strong></span> <span class='ocrx_word' id='word_1_504' title='bbox 3200 3084 3272 3142; x_wconf 92' lang='lat' dir='ltr'><strong>ad</strong></span> <span class='ocrx_word' id='word_1_505' title='bbox 3295 3100 3599 3159; x_wconf 76' lang='lat' dir='ltr'><strong>yeSperam.</strong></span> 
     </span>
    </p>
   </div>
   <div class='ocr_carea' id='block_1_67' title="bbox 2003 3155 3598 3240">
    <p class='ocr_par' dir='ltr' id='par_1_67' title="bbox 2003 3155 3598 3240">
     <span class='ocr_line' id='line_1_68' title="bbox 2003 3155 3598 3240; baseline -0.003 -24"><span class='ocrx_word' id='word_1_506' title='bbox 2003 3159 2163 3240; x_wconf 85' lang='lat' dir='ltr'><strong>Unde</strong></span> <span class='ocrx_word' id='word_1_507' title='bbox 2191 3155 2842 3240; x_wconf 61' lang='lat' dir='ltr'><strong>patet&#39;quantiim_et_iam</strong></span> <span class='ocrx_word' id='word_1_508' title='bbox 2886 3155 2995 3240; x_wconf 70' lang='lat' dir='ltr'><strong>hac</strong></span> <span class='ocrx_word' id='word_1_509' title='bbox 3026 3155 3255 3240; x_wconf 80' lang='lat' dir='ltr'><strong>in_part_e</strong></span> <span class='ocrx_word' id='word_1_510' title='bbox 3280 3155 3354 3240; x_wconf 79' lang='lat' dir='ltr'><strong>de</strong></span> <span class='ocrx_word' id='word_1_511' title='bbox 3376 3155 3598 3228; x_wconf 76' lang='lat' dir='ltr'><strong>antiqua</strong></span> 
     </span>
    </p>
   </div>
   <div class='ocr_carea' id='block_1_68' title="bbox 2004 3227 3484 3299">
    <p class='ocr_par' dir='ltr' id='par_1_68' title="bbox 2004 3227 3484 3299">
     <span class='ocr_line' id='line_1_69' title="bbox 2004 3227 3484 3299; baseline -0.003 -12"><span class='ocrx_word' id='word_1_512' title='bbox 2004 3227 2317 3287; x_wconf 84' lang='lat' dir='ltr'><strong>austeritate</strong></span> <span class='ocrx_word' id='word_1_513' title='bbox 2348 3227 2407 3283; x_wconf 79' lang='lat' dir='ltr'><strong>et</strong></span> <span class='ocrx_word' id='word_1_514' title='bbox 2428 3227 2661 3299; x_wconf 82' lang='lat' dir='ltr'><strong>regulari</strong></span> <span class='ocrx_word' id='word_1_515' title='bbox 2687 3227 3032 3284; x_wconf 89' lang='lat' dir='ltr'><strong>observantia</strong></span> <span class='ocrx_word' id='word_1_516' title='bbox 3058 3227 3128 3282; x_wconf 91' lang='lat' dir='ltr'><strong>sit</strong></span> <span class='ocrx_word' id='word_1_517' title='bbox 3158 3228 3484 3283; x_wconf 82' lang='lat' dir='ltr'><strong>relaxatum.</strong></span> 
     </span>
    </p>
   </div>
   <div class='ocr_carea' id='block_1_69' title="bbox 1197 3551 2695 3669">
    <p class='ocr_par' dir='ltr' id='par_1_69' title="bbox 1197 3551 2695 3669">
     <span class='ocr_line' id='line_1_70' title="bbox 1197 3551 2695 3669; baseline -0.005 -12"><span class='ocrx_word' id='word_1_518' title='bbox 1197 3552 1983 3656; x_wconf 65' lang='lat' dir='ltr'><strong>COLLATIO</strong></span> <span class='ocrx_word' id='word_1_519' title='bbox 2068 3551 2695 3669; x_wconf 77' lang='grc' dir='ltr'><em>ΤΕΒΤΙΑ,</em></span> 
     </span>
    </p>
   </div>
   <div class='ocr_carea' id='block_1_70' title="bbox 1440 3730 2457 3822">
    <p class='ocr_par' dir='ltr' id='par_1_70' title="bbox 1440 3730 2457 3822">
     <span class='ocr_line' id='line_1_71' title="bbox 1440 3730 2457 3822; baseline -0.004 -21"><span class='ocrx_word' id='word_1_520' title='bbox 1440 3730 1599 3813; x_wconf 74' lang='lat' dir='ltr'><strong>Quae</strong></span> <span class='ocrx_word' id='word_1_521' title='bbox 1638 3739 1738 3801; x_wconf 86' lang='lat' dir='ltr'><strong>est</strong></span> <span class='ocrx_word' id='word_1_522' title='bbox 1771 3732 2037 3800; x_wconf 82' lang='lat' dir='ltr'><strong>abbatis</strong></span> <span class='ocrx_word' id='word_1_523' title='bbox 2068 3731 2457 3822; x_wconf 84' lang='lat' dir='ltr'><strong>Paphnutii.</strong></span> 
     </span>
    </p>
   </div>
   <div class='ocr_carea' id='block_1_71' title="bbox 1398 3871 2504 3961">
    <p class='ocr_par' dir='ltr' id='par_1_71' title="bbox 1398 3871 2504 3961">
     <span class='ocr_line' id='line_1_72' title="bbox 1398 3871 2504 3961; baseline -0.003 -37"><span class='ocrx_word' id='word_1_524' title='bbox 1398 3876 1483 3924; x_wconf 83' lang='lat' dir='ltr'><strong>DE</strong></span> <span class='ocrx_word' id='word_1_525' title='bbox 1518 3875 1747 3925; x_wconf 76' lang='lat' dir='ltr'><strong>TRIBUS</strong></span> <span class='ocrx_word' id='word_1_526' title='bbox 1782 3871 2504 3961; x_wconf 51' lang='lat' dir='ltr'><strong>AB‘RENUNTIATIONIBUS.</strong></span> 
     </span>
    </p>
   </div>
   <div class='ocr_carea' id='block_1_72' title="bbox 799 4088 1395 4146">
    <p class='ocr_par' dir='ltr' id='par_1_72' title="bbox 799 4088 1395 4146">
     <span class='ocr_line' id='line_1_73' title="bbox 799 4088 1395 4146; baseline -0.005 0"><span class='ocrx_word' id='word_1_527' title='bbox 799 4089 1042 4146; x_wconf 80' lang='lat' dir='ltr'><strong>CAPUT</strong></span> <span class='ocrx_word' id='word_1_528' title='bbox 1073 4088 1395 4146; x_wconf 83' lang='lat' dir='ltr'><strong>PRIMUM.</strong></span> 
     </span>
    </p>
   </div>
   <div class='ocr_carea' id='block_1_73' title="bbox 372 4181 1899 4256">
    <p class='ocr_par' dir='ltr' id='par_1_73' title="bbox 372 4181 1899 4256">
     <span class='ocr_line' id='line_1_74' title="bbox 372 4181 1899 4256; baseline -0.002 -16"><span class='ocrx_word' id='word_1_529' title='bbox 372 4186 438 4240; x_wconf 88' lang='lat' dir='ltr'><strong>In</strong></span> <span class='ocrx_word' id='word_1_530' title='bbox 466 4182 559 4239; x_wconf 91' lang='lat' dir='ltr'><strong>illo</strong></span> <span class='ocrx_word' id='word_1_531' title='bbox 598 4181 766 4238; x_wconf 91' lang='lat' dir='ltr'><strong>choro</strong></span> <span class='ocrx_word' id='word_1_532' title='bbox 803 4189 1118 4240; x_wconf 87' lang='lat' dir='ltr'><strong>sanctorum</strong></span> <span class='ocrx_word' id='word_1_533' title='bbox 1140 4224 1155 4254; x_wconf 87' lang='lat'><strong>,</strong></span> <span class='ocrx_word' id='word_1_534' title='bbox 1187 4183 1281 4256; x_wconf 89' lang='lat' dir='ltr'><strong>qui</strong></span> <span class='ocrx_word' id='word_1_535' title='bbox 1314 4181 1462 4239; x_wconf 88' lang='lat' dir='ltr'><strong>velut</strong></span> <span class='ocrx_word' id='word_1_536' title='bbox 1490 4189 1634 4239; x_wconf 90' lang='lat' dir='ltr'><strong>astra</strong></span> <span class='ocrx_word' id='word_1_537' title='bbox 1672 4181 1899 4255; x_wconf 85' lang='lat' dir='ltr'><strong>purissi-</strong></span> 
     </span>
    </p>
   </div>
   <div class='ocr_carea' id='block_1_74' title="bbox 286 4274 1905 4351">
    <p class='ocr_par' dir='ltr' id='par_1_74' title="bbox 286 4274 1905 4351">
     <span class='ocr_line' id='line_1_75' title="bbox 286 4274 1905 4351; baseline -0.003 -15"><span class='ocrx_word' id='word_1_538' title='bbox 286 4292 390 4337; x_wconf 91' lang='lat' dir='ltr'><strong>ma</strong></span> <span class='ocrx_word' id='word_1_539' title='bbox 422 4318 438 4346; x_wconf 94' lang='lat'><strong>,</strong></span> <span class='ocrx_word' id='word_1_540' title='bbox 480 4276 537 4332; x_wconf 90' lang='lat' dir='ltr'><strong>in</strong></span> <span class='ocrx_word' id='word_1_541' title='bbox 590 4283 753 4332; x_wconf 87' lang='lat' dir='ltr'><strong>nocte</strong></span> <span class='ocrx_word' id='word_1_542' title='bbox 786 4274 984 4333; x_wconf 90' lang='lat' dir='ltr'><strong>mundi</strong></span> <span class='ocrx_word' id='word_1_543' title='bbox 1035 4276 1188 4334; x_wconf 89' lang='lat' dir='ltr'><strong>istius</strong></span> <span class='ocrx_word' id='word_1_544' title='bbox 1223 4274 1603 4351; x_wconf 80' lang='lat' dir='ltr'><strong>refulgebant,</strong></span> <span class='ocrx_word' id='word_1_545' title='bbox 1667 4274 1905 4333; x_wconf 86' lang='lat' dir='ltr'><strong>vidimus</strong></span> 
     </span>
    </p>
   </div>
   <div class='ocr_carea' id='block_1_75' title="bbox 283 4368 1903 4445">
    <p class='ocr_par' dir='ltr' id='par_1_75' title="bbox 283 4368 1903 4445">
     <span class='ocr_line' id='line_1_76' title="bbox 283 4368 1903 4445; baseline -0.003 -14"><span class='ocrx_word' id='word_1_546' title='bbox 283 4373 577 4431; x_wconf 79' lang='lat' dir='ltr'><strong>sanctnm&#39;I</strong></span> <span class='ocrx_word' id='word_1_547' title='bbox 597 4369 966 4442; x_wconf 86' lang='lat' dir='ltr'><strong>Paphnutium</strong></span> <span class='ocrx_word' id='word_1_548' title='bbox 1001 4370 1113 4427; x_wconf 89' lang='lat' dir='ltr'><strong>vice</strong></span> <span class='ocrx_word' id='word_1_549' title='bbox 1142 4369 1422 4429; x_wconf 89' lang='lat' dir='ltr'><strong>Iuminaris</strong></span> <span class='ocrx_word' id='word_1_550' title='bbox 1442 4369 1625 4445; x_wconf 86' lang='lat' dir='ltr'><strong>magni</strong></span> <span class='ocrx_word' id='word_1_551' title='bbox 1658 4368 1903 4427; x_wconf 91' lang='lat' dir='ltr'><strong>claritate</strong></span> 
     </span>
    </p>
   </div>
   <div class='ocr_carea' id='block_1_76' title="bbox 284 4464 968 4524">
    <p class='ocr_par' dir='ltr' id='par_1_76' title="bbox 284 4464 968 4524">
     <span class='ocr_line' id='line_1_77' title="bbox 284 4464 968 4524; baseline -0.003 0"><span class='ocrx_word' id='word_1_552' title='bbox 284 4464 540 4524; x_wconf 73' lang='lat' dir='ltr'><strong>scientia:</strong></span> <span class='ocrx_word' id='word_1_553' title='bbox 569 4472 968 4522; x_wconf 89' lang='lat' dir='ltr'><strong>coruscantem.</strong></span> 
     </span>
    </p>
   </div>
   <div class='ocr_carea' id='block_1_77' title="bbox 366 4557 1903 4631">
    <p class='ocr_par' dir='ltr' id='par_1_77' title="bbox 366 4557 1903 4631">
     <span class='ocr_line' id='line_1_78' title="bbox 366 4557 1903 4631; baseline 0 -16"><span class='ocrx_word' id='word_1_554' title='bbox 366 4558 473 4617; x_wconf 82' lang='lat' dir='ltr'><strong>Hic</strong></span> <span class='ocrx_word' id='word_1_555' title='bbox 511 4572 751 4630; x_wconf 91' lang='lat' dir='ltr'><strong>namque</strong></span> <span class='ocrx_word' id='word_1_556' title='bbox 784 4557 1066 4630; x_wconf 84' lang='lat' dir='ltr'><strong>presbyter</strong></span> <span class='ocrx_word' id='word_1_557' title='bbox 1108 4558 1540 4631; x_wconf 86' lang='lat' dir='ltr'><strong>congregationis</strong></span> <span class='ocrx_word' id='word_1_558' title='bbox 1582 4567 1806 4629; x_wconf 66' lang='lat' dir='ltr'><strong>nostrae,</strong></span> <span class='ocrx_word' id='word_1_559' title='bbox 1844 4557 1903 4615; x_wconf 90' lang='lat' dir='ltr'><strong>id</strong></span> 
     </span>
    </p>
   </div>
   <div class='ocr_carea' id='block_1_78' title="bbox 2006 4079 3615 4159">
    <p class='ocr_par' dir='ltr' id='par_1_78' title="bbox 2006 4079 3615 4159">
     <span class='ocr_line' id='line_1_79' title="bbox 2006 4079 3615 4159; baseline -0.003 -15"><span class='ocrx_word' id='word_1_560' title='bbox 2006 4095 2114 4156; x_wconf 90' lang='lat' dir='ltr'><strong>est,</strong></span> <span class='ocrx_word' id='word_1_561' title='bbox 2166 4085 2305 4141; x_wconf 91' lang='lat' dir='ltr'><strong>illius</strong></span> <span class='ocrx_word' id='word_1_562' title='bbox 2335 4101 2460 4159; x_wconf 71' lang='lat' dir='ltr'><strong>quae</strong></span> <span class='ocrx_word' id='word_1_563' title='bbox 2498 4088 2553 4141; x_wconf 92' lang='lat' dir='ltr'><strong>in</strong></span> <span class='ocrx_word' id='word_1_564' title='bbox 2594 4101 2781 4143; x_wconf 90' lang='lat' dir='ltr'><strong>eremo</strong></span> <span class='ocrx_word' id='word_1_565' title='bbox 2825 4084 2977 4154; x_wconf 84' lang='lat' dir='ltr'><strong>Scyti</strong></span> <span class='ocrx_word' id='word_1_566' title='bbox 3022 4081 3364 4151; x_wconf 89' lang='lat' dir='ltr'><strong>morabatur,</strong></span> <span class='ocrx_word' id='word_1_567' title='bbox 3400 4079 3518 4149; x_wconf 82' lang='lat' dir='ltr'><strong>fuit,</strong></span> <span class='ocrx_word' id='word_1_568' title='bbox 3558 4082 3615 4140; x_wconf 90' lang='lat' dir='ltr'><strong>in</strong></span> 
     </span>
    </p>
   </div>
   <div class='ocr_carea' id='block_1_79' title="bbox 2006 4175 3613 4253">
    <p class='ocr_par' dir='ltr' id='par_1_79' title="bbox 2006 4175 3613 4253">
     <span class='ocr_line' id='line_1_80' title="bbox 2006 4175 3613 4253; baseline -0.002 -17"><span class='ocrx_word' id='word_1_569' title='bbox 2006 4196 2116 4253; x_wconf 89' lang='lat' dir='ltr'><strong>qua</strong></span> <span class='ocrx_word' id='word_1_570' title='bbox 2172 4178 2247 4234; x_wconf 89' lang='lat' dir='ltr'><strong>ita</strong></span> <span class='ocrx_word' id='word_1_571' title='bbox 2301 4193 2472 4250; x_wconf 90' lang='lat' dir='ltr'><strong>usque</strong></span> <span class='ocrx_word' id='word_1_572' title='bbox 2528 4179 2597 4237; x_wconf 90' lang='lat' dir='ltr'><strong>ad</strong></span> <span class='ocrx_word' id='word_1_573' title='bbox 2649 4180 2954 4235; x_wconf 80' lang='lat' dir='ltr'><strong>extremam</strong></span> <span class='ocrx_word' id='word_1_574' title='bbox 3008 4175 3224 4234; x_wconf 89' lang='lat' dir='ltr'><strong>duravit</strong></span> <span class='ocrx_word' id='word_1_575' title='bbox 3270 4183 3506 4246; x_wconf 86' lang='lat' dir='ltr'><strong>aetatem,</strong></span> <span class='ocrx_word' id='word_1_576' title='bbox 3554 4186 3613 4233; x_wconf 89' lang='lat' dir='ltr'><strong>ut</strong></span> 
     </span>
    </p>
   </div>
   <div class='ocr_carea' id='block_1_80' title="bbox 2010 4268 3610 4345">
    <p class='ocr_par' dir='ltr' id='par_1_80' title="bbox 2010 4268 3610 4345">
     <span class='ocr_line' id='line_1_81' title="bbox 2010 4268 3610 4345; baseline -0.001 -17"><span class='ocrx_word' id='word_1_577' title='bbox 2010 4287 2320 4345; x_wconf 89' lang='lat' dir='ltr'><strong>numquam</strong></span> <span class='ocrx_word' id='word_1_578' title='bbox 2358 4287 2388 4328; x_wconf 92' lang='lat' dir='ltr'><strong>e</strong></span> <span class='ocrx_word' id='word_1_579' title='bbox 2445 4271 2577 4329; x_wconf 90' lang='lat' dir='ltr'><strong>cella</strong></span> <span class='ocrx_word' id='word_1_580' title='bbox 2615 4286 2781 4345; x_wconf 91' lang='lat' dir='ltr'><strong>quam</strong></span> <span class='ocrx_word' id='word_1_581' title='bbox 2815 4268 3002 4343; x_wconf 88' lang='lat' dir='ltr'><strong>junior</strong></span> <span class='ocrx_word' id='word_1_582' title='bbox 3048 4280 3288 4343; x_wconf 86' lang='lat' dir='ltr'><strong>coeperat</strong></span> <span class='ocrx_word' id='word_1_583' title='bbox 3322 4268 3567 4327; x_wconf 88' lang='lat' dir='ltr'><strong>habitare</strong></span> <span class='ocrx_word' id='word_1_584' title='bbox 3590 4312 3610 4341; x_wconf 88' lang='lat'><strong>,</strong></span> 
     </span>
    </p>
   </div>
   <div class='ocr_carea' id='block_1_81' title="bbox 2013 4365 3611 4442">
    <p class='ocr_par' dir='ltr' id='par_1_81' title="bbox 2013 4365 3611 4442">
     <span class='ocr_line' id='line_1_82' title="bbox 2013 4365 3611 4442; baseline -0.002 -17"><span class='ocrx_word' id='word_1_585' title='bbox 2013 4383 2245 4442; x_wconf 66' lang='lat' dir='ltr'><strong>quaeque</strong></span> <span class='ocrx_word' id='word_1_586' title='bbox 2275 4367 2341 4424; x_wconf 92' lang='lat' dir='ltr'><strong>ab</strong></span> <span class='ocrx_word' id='word_1_587' title='bbox 2367 4366 2590 4426; x_wconf 89' lang='lat' dir='ltr'><strong>ecclesia</strong></span> <span class='ocrx_word' id='word_1_588' title='bbox 2610 4366 2849 4424; x_wconf 89' lang='lat' dir='ltr'><strong>millibus</strong></span> <span class='ocrx_word' id='word_1_589' title='bbox 2879 4365 3115 4441; x_wconf 86' lang='lat' dir='ltr'><strong>quinque</strong></span> <span class='ocrx_word' id='word_1_590' title='bbox 3138 4365 3397 4437; x_wconf 85' lang='lat' dir='ltr'><strong>distabat,</strong></span> <span class='ocrx_word' id='word_1_591' title='bbox 3420 4366 3611 4424; x_wconf 89' lang='lat' dir='ltr'><strong>saltem</strong></span> 
     </span>
    </p>
   </div>
   <div class='ocr_carea' id='block_1_82' title="bbox 2010 4459 3610 4539">
    <p class='ocr_par' dir='ltr' id='par_1_82' title="bbox 2010 4459 3610 4539">
     <span class='ocr_line' id='line_1_83' title="bbox 2010 4459 3610 4539; baseline -0.003 -19"><span class='ocrx_word' id='word_1_592' title='bbox 2010 4461 2082 4520; x_wconf 90' lang='lat' dir='ltr'><strong>ad</strong></span> <span class='ocrx_word' id='word_1_593' title='bbox 2125 4462 2384 4520; x_wconf 89' lang='lat' dir='ltr'><strong>viciniora</strong></span> <span class='ocrx_word' id='word_1_594' title='bbox 2429 4462 2780 4539; x_wconf 87' lang='lat' dir='ltr'><strong>migraverit:</strong></span> <span class='ocrx_word' id='word_1_595' title='bbox 2818 4477 2920 4519; x_wconf 89' lang='lat' dir='ltr'><strong>nec</strong></span> <span class='ocrx_word' id='word_1_596' title='bbox 2956 4459 3133 4520; x_wconf 82' lang='lat' dir='ltr'><strong>fessus</strong></span> <span class='ocrx_word' id='word_1_597' title='bbox 3168 4461 3327 4519; x_wconf 89' lang='lat' dir='ltr'><strong>annis</strong></span> <span class='ocrx_word' id='word_1_598' title='bbox 3352 4461 3487 4517; x_wconf 87' lang='lat' dir='ltr'><strong>tanti</strong></span> <span class='ocrx_word' id='word_1_599' title='bbox 3524 4460 3610 4516; x_wconf 89' lang='lat' dir='ltr'><strong>iti-</strong></span> 
     </span>
    </p>
   </div>
   <div class='ocr_carea' id='block_1_83' title="bbox 2010 4551 3614 4631">
    <p class='ocr_par' dir='ltr' id='par_1_83' title="bbox 2010 4551 3614 4631">
     <span class='ocr_line' id='line_1_84' title="bbox 2010 4551 3614 4631; baseline -0.005 -17"><span class='ocrx_word' id='word_1_600' title='bbox 2010 4558 2159 4615; x_wconf 89' lang='lat' dir='ltr'><strong>neris</strong></span> <span class='ocrx_word' id='word_1_601' title='bbox 2202 4552 2417 4631; x_wconf 72' lang='lat' dir='ltr'><strong>Spatio&quot;</strong></span> <span class='ocrx_word' id='word_1_602' title='bbox 2456 4558 2542 4617; x_wconf 92' lang='lat' dir='ltr'><strong>die</strong></span> <span class='ocrx_word' id='word_1_603' title='bbox 2577 4557 2790 4616; x_wconf 87' lang='lat' dir='ltr'><strong>sabbati</strong></span> <span class='ocrx_word' id='word_1_604' title='bbox 2820 4556 2901 4613; x_wconf 87' lang='lat' dir='ltr'><strong>vel</strong></span> <span class='ocrx_word' id='word_1_605' title='bbox 2935 4556 3229 4612; x_wconf 90' lang='lat' dir='ltr'><strong>Dominico</strong></span> <span class='ocrx_word' id='word_1_606' title='bbox 3263 4562 3519 4610; x_wconf 89' lang='lat' dir='ltr'><strong>venturus</strong></span> <span class='ocrx_word' id='word_1_607' title='bbox 3545 4551 3614 4607; x_wconf 86' lang='lat' dir='ltr'><strong>ad</strong></span> 
     </span>
    </p>
   </div>
   <div class='ocr_carea' id='block_1_84' title="bbox 1394 4683 2502 4741">
    <p class='ocr_par' dir='ltr' id='par_1_84' title="bbox 1394 4683 2502 4741">
     <span class='ocr_line' id='line_1_85' title="bbox 1394 4683 2502 4741; baseline 0.003 -3"><span class='ocrx_word' id='word_1_608' title='bbox 1394 4683 1649 4739; x_wconf 82' lang='lat' dir='ltr'><strong>ALARDI</strong></span> <span class='ocrx_word' id='word_1_609' title='bbox 1684 4685 1908 4740; x_wconf 66' lang='lat' dir='ltr'><strong>GAZrEI</strong></span> <span class='ocrx_word' id='word_1_610' title='bbox 1947 4684 2502 4741; x_wconf 67' lang='lat' dir='ltr'><strong>COMMENTARIUS.</strong></span> 
     </span>
    </p>
   </div>
   <div class='ocr_carea' id='block_1_85' title="bbox 369 4787 1984 4865">
    <p class='ocr_par' dir='ltr' id='par_1_85' title="bbox 369 4787 1984 4865">
     <span class='ocr_line' id='line_1_86' title="bbox 369 4787 1984 4865; baseline -0.003 -18"><span class='ocrx_word' id='word_1_611' title='bbox 369 4791 677 4865; x_wconf 64' lang='lat' dir='ltr'><strong>&#39;Quamvis</strong></span> <span class='ocrx_word' id='word_1_612' title='bbox 714 4794 883 4865; x_wconf 73' lang='lat' dir='ltr'><strong>Dem.</strong></span> <span class='ocrx_word' id='word_1_613' title='bbox 912 4788 1187 4864; x_wconf 88' lang='lat' dir='ltr'><strong>Cuychius</strong></span> <span class='ocrx_word' id='word_1_614' title='bbox 1216 4789 1273 4845; x_wconf 91' lang='lat' dir='ltr'><strong>in</strong></span> <span class='ocrx_word' id='word_1_615' title='bbox 1296 4789 1444 4865; x_wconf 83' lang='lat' dir='ltr'><strong>notis</strong></span> <span class='ocrx_word' id='word_1_616' title='bbox 1476 4787 1543 4845; x_wconf 91' lang='lat' dir='ltr'><strong>ad</strong></span> <span class='ocrx_word' id='word_1_617' title='bbox 1568 4788 1713 4865; x_wconf 69' lang='lat' dir='ltr'><strong>hanc</strong></span> <span class='ocrx_word' id='word_1_618' title='bbox 1742 4789 1903 4845; x_wconf 92' lang='lat' dir='ltr'><strong>colla-</strong></span> <span class='ocrx_word' id='word_1_619' title='bbox 1936 4795 1984 4857; x_wconf 86' lang='lat'><strong>1)</strong></span> 
     </span>
    </p>
   </div>
   <div class='ocr_carea' id='block_1_86' title="bbox 280 4858 1906 4931">
    <p class='ocr_par' dir='ltr' id='par_1_86' title="bbox 280 4858 1906 4931">
     <span class='ocr_line' id='line_1_87' title="bbox 280 4858 1906 4931; baseline -0.003 -11"><span class='ocrx_word' id='word_1_620' title='bbox 280 4858 504 4922; x_wconf 67' lang='lat' dir='ltr'><strong>tionem</strong></span> <span class='ocrx_word' id='word_1_621' title='bbox 557 4862 853 4920; x_wconf 90' lang='lat' dir='ltr'><strong>contendat</strong></span> <span class='ocrx_word' id='word_1_622' title='bbox 872 4905 887 4931; x_wconf 92' lang='lat'><strong>,</strong></span> <span class='ocrx_word' id='word_1_623' title='bbox 933 4858 1013 4918; x_wconf 70' lang='lat' dir='ltr'><strong>ex&#39;</strong></span> <span class='ocrx_word' id='word_1_624' title='bbox 1048 4861 1433 4931; x_wconf 88' lang='lat' dir='ltr'><strong>manuscriptis</strong></span> <span class='ocrx_word' id='word_1_625' title='bbox 1485 4858 1763 4916; x_wconf 86' lang='lat' dir='ltr'><strong>codicibus</strong></span> <span class='ocrx_word' id='word_1_626' title='bbox 1790 4899 1811 4931; x_wconf 87' lang='lat'><strong>,_</strong></span> <span class='ocrx_word' id='word_1_627' title='bbox 1850 4868 1906 4915; x_wconf 92' lang='lat' dir='ltr'><strong>et</strong></span> 
     </span>
    </p>
   </div>
   <div class='ocr_carea' id='block_1_87' title="bbox 284 4929 1906 5009">
    <p class='ocr_par' dir='ltr' id='par_1_87' title="bbox 284 4929 1906 5009">
     <span class='ocr_line' id='line_1_88' title="bbox 284 4929 1906 5009; baseline -0.004 -17"><span class='ocrx_word' id='word_1_628' title='bbox 284 4935 563 5009; x_wconf 84' lang='lat' dir='ltr'><strong>Dionysio</strong></span> <span class='ocrx_word' id='word_1_629' title='bbox 612 4935 691 5009; x_wconf 78' lang='lat' dir='ltr'><strong>eis</strong></span> <span class='ocrx_word' id='word_1_630' title='bbox 737 4929 1071 5009; x_wconf 78' lang='lat' dir='ltr'><strong>suffragante</strong></span> <span class='ocrx_word' id='word_1_631' title='bbox 1106 4975 1122 5001; x_wconf 90' lang='lat'><strong>,</strong></span> <span class='ocrx_word' id='word_1_632' title='bbox 1143 4929 1469 5009; x_wconf 79' lang='lat' dir='ltr'><strong>_legen_durr_i</strong></span> <span class='ocrx_word' id='word_1_633' title='bbox 1529 4945 1647 4987; x_wconf 88' lang='lat' dir='ltr'><strong>esse</strong></span> <span class='ocrx_word' id='word_1_634' title='bbox 1706 4929 1906 5009; x_wconf 76' lang='lat' dir='ltr'><strong>Pafnu-</strong></span> 
     </span>
    </p>
   </div>
   <div class='ocr_carea' id='block_1_88' title="bbox 283 5000 1909 5077">
    <p class='ocr_par' dir='ltr' id='par_1_88' title="bbox 283 5000 1909 5077">
     <span class='ocr_line' id='line_1_89' title="bbox 283 5000 1909 5077; baseline -0.006 -13"><span class='ocrx_word' id='word_1_635' title='bbox 283 5000 461 5076; x_wconf 72' lang='lat' dir='ltr'><strong>tium,</strong></span> <span class='ocrx_word' id='word_1_636' title='bbox 480 5022 595 5063; x_wconf 92' lang='lat' dir='ltr'><strong>non</strong></span> <span class='ocrx_word' id='word_1_637' title='bbox 626 5000 1017 5077; x_wconf 74' lang='lat' dir='ltr'><strong>Paphnutidm,</strong></span> <span class='ocrx_word' id='word_1_638' title='bbox 1052 5012 1116 5077; x_wconf 82' lang='lat' dir='ltr'><strong>ut</strong></span> <span class='ocrx_word' id='word_1_639' title='bbox 1140 5003 1199 5059; x_wconf 92' lang='lat' dir='ltr'><strong>in</strong></span> <span class='ocrx_word' id='word_1_640' title='bbox 1223 5000 1554 5077; x_wconf 73' lang='lat' dir='ltr'><strong>quibusdam</strong></span> <span class='ocrx_word' id='word_1_641' title='bbox 1596 5001 1809 5077; x_wconf 82' lang='lat' dir='ltr'><strong>excusis</strong></span> <span class='ocrx_word' id='word_1_642' title='bbox 1834 5000 1909 5056; x_wconf 89' lang='lat' dir='ltr'><strong>le-</strong></span> 
     </span>
    </p>
   </div>
   <div class='ocr_carea' id='block_1_89' title="bbox 329 5073 1907 5148">
    <p class='ocr_par' dir='ltr' id='par_1_89' title="bbox 329 5073 1907 5148">
     <span class='ocr_line' id='line_1_90' title="bbox 329 5073 1907 5148; baseline -0.005 -13"><span class='ocrx_word' id='word_1_643' title='bbox 329 5073 475 5148; x_wconf 50' lang='lat' dir='ltr'><strong>itur&#39;;</strong></span> <span class='ocrx_word' id='word_1_644' title='bbox 499 5087 692 5134; x_wconf 88' lang='lat' dir='ltr'><strong>tamen</strong></span> <span class='ocrx_word' id='word_1_645' title='bbox 707 5073 976 5148; x_wconf 63' lang='lat' dir='ltr'><strong>&#39;Ciaconio</strong></span> <span class='ocrx_word' id='word_1_646' title='bbox 1005 5076 1187 5148; x_wconf 78' lang='lat' dir='ltr'><strong>potius</strong></span> <span class='ocrx_word' id='word_1_647' title='bbox 1207 5073 1492 5141; x_wconf 79' lang='lat' dir='ltr'><strong>assentior,</strong></span> <span class='ocrx_word' id='word_1_648' title='bbox 1526 5073 1654 5145; x_wconf 92' lang='lat' dir='ltr'><strong>qui,</strong></span> <span class='ocrx_word' id='word_1_649' title='bbox 1686 5080 1807 5127; x_wconf 88' lang='lat' dir='ltr'><strong>tum</strong></span> <span class='ocrx_word' id='word_1_650' title='bbox 1840 5080 1907 5128; x_wconf 84' lang='lat' dir='ltr'><strong>ex</strong></span> 
     </span>
    </p>
   </div>
   <div class='ocr_carea' id='block_1_90' title="bbox 340 5145 1904 5219">
    <p class='ocr_par' dir='ltr' id='par_1_90' title="bbox 340 5145 1904 5219">
     <span class='ocr_line' id='line_1_91' title="bbox 340 5145 1904 5219; baseline -0.006 -13"><span class='ocrx_word' id='word_1_651' title='bbox 340 5145 579 5206; x_wconf 86' lang='lat' dir='ltr'><strong>atieanis</strong></span> <span class='ocrx_word' id='word_1_652' title='bbox 606 5145 1046 5219; x_wconf 71' lang='lat' dir='ltr'><strong>exemplaribus,</strong></span> <span class='ocrx_word' id='word_1_653' title='bbox 1080 5145 1278 5219; x_wconf 80' lang='lat' dir='ltr'><strong>quibus</strong></span> <span class='ocrx_word' id='word_1_654' title='bbox 1333 5159 1462 5202; x_wconf 91' lang='lat' dir='ltr'><strong>usus</strong></span> <span class='ocrx_word' id='word_1_655' title='bbox 1493 5152 1577 5200; x_wconf 90' lang='lat' dir='ltr'><strong>est</strong></span> <span class='ocrx_word' id='word_1_656' title='bbox 1598 5185 1633 5219; x_wconf 94' lang='lat'><strong>,_</strong></span> <span class='ocrx_word' id='word_1_657' title='bbox 1666 5151 1789 5219; x_wconf 78' lang='lat' dir='ltr'><strong>tum</strong></span> <span class='ocrx_word' id='word_1_658' title='bbox 1840 5158 1904 5219; x_wconf 85' lang='lat' dir='ltr'><strong>ex_</strong></span> 
     </span>
    </p>
   </div>
   <div class='ocr_carea' id='block_1_91' title="bbox 284 5214 1907 5290">
    <p class='ocr_par' dir='ltr' id='par_1_91' title="bbox 284 5214 1907 5290">
     <span class='ocr_line' id='line_1_92' title="bbox 284 5214 1907 5290; baseline -0.005 -13"><span class='ocrx_word' id='word_1_659' title='bbox 284 5222 618 5277; x_wconf 85' lang='lat' dir='ltr'><strong>Sozomeno</strong></span> <span class='ocrx_word' id='word_1_660' title='bbox 640 5226 715 5290; x_wconf 42' lang='lat' dir='ltr'><strong>iet</strong></span> <span class='ocrx_word' id='word_1_661' title='bbox 763 5214 1003 5275; x_wconf 83' lang='lat' dir='ltr'><strong>Palladio</strong></span> <span class='ocrx_word' id='word_1_662' title='bbox 1051 5214 1396 5290; x_wconf 23' lang='lat' dir='ltr'><strong>(quibus‘et</strong></span> <span class='ocrx_word' id='word_1_663' title='bbox 1453 5216 1637 5290; x_wconf 75' lang='lat' dir='ltr'><strong>caeteri</strong></span> <span class='ocrx_word' id='word_1_664' title='bbox 1666 5214 1907 5290; x_wconf 66' lang='lat' dir='ltr'><strong>historici</strong></span> 
     </span>
    </p>
   </div>
   <div class='ocr_carea' id='block_1_92' title="bbox 286 5287 1904 5360">
    <p class='ocr_par' dir='ltr' id='par_1_92' title="bbox 286 5287 1904 5360">
     <span class='ocr_line' id='line_1_93' title="bbox 286 5287 1904 5360; baseline -0.004 -12"><span class='ocrx_word' id='word_1_665' title='bbox 286 5289 678 5357; x_wconf 83' lang='lat' dir='ltr'><strong>ecclesiastici,</strong></span> <span class='ocrx_word' id='word_1_666' title='bbox 714 5297 769 5346; x_wconf 90' lang='lat' dir='ltr'><strong>et</strong></span> <span class='ocrx_word' id='word_1_667' title='bbox 804 5304 1083 5347; x_wconf 88' lang='lat' dir='ltr'><strong>sacrorum</strong></span> <span class='ocrx_word' id='word_1_668' title='bbox 1116 5287 1424 5345; x_wconf 54' lang='lat' dir='ltr'><strong>Annalium</strong></span> <span class='ocrx_word' id='word_1_669' title='bbox 1462 5287 1693 5360; x_wconf 87' lang='lat' dir='ltr'><strong>scriptor</strong></span> <span class='ocrx_word' id='word_1_670' title='bbox 1736 5288 1904 5343; x_wconf 87' lang='lat' dir='ltr'><strong>Baro-</strong></span> 
     </span>
    </p>
   </div>
   <div class='ocr_carea' id='block_1_93' title="bbox 289 5359 1907 5431">
    <p class='ocr_par' dir='ltr' id='par_1_93' title="bbox 289 5359 1907 5431">
     <span class='ocr_line' id='line_1_94' title="bbox 289 5359 1907 5431; baseline -0.004 -12"><span class='ocrx_word' id='word_1_671' title='bbox 289 5362 450 5431; x_wconf 86' lang='lat' dir='ltr'><strong>nius,</strong></span> <span class='ocrx_word' id='word_1_672' title='bbox 466 5377 572 5418; x_wconf 90' lang='lat' dir='ltr'><strong>nec</strong></span> <span class='ocrx_word' id='word_1_673' title='bbox 599 5376 712 5417; x_wconf 90' lang='lat' dir='ltr'><strong>non</strong></span> <span class='ocrx_word' id='word_1_674' title='bbox 731 5361 921 5418; x_wconf 90' lang='lat' dir='ltr'><strong>Suidas</strong></span> <span class='ocrx_word' id='word_1_675' title='bbox 944 5369 998 5417; x_wconf 87' lang='lat' dir='ltr'><strong>et</strong></span> <span class='ocrx_word' id='word_1_676' title='bbox 1024 5360 1114 5417; x_wconf 91' lang='lat' dir='ltr'><strong>alii</strong></span> <span class='ocrx_word' id='word_1_677' title='bbox 1142 5375 1334 5418; x_wconf 83' lang='lat' dir='ltr'><strong>omnes</strong></span> <span class='ocrx_word' id='word_1_678' title='bbox 1360 5359 1752 5425; x_wconf 89' lang='lat' dir='ltr'><strong>consentiunt),</strong></span> <span class='ocrx_word' id='word_1_679' title='bbox 1776 5373 1907 5431; x_wconf 84' lang='lat' dir='ltr'><strong>eon-</strong></span> 
     </span>
    </p>
   </div>
   <div class='ocr_carea' id='block_1_94' title="bbox 287 5428 1909 5516">
    <p class='ocr_par' dir='ltr' id='par_1_94' title="bbox 287 5428 1909 5516">
     <span class='ocr_line' id='line_1_95' title="bbox 287 5428 1909 5516; baseline -0.002 -28"><span class='ocrx_word' id='word_1_680' title='bbox 287 5428 785 5516; x_wconf 55' lang='lat' dir='ltr'><strong>trariumastruit,</strong></span> <span class='ocrx_word' id='word_1_681' title='bbox 817 5432 961 5516; x_wconf 82' lang='lat' dir='ltr'><strong>apud</strong></span> <span class='ocrx_word' id='word_1_682' title='bbox 990 5448 1126 5516; x_wconf 88' lang='lat' dir='ltr'><strong>quos</strong></span> <span class='ocrx_word' id='word_1_683' title='bbox 1161 5432 1516 5516; x_wconf 75' lang='lat' dir='ltr'><strong>Papbnutius,</strong></span> <span class='ocrx_word' id='word_1_684' title='bbox 1555 5446 1669 5516; x_wconf 72' lang='lat' dir='ltr'><strong>non</strong></span> <span class='ocrx_word' id='word_1_685' title='bbox 1698 5428 1909 5516; x_wconf 72' lang='lat' dir='ltr'><strong>Painu-</strong></span> 
     </span>
    </p>
   </div>
   <div class='ocr_carea' id='block_1_95' title="bbox 289 5502 1907 5576">
    <p class='ocr_par' dir='ltr' id='par_1_95' title="bbox 289 5502 1907 5576">
     <span class='ocr_line' id='line_1_96' title="bbox 289 5502 1907 5576; baseline 0 -19"><span class='ocrx_word' id='word_1_686' title='bbox 289 5503 443 5576; x_wconf 71' lang='lat' dir='ltr'><strong>tius,</strong></span> <span class='ocrx_word' id='word_1_687' title='bbox 468 5505 672 5576; x_wconf 87' lang='lat' dir='ltr'><strong>ubique</strong></span> <span class='ocrx_word' id='word_1_688' title='bbox 706 5502 1029 5560; x_wconf 81' lang='lat' dir='ltr'><strong>nominatur</strong></span> <span class='ocrx_word' id='word_1_689' title='bbox 1053 5513 1107 5560; x_wconf 87' lang='lat' dir='ltr'><strong>et</strong></span> <span class='ocrx_word' id='word_1_690' title='bbox 1135 5502 1410 5576; x_wconf 87' lang='lat' dir='ltr'><strong>scribitur,</strong></span> <span class='ocrx_word' id='word_1_691' title='bbox 1437 5502 1907 5576; x_wconf 83' lang='lat' dir='ltr'><strong>quemadmedum</strong></span> 
     </span>
    </p>
   </div>
   <div class='ocr_carea' id='block_1_96' title="bbox 294 5571 1908 5649">
    <p class='ocr_par' dir='ltr' id='par_1_96' title="bbox 294 5571 1908 5649">
     <span class='ocr_line' id='line_1_97' title="bbox 294 5571 1908 5649; baseline -0.001 -18"><span class='ocrx_word' id='word_1_692' title='bbox 294 5571 500 5631; x_wconf 63' lang='lat' dir='ltr'><strong>Grece</strong></span> <span class='ocrx_word' id='word_1_693' title='bbox 520 5571 847 5649; x_wconf 60' lang='grc' dir='ltr'><strong>Πᾷφνούτιος.</strong></span> <span class='ocrx_word' id='word_1_694' title='bbox 881 5577 1053 5649; x_wconf 72' lang='lat' dir='ltr'><strong>Porro</strong></span> <span class='ocrx_word' id='word_1_695' title='bbox 1079 5571 1413 5649; x_wconf 69' lang='lat' dir='ltr'><strong>Paphnutios</strong></span> <span class='ocrx_word' id='word_1_696' title='bbox 1435 5571 1587 5649; x_wconf 79' lang='lat' dir='ltr'><strong>duos</strong></span> <span class='ocrx_word' id='word_1_697' title='bbox 1603 5571 1908 5649; x_wconf 81' lang='lat' dir='ltr'><strong>anachore—</strong></span> 
     </span>
    </p>
   </div>
   <div class='ocr_carea' id='block_1_97' title="bbox 288 5644 1906 5720">
    <p class='ocr_par' dir='ltr' id='par_1_97' title="bbox 288 5644 1906 5720">
     <span class='ocr_line' id='line_1_98' title="bbox 288 5644 1906 5720; baseline 0 -20"><span class='ocrx_word' id='word_1_698' title='bbox 288 5652 396 5701; x_wconf 85' lang='lat' dir='ltr'><strong>tas</strong></span> <span class='ocrx_word' id='word_1_699' title='bbox 419 5644 697 5720; x_wconf 84' lang='lat' dir='ltr'><strong>superiore</strong></span> <span class='ocrx_word' id='word_1_700' title='bbox 734 5646 1021 5720; x_wconf 83' lang='lat' dir='ltr'><strong>collatione</strong></span> <span class='ocrx_word' id='word_1_701' title='bbox 1044 5655 1097 5702; x_wconf 91' lang='lat' dir='ltr'><strong>et</strong></span> <span class='ocrx_word' id='word_1_702' title='bbox 1120 5644 1249 5720; x_wconf 88' lang='lat' dir='ltr'><strong>alibi</strong></span> <span class='ocrx_word' id='word_1_703' title='bbox 1282 5648 1451 5703; x_wconf 89' lang='lat' dir='ltr'><strong>etiam</strong></span> <span class='ocrx_word' id='word_1_704' title='bbox 1474 5644 1906 5720; x_wconf 76' lang='lat' dir='ltr'><strong>designavimus.</strong></span> 
     </span>
    </p>
   </div>
   <div class='ocr_carea' id='block_1_98' title="bbox 287 5714 1954 5789">
    <p class='ocr_par' dir='ltr' id='par_1_98' title="bbox 287 5714 1954 5789">
     <span class='ocr_line' id='line_1_99' title="bbox 287 5714 1954 5789; baseline 0.002 -17"><span class='ocrx_word' id='word_1_705' title='bbox 287 5720 381 5772; x_wconf 78' lang='lat' dir='ltr'><strong>At</strong></span> <span class='ocrx_word' id='word_1_706' title='bbox 406 5714 532 5775; x_wconf 79' lang='lat' dir='ltr'><strong>ecce</strong></span> <span class='ocrx_word' id='word_1_707' title='bbox 568 5718 794 5775; x_wconf 87' lang='lat' dir='ltr'><strong>tertium</strong></span> <span class='ocrx_word' id='word_1_708' title='bbox 821 5717 981 5789; x_wconf 85' lang='lat' dir='ltr'><strong>nobis</strong></span> <span class='ocrx_word' id='word_1_709' title='bbox 997 5718 1242 5789; x_wconf 85' lang='lat' dir='ltr'><strong>suggerit</strong></span> <span class='ocrx_word' id='word_1_710' title='bbox 1264 5721 1469 5775; x_wconf 79' lang='lat' dir='ltr'><strong>Anton.</strong></span> <span class='ocrx_word' id='word_1_711' title='bbox 1493 5714 1820 5789; x_wconf 70' lang='lat' dir='ltr'><strong>Pos&#39;sevinus</strong></span> <span class='ocrx_word' id='word_1_712' title='bbox 1852 5714 1909 5770; x_wconf 91' lang='lat' dir='ltr'><strong>in</strong></span> <span class='ocrx_word' id='word_1_713' title='bbox 1952 5773 1954 5775; x_wconf 74' lang='lat'><strong>.</strong></span> 
     </span>
    </p>
   </div>
   <div class='ocr_carea' id='block_1_99' title="bbox 296 5787 1909 5872">
    <p class='ocr_par' dir='ltr' id='par_1_99' title="bbox 296 5787 1909 5872">
     <span class='ocr_line' id='line_1_100' title="bbox 296 5787 1909 5872; baseline -0.002 -27"><span class='ocrx_word' id='word_1_714' title='bbox 296 5793 585 5872; x_wconf 64' lang='lat' dir='ltr'><strong>Apparetu</strong></span> <span class='ocrx_word' id='word_1_715' title='bbox 633 5804 791 5872; x_wconf 77' lang='lat' dir='ltr'><strong>sacro</strong></span> <span class='ocrx_word' id='word_1_716' title='bbox 814 5830 829 5859; x_wconf 95' lang='lat'><strong>,</strong></span> <span class='ocrx_word' id='word_1_717' title='bbox 869 5788 961 5872; x_wconf 67' lang='lat' dir='ltr'><strong>ubi</strong></span> <span class='ocrx_word' id='word_1_718' title='bbox 994 5787 1130 5845; x_wconf 66' lang='lat' dir='ltr'><strong>haec</strong></span> <span class='ocrx_word' id='word_1_719' title='bbox 1150 5788 1325 5872; x_wconf 55' lang='lat' dir='ltr'><strong>liabet</strong></span> <span class='ocrx_word' id='word_1_720' title='bbox 1357 5808 1381 5872; x_wconf 47' lang='grc' dir='ltr'><strong>ι.</strong></span> <span class='ocrx_word' id='word_1_721' title='bbox 1421 5787 1909 5872; x_wconf 42' lang='grc' dir='ltr'><strong>Ρδρζιιιιιῑξμεῼηοιι</strong></span> 
     </span>
    </p>
   </div>
   <div class='ocr_carea' id='block_1_100' title="bbox 294 5856 1912 5933">
    <p class='ocr_par' dir='ltr' id='par_1_100' title="bbox 294 5856 1912 5933">
     <span class='ocr_line' id='line_1_101' title="bbox 294 5856 1912 5933; baseline -0.001 -18"><span class='ocrx_word' id='word_1_722' title='bbox 294 5856 449 5919; x_wconf 78' lang='lat' dir='ltr'><strong>unus</strong></span> <span class='ocrx_word' id='word_1_723' title='bbox 478 5859 622 5919; x_wconf 84' lang='lat' dir='ltr'><strong>fuit:</strong></span> <span class='ocrx_word' id='word_1_724' title='bbox 654 5862 788 5918; x_wconf 87' lang='lat' dir='ltr'><strong>alter</strong></span> <span class='ocrx_word' id='word_1_725' title='bbox 816 5856 1062 5933; x_wconf 84' lang='lat' dir='ltr'><strong>quidem,</strong></span> <span class='ocrx_word' id='word_1_726' title='bbox 1098 5858 1255 5933; x_wconf 86' lang='lat' dir='ltr'><strong>cujus</strong></span> <span class='ocrx_word' id='word_1_727' title='bbox 1284 5856 1634 5933; x_wconf 80' lang='lat' dir='ltr'><strong>Epiphanius,</strong></span> <span class='ocrx_word' id='word_1_728' title='bbox 1671 5856 1912 5917; x_wconf 78' lang='lat' dir='ltr'><strong>Ruﬁnus</strong></span> 
     </span>
    </p>
   </div>
   <div class='ocr_carea' id='block_1_101' title="bbox 1030 6041 1063 6063">
    <p class='ocr_par' dir='ltr' id='par_1_101' title="bbox 1030 6041 1063 6063">
     <span class='ocr_line' id='line_1_102' title="bbox 1030 6041 1063 6063; baseline 0 0"><span class='ocrx_word' id='word_1_729' title='bbox 1030 6041 1063 6063; x_wconf 69' lang='grc' dir='ltr'><em>κ</em></span> 
     </span>
    </p>
   </div>
   <div class='ocr_carea' id='block_1_102' title="bbox 2013 4771 3610 4851">
    <p class='ocr_par' dir='ltr' id='par_1_102' title="bbox 2013 4771 3610 4851">
     <span class='ocr_line' id='line_1_103' title="bbox 2013 4771 3610 4851; baseline -0.009 -6"><span class='ocrx_word' id='word_1_730' title='bbox 2013 4800 2070 4846; x_wconf 93' lang='lat' dir='ltr'><strong>et</strong></span> <span class='ocrx_word' id='word_1_731' title='bbox 2105 4791 2195 4847; x_wconf 91' lang='lat' dir='ltr'><strong>alii</strong></span> <span class='ocrx_word' id='word_1_732' title='bbox 2246 4790 2320 4844; x_wconf 92' lang='lat' dir='ltr'><strong>ita</strong></span> <span class='ocrx_word' id='word_1_733' title='bbox 2358 4788 2749 4851; x_wconf 89' lang='lat' dir='ltr'><strong>meminerunt,</strong></span> <span class='ocrx_word' id='word_1_734' title='bbox 2797 4790 2875 4851; x_wconf 12' lang='lat' dir='ltr'><strong>uti</strong></span> <span class='ocrx_word' id='word_1_735' title='bbox 2894 4780 3049 4851; x_wconf 84' lang='lat' dir='ltr'><strong>illum</strong></span> <span class='ocrx_word' id='word_1_736' title='bbox 3096 4775 3277 4851; x_wconf 85' lang='lat' dir='ltr'><strong>etiam_</strong></span> <span class='ocrx_word' id='word_1_737' title='bbox 3301 4771 3610 4831; x_wconf 81' lang='lat' dir='ltr'><strong>interfuisse</strong></span> 
     </span>
    </p>
   </div>
   <div class='ocr_carea' id='block_1_103' title="bbox 2014 4844 3613 4928">
    <p class='ocr_par' dir='ltr' id='par_1_103' title="bbox 2014 4844 3613 4928">
     <span class='ocr_line' id='line_1_104' title="bbox 2014 4844 3613 4928; baseline -0.009 -12"><span class='ocrx_word' id='word_1_738' title='bbox 2014 4844 2253 4915; x_wconf 67' lang='lat' dir='ltr'><strong>Nicaeum</strong></span> <span class='ocrx_word' id='word_1_739' title='bbox 2286 4857 2519 4928; x_wconf 88' lang='lat' dir='ltr'><strong>synodo,</strong></span> <span class='ocrx_word' id='word_1_740' title='bbox 2550 4870 2613 4909; x_wconf 91' lang='lat' dir='ltr'><strong>ac</strong></span> <span class='ocrx_word' id='word_1_741' title='bbox 2638 4854 2706 4928; x_wconf 74' lang='lat' dir='ltr'><strong>de</strong></span> <span class='ocrx_word' id='word_1_742' title='bbox 2736 4844 3077 4928; x_wconf 33' lang='lat' dir='ltr'><strong>eeeIibatuOin</strong></span> <span class='ocrx_word' id='word_1_743' title='bbox 3105 4860 3171 4901; x_wconf 91' lang='lat' dir='ltr'><strong>ea</strong></span> <span class='ocrx_word' id='word_1_744' title='bbox 3185 4844 3369 4928; x_wconf 54' lang='lat' dir='ltr'><strong>egisse</strong></span> <span class='ocrx_word' id='word_1_745' title='bbox 3390 4860 3613 4928; x_wconf 51' lang='grc' dir='ltr'><strong>ἐξεργα-</strong></span> 
     </span>
    </p>
   </div>
   <div class='ocr_carea' id='block_1_104' title="bbox 2011 4916 3608 5002">
    <p class='ocr_par' dir='ltr' id='par_1_104' title="bbox 2011 4916 3608 5002">
     <span class='ocr_line' id='line_1_105' title="bbox 2011 4916 3608 5002; baseline -0.014 -17"><span class='ocrx_word' id='word_1_746' title='bbox 2011 4938 2135 4985; x_wconf 91' lang='lat' dir='ltr'><strong>rent</strong></span> <span class='ocrx_word' id='word_1_747' title='bbox 2160 4916 2373 5002; x_wconf 70' lang='grc' dir='ltr'><strong>(ςοζζᾰι.</strong></span> <span class='ocrx_word' id='word_1_748' title='bbox 2405 4931 2436 4980; x_wconf 82' lang='grc'><strong><em>2</em></strong></span> <span class='ocrx_word' id='word_1_749' title='bbox 2468 4916 2587 5002; x_wconf 78' lang='lat' dir='ltr'><strong>cap.</strong></span> <span class='ocrx_word' id='word_1_750' title='bbox 2620 4916 2696 4994; x_wconf 86' lang='lat'><strong>5).</strong></span> <span class='ocrx_word' id='word_1_751' title='bbox 2724 4920 2897 5002; x_wconf 70' lang='lat' dir='ltr'><strong>Aiter,</strong></span> <span class='ocrx_word' id='word_1_752' title='bbox 2927 4917 3082 5002; x_wconf 75' lang='lat' dir='ltr'><strong>cujus</strong></span> <span class='ocrx_word' id='word_1_753' title='bbox 3114 4916 3608 5002; x_wconf 42' lang='lat' dir='ltr'><strong>episcopi-11131.13.</strong></span> 
     </span>
    </p>
   </div>
   <div class='ocr_carea' id='block_1_105' title="bbox 2012 4988 3609 5061">
    <p class='ocr_par' dir='ltr' id='par_1_105' title="bbox 2012 4988 3609 5061">
     <span class='ocr_line' id='line_1_106' title="bbox 2012 4988 3609 5061; baseline -0.008 -5"><span class='ocrx_word' id='word_1_754' title='bbox 2012 5014 2141 5056; x_wconf 88' lang='lat' dir='ltr'><strong>rum</strong></span> <span class='ocrx_word' id='word_1_755' title='bbox 2167 4988 2367 5053; x_wconf 52' lang='lat' dir='ltr'><strong>&#39;Suidas</strong></span> <span class='ocrx_word' id='word_1_756' title='bbox 2399 4988 2912 5057; x_wconf 30' lang='lat' dir='ltr'><strong>meniionem‘facit,</strong></span> <span class='ocrx_word' id='word_1_757' title='bbox 2941 4988 3039 5047; x_wconf 79' lang='lat' dir='ltr'><strong>sed</strong></span> <span class='ocrx_word' id='word_1_758' title='bbox 3065 4988 3227 5061; x_wconf 77' lang='lat' dir='ltr'><strong>quem</strong></span> <span class='ocrx_word' id='word_1_759' title='bbox 3266 4988 3399 5061; x_wconf 75' lang='lat' dir='ltr'><strong>nihil</strong></span> <span class='ocrx_word' id='word_1_760' title='bbox 3434 4988 3609 5061; x_wconf 81' lang='lat' dir='ltr'><strong>scrip-</strong></span> 
     </span>
    </p>
   </div>
   <div class='ocr_carea' id='block_1_106' title="bbox 2015 5058 3612 5138">
    <p class='ocr_par' dir='ltr' id='par_1_106' title="bbox 2015 5058 3612 5138">
     <span class='ocr_line' id='line_1_107' title="bbox 2015 5058 3612 5138; baseline -0.008 -11"><span class='ocrx_word' id='word_1_761' title='bbox 2015 5070 2154 5127; x_wconf 91' lang='lat' dir='ltr'><strong>sisse</strong></span> <span class='ocrx_word' id='word_1_762' title='bbox 2188 5065 2386 5138; x_wconf 90' lang='lat' dir='ltr'><strong>inquit.</strong></span> <span class='ocrx_word' id='word_1_763' title='bbox 2434 5065 2623 5138; x_wconf 67' lang='lat' dir='ltr'><strong>Alius,</strong></span> <span class='ocrx_word' id='word_1_764' title='bbox 2644 5062 2797 5135; x_wconf 91' lang='lat' dir='ltr'><strong>cujus</strong></span> <span class='ocrx_word' id='word_1_765' title='bbox 2840 5061 3054 5138; x_wconf 84' lang='lat' dir='ltr'><strong>collatio</strong></span> <span class='ocrx_word' id='word_1_766' title='bbox 3078 5058 3147 5138; x_wconf 80' lang='lat' dir='ltr'><strong>de</strong></span> <span class='ocrx_word' id='word_1_767' title='bbox 3174 5060 3371 5132; x_wconf 87' lang='lat' dir='ltr'><strong>triplici</strong></span> <span class='ocrx_word' id='word_1_768' title='bbox 3398 5058 3465 5115; x_wconf 92' lang='lat' dir='ltr'><strong>ad</strong></span> <span class='ocrx_word' id='word_1_769' title='bbox 3478 5058 3612 5138; x_wconf 63' lang='lat' dir='ltr'><strong>_se&#39;r-</strong></span> 
     </span>
    </p>
   </div>
   <div class='ocr_carea' id='block_1_107' title="bbox 2015 5130 3616 5198">
    <p class='ocr_par' dir='ltr' id='par_1_107' title="bbox 2015 5130 3616 5198">
     <span class='ocr_line' id='line_1_108' title="bbox 2015 5130 3616 5198; baseline -0.005 -1"><span class='ocrx_word' id='word_1_770' title='bbox 2015 5130 2279 5198; x_wconf 77' lang='lat' dir='ltr'><strong>viendurri</strong></span> <span class='ocrx_word' id='word_1_771' title='bbox 2306 5139 2424 5193; x_wconf 86' lang='lat' dir='ltr'><strong>Deo</strong></span> <span class='ocrx_word' id='word_1_772' title='bbox 2450 5130 2733 5191; x_wconf 80' lang='lat' dir='ltr'><strong>vocatione</strong></span> <span class='ocrx_word' id='word_1_773' title='bbox 2761 5142 2814 5190; x_wconf 91' lang='lat' dir='ltr'><strong>et</strong></span> <span class='ocrx_word' id='word_1_774' title='bbox 2836 5133 3233 5190; x_wconf 89' lang='lat' dir='ltr'><strong>renuntiatione</strong></span> <span class='ocrx_word' id='word_1_775' title='bbox 3249 5130 3442 5187; x_wconf 74' lang='lat' dir='ltr'><strong>exstat</strong></span> <span class='ocrx_word' id='word_1_776' title='bbox 3476 5130 3616 5189; x_wconf 90' lang='lat' dir='ltr'><strong>inter</strong></span> 
     </span>
    </p>
   </div>
   <div class='ocr_carea' id='block_1_108' title="bbox 2016 5202 3617 5277">
    <p class='ocr_par' dir='ltr' id='par_1_108' title="bbox 2016 5202 3617 5277">
     <span class='ocr_line' id='line_1_109' title="bbox 2016 5202 3617 5277; baseline -0.003 -10"><span class='ocrx_word' id='word_1_777' title='bbox 2016 5212 2150 5268; x_wconf 88' lang='lat' dir='ltr'><strong>alias</strong></span> <span class='ocrx_word' id='word_1_778' title='bbox 2191 5208 2420 5266; x_wconf 84' lang='lat' dir='ltr'><strong>Joannis</strong></span> <span class='ocrx_word' id='word_1_779' title='bbox 2468 5205 2715 5277; x_wconf 84' lang='lat' dir='ltr'><strong>Cassiani</strong></span> <span class='ocrx_word' id='word_1_780' title='bbox 2758 5204 3274 5277; x_wconf 74' lang='lat' dir='ltr'><strong>collaﬁones.__ch</strong></span> <span class='ocrx_word' id='word_1_781' title='bbox 3319 5202 3479 5277; x_wconf 82' lang='lat' dir='ltr'><strong>ipse._</strong></span> <span class='ocrx_word' id='word_1_782' title='bbox 3509 5203 3617 5262; x_wconf 87' lang='lat' dir='ltr'><strong>Sed</strong></span> 
     </span>
    </p>
   </div>
   <div class='ocr_carea' id='block_1_109' title="bbox 2015 5273 3621 5357">
    <p class='ocr_par' dir='ltr' id='par_1_109' title="bbox 2015 5273 3621 5357">
     <span class='ocr_line' id='line_1_110' title="bbox 2015 5273 3621 5357; baseline -0.005 -16"><span class='ocrx_word' id='word_1_783' title='bbox 2015 5280 2278 5357; x_wconf 74' lang='lat' dir='ltr'><strong>quidquid</strong></span> <span class='ocrx_word' id='word_1_784' title='bbox 2298 5280 2368 5336; x_wconf 91' lang='lat' dir='ltr'><strong>sit</strong></span> <span class='ocrx_word' id='word_1_785' title='bbox 2390 5279 2457 5337; x_wconf 89' lang='lat' dir='ltr'><strong>de</strong></span> <span class='ocrx_word' id='word_1_786' title='bbox 2486 5276 2702 5357; x_wconf 72' lang='lat' dir='ltr'><strong>duobus</strong></span> <span class='ocrx_word' id='word_1_787' title='bbox 2720 5276 2933 5357; x_wconf 63' lang='lat' dir='ltr'><strong>primis,</strong></span> <span class='ocrx_word' id='word_1_788' title='bbox 2962 5291 2993 5333; x_wconf 93' lang='lat' dir='ltr'><strong>e</strong></span> <span class='ocrx_word' id='word_1_789' title='bbox 3014 5274 3214 5357; x_wconf 78' lang='lat' dir='ltr'><strong>quibus</strong></span> <span class='ocrx_word' id='word_1_790' title='bbox 3229 5273 3421 5357; x_wconf 42' lang='lat' dir='ltr'><strong>&#39;unum</strong></span> <span class='ocrx_word' id='word_1_791' title='bbox 3449 5273 3621 5333; x_wconf 86' lang='lat' dir='ltr'><strong>dum-</strong></span> 
     </span>
    </p>
   </div>
   <div class='ocr_carea' id='block_1_110' title="bbox 2014 5347 3620 5419">
    <p class='ocr_par' dir='ltr' id='par_1_110' title="bbox 2014 5347 3620 5419">
     <span class='ocr_line' id='line_1_111' title="bbox 2014 5347 3620 5419; baseline -0.006 -6"><span class='ocrx_word' id='word_1_792' title='bbox 2014 5347 2182 5413; x_wconf 51' lang='lat' dir='ltr'><strong>taxat-</strong></span> <span class='ocrx_word' id='word_1_793' title='bbox 2220 5351 2402 5410; x_wconf 89' lang='lat' dir='ltr'><strong>facere</strong></span> <span class='ocrx_word' id='word_1_794' title='bbox 2450 5350 2704 5407; x_wconf 88' lang='lat' dir='ltr'><strong>videntur</strong></span> <span class='ocrx_word' id='word_1_795' title='bbox 2724 5347 2939 5405; x_wconf 81' lang='lat' dir='ltr'><strong>Suidas</strong></span> <span class='ocrx_word' id='word_1_796' title='bbox 2978 5347 3282 5419; x_wconf 11' lang='lat' dir='ltr'><strong>et’galii,iid</strong></span> <span class='ocrx_word' id='word_1_797' title='bbox 3337 5363 3446 5419; x_wconf 77' lang='lat' dir='ltr'><strong>pro</strong></span> <span class='ocrx_word' id='word_1_798' title='bbox 3469 5357 3620 5403; x_wconf 90' lang='lat' dir='ltr'><strong>certo</strong></span> 
     </span>
    </p>
   </div>
   <div class='ocr_carea' id='block_1_111' title="bbox 2015 5416 3622 5496">
    <p class='ocr_par' dir='ltr' id='par_1_111' title="bbox 2015 5416 3622 5496">
     <span class='ocr_line' id='line_1_112' title="bbox 2015 5416 3622 5496; baseline -0.006 -13"><span class='ocrx_word' id='word_1_799' title='bbox 2015 5426 2303 5494; x_wconf 88' lang='lat' dir='ltr'><strong>habemus,</strong></span> <span class='ocrx_word' id='word_1_800' title='bbox 2335 5439 2466 5479; x_wconf 92' lang='lat' dir='ltr'><strong>cum</strong></span> <span class='ocrx_word' id='word_1_801' title='bbox 2499 5422 2604 5478; x_wconf 84' lang='lat' dir='ltr'><strong>hoc</strong></span> <span class='ocrx_word' id='word_1_802' title='bbox 2632 5427 2912 5496; x_wconf 91' lang='lat' dir='ltr'><strong>postremo</strong></span> <span class='ocrx_word' id='word_1_803' title='bbox 2943 5417 3273 5496; x_wconf 69' lang='lat' dir='ltr'><strong>Paphnuiio,</strong></span> <span class='ocrx_word' id='word_1_804' title='bbox 3306 5416 3622 5496; x_wconf 71' lang='lat' dir='ltr'><strong>presbytero</strong></span> 
     </span>
    </p>
   </div>
   <div class='ocr_carea' id='block_1_112' title="bbox 2016 5489 3623 5564">
    <p class='ocr_par' dir='ltr' id='par_1_112' title="bbox 2016 5489 3623 5564">
     <span class='ocr_line' id='line_1_113' title="bbox 2016 5489 3623 5564; baseline -0.009 -8"><span class='ocrx_word' id='word_1_805' title='bbox 2016 5498 2219 5556; x_wconf 88' lang='lat' dir='ltr'><strong>scilicet</strong></span> <span class='ocrx_word' id='word_1_806' title='bbox 2249 5489 2305 5552; x_wconf 85' lang='lat' dir='ltr'><strong>et</strong></span> <span class='ocrx_word' id='word_1_807' title='bbox 2328 5496 2544 5562; x_wconf 86' lang='lat' dir='ltr'><strong>abbate,</strong></span> <span class='ocrx_word' id='word_1_808' title='bbox 2571 5489 2683 5549; x_wconf 77' lang='lat' dir='ltr'><strong>non</strong></span> <span class='ocrx_word' id='word_1_809' title='bbox 2717 5491 2996 5564; x_wconf 87' lang='lat' dir='ltr'><strong>episcopo,</strong></span> <span class='ocrx_word' id='word_1_810' title='bbox 3022 5489 3086 5564; x_wconf 71' lang='lat' dir='ltr'><strong>ut</strong></span> <span class='ocrx_word' id='word_1_811' title='bbox 3126 5489 3258 5544; x_wconf 88' lang='lat' dir='ltr'><strong>alias</strong></span> <span class='ocrx_word' id='word_1_812' title='bbox 3283 5489 3623 5564; x_wconf 79' lang='lat' dir='ltr'><strong>monuimus,</strong></span> 
     </span>
    </p>
   </div>
   <div class='ocr_carea' id='block_1_113' title="bbox 2015 5560 3625 5633">
    <p class='ocr_par' dir='ltr' id='par_1_113' title="bbox 2015 5560 3625 5633">
     <span class='ocr_line' id='line_1_114' title="bbox 2015 5560 3625 5633; baseline -0.007 -6"><span class='ocrx_word' id='word_1_813' title='bbox 2015 5569 2263 5627; x_wconf 89' lang='lat' dir='ltr'><strong>habitam</strong></span> <span class='ocrx_word' id='word_1_814' title='bbox 2290 5582 2409 5624; x_wconf 91' lang='lat' dir='ltr'><strong>esse</strong></span> <span class='ocrx_word' id='word_1_815' title='bbox 2441 5560 2584 5622; x_wconf 88' lang='lat' dir='ltr'><strong>hanc</strong></span> <span class='ocrx_word' id='word_1_816' title='bbox 2609 5560 2832 5620; x_wconf 73' lang='lat' dir='ltr'><strong>tertiam</strong></span> <span class='ocrx_word' id='word_1_817' title='bbox 2869 5560 3387 5633; x_wconf 77' lang='lat' dir='ltr'><strong>collationem,_quze</strong></span> <span class='ocrx_word' id='word_1_818' title='bbox 3428 5566 3484 5614; x_wconf 90' lang='lat' dir='ltr'><strong>et</strong></span> <span class='ocrx_word' id='word_1_819' title='bbox 3507 5560 3625 5633; x_wconf 82' lang='lat' dir='ltr'><strong>ejus</strong></span> 
     </span>
    </p>
   </div>
   <div class='ocr_carea' id='block_1_114' title="bbox 2016 5630 3691 5708">
    <p class='ocr_par' dir='ltr' id='par_1_114' title="bbox 2016 5630 3691 5708">
     <span class='ocr_line' id='line_1_115' title="bbox 2016 5630 3691 5708; baseline -0.011 -10"><span class='ocrx_word' id='word_1_820' title='bbox 2016 5641 2239 5698; x_wconf 90' lang='lat' dir='ltr'><strong>nomine</strong></span> <span class='ocrx_word' id='word_1_821' title='bbox 2258 5637 2602 5703; x_wconf 88' lang='lat' dir='ltr'><strong>inscribitur;</strong></span> <span class='ocrx_word' id='word_1_822' title='bbox 2632 5639 2791 5708; x_wconf 79' lang='lat' dir='ltr'><strong>cujus</strong></span> <span class='ocrx_word' id='word_1_823' title='bbox 2818 5634 2983 5708; x_wconf 79' lang='lat' dir='ltr'><strong>etiam</strong></span> <span class='ocrx_word' id='word_1_824' title='bbox 3010 5631 3215 5708; x_wconf 77' lang='lat' dir='ltr'><strong>mentio</strong></span> <span class='ocrx_word' id='word_1_825' title='bbox 3250 5630 3482 5687; x_wconf 81' lang='lat' dir='ltr'><strong>habetur</strong></span> <span class='ocrx_word' id='word_1_826' title='bbox 3502 5630 3626 5686; x_wconf 84' lang='lat' dir='ltr'><strong>col-</strong></span> <span class='ocrx_word' id='word_1_827' title='bbox 3684 5672 3691 5679; x_wconf 95' lang='lat'><strong>.</strong></span> 
     </span>
    </p>
   </div>
   <div class='ocr_carea' id='block_1_115' title="bbox 2016 5702 3592 5782">
    <p class='ocr_par' dir='ltr' id='par_1_115' title="bbox 2016 5702 3592 5782">
     <span class='ocr_line' id='line_1_116' title="bbox 2016 5702 3592 5782; baseline -0.008 -12"><span class='ocrx_word' id='word_1_828' title='bbox 2016 5708 2518 5782; x_wconf 82' lang='lat' dir='ltr'><strong>lationesequenti,</strong></span> <span class='ocrx_word' id='word_1_829' title='bbox 2538 5702 2664 5782; x_wconf 75' lang='lat' dir='ltr'><strong>cap.</strong></span> <span class='ocrx_word' id='word_1_830' title='bbox 2696 5702 2746 5782; x_wconf 65' lang='grc' dir='ltr'><strong>ἰ,</strong></span> <span class='ocrx_word' id='word_1_831' title='bbox 2771 5713 2826 5762; x_wconf 91' lang='lat' dir='ltr'><strong>et</strong></span> <span class='ocrx_word' id='word_1_832' title='bbox 2853 5702 3230 5782; x_wconf 85' lang='lat' dir='ltr'><strong>alibi_saepius.</strong></span> <span class='ocrx_word' id='word_1_833' title='bbox 3410 5761 3592 5782; x_wconf 13' lang='lat' dir='ltr'><strong>qua:</strong></span> 
     </span>
    </p>
   </div>
   <div class='ocr_carea' id='block_1_116' title="bbox 2087 5773 3624 5852">
    <p class='ocr_par' dir='ltr' id='par_1_116' title="bbox 2087 5773 3624 5852">
     <span class='ocr_line' id='line_1_117' title="bbox 2087 5773 3624 5852; baseline 0.004 -15"><span class='ocrx_word' id='word_1_834' title='bbox 2087 5777 2115 5817; x_wconf 75' lang='grc'>³³</span> <span class='ocrx_word' id='word_1_835' title='bbox 2152 5773 2344 5839; x_wconf 70' lang='grc' dir='ltr'><strong>Εῑίθιιῐ</strong></span> <span class='ocrx_word' id='word_1_836' title='bbox 2382 5773 2652 5852; x_wconf 66' lang='lat' dir='ltr'><strong>eremitai,</strong></span> <span class='ocrx_word' id='word_1_837' title='bbox 2696 5777 2808 5852; x_wconf 82' lang='lat' dir='ltr'><strong>sive</strong></span> <span class='ocrx_word' id='word_1_838' title='bbox 2853 5773 3253 5852; x_wconf 44' lang='lat' dir='ltr'><strong>anachoreiaz.._</strong></span> <span class='ocrx_word' id='word_1_839' title='bbox 3287 5773 3624 5852; x_wconf 46' lang='lat' dir='ltr'><strong>passiﬁj‘gff</strong></span> 
     </span>
    </p>
   </div>
   <div class='ocr_carea' id='block_1_117' title="bbox 2019 5836 3624 5928">
    <p class='ocr_par' dir='ltr' id='par_1_117' title="bbox 2019 5836 3624 5928">
     <span class='ocr_line' id='line_1_118' title="bbox 2019 5836 3624 5928; baseline -0.02 -15"><span class='ocrx_word' id='word_1_840' title='bbox 2019 5836 2256 5928; x_wconf 67' lang='lat' dir='ltr'><strong>exceptis</strong></span> <span class='ocrx_word' id='word_1_841' title='bbox 2277 5836 2501 5927; x_wconf 57' lang='lat' dir='ltr'><strong>ﬁiebus</strong></span> <span class='ocrx_word' id='word_1_842' title='bbox 2541 5836 2840 5907; x_wconf 81' lang='lat' dir='ltr'><strong>sabbatinis</strong></span> <span class='ocrx_word' id='word_1_843' title='bbox 2888 5854 2943 5904; x_wconf 88' lang='lat' dir='ltr'><strong>et</strong></span> <span class='ocrx_word' id='word_1_844' title='bbox 2995 5836 3327 5900; x_wconf 64' lang='lat' dir='ltr'><strong>dominicis,</strong></span> <span class='ocrx_word' id='word_1_845' title='bbox 3383 5836 3624 5895; x_wconf 81' lang='lat' dir='ltr'><strong>utrisque</strong></span> 
     </span>
    </p>
   </div>
  </div>
