3982 6202
426 346 529 400 559

425 562 618 619 reverti
672 561 864 618 exinde
923 566 1208 617 contentus
1236 599 1250 626 ,
1303 571 1395 612 vas
1445 570 1642 628 aquae,
1699 569 1865 628 quam
1923 569 2018 625 per

434 665 610 714 totam
675 665 788 712 erat
843 651 1245 710 hebdomadam
1307 656 1622 721 sumpturus
1648 690 1664 717 ,
1719 648 2019 720 cervicibus

429 751 541 806 suis
564 763 874 819 supponens
909 745 1219 817 reportabat
1246 744 1313 800 ad
1350 745 1562 801 cellam.
1594 753 1619 778 ι
1647 744 1892 815 Cumque
1917 758 2018 798 no-

425 841 770 914 nagenariam
829 838 1142 894 excessisset
1189 844 1445 905 aetatem,
1491 851 1794 908 numquam
1834 849 2020 908 passus

423 945 504 994 est
543 950 663 990 eam
683 934 965 1006 juniorum
1004 933 1104 989 sibi
1144 933 1328 989 labore
1358 930 1574 988 deferri.
1606 931 1712 987 Hic
1745 929 1924 1002 itaque
1951 927 2019 983 ab

423 1028 787 1087 adolescentia
832 1043 930 1084 sua
969 1026 1346 1084 coenobiorum
1389 1024 1588 1081 scholis
1633 1032 1785 1080 tanto
1827 1021 2022 1078 ardore

423 1139 479 1179 se
509 1120 754 1187 tradidit,
781 1129 838 1176 ut
862 1120 917 1174 in
946 1120 1020 1175 eis
1047 1135 1212 1190 parvo
1243 1127 1484 1190 tempore
1509 1123 1879 1174 commoratus
1906 1125 2021 1172 tam

420 1213 777 1286 subjectionis
805 1213 951 1269 bono
978 1228 1144 1284 quam
1166 1211 1538 1267 universarum
1567 1210 1828 1266 virtutum
1848 1209 2019 1265 scien-

422 1308 496 1364 tia
517 1307 718 1380 pariter
745 1307 1024 1363 ditaretur.
1053 1304 1384 1361 Humilitatis
1412 1319 1650 1375 namque
1671 1311 1726 1359 et
1764 1301 2023 1359 obedien-

426 1403 516 1460 tizc
551 1401 850 1472 disciplina,
890 1415 1083 1455 omnes
1122 1415 1248 1455 suas
1305 1397 1642 1454 mortificans
1694 1396 2017 1464 voluntates,

431 1505 489 1552 et
513 1512 606 1568 per
633 1495 773 1550 hanc
800 1493 1074 1550 exstinctis
1095 1492 1359 1549 universis
1387 1492 1551 1558 vitiis,
1573 1490 1888 1561 cunctisque
1915 1490 2020 1544 vir-

430 1589 636 1645 tutibus
663 1586 1083 1652 consummatis,
1114 1600 1247 1656 quas
1285 1584 1743 1641 monasteriorum
1783 1582 2027 1637 instituta

427 1680 506 1736 vel
547 1678 1049 1752 antiquissimorum
1083 1681 1306 1734 Patrum
1349 1675 1594 1733 doctrina
1619 1674 1902 1741 fundavit;
1932 1690 2029 1729 su-

337 1827 342 1834 .
425 1773 690 1831 blimioris
713 1771 987 1844 profectus
1020 1770 1212 1828 ardore
1231 1785 1542 1838 succensus,
1569 1768 1738 1826 eremi
1760 1767 2031 1825 festinavit

1501 336 1779 393 JOANNIS
1816 333 2114 392 CASSIANI
2153 329 2636 389 COLLATIONES.

425 470 708 526 ecclesiam
783 477 1101 532 vexaretur,
1177 464 1271 521 sed
1344 479 1443 519 nec
1518 476 1720 518 vacuus
1792 458 2013 532 quidem
2045 464 2100 526 Α

3617 320 3719 374 560

2760 451 3002 509 CAPUT
3041 448 3091 502 II

2197 560 2272 612 De
2298 569 2536 610 sermone
2561 550 2797 622 ejusdem
2823 550 2986 616 senis,
3008 550 3059 602 et
3087 546 3418 615 responsione
3447 545 3652 598 nostra.

2198 656 2374 729 Hujus
2411 655 2572 727 igitur
2599 651 2909 727 magisterio
2943 647 3149 705 institui
3188 645 3492 718 cupientes,
3527 641 3727 717 cogita-

2127 752 2342 808 tionum
2373 751 2540 806 etiam
2575 747 2814 805 stimulis
2856 743 3061 819 agitati,
3111 739 3180 797 ad
3228 739 3422 796 cellam
3461 737 3582 810 ejus
3608 737 3726 810 jam

2129 846 2218 904 die
2233 843 2714 918 advesperascente
2738 839 3099 915 pervenimus.
3125 835 3256 906 Qui,
3277 833 3467 889 habito
3491 831 3724 903 aliquan-

2130 943 2296 1014 tisper
2325 940 2566 1005 silentio,
2599 953 2728 996 cum
2763 936 3099 1010 propositum
3135 939 3389 987 nostrum
3430 927 3729 1000 praedicare

2130 1035 2386 1108 cmpisset
2409 1076 2424 1102 ,
2477 1031 2627 1106 quod
2656 1030 2867 1087 scilicet
2911 1027 3145 1100 patriam
3193 1023 3598 1095 relinquentes,
3650 1029 3729 1079 tot

2131 1129 2418 1203 provinciis
2445 1143 2544 1200 pro
2572 1140 2762 1183 amore
2798 1115 3027 1180 Domini
3051 1117 3410 1193 perlustratis,
3435 1124 3729 1190 egestatem

2129 1240 2192 1280 ac
2236 1223 2547 1280 vastitatem
2596 1219 2762 1277 eremi
2808 1217 3040 1274 tolerare
3071 1256 3085 1281 ,
3141 1223 3196 1271 et
3241 1212 3439 1268 imitari
3489 1213 3731 1284 rigorem

2129 1317 2555 1374 conversationis
2597 1315 2818 1371 illorum
2862 1317 3144 1382 tantopere
3193 1307 3520 1375 niteremur,
3570 1321 3731 1378 quem

2132 1412 2215 1467 vix
2255 1411 2353 1483 ipsi
2396 1411 2486 1483 qui
2526 1411 2577 1465 in
2621 1407 2811 1464 eadem
2846 1403 3160 1462 necessitate
3191 1410 3358 1474 atque
3399 1401 3584 1473 inopia
3621 1401 3730 1456 nati

2132 1504 2449 1576 educatique
2486 1511 2647 1571 sunt,
2691 1501 3046 1568 sustinerent;
3097 1496 3479 1569 respondimus
3520 1511 3625 1552 nos
3664 1495 3733 1552 ob

2134 1598 2187 1655 id
2218 1599 2286 1655 ad
2314 1601 2430 1671 ejus
2473 1597 2784 1653 doctrinam
2813 1612 2876 1652 ac
2903 1593 3280 1666 magisterium
3318 1590 3638 1658 tetendisse,
3676 1597 3736 1644 ut

2135 1691 2309 1747 imbui
2339 1691 2678 1761 aliquatenus
2702 1685 3139 1744 institutionibus
3167 1700 3230 1740 ac
3253 1681 3583 1756 perfectione
3603 1680 3734 1738 tanti

2137 1785 2234 1840 viri
2279 1799 2598 1858 possemus,
2639 1798 2804 1854 quam
2838 1779 3143 1837 innumeris
3179 1777 3518 1835 documentis
3557 1776 3735 1832 ineﬁe

427 1875 630 1925 secreta
682 1873 1000 1938 penetrare,
1056 1873 1115 1921 ut
1166 1864 1429 1932 Domino,
1475 1864 1561 1920 cui
1611 1865 1749 1919 inter
1797 1861 2023 1918 fratrum
2059 1877 2105 1938 Β
2135 1877 2317 1934 eidem
2343 1891 2705 1945 senseram”,
2729 1890 2839 1930 non
2879 1882 2940 1930 ut
2984 1871 3147 1934 illius,
3175 1886 3292 1944 quae
3315 1877 3496 1925 tamen
3548 1867 3604 1922 in
3632 1882 3733 1922 ηο-

431 1961 613 2017 turbas
633 1959 842 2032 positus
862 1958 1078 2015 sitiebat
1101 1957 1535 2030 inseparabiliter
1567 1957 1850 2024 inhaerere,
1878 1955 2028 2012 nullo

427 2055 686 2126 deinceps
725 2054 966 2110 humano
991 2053 1267 2110 consortio
1302 2051 1610 2106 retrahente
1652 2049 1860 2106 facilius
1902 2050 2027 2105 uni-

429 2160 602 2207 retur.
664 2148 773 2206 Ubi
823 2163 1042 2203 rursum
1087 2155 1242 2202 tanto
1291 2145 1503 2202 fervore
1553 2146 1720 2200 etiam
1782 2145 2027 2216 ipsorum

429 2242 881 2300 anachoretarum
912 2243 1134 2298 virtutes
1158 2256 1417 2312 superans
1454 2239 1718 2296 desiderio
1760 2247 1814 2294 et
1850 2240 2026 2293 inten-

430 2337 581 2393 tione
607 2336 755 2410 jugis
784 2351 847 2392 ac
883 2335 1079 2392 divina:
1107 2335 1246 2390 illius
1276 2334 1519 2401 theoriaa,
1566 2341 1889 2389 cunctorum
1931 2332 2030 2388 de-

431 2431 637 2488 vitabat
676 2438 959 2502 aspectus,
995 2430 1227 2485 vastiora
1267 2435 1320 2484 et
1352 2427 1741 2483 inaccessibilia
1778 2425 2031 2482 solitudi-

431 2524 516 2580 nis
549 2531 839 2597 penetrans
863 2523 1000 2590 loca,
1033 2522 1319 2593 multoque
1363 2522 1419 2577 in
1453 2521 1527 2577 eis
1551 2527 1796 2592 tempore
1825 2519 2034 2575 delites-

431 2633 573 2682 cens,
607 2627 666 2673 ut
713 2618 781 2673 ab
827 2615 955 2688 ipsis
997 2631 1213 2689 quoque
1258 2614 1596 2672 anachoretis
1644 2613 1933 2670 difficulter
1969 2627 2031 2668 ac

431 2713 704 2770 rarissime
753 2710 1138 2784 deprehensus,
1193 2711 1508 2784 angelorum
1547 2709 1860 2782 quotidiano
1907 2724 2032 2763 con-

432 2807 602 2863 sortio
636 2805 892 2862 delectari
915 2822 977 2861 ac
1003 2803 1207 2878 perfrui
1232 2805 1561 2873 crederetur,
1591 2813 1753 2874 atque
1778 2804 1825 2858 ei
1852 2796 1877 2832 ¹³
1911 2818 2032 2856 mc-

432 2900 538 2955 rito
562 2899 773 2955 virtutis
801 2899 964 2972 hujus
1000 2899 1068 2954 ab
1093 2899 1224 2971 ipsis
1260 2899 1493 2954 inditum
1521 2896 1686 2953 fuerit
1708 2894 1897 2950 Bubali
1936 2910 2032 2949 co-

436 2999 814 3060 gnomentum.

2134 1972 2217 2028 bis
2243 1987 2353 2027 non
2390 1978 2590 2032 essent,
2624 1967 2876 2024 laudibus
2905 1979 3278 2039 gravaremur,
3303 1962 3466 2017 autin
3489 1959 3734 2016 elatione

2135 2067 2323 2134 animi,
2366 2081 2471 2136 qua
2496 2065 2551 2118 in
2590 2062 2796 2118 nostris
2825 2074 3044 2133 quoque
3080 2057 3285 2114 cellulis
3314 2067 3738 2125 nonnumquam

2134 2159 2477 2234 suggestione
2505 2148 2862 2213 titillabamur
2907 2152 3127 2221 inimici,
3167 2151 3338 2224 ipsius
3381 2162 3602 2221 quoque
3629 2161 3739 2202 ser-

2137 2253 2392 2310 monibus
2421 2251 2754 2308 inﬂaremur.
2801 2245 3175 2320 Quamobrem
3217 2243 3308 2300 illa
3351 2241 3515 2297 nobis
3563 2239 3740 2310 potius

2141 2346 2500 2418 precabamur
2523 2343 2756 2412 infundi,
2783 2342 2980 2416 quibus
3004 2337 3302 2411 compungi
3333 2336 3414 2392 vel
3447 2332 3737 2399 humiliari,

2141 2456 2250 2527 non
2280 2441 2474 2512 quibus
2516 2436 2922 2510 nobismetipsis
2953 2433 3187 2492 blandiri
3230 2431 3526 2502 extollique
3559 2441 3737 2501 posse-

2141 2550 2282 2591 mus.

2746 2623 2990 2678 CAPUT
3032 2621 3131 2675 IlI.

2142 2725 2413 2795 Proposito
2468 2723 2680 2777 abbatis
2732 2723 3032 2795 Paphnutii
3061 2719 3142 2795 _dc
3190 2714 3736 2795 tribus__vocationum

2288 2795 2589 2863 gmw-ribus,
2627 2798 2677 2846 et
2715 2793 2779 2847 de
2809 2785 2981 2846 tribus
3018 2785 3597 2844 abrenuntiationibus.

2213 2898 2354 2950 Tum
2395 2894 2582 2950 beatus
2623 2892 2954 2964 Paphnutius
2983 2894 3043 2945 :c
3068 2893 3222 2957 Tres,
3269 2887 3468 2959 inquit,
3500 2881 3738 2962 vocatio-

2143 3003 2276 3043 num
2321 2996 2448 3044 sunt
2493 2987 2748 3056 ordines,
2795 2988 2832 3023 ¹³’
2873 2994 2982 3041 tres
3039 2997 3257 3057 quoque
3312 2979 3742 3038 renuntiationes

1529 3130 1783 3184 ALARDI
1823 3130 2045 3185 GAZ/El
2086 3131 2640 3186 COMMENTARIUS.

437 3253 580 3326 apud
605 3252 905 3309 Orientales
939 3251 1179 3326 festivis,
1209 3251 1278 3309 ad
1307 3251 1593 3309 ecclesiam
1626 3252 1786 3308 simul
1809 3269 2036 3326 iconve-
2069 3260 2113 3322 C
2145 3253 2266 3322 bus,
2302 3269 2506 3326 cornua
2551 3253 2758 3308 habens
2784 3252 2946 3326 longa
2989 3259 3045 3306 et
3073 3248 3297 3326 inﬂexa,
3337 3247 3484 3326 parvi
3532 3245 3646 3317 pili,
3688 3253 3745 3300 et

436 3324 678 3397 niebant,
703 3333 763 3380 ut
780 3341 930 3380 sacra
957 3324 1216 3397 mysteria
1243 3332 1647 3397 peragerentac
1672 3325 2030 3397 perciperent,

437 3404 498 3452 ut
534 3396 659 3452 alibi
698 3395 1043 3459 notavimus;
1083 3395 1222 3451 sicut
1256 3395 1403 3452 nunc
1433 3395 1822 3453 Carthusianos
1854 3403 1908 3451 et
1936 3397 2033 3453 Ca-

438 3467 801 3523 maldulenses
819 3465 998 3523 facere
1019 3466 1284 3523 videmus.

508 3547 534 3572 ⁸
557 3541 752 3607 Magna
795 3537 1038 3608 profecto
1075 3538 1434 3593 admiratione
1463 3537 1690 3608 dignum
1719 3545 1802 3608 est
1831 3578 1846 3602 ,
1893 3537 2037 3608 viros

438 3615 654 3678 sanctos
711 3607 824 3661 tam
863 3609 919 3662 in
970 3624 1154 3663 eremo
1193 3623 1356 3678 quam
1399 3608 1454 3661 in
1505 3607 1850 3662 monasteriis
1896 3607 2035 3661 adeo

439 3677 604 3750 fuisse
631 3679 928 3750 longaevos,
968 3686 1021 3750 et
1066 3678 1134 3732 ad
1158 3686 1457 3750 extremam
1485 3685 1818 3750 senectutem
1847 3693 2036 3748 perve-

438 3749 605 3830 nisse,
645 3747 772 3804 cum
811 3747 1170 3830 asperrimam
1195 3749 1396 3830 vitam,
1441 3747 1699 3803 omnibus
1734 3747 1869 3830 pene
1907 3764 2037 3803 cor-

439 3819 585 3890 poris
614 3818 923 3876 commodis
952 3819 1266 3874 destitutam
1309 3819 1598 3890 ducerent;
1646 3818 1792 3890 quod
1819 3819 2035 3890 illorum

439 3888 722 3962 sobrietati
783 3899 837 3946 et
889 3888 1597 3962 parcimonimsecundum
1646 3888 1746 3954 Dei
1809 3889 2035 3962 gratiam

439 3961 819 4017 ascribendum
849 3960 1011 4017 nemo
1039 3961 1321 4016 dubitarit.
1349 3964 1410 4016 ln
1438 3976 1674 4030 quorum
1699 3960 1928 4016 numero
1957 3960 2037 4030 (ut

440 4048 641 4104 paucos
670 4032 1005 4104 antiquiores
1019 4031 1481 4104 commemorem)
1512 4032 1566 4086 S.
1595 4031 2037 4104 Paulusiprimus

440 4102 666 4160 eremita
709 4102 925 4160 aetatem
966 4103 1034 4160 ad
1084 4120 1254 4160 annos
1297 4102 1404 4158 fere
1443 4111 1663 4158 centum
1726 4102 2036 4173 quindecim

441 4175 710 4258 praduxit,
750 4175 1286 4258 exquibus-circiter
1315 4182 1536 4258 centum
1567 4174 1620 4258 in
1644 4190 1826 4257 eremo
1855 4183 2033 4258 trans-

441 4245 568 4316 egit,
615 4254 676 4300 ut
705 4245 904 4318 scribit
926 4251 993 4301 D.
1029 4247 1415 4318 Hieronymus.
1444 4247 1521 4318 HS.
1555 4246 1824 4301 Antonius
1849 4245 1918 4301 ad
1951 4261 2037 4318 an-

442 4330 543 4394 nos
566 4323 785 4370 centum
818 4316 1054 4438 quinque
1094 4316 1253 4382 vixit,
1275 4335 1338 4372 ex
1365 4316 1560 4438 quibus
1597 4318 1890 4388 nonaginta
1932 4316 2037 4386 egit

445 4400 502 4437 ιη
529 4399 735 4438 eremo.
767 4401 829 4438 so
853 4402 885 4438 o
932 4401 1070 4438 nane
1101 4396 1154 4438 et
1198 4403 1335 4438 aaua
1417 4387 1612 4438 auibus
1648 4387 1846 4438 aliquid
1875 4386 2037 4438 oleris

445 4333 543 4370 nos
566 4333 785 4370 centum
818 4333 1054 4438 quinque
1094 4333 1244 4382 vixit,
1275 4335 1338 4372 ex
1382 4333 1560 4386 uinus
1597 4333 1890 4388 nonaginta
1932 4333 2037 4386 egit

445 4385 502 4463 in
529 4399 735 4463 eremo,
767 4401 829 4439 so
853 4402 885 4439 o
931 4401 1070 4463 pane
1090 4396 1156 4463 _et_
1198 4403 1335 4463 aqua
1365 4333 1612 4456 (iquibus
1648 4387 1846 4458 aliquid
1875 4386 2038 4442 oleris

446 4454 499 4505 in
522 4460 770 4525 extrema
808 4454 966 4509 aetate
1004 4454 1264 4525 addebat)‘
1298 4454 1495 4525 corpus
1523 4454 1830 4511 sustentans
1854 4497 1868 4525 ,
1901 4465 2039 4511 teste

445 4521 790 4595 Athanasio,
826 4526 883 4580 S.
945 4521 1278 4595 Paphnutius
1328 4521 1752 4595 nonagenariam
1813 4521 2042 4581 excessit

445 4601 683 4667 aetatem,
713 4593 831 4651 solo
872 4593 1098 4667 pane'et
1141 4593 1630 4667 aquacontentus,
1670 4605 1730 4650 ut
1766 4597 2040 4667 colligitur

445 4680 508 4720 ex
531 4664 635 4721 hoc
655 4666 792 4749 loco.
825 4664 1087 4749 Arsenius
1109 4664 1321 4749 Arcadii
1357 4675 1412 4721 et
1441 4667 1681 4748 [ionorii
1709 4664 2035 4749 paedagogus

443 4752 613 4819 annps
628 4747 846 4794 centum
861 4738 1141 4819 _viginii-,__e
1165 4738 1364 4819 quibus
1388 4737 1778 4819 quinquaginta
1795 4737 2035 4819 quinque

443 4808 497 4886 i_n
540 4808 773 4877 deserto,
804 4808 1126 4886 admirabili
1153 4808 1496 4866 abstinentia.
1528 4808 1764 4886 Jacobus
1783 4808 2029 4878 eremita,

444 4883 602 4960 Persa
632 4898 846 4960 genere,
886 4881 1084 4954 partim
1113 4881 1167 4936 in
1201 4897 1403 4951 eremo,
1440 4881 1640 4960 partim
1671 4881 1724 4936 in
1756 4891 2036 4960 monaste-

441 4953 524 5004 rio
554 4954 809 5024 transegit
837 4953 1008 5008 annos
1028 4963 1244 5008 centum
1267 4963 1499 5024 quatuor
1529 4953 1671 5010 victu
1689 4953 2034 5021 tenuissimo,

445 5028 506 5094 ut
532 5019 703 5094 refert
727 5021 1118 5094 Theodoretus.
1141 5019 1383 5094 Historia
1419 5025 1685 5094 Religiosa
1716 5026 1772 5080 in
1799 5019 2033 5081 Juliano.

447 5093 501 5168 S_.
531 5091 893 5168 Epiphanium
928 5110 1099 5168 annos
1123 5093 1235 5168 fere
1257 5105 1480 5152 centum
1511 5091 1822 5168 quindecim
1847 5098 2039 5153 vixisse

447 5165 620 5220 Graeci
650 5173 915 5238 testantur
954 5164 1006 5217 in
1037 5167 1349 5236 Menologio
1385 5164 1546 5238 (Ραιιῑ
1584 5172 1805 5224 Lausia.
1846 5171 1898 5231 8,
1938 5170 2037 5223 So-

448 5250 693 5308 ;omenns
716 5237 751 5289 I.
783 5251 848 5290 v1
877 5252 920 5288 c.
953 5239 1043 5308 29,
1077 5239 1354 5307 Nicepho-r.
1381 5237 1416 5291 ἶ.
1446 5254 1491 5293 ιι
1516 5255 1631 5306 cap.
1666 5239 1775 5308 42).
1810 5239 2039 5308 Sanctus

447 5305 715 5358 Macarius
755 5306 1056 5388 2Egyptius,
1101 5305 1257 5388 cujus
1285 5308 1524 5388 homilia:
1553 5305 1786 5388 exstant,
1812 5307 2042 5388 excessit

446 5389 617 5455 annos
643 5377 954 5455 nonaginta,
991 5393 1055 5455 ex
1087 5377 1295 5455 quibus.
1326 5380 1381 5432 in
1414 5393 1616 5455 eremo,
1648 5377 2041 5455 assidu9__jeju-

446 5447 560 5511 nio,
603 5448 803 5520 peregit
833 5447 1128 5520 sexaginta.
1161 5449 1404 5520 Denique
1446 5451 1805 5520 Sozomenuis,’
1837 5447 1932 5503 lib.
1957 5447 2039 5505 VVI

447 5533 563 5588 cap.
597 5522 684 5583 34,
713 5516 878 5573 refert
902 5516 1168 5590 plurimos
1193 5516 1492 5575 monachos
1515 5518 1674 5572 vitam
1706 5518 1771 5574 ad
1795 5519 2040 5588 longissi-

447 5603 597 5662 mum
629 5597 844 5662 tempus
881 5591 1220 5662 produxisse.
1253 5591 1515 5660 Idemque
1549 5590 1836 5646 conﬁrmat
1881 5592 2040 5648 Nice-

447 5657 835 5732 phorslibfxl
862 5657 976 5732 cap.
1004 5670 1093 5718 40.
1424 5657 1446 5660 _
1593 5731 1596 5732 ν
1693 5689 1697 5693 ‘

517 5730 811 5804 bVirtutis,
858 5730 1052 5804 nempe
1090 5733 1415 5801 solitudinis,
1460 5749 1522 5788 ac
1565 5731 1789 5791 theorias
1822 5737 2036 5804 merito,

445 5816 509 5857 ac
538 5801 766 5878 ratione.
801 5806 972 5878 Porro
990 5801 1367 5878 'Bubalus,_ait
1389 5804 1677 5878 Cuychius,
1707 5817 1788 5864 est
1823 5807 1920 5863 bos
1943 5801 2037 5863 sil-'

489 5874 640 5932 ‘stris
671 5875 851 5933 colore
880 5877 1051 5948 niger,
1085 5873 1399 5934 fortissimis
1449 5873 1718 5947 cruribus,
1773 5888 1827 5937 et
1869 5880 2044 5936 brevi—

2145 3318 2322 3396 parvaz
2351 3325 2538 3381 cauda:
2569 3325 2798 3396 (Plinius
2829 3318 3023 3378 L'vm
3058 3338 3179 3396 cap.
3226 3318 3443 3396 15).'(_)b
3463 3318 3605 3396 hang,
3627 3331 3745 3396 cau-

2087 3431 2096 3444 ι
2141 3386 2282 3463 sam,
2316 3411 2442 3451 cum
2487 3396 2557 3451 sit
2576 3386 2889 3450 admodum
2917 3386 3262 3464 agreste—hoc
3290 3386 3518 3464 animal,
3567 3386 3745 3464 Paph-

2141 3459 2292 3522 nutio
2319 3467 2500 3522 abbati
2548 3474 2772 3537 propter
2821 3459 3194 3537 agrestem‘et
3234 3459 3748 3537 solitariamvitam

2143 3537 2336 3609 Bubali
2361 3532 2786 3609 cognomentum
2827 3532 3061 3591 inditum
3100 3532 3264 3609 fuisse
3291 3532 3518 3609 videtur,
3549 3544 3749 3601 quem-

2142 3603 2459 3681 admodum'
2471 3607 2723 3681 colligere
2753 3606 3032 3681 iicet_tuin
3061 3621 3124 3660 ex
3162 3603 3268 3660 hoc
3295 3603 3652 3681 capite,_tu.m
3679 3615 3746 3681 ex

2143 3679 2336 3747 quinto
2392 3672 2628 3734 decimo'
2655 3677 2829 3747 capite
2876 3676 3103 3732 decima:
3159 3672 3374 3747 octavae
3416 3672 3747 3747 collationis.

2143 3742 2331 3804 Simile
2373 3747 2644 3819 quippiam
2689 3742 2771 3818 (ut
2800 3747 2974 3803 obiter
3005 3747 3063 3819 id
3089 3745 3302 3819 addam)
3343 3745 3496 3819 de__S.
3529 3742 3754 3819 Thpina

2143 3814 2411 3890 Aquinaté
2443 3814 2654 3900 legitur,
2689 3814 2857 3900 quem
2887 3819 2945 3873 in
2990 3818 3190 3900 scholis
3221 3814 3321 3870 sub
3360 3814 3588 3900 {allici-to
3618 3814 3751 3900 Ma.-

2143 3884 2274 3962 gno
2301 3884 2549 3962 agentem
2590 3884 2726 3962 socii
2765 3889 2957 3944 bovem
3010 3898 3218 3962 mutum
3269 3884 3756 3962 vocitabant,‘ob

2144 3952 2372 4016 nimiam
2429 3961 2873 4024 taciturnitatem,
2915 3969 2970 4015 et
2999 3957 3416 4031 Pythagoricum
3463 3952 3756 4031 quoddam

2144 4033 2458 4101 silentium;
2483 4048 2588 4102 qua
2615 4031 2681 4087 de
2705 4047 2763 4088 re
2793 4031 3012 4087 memini
3040 4025 3312 4087 'olim'hos
3338 4025 3638 4083 versiculos
3674 4025 3753 4080 ad

2144 4104 2260 4174 ejus
2284 4104 2496 4159 iconem
2526 4103 2714 4159 lusisse
2743 4123 2757 4157 :

2240 4187 2364 4233 Ecce
2384 4185 2563 4234 bovem
2587 4186 2796 4242 mutum,
2823 4197 2970 4244 quem
2993 4181 3139 4233 turba
3158 4181 3347 4231 insulsa
3376 4181 3601 4240 vocabat,

2239 4246 2393 4307 Cujus
2422 4247 2468 4294 in
2501 4248 2724 4296 extremo
2745 4246 2915 4295 reboat
2940 4247 3159 4307 mugitus
3187 4249 3306 4295 Eoo.

2219 4317 2316 4371 cld
2351 4325 2454 4381 est,
2492 4324 2602 4372 tres
2631 4315 2799 4387 modi,
2835 4317 3032 4387 quibus
3054 4316 3122 4372 ad
3155 4316 3250 4370 Dei
3293 4316 3522 4382 cultum,
3563 4316 3752 4373 saeculi

2146 4395 2523 4459 contemptum
2567 4395 2621 4443 et
2661 4385 3007 4459 perfectionis
3057 4387 3338 4459 studium,
3390 4403 3648 4444 vocamur
3695 4396 3754 4444 et

2147 4455 2492 4530 attrahimur,
2522 4455 2929 4530 quos'sequenti
2959 4458 3130 4529 capite
3156 4459 3398 4530 exponit.

2217 4527 2243 4562 ἀ
2267 4530 2348 4609 Ne
2383 4527 2501 4609 quis
2523 4527 2740 4600 putaret
2758 4527 2877 4609 tres
2893 4527 3310 4609 renuntiationis
3335 4528 3545 4609 Species
3573 4528 3755 4585 tribus

2148 4599 2542 4682 vacationibus
2568 4602 2792 4682 opponi,
2832 4602 3014 4682 eisque
3055 4600 3248 4656 eodem
3283 4599 3478 4682 ordine
3525 4616 3758 4682 respon-

2146 4669 2294 4743 dere,
2339 4686 2534 4741 nempe
2575 4669 3059 4743 primamprimam
3103 4671 3399 4727 secundam
3451 4669 3753 4743 secundae,

2142 4741 2594 4824 tertiamﬂtertiae,
2626 4751 2697 4824 et
2726 4741 2949 4813 proinde
2987 4758 3163 4824 unam
3193 4743 3398 4824 absque
3422 4742 3560 4824 _ali_is
3607 4741 3758 4824 sum-

2141 4828 2292 4893 cere;
2339 4813 2469 4893 dicit
2498 4822 2615 4893 tres
2636 4814 2765 4893 istas
2807 4815 3233 4893 renuntiationes
3272 4813 3435 4869 simul
3466 4821 3519 4867 et
3548 4814 3759 4884 pariter

2144 4884 2201 4957 i_n
2243 4885 2394 4940 omni
2439 4884 2738 4940 vocationis
2766 4897 2964 4955 genere
2988 4885 3206 4957 requiri,
3253 4893 3316 4940 ut
3346 4899 3508 4940 verus
3537 4899 3762 4957 acper-

2145 4955 2316 5027 fectus
2367 4957 2666 5012 monachus
2713 4957 2832 5026 quis
2872 4973 2986 5012 esse
3015 4955 3078 5027 ac
3114 4957 3216 5012 dici
3256 4957 3446 5027 possit.
3489 4955 3764 5027 Undeet

2146 5026 2212 5082 de
2258 5027 2432 5083 tribus
2478 5027 3035 5084 abrenuntiationibus
3065 5026 3312 5088 instituta
3355 5027 3470 5083 haec
3497 5026 3760 5094 collatio,

2187 5114 2270 5154 uae
2313 5099 2418 5153 hoc.
2465 5098 2626 5152 titulo
2667 5098 2999 5154 inscribitur.
3046 5100 3216 5154 Porro
3263 5097 3766 5154 abrenuntiationis

2187 5114 2270 5154 uae
2313 5113 2418 5153 noc
2465 5113 2626 5152 mulo
2667 5113 2999 5154 inseruntur.
3046 5113 3216 5154 Porro
3263 5113 3765 5154 anrenunuauoms

2146 5113 2236 5238 (anc
2265 5169 2389 5241 quis
2414 5168 2574 5241 hujus
2601 5169 2747 5225 vocis
2775 5169 3076 5226 barbariem
3109 5179 3202 5224 aut
3226 5170 3525 5224 novitatem
3549 5168 3765 5241 suggil-

2149 5240 2238 5311 let)
2271 5240 2368 5295 etsi
2397 5240 2543 5295 nulla
2571 5244 2714 5311 apud
2741 5241 2981 5297 ethnicos
3005 5247 3253 5297 auctores
3291 5242 3551 5311 classicos
3596 5240 3765 5295 men-

2150 5311 2246 5375 tio,
2295 5319 2521 5366 utuntur
2568 5310 2751 5367 tamen
2800 5312 2904 5368 hoc
2946 5314 3175 5369 nomine
3221 5321 3442 5368 sanctus
3494 5310 3771 5367 Clemens

2150 5383 2446 5456 Romanus
2461 5382 2699 5453 pontifex
2747 5385 2800 5439 in
2826 5384 3123 5456 Constitut.
3171 5384 3414 5456 Apostolf.
3458 5381 3599 5456 libro
3634 5396 3771 5456 S_ep-

2152 5452 2289 5527 timo
2331 5451 2506 5527 capite
2536 5464 2748 5527 quarto,
2785 5455 2876 5510 ubi
2921 5457 3093 5527 ipsam
3123 5451 3618 5527 abrenuntiationis
3651 5451 3770 5527 for-

2150 5523 2356 5596 mulam
2388 5523 2443 5596 in
2489 5524 2754 5596 baptismo
2801 5523 3102 5584 etiamnum
3143 5527 3396 5583 usitatam
3451 5523 3768 5596 exprimit;

2149 5593 2474 5669 Ambrosius
2514 5593 2575 5650 in
2602 5613 2719 5668 cap.
2753 5603 2785 5653 2
2817 5599 2974 5669 epist.
3011 5599 3083 5655 ad
3121 5599 3360 5664 Coloss,
3391 5605 3447 5652 et
3479 5593 3625 5669 libro
3665 5595 3770 5666 pri-

2151 5682 2243 5742 r_no
2291 5665 2768 5742 de_Sacramentis
2811 5665 2934 5742 cap.
2983 5677 3041 5737 2;
3075 5669 3416 5742 Augustinus
3451 5668 3613 5742 epist.
3666 5665 3760 5721 38.

2150 5739 2586 5812 Renuntiationis
2603 5739 2934 5812 vocabulum
2968 5742 3096 5812 (quo
3120 5739 3348 5796 utuntur
3367 5739 3763 5812 Tertullianus,

2150 5809 2453 5891 gypx'ia_nus
2477 5851 2492 5878 ,
2521 5809 2936 5891 _idieron_ymus,_
2976 5807 3349 5891 Imbrosius,
3378 5807 3762 5891 Augustinus)

2151 5881 2480 5950 Quintiliano
2521 5881 2617 5938 lib.
2650 5899 2695 5940 χ
2743 5881 2798 5938 in
2839 5885 3031 5941 eadem
3069 5881 3766 5954 signiﬁcatione'usitatum
