3982 6202
307 246 412 302 ὕ63
1388 239 1670 297 JOANNIS
1704 237 2007 295 CASSIANI
2042 235 2427 294 COLLATION
2434 237 2531 295 ES.
3510 238 3618 294 564

310 386 440 429 vero
474 369 775 427 vocationis
819 368 1021 426 modus
1052 375 1156 439 est,
1198 367 1294 441 qui
1333 381 1399 423 ex
1446 364 1766 422 necessitate
1805 363 1912 422 de-
1936 367 1991 432 Α
2015 363 2325 421 terminare.
2368 366 2489 422 Nec
2525 363 2676 421 enim
2701 356 2729 397 δ
2770 361 2952 421 abbati
3001 362 3168 435 Mosi,
3206 361 3297 437 qui
3352 361 3621 424 habitavit

319 463 554 533 scendit,
601 479 733 520 cum
776 462 977 521 divitiis
1019 461 1213 519 mundi
1244 459 1408 532 hujus
1436 459 1517 516 vel
1551 457 1920 531 voluptatibus
2022 458 2081 516 in
2137 459 2259 518 loco
2304 458 2460 516 istius
2501 457 2674 531 eremi
2721 458 2818 531 qui
2877 466 2900 493 ο
2954 457 3208 515 Calamus
3252 466 3624 531 nuncupatur,

317 556 570 633 obligati,
625 558 996 632 ingruentibus
1049 563 1272 629 repente
1323 552 1736 617 tentationibus,
1789 566 1914 626 qua;
2022 551 2340 626 quidquam
2358 550 2534 609 defuit
2566 550 2636 609 ad
2670 548 2928 624 perfectae
2951 549 3308 607 beatitudinis
3339 550 3628 622 meritum,

318 651 403 710 vel
459 651 655 709 mortis
703 651 938 724 pericula
988 649 1395 709 comminantur
1422 685 1439 716 ,
1487 647 1571 705 vel
1625 647 1917 706 amissione
2022 645 2172 718 quod
2198 653 2351 703 metu
2373 646 2586 713 mortis,
2627 660 2754 719 qua
2790 644 2836 702 ei
2862 651 3085 718 propter
3106 642 3388 701 homicidii
3418 643 3629 704 crimen
3726 690 3732 694 .

322 747 596 806 bonorum
637 763 702 803 ac
726 746 1123 819 proscriptione
1153 743 1477 817 percutiunt,
1510 743 1593 799 vel
1620 741 1916 799 cbarorum
2024 740 2409 809 intentabatur,
2439 740 2721 814 impulsus,
2748 739 2817 798 ad
2839 738 3231 798 monasterium
3257 736 3572 797 decucurrit
3610 762 3629 798 :

324 849 502 898 morte
528 847 935 913 compungunt,
976 838 1046 897 ad
1089 838 1398 896 Dominum
1439 852 1602 910 quem
1657 837 1810 911 sequi
1863 837 1917 893 in
2025 834 2153 908 quia
2191 833 2265 907 ita
2308 834 2686 892 necessitatem
2716 834 3086 892 conversionis
3125 833 3393 906 arripuit,
3416 842 3482 891 ut
3505 850 3633 893 eam

323 947 509 991 rerum
572 931 931 1005 prosperitate
986 930 1444 1004 contempsimus,
1487 929 1684 986 saltem
1761 929 1917 986 inviti
2027 933 2085 989 in
2111 931 2450 989 voluntatem
2486 938 2742 1003 prompta
2763 928 2932 986 animi
2979 928 3186 986 virtute
3208 937 3530 989 convertens
3557 930 3630 991 ad

322 1040 614 1099 properare
656 1024 1059 1098 compellimur.
1087 1023 1259 1097 Cujus
1297 1022 1600 1083 vocationis
1621 1023 1922 1080 necessita-
2027 1024 2384 1100 perfectionis
2424 1021 2645 1098 fastigia
2689 1038 2907 1080 summa
2936 1021 3270 1095 pervenerit;
3296 1022 3440 1080 sicut
3460 1024 3629 1084 etiam

321 1127 434 1177 tem
458 1120 515 1176 in
543 1119 839 1193 Scripturis
863 1133 1082 1190 quoque
1113 1116 1412 1190 saepissime
1439 1117 1761 1190 reperimus,
1792 1133 1919 1174 cum

321 1212 467 1270 ﬁlios
501 1212 664 1270 Israel
703 1210 775 1268 ob
819 1211 1016 1267 merita
1044 1219 1394 1283 peccatorum
1431 1225 1663 1266 suorum
1693 1209 1922 1283 legimus

319 1319 351 1359 a
392 1284 633 1360 Domino
662 1301 889 1359 traditos
912 1301 1175 1367 hostibus
1202 1302 1338 1370 suis,
1369 1302 1440 1358 ob
1468 1316 1706 1374 quorum
1739 1301 1924 1359 domi-

323 1395 606 1453 nationem
637 1393 1124 1468 crudelitatemque
1156 1395 1534 1460 saevissimam,
1573 1410 1764 1452 rursus
1788 1412 1927 1453 con-

329 1504 515 1547 versos
539 1488 608 1545 ad
634 1488 941 1545 Dominum
969 1488 1329 1560 proclamasse
1353 1510 1366 1555 ;
1390 1495 1445 1546 et
1468 1489 1620 1544 misit
1637 1491 1732 1552 eis,
1754 1487 1930 1561 inquit

333 1583 627 1645 Dominus,
647 1583 979 1639 Salvatorem
989 1583 1132 1646 Aod,
1152 1583 1328 1653 ﬁlium
1347 1583 1686 1652 Gera,ﬁlium
1706 1584 1924 1645 Jemini,

2029 1136 2060 1178 e
2110 1121 2381 1177 contrario
2444 1117 2694 1191 plurimis
2740 1130 2882 1190 quos
2943 1115 3265 1174 nominatim
3318 1131 3633 1177 memorare

2029 1233 2143 1274 non
2169 1214 2365 1283 debeo,
2398 1213 2534 1271 nihil
2574 1210 2781 1285 profuit
2806 1210 3024 1269 Domini
3055 1210 3373 1268 servitutem
3405 1211 3633 1271 meliore

2030 1310 2326 1385 arripuisse
2364 1305 2648 1381 principio,
2688 1304 2780 1379 qui
2809 1303 3088 1377 [deinceps
3119 1302 3305 1361 cordis
3331 1303 3537 1378 ignavia
3567 1320 3636 1364 ac

2033 1402 2232 1462 duritia
2256 1399 2618 1471 subsequente
2643 1396 2703 1454 in
2739 1402 2986 1469 teporem
3011 1393 3238 1450 noxium
3281 1407 3349 1451 ac
3386 1394 3445 1450 in
3500 1411 3632 1468 pro-

2034 1497 2273 1556 fundum
2300 1493 2494 1551 mortis
2536 1491 2855 1550 barathrum
2890 1488 3264 1547 conciderunt.
3306 1490 3484 1561 Quam
3511 1506 3636 1548 rem

2033 1591 2088 1648 in
2119 1588 2495 1664 apostolon
2519 1600 2738 1658 quoque
2768 1583 3053 1640 vocatione
3080 1581 3331 1661 videmus
3354 1581 3634 1641 evidenter

332 1677 431 1746 qui
448 1680 675 1746 utraque
686 1691 854 1730 manu
872 1675 1123 1732 utebatur
1143 1677 1475 1748 prodentem
1491 1676 1683 1743 (Judie.
1713 1678 1825 1744 nt).
1856 1679 1929 1733 Et

2045 1698 2367 1759 expressam.
2402 1680 2547 1752 Quid
2575 1679 2723 1736 enim
2752 1675 2956 1751 profuit
2987 1675 3148 1733 Iudae
3176 1676 3511 1749 apostolatus
3535 1693 3635 1735 ευ-

323 1786 567 1838 rursum.
590 1771 987 1839 Clamath,
1010 1770 1207 1843 inquit.
1232 1772 1307 1826 ad
1334 1773 1619 1828 Dominum
1637 1774 1738 1842 qui
1750 1770 1924 1845 ζωωοὶ-
1952 1786 2002 1850 Β
2029 1778 2422 1838 blimissimum
2449 1773 2702 1849 gradum,
2730 1770 2927 1829 eodem
2952 1769 3147 1828 ordine
3168 1778 3283 1844 quo
3308 1768 3500 1830 Petrus
3529 1788 3639 1830 cae-

326 1865 465 1920 tavit
491 1866 566 1920 eis
610 1865 951 1928 salvatorem,
983 1869 1036 1921 et
1061 1865 1304 1921 liberavit
1339 1880 1442 1930 eos,
1474 1865 1721 1923 Othoniel
1753 1866 1926 1936 ﬁlium
2030 1873 2243 1947 serique
2276 1869 2509 1945 apostoli
2553 1867 2707 1926 asciti
2752 1873 2914 1936 sunt,
2957 1865 3256 1922 voluntarie
3305 1865 3626 1940 suscepisse,

330 1957 495 2016 σθηει
538 1961 772 2027 fratrem
801 1959 959 2016 σαῖθδ
990 1958 1268 2029 iuniorem
1301 1959 1501 2028 (Ιδίά-ὶι
1535 1960 1608 2015 Et
1631 1958 1699 2014 de
1726 1958 1925 2017 talibus
2032 1966 2125 2040 qui
2163 1963 2463 2023 vocationis
2488 1976 2606 2020 suae
2630 1959 2891 2034 praeclara
2915 1959 3185 2032 principia
3225 1957 3529 2032 cupiditatis
3562 1975 3629 2017 ac

326 2051 385 2108 iu
410 2052 623 2125 psalmo
641 2051 841 2109 dicitur
864 2072 880 2108 :
907 2053 1039 2110 Cum
1063 2053 1335 2109 occideret
1346 2068 1450 2117 eos,
1479 2056 1603 2109 tunc
1621 2052 1933 2123 qumrebant
2034 2057 2378 2134 philargyriaa
2415 2053 2675 2129 pestifero
2714 2051 2822 2110 ﬁne
2874 2066 3290 2120 consummans,
3341 2067 3514 2126 usque
3565 2052 3638 2110 ad

332 2158 471 2210 eum.
514 2150 565 2202 et
592 2147 1011 2211 revertebantur.
1053 2150 1104 2201 et
1130 2147 1363 2202 dilume
1389 2146 1669 2203 veniebant
1694 2146 1767 2203 ad
1788 2162 1928 2210 eum.
2035 2151 2392 2210 traditionem
2430 2147 2655 2206 Domini
2687 2145 3095 2204 crudelissimus
3131 2144 3396 2218 parricida
3436 2161 3640 2219 proru-

331 2245 382 2296 et
405 2241 672 2298 recordati
692 2246 818 2298 sunt
841 2240 974 2312 quia
998 2246 1137 2299 Deus
1158 2241 1377 2313 adjutor
1393 2257 1571 2298 eorum
1597 2245 1697 2306 est,
1723 2247 1775 2299 et
1791 2244 1945 2300 Deus
2036 2246 2117 2321 pit
2134 2245 2531 2319 (Matth.xxvr)
2550 2242 2579 2297 ?
2597 2246 2711 2299 Aut
2732 2240 2863 2315 quid
2888 2238 3071 2298 obfuit
3097 2239 3266 2297 Paulo
3287 2239 3435 2312 quod
3449 2255 3640 2312 repen-

331 2335 566 2391 eacelsus
592 2336 911 2408 Redemptor
945 2351 1129 2393 eorum
1153 2341 1233 2392 est
1279 2336 1439 2409 (Psat.
1473 2340 1733 2404 Lxxvrr).
1780 2338 1936 2394 Rur-

337 2442 567 2501 sumque
596 2448 611 2483 :
641 2433 715 2487 Et
742 2428 1109 2487 clamauerunt
1139 2430 1216 2487 ad
1238 2433 1523 2488 Dominum
1549 2446 1669 2487 cum
1704 2432 1937 2487 tribula-

335 2527 545 2589 rentur,
616 2516 671 2579 et
720 2524 787 2581 de
835 2525 1240 2581 necessitatibus
1297 2540 1475 2581 eorum
1531 2526 1783 2582 liberauit
1852 2542 1936 2582 eos

335 2614 501 2686 (Psal.
539 2614 687 2688 ενι).

952 2708 1194 2772 CAPUT
1240 2716 1311 2771 V.

342 2817 495 2886 Quod
514 2822 565 2873 et
582 2819 844 2875 desidioso
872 2822 1075 2875 vacatio
1092 2823 1276 2891 prima
1302 2836 1409 2877 non
1425 2823 1623 2893 prosit,
1650 2825 1700 2877 et
1719 2827 1934 2880 strenuo

851 2895 1124 2961 postrema
1147 2908 1253 2947 non
1277 2892 1431 2947 obsit.

409 2992 488 3045 Ex
519 2990 606 3047 his
630 2990 811 3064 itaque
837 2991 1017 3048 tribus
1064 2991 1245 3048 modis
1289 2991 1417 3048 licet
1443 2993 1651 3065 priores
1673 2992 1783 3050 duo
1813 3009 1937 3051 me-

342 3083 569 3141 lioribus
604 3084 755 3141 inniti
813 3084 1091 3158 principiis
1145 3084 1463 3154 videantur,
1518 3102 1934 3160 nonnumquam

2040 2347 2356 2416 tevcmcatus
2391 2340 2597 2404 (Actor.
2620 2335 2707 2408 Ix)
2743 2334 2815 2393 ad
2859 2333 3003 2391 viam
3045 2333 3238 2391 salutis
3269 2334 3420 2391 velut
3443 2333 3644 2392 invitus

2041 2433 2255 2492 videtur
2294 2438 2578 2499 attractus,
2605 2430 2700 2503 qui
2730 2436 2918 2502 postea
2949 2428 3260 2486 Dominum
3287 2436 3443 2485 tanto
3467 2427 3643 2485 animi

2041 2527 2257 2586 fervore
2307 2531 2548 2582 sectatus
2573 2522 2787 2580 initium
2811 2520 3151 2579 necessitatis
3199 2520 3503 2579 voluntaria
3539 2519 3646 2578 de-

2043 2620 2265 2679 votione
2313 2631 2714 2677 consummans
2734 2657 2752 2685 ,
2794 2615 3096 2690 gloriosam
3144 2613 3312 2671 tantis
3351 2612 3647 2672 virtutibus

2045 2713 2212 2770 vitam
2244 2708 2658 2783 incomparabili
2694 2707 2802 2764 ﬁne
2849 2707 3151 2765 conciusit?
3184 2710 3390 2764 Totum
3418 2720 3549 2779 ergo
3580 2707 3644 2763 in

2043 2808 2155 2865 ﬁne
2190 2805 2458 2873 consistit,
2483 2805 2539 2860 in
2563 2818 2673 2876 quo
2694 2808 2880 2874 potest
2905 2801 3026 2874 quis
3052 2808 3109 2857 et
3144 2801 3371 2873 optima:
3407 2814 3648 2857 conver-

2039 2900 2209 2960 sionis
2240 2970 2245 2975 .
2274 2898 2443 2956 initiis
2502 2895 2782 2955 dedicatus
2842 2894 3067 2952 inferior
3110 2909 3208 2967 per
3252 2893 3647 2967 negligentiam

2041 2994 2285 3068 reperiri,
2314 3000 2372 3050 et
2413 2991 2735 3049 necessitate
2759 2997 3023 3047 attractus
3056 2988 3127 3045 ad
3158 3004 3365 3045 nomen
3392 2986 3647 3044 monachi

2042 3087 2411 3162 proﬁtendum
2439 3084 2581 3144 efﬁci
2626 3100 2722 3159 per
2758 3085 3020 3142 timorem
3058 3082 3152 3140 Dei
3194 3080 3649 3157 diligentiamque

334 3184 520 3234 tamen
547 3176 852 3234 invenimus
886 3178 1050 3234 etiam
1079 3176 1148 3234 de
1173 3177 1334 3234 tertio
1361 3177 1554 3251 gradu,
1584 3180 1677 3253 qui
1713 3180 1937 3238 inﬁmus
1968 3189 2013 3255 ο
2044 3182 2330 3256 perfectus.

333 3269 546 3328 videtur
573 3286 637 3328 ac
668 3269 903 3344 tepidus,
942 3269 1210 3343 perfectos
1234 3272 1382 3330 viros
1407 3288 1471 3329 ac
1496 3273 1687 3348 spiritu
1713 3273 1931 3332 ferven-

335 3362 575 3421 tissimos
617 3364 905 3433 exstitisse,
955 3364 1170 3437 illisque
1213 3365 1547 3435 consimiles,
1589 3367 1680 3440 qui
1724 3369 1935 3442 optimo

340 3458 603 3529 principio
660 3458 898 3531 aggressi
947 3457 1177 3515 Domini
1246 3458 1569 3517 famulatum
1590 3500 1606 3528 ,
1673 3461 1937 3534 reliquam

343 3563 564 3620 quoque.
597 3548 763 3604 vitam
801 3549 1056 3605 laudabili
1098 3548 1310 3607 fervore
1336 3551 1557 3623 spiritus
1601 3563 1934 3624 exegerunt;

339 3648 396 3697 et
437 3641 636 3697 iterum
667 3641 736 3698 de
783 3640 880 3697 illo
909 3642 1175 3715 superiori
1220 3643 1391 3716 gradu
1435 3644 1700 3716 plurimos
1726 3647 1937 3720 tepefa-

335 3739 452 3792 ctos
477 3721 546 3791 ad
570 3733 978 3807 vituperabilem
999 3735 1166 3792 ﬁnem
1207 3735 1505 3809 saepissime
1541 3738 1799 3797 recidisse
1837 3758 1940 3799 :ac

336 3827 563 3903 perinde
584 3831 749 3900 [Lips.
786 3831 843 3884 in
876 3844 1052 3899 marg.
1086 3829 1336 3901 proinde]
1384 3829 1529 3888 sicut
1556 3830 1663 3889 illis
1690 3832 1823 3889 nihil
1848 3835 1940 3890 ob-

265 3952 271 3958 ο
337 3923 439 3980 fuit
473 3922 621 3996 quod
660 3939 770 3979 non
806 3938 907 3979 suo
941 3922 1250 3980 viderentur
1287 3923 1535 3995 arbitrio,
1573 3925 1669 3983 sed
1697 3927 1939 3984 necessi-

336 4018 465 4075 tatis
508 4018 883 4091 compulsione
925 4018 1192 4088 conversi,
1237 4020 1441 4091 quippe
1496 4023 1522 4053 ι
1570 4020 1769 4093 quibus
1796 4020 1939 4080 hanc

337 4109 512 4183 ipsam
556 4111 901 4168 occasionem
923 4153 940 4181 ,
980 4126 1088 4184 qua
1135 4122 1637 4186 compungerentur
1658 4156 1674 4182 ,
1717 4116 1939 4173 Domini

337 4205 647 4279 benignitas
691 4206 1032 4279 procuravit;
1082 4206 1157 4264 ita
1198 4208 1365 4265 etiam
1407 4208 1522 4266 istis
1547 4210 1775 4267 omnino
1802 4211 1939 4269 nihil

336 4297 538 4369 profuit
580 4298 902 4357 sublimiora
946 4301 1318 4359 conversionis
1359 4301 1618 4360 habuisse
1655 4305 1936 4378 principia,

341 4391 470 4460 quia
522 4406 635 4446 non
673 4390 997 4446 studuerunt
1042 4393 1311 4463 reliquam
1355 4394 1524 4451 vitam
1564 4395 1670 4451 ﬁne
1698 4413 1941 4470 congruo

2662 3274 2908 3331 CAPUT
2932 3274 3031 3329 Vl.

2322 3372 2601 3443 Expositio
2618 3371 2784 3427 trium
2805 3368 3347 3424 abrenuntiationum.

2116 3469 2276 3524 Nunc
2298 3465 2366 3523 de
2389 3461 2954 3523 abrenuntiationibus
2979 3460 3354 3519 disserendum
3376 3466 3476 3526 est,
3502 3472 3654 3530 quas

2045 3567 2157 3617 tres
2184 3574 2302 3616 esse
2320 3567 2375 3615 et
2396 3561 2620 3616 Patrum
2639 3556 2882 3626 traditio,
2912 3563 2968 3612 et
2996 3553 3392 3628 Scripturarum
3417 3558 3653 3607 sancta-

2022 3642 2173 3710 rum
2202 3650 2544 3707 demonstrat
2579 3648 2897 3719 auctoritas,
2931 3664 3174 3723 quasque
3203 3658 3655 3718 unumquemque

2044 3753 2297 3803 nostrum
2339 3742 2490 3800 omni
2542 3742 2723 3800 studio
2768 3749 2985 3816 Oportet
3022 3741 3267 3815 implere.
3316 3740 3501 3798 Prima
3552 3744 3651 3794 est

2046 3854 2153 3912 qua
2177 3836 2532 3910 corporaliter
2559 3837 2843 3895 universas
2869 3836 3083 3894 divitias
3107 3835 3299 3893 mundi
3330 3833 3657 3892 facultates-

2047 3945 2153 4004 que
2191 3930 2627 3999 contemnimus;
2682 3930 2921 3989 secunda
2969 3946 3074 4004 qua
3122 3945 3335 3999 mores,
3377 3944 3439 3986 ac
3490 3927 3653 3998 vitia,

2048 4022 2383 4098 affectusque
2447 4024 2708 4097 pristinos
2760 4024 2928 4082 animi
2967 4025 3258 4098 carnisque
3307 4022 3656 4097 respuimus;

2047 4118 2205 4176 tertia
2231 4135 2341 4193 qua
2363 4128 2607 4177 mentem
2636 4128 2887 4177 nostram
2911 4119 2979 4178 de
3004 4120 3365 4193 praesentibus
3384 4116 3662 4176 universis

2047 4226 2111 4270 ac
2132 4212 2427 4270 visibilibus
2449 4220 2755 4283 evocantes,
2785 4212 2968 4270 futura
2993 4213 3380 4272 tantummodo
3402 4220 3661 4270 contem-

2049 4305 2292 4378 plamur,
2330 4314 2387 4364 et
2422 4321 2484 4362 ea
2533 4321 2657 4379 qua:
2709 4315 2840 4363 sunt
2874 4305 3162 4364 invisibilia
3190 4305 3654 4379 concupiscimus.

2050 4400 2190 4468 Quae
2215 4401 2339 4469 tria,
2365 4408 2427 4456 ut
2455 4400 2619 4457 simul
2654 4400 3029 4473 perﬁciantur,
3058 4401 3221 4459 etiam
3250 4399 3484 4459 Abrahae
3509 4397 3660 4471 legi-

1432 4534 1688 4591 ALARDI
1727 4538 1949 4594 GAZ/El
1990 4538 2550 4597 COMMENTARIUS.

409 4652 1669 4751 1?;Pfi‘fi'f‘9si‘lRWWHFE‘ETAEWZ‘:
1709 4666 1811 4751 ἒξ)
1839 4661 1944 4751 ηοο
1970 4672 2020 4735 D
2050 4682 2213 4737 quam
2242 4666 2482 4751 “lases
2509 4668 2625 4751 fuit
2656 4667 2980 4751 delibatam;
3004 4670 3144 4751 sic“
3166 4684 3345 4751 semen.
3367 4665 3556 4722 οαάεηε
3587 4665 3661 4751 de

338 4740 485 4799 saepe
508 4724 723 4799 evenire
740 4724 1013 4799 afﬁrmat,
1043 4736 1105 4784 ut
1144 4724 1292 4784 Deus
1318 4724 1577 4786 aerumnis
1608 4746 1672 4789 ac
1708 4724 1940 4791 tribula-

336 4796 577 4873 tionibus
599 4796 888 4873 hominem
900 4799 1158 4873 exagitet,
1179 4807 1241 4873 ut
1268 4799 1315 4856 is
1343 4801 1439 4873 qui
1458 4801 1692 4859 nimium
1714 4807 1939 4864 terrenis

336 4869 502 4948 rebus
522 4870 713 4948 animo
743 4886 808 4927 ac
828 4869 1123 4948 desiderio
1168 4869 1416 4948 inhaeret,
1455 4889 1581 4931 cum
1611 4876 1796 4933 omnia
1838 4878 1938 4936 sibi

336 4940 623 5012 infeliciter
650 4942 938 5012 succedere
980 4940 1154 5012 videt,
1185 4944 1259 5001 ita
1297 4959 1483 5001 secum
1511 4947 1823 5005 ratiocinari
1850 4950 1932 5006 in-

336 5010 517 5084 cipiat:
535 5010 988 5094 quandoquidem
1007 5031 1128 5094 non_
1143 5010 1346 5094 possim
1376 5016 1436 5073 in
1451 5018 1658 5077 mundo
1677 5022 1932 5094 consequi

335 5081 457 5165 quae
486 5081 1228 5165 vol_ebam,.‘ecce.mundum
1252 5087 1516 5165 relinquo,
1565 5099 1619 5146 et
1643 5090 1714 5165 ad
1751 5081 1931 5165 Deu'm

335 5153 587 5234 vado,_ut
614 5154 659 5234 e_i
688 5153 780 5210 uni
808 5153 1073 5234 serviam;
1106 5156 1284 5234 itaque
1313 5153 1720 5234 ﬁat'utgratias
1740 5162 1933 5234 deinde

336 5235 460 5308 agat
485 5227 561 5308 _de
590 5225 814 5308 adversa
855 5224 1101 5308 fortuna,
1150 5224 1308 5308 cujus
1335 5224 1617 5308 occasione
1667 5233 1935 5308 impulsus

336 5294 410 5352 sit
437 5295 504 5351 ad
524 5294 902 5351 suavissimum
934 5296 1036 5352 Dei
1066 5294 1412 5356 famulatum.
1446 5303 1508 5356 In
1531 5294 1782 5365 eamdem
1804 5318 1936 5359 sen-

335 5365 563 5442 tentiam
590 5367 831 5442 Joannes
859 5366 1132 5442 Climacus
1161 5368 1306 5442 hunc
1332 5371 1432 5426 Dei
1457 5386 1665 5442 morem
1695 5386 1811 5428 esse
1838 5374 1932 5442 ait,

338 5444 411 5512 ut
434 5436 707 5512 interdum
738 5435 990 5495 homines
1021 5438 1169 5512 bono
1207 5440 1335 5498 dolo
1362 5441 1558 5512 capiat,
1597 5451 1653 5498 et
1698 5441 1755 5497 in
1791 5435 1933 5500 viam

335 5509 528 5582 salutis
554 5509 830 5582 deceptos,
855 5518 949 5566 aut
980 5510 1118 5568 nihil
1143 5512 1322 5568 minus
1354 5509 1673 5582 cogitantes,
1694 5512 1932 5572 inducat.

336 5579 467 5653 Ejus
511 5581 670 5637 verba
689 5579 835 5638 'sunt
864 5583 1076 5649 (Gradu
1103 5584 1148 5653 i)
1184 5603 1198 5638 :
1233 5586 1349 5641 Non
1394 5579 1800 5648 contemnamus,
1844 5585 1935 5641 in-

333 5649 473 5726 quit,
501 5653 770 5726 quosdam
784 5654 980 5710 mundo
1009 5649 1381 5711 renuntiantes
1406 5657 1520 5710 sine
1544 5658 1779 5726 sapienti
1795 5658 1936 5714 deli-

336 5720 768 5798 berationeﬁuia
781 5726 1021 5795 Spiritus
1040 5726 1358 5796 quandoque
1367 5727 1461 5797 pie
1478 5720 1675 5798 decipit
1698 5730 1932 5786 animas.

336 5795 488 5866 Saepe
522 5797 662 5851 enim
690 5796 818 5852 talis
854 5795 1183 5853 renuntiatio
1215 5795 1430 5854 meliori
1451 5801 1557 5869 ﬁne
1586 5795 1931 5867 terminatur,

2047 4754 2212 4794 manu
2228 4740 2500 4808 agricolae,
2520 4740 2617 4794 ubi
2634 4756 2739 4795 non
2757 4741 2895 4804 vult,
2919 4740 3136 4795 uberius
3163 4739 3437 4795 interdum
3457 4739 3660 4807 germi-

2047 4814 2162 4874 nat,
2196 4825 2356 4880 quam
2382 4810 2450 4866 de
2476 4811 2749 4867 industria
2765 4812 3107 4867 seminatum.
3137 4812 3271 4867 Vidi
3294 4809 3553 4881 quosdam
3579 4809 3660 4865 ad

2045 4882 2432 4937 monasterium
2459 4885 2642 4938 euntes
2660 4897 2767 4937 non
2789 4886 2934 4938 recta
2953 4883 3265 4946 intentione,
3294 4881 3387 4938 sed
3428 4883 3656 4935 necessi-

2046 4956 2157 5024 tate
2172 4957 2396 5013 coactos.
2423 4956 2522 5023 qui
2543 4953 2733 5009 deinde
2750 4955 2978 5021 fuerunt
2994 4956 3178 5024 captio
3189 4954 3363 5009 multa
3381 4952 3655 5023 sapientia

2041 5023 2272 5088 abbatis,
2292 5028 2342 5080 et
2355 5024 2575 5094 placata
2590 5026 2979 5080 conversatione
2991 5023 3390 5081 monachorum.
3407 5027 3480 5081 Hi
3495 5026 3653 5093 post-

2039 5095 2257 5167 modum
2276 5100 2585 5165 receperunt
2609 5112 2646 5151 α
2673 5098 2774 5167 Deo
2786 5096 2961 5152 lumen
2987 5098 3201 5167 gratim,
3228 5100 3279 5167 et

2042 5165 2117 5219 ad
2143 5167 2315 5250 altum
2343 5163 2562 5222 statim.
2588 5168 2671 5222 Ita
2697 5166 2966 5225 Climacus
2991 5163 3279 5240 Paphnutii
3299 5163 3469 5240 hujus
3492 5163 3657 5222 dictis

2040 5245 2400 5306 consentiens.
2813 5305 2818 5306 ί
2839 5293 2858 5306 ,
2873 5271 2903 5298 ,ο

2115 5301 2141 5339 ⁸³
2169 5308 2256 5381 Illi
2302 5305 2819 5381 scilicet_£thi0pi,’
2840 5301 2920 5367 de
2954 5325 3064 5381 quo
3099 5308 3375 5367 Palladius
3423 5307 3656 5381 Lausia,

2014 5377 2305 5459 'vigesima
2333 5378 2589 5459 secunda,
2620 5377 3324 5459 szomenuslibrqsegtto,
3360 5378 3528 5459 capite
3559 5379 3659 5459 vi-

2043 5448 2255 5529 gesimo
2284 5464 2453 5529 nono,
2485 5450 2831 5522 Nicephorus
2853 5451 2993 5511 libro
3027 5452 3320 5510 undecimo
3362 5448 3535 5522 capite
3554 5451 3661 5509 tri-
3722 5469 3728 5472 ·

2041 5527 2253 5591 gesimo
2276 5527 2452 5591 sexto,

2099 5588 3139 5678 ,ῗέδὲῆηξυξ¹ριῖυε.ξο¹ξιυειὲρίε.ξυίι.ίη
3164 5596 3416 5678 castris»
3445 5592 3505 5649 in
3537 5608 3662 5666 φιο

2042 5660 2427 5736 αἱδωΑΡειμιυε
2442 5662 2674 5736 eremita
2708 5664 2991 5724 habitavit.
3023 5660 3282 5723 Meminit
3302 5660 3472 5736 hujus
3520 5660 3656 5723 rur—

2040 5746 2145 5813 sus
2179 5731 2471 5813 Cassianus
2522 5734 2705 5813 collat.
2759 5743 2792 5794 7
2847 5738 3027 5813 capite
3078 5736 3342 5811 vigesimo
3380 5731 3545 5794 sexto
3600 5743 3661 5794 et

2042 5801 2225 5861 collat.
2254 5806 2324 5860 24
2358 5819 2475 5877 cap.
2507 5810 2565 5861 4.
