3982 6202
181 4693 188 4699 ’
271 4695 678 4767 spiritualibus
707 4695 925 4767 quidem
954 4695 1212 4757 sensibus,
1237 4694 1332 4767 sed

335 202 421 255 565

1077 198 1414 294 COPLATIO
1453 203 1539 258 lll.
1578 231 1651 242 —
1687 203 1777 258 DE
1814 204 2062 262 TRIBUS
2097 205 2872 268 ABRENUNTIATIONIBUS.

3516 222 3622 278 566
3697 218 3700 222 ’

337 338 449 381 mus
481 323 784 382 Dominum
813 323 1163 397 precepisse,
1191 339 1319 382 cum
1353 323 1480 382 dicit
1507 323 1576 383 ad
1604 341 1733 384 eum
1769 330 1917 386 :Exi
1941 335 1995 398 Α
2023 332 2100 400 (ιι
2123 331 2244 390 Cor.
2276 329 2381 404 tv).
2413 333 2484 390 Et
2510 339 2772 392 exeuntes
2795 334 2962 394 corde
3005 335 3077 395 de
3107 335 3214 397 hac
3239 341 3529 414 temporali
3557 359 3624 403 ac

331 417 556 475 deterra
584 421 698 484 tua,
729 417 1339 490 etdecognationetua,
1375 423 1428 477 et
1465 419 1912 493 dedomopatris

333 515 408 568 tui
417 511 762 584 (Genesam).
786 511 1034 570 Primum
1048 511 1186 572 dixit
1210 513 1276 571 de
1301 519 1451 572 terra
1479 519 1577 571 tua
1623 515 1682 573 id
1714 524 1821 588 est,
1846 516 1914 574 de

334 604 666 665 facultatibus
701 605 896 665 mundi
932 605 1114 680 hujus,
1167 607 1474 682 opibusque
1511 608 1780 679 terrenis;
1837 625 1921 668 see

330 699 500 758 «Indo
520 701 588 756 de
609 701 926 772 cognatione
941 705 1060 766 tua,
1084 699 1140 760 id
1163 709 1268 769 est,
1291 701 1362 760 de
1391 702 1823 770 conversatione,
1858 711 1912 762 et

330 791 588 862 moribus,
610 793 858 868 vitiisque
885 793 1176 868 prioribus,
1197 809 1322 868 qua:
1343 794 1508 853 nobis
1541 811 1575 852 a
1600 803 1790 854 nostra
1815 811 1912 854 na-

329 882 534 942 tivitate
555 884 882 944 cohaerentia
903 887 1052 944 velut
1065 885 1333 945 aﬂinitate
1357 886 1594 960 quadam
1621 897 1680 946 et
1691 904 1914 947 consan-

331 977 582 1050 guinitate
604 987 838 1052 cognata
860 989 1020 1049 sunt;
1047 980 1205 1039 tertio
1232 983 1301 1038 de
1327 983 1482 1038 domo
1507 984 1685 1054 patris
1707 987 1808 1050 tui,
1855 983 1911 1042 id

329 1078 416 1140 est,
454 1072 610 1128 omni
644 1075 919 1132 memoria
942 1074 1132 1132 mundi
1155 1075 1329 1150 .hujus
1350 1091 1472 1148 qum
1498 1076 1784 1136 oculorum
1810 1094 1909 1136 oc~

319 1163 486 1222 currit
509 1163 811 1224 obtutibus.
845 1171 928 1225 De
979 1167 1194 1226 duobus
1216 1169 1366 1226 enim
1398 1169 1667 1243 patribus,
1709 1169 1764 1228 id
1803 1177 1906 1240 est,

319 1257 425 1316 sive
450 1257 521 1316 de
545 1258 641 1318 illo
659 1275 824 1332 quem
841 1259 1115 1332 deserere,
1137 1263 1251 1321 sive
1278 1263 1348 1322 de
1369 1278 1436 1321 eo
1460 1277 1621 1338 quem
1649 1263 1913 1324 debemus

313 1360 586 1423 expetere,
635 1353 707 1411 ita
745 1370 843 1428 per
886 1353 1062 1412 David
1104 1370 1170 1413 ex
1215 1371 1449 1430 persona
1493 1356 1590 1414 Dei
1625 1357 1840 1415 canitur
1887 1375 1903 1416 :

319 1444 474 1512 Audi,
489 1447 630 1516 ﬁlia,
643 1451 696 1504 et
705 1447 847 1513 vide,
860 1453 912 1504 et
925 1450 1124 1504 inclina
1137 1463 1324 1506 aurem
1344 1455 1516 1516 tuam,
1532 1455 1584 1507 et
1599 1451 1906 1511 obliviscere

313 1539 560 1612 populum
577 1542 751 1606 tuum,
767 1546 820 1598 et
831 1541 1048 1598 domum
1056 1545 1236 1614 patris
1249 1546 1356 1601 tuis
1371 1545 1539 1612 (Psal.
1555 1549 1744 1614 κων).
1760 1548 1906 1603 Nam

321 1631 401 1705 qui
425 1631 560 1690 dicit
586 1633 761 1712 Audi,
791 1635 928 1707 ﬁlia,
951 1643 1106 1708 pater
1136 1635 1327 1709 utique
1347 1645 1452 1706 est,
1483 1644 1542 1694 et
1563 1637 1722 1695 illum
1753 1637 1906 1711 cujus

318 1726 536 1786 domum
586 1729 671 1788 vel
701 1729 965 1804 populum
992 1739 1188 1788 monet
1227 1731 1488 1790 oblivioni
1519 1732 1658 1804 dari,
1689 1742 1902 1806 patrem

317 1822 667 1884 nihilominus
686 1840 803 1884 sum
825 1825 954 1884 lilia:
982 1825 1152 1886 fuisse
1169 1835 1424 1899 testatur,
1439 1828 1587 1903 quod
1604 1828 1680 1890 ita
1701 1828 1764 1886 lit
1775 1844 1905 1887 cum

317 1917 617 1977 mortiﬁcati
645 1935 774 1978 cum
823 1920 1041 1979 Christo
1077 1921 1146 1980 ab
1174 1922 1460 1982 elementis
1499 1921 1664 1996 hujus
1711 1921 1903 1981 mundi

308 2013 756 2086 contemplamur,
795 2013 1104 2072 secundum
1155 2015 1514 2088 Apostolum,
1535 2015 1654 2088 jam
1688 2031 1803 2074 non
1839 2029 1904 2073 ea

307 2121 424 2179 qua
439 2106 718 2172 videntur,
739 2107 834 2164 sed
851 2123 973 2181 qua:
993 2124 1102 2165 non
1117 2109 1406 2178 videntur;
1428 2125 1550 2181 qua
1573 2111 1714 2166 enim
1729 2110 1906 2167 viden-

307 2203 416 2271 tur,
431 2200 746 2273 temporalia
757 2205 917 2271 sunt;
938 2217 1061 2273 qua
1082 2205 1264 2260 autem
1283 2217 1388 2260 non
1407 2201 1682 2268 videntur,
1703 2207 1904 2260 (eterna

2023 422 2218 480 visibili
2237 421 2432 495 domo,
2463 425 2522 482 in
2548 425 2698 483 illam
2730 425 2967 486 domum
2993 430 3050 487 in
3077 445 3185 504 qua
3205 431 3624 507 jugitersumus

2022 518 2392 590 permansuri,
2433 526 2652 578 nostros
2698 521 2892 580 oculos
2931 532 3294 599 mentemque
3309 526 3614 604 dirigimus.

2021 610 2187 682 Quod
2213 619 2344 670 tunc
2379 612 2748 688 implehimus,
2793 631 2925 674 cum
2966 616 3023 674 in
3068 633 3230 676 carne
3275 619 3618 682 ambulantes

2019 720 2138 763 non
2159 707 2464 766 secundum
2493 724 2721 766 carnem
2744 709 2978 768 militare
3007 711 3235 769 Domine
3257 716 3614 787 ceperimus,

2019 797 2170 857 illam
2195 799 2336 858 beati
2358 802 2610 874 Apostoli
2637 803 2966 861 sententiam
2989 819 3155 877 opere
3181 820 3247 862 ac
3274 805 3478 865 virtute
3507 809 3616 866 cla-

2019 900 2252 963 mantes,
2273 896 2298 928 '
2317 895 2508 953 Noster
2525 900 2708 952 autem
2727 899 3094 970 municipatus
3115 900 3172 956 in
3190 901 3333 957 catis
3355 906 3432 958 est
3453 902 3616 969 (Phil.

2019 990 2146 1055 In).
2171 987 2271 1044 His
2287 986 2460 1045 tribus
2479 988 3044 1048 abrenuntiationihus
3069 992 3289 1065 pr0prie
3317 986 3346 1026 "
3367 1001 3478 1052 tres
3495 994 3617 1054 libri

2017 1079 2323 1138 Salomonis
2347 1088 2622 1154 aptantur.
2654 1083 2797 1139 Nam
2813 1082 3103 1140 Proverbia
3126 1085 3320 1156 prima
3339 1085 3619 1146 abrenun-

2015 1173 2222 1232 tiationi
2243 1173 2598 1246 conveniunt,
2621 1176 2824 1249 quibus
2850 1177 3284 1250 concupiscentia
3311 1180 3619 1238 carnalium

2015 1283 2202 1326 rerum
2235 1283 2301 1327 ac
2334 1276 2547 1327 terrena
2579 1269 2710 1328 vitia
2764 1276 3106 1338 resecantur;
3154 1268 3412 1328 secundae
3458 1269 3620 1330 abre-

2013 1363 2337 1424 nuntiationi
2381 1365 2762 1436 Ecclesiastes,
2792 1365 2889 1423 ubi
2917 1365 3173 1423 universa
3207 1379 3332 1438 qua:
3373 1372 3616 1438 aguntur

2013 1455 2120 1514 sub
2143 1442 2261 1514 sole
2279 1457 2487 1515 vanitas
2497 1457 2950 1530 pronuntiantur;
2969 1457 3146 1516 tertiae
3158 1457 3450 1516 Canticum
3467 1459 3614 1518 Can-

2012 1549 2272 1618 ticorum,
2302 1549 2362 1606 in
2393 1565 2502 1623 quo
2527 1565 2692 1608 mens
2721 1551 2952 1609 visibilis
2996 1559 3198 1608 cuncta
3219 1547 3611 1610 transcendens

2011 1640 2197 1700 Verbo
2221 1641 2316 1700 Dei
2328 1641 2446 1716 jam
2463 1642 2771 1702 cmlestium
2793 1659 2981 1702 rerum
2997 1642 3464 1717 contemplatione
3477 1657 3610 1702 con-

2007 1735 2270 1811 iungitur.
2667 1741 2672 1746 ’
3043 1779 3053 1789 .

2617 1832 2856 1891 CAPUT
2897 1835 3025 1890 VII.

2109 1937 2570 2010 Quemadmodwn
2589 1938 2932 2010 singularum
2948 1938 3404 2010 renuntiationem
3438 1941 3514 1996 sit

2075 2033 2080 2040 -
2127 2008 2142 2010 ⁷
2543 2008 2846 2080 appetenda
2875 2009 3161 2080 perfectio.
3304 2039 3312 2048 -

2080 2110 2428 2184 Quapropter
2476 2123 2593 2166 non
2633 2107 2873 2166 multum
2923 2107 3168 2181 proderit
3220 2109 3455 2182 primam
3509 2125 3614 2168 nos

2009 2201 2544 2260 abrenuntiationem
2556 2217 2686 2259 cum
2706 2215 2924 2260 summa
2941 2198 3236 2260 devotione
3273 2201 3400 2262 tldei
3427 2217 3610 2263 susce-

1394 2356 1650 2412 ALARDI
1687 2356 1912 2414 ΟΑΖᾸΞΙ
1951 2355 2507 2414 COMMENTARIUS.

371 2497 399 2531 ⁸
421 2495 514 2554 Sic
540 2501 597 2553 et
633 2494 1002 2554 Tertullianus
1043 2495 1138 2554 lib.
1176 2495 1247 2555 de
1271 2497 1486 2555 Corona
1513 2497 1706 2557 Militis
1746 2514 1796 2556 c.
1829 2503 1894 2555 43

301 2580 402 2641 pro
423 2581 494 2641 eo
533 2565 685 2640 quod
713 2567 906 2626 Graiae
927 2565 1494 2641 habeturnohluopa,
1525 2577 1582 2627 et
1605 2569 1661 2626 in
1683 2577 1894 2634 nostra

298 2637 571 2706 iet-sione,
597 2641 940 2697 conversatio.
965 2637 1114 2698 Idem
1143 2639 1237 2696 lib.
1267 2654 1359 2698 ιιι.
1388 2637 1650 2698 adversus
1662 2641 1897 2698 Marcio-

295 2724 430 2768 nem
449 2713 546 2776 (Et
563 2711 658 2766 lib.
685 2711 752 2766 de
771 2711 888 2768 Cor.
912 2712 1030 2768 Mil.
1057 2727 1176 2784 cap.
1209 2717 1272 2784 I_2
1290 2717 1311 2778 )
1329 2731 1346 2766 :
1365 2710 1892 2784 Apostolus,_inquit,

295 2784 527 2838 matrem
557 2785 806 2855 nostram,
833 2797 1046 2839 sursum
1071 2781 1182 2839 esse
1208 2781 1478 2853 designat,
1521 2786 1576 2839 et
1616 2781 1894 2855 ωλίτὲυμα

290 2857 558 2916 nostum,
603 2852 658 2910 id
682 2854 1208 2925 est,’municipatum
1241 2856 1302 2921 in
1326 2852 1482 2925 gerulis
1503 2868 1613 2911 esse
1643 2852 1899 2925 pronun-

292 2925 618 3000 tians,vetc.
663 2923 924 3000 Hilarius
947 2923 1085 3000 vero
1122 2923 1264 3000 lib._t
1303 2923 1372 2982 de
1407 2923 1680 2984 Trinitatis
1723 2925 1892 3000 legit:

284 2995 499 3052 Nostra
525 2999 705 3052 autem
718 2998 1041 3054 emmectatio
1063 2998 1120 3050 in
1145 2996 1281 3052 culis
1306 2999 1400 3054 est.

363 3059 399 3098 δ
419 3069 504 3138 De
521 3063 609 3138 his
626 3064 800 3138 tribus
809 3059 966 3121 libris
984 3065 1076 3138 qui
1089 3064 1208 3121 sine
1232 3065 1340 3122 ulla
1360 3064 1733 3138 controversia
1747 3065 1900 3138 Salo—

279 3135 451 3192 moui
476 3135 587 3208 regi
611 3134 943 3208 tribuuntur,
970 3133 1272 3208 eorumque
1293 3135 1523 3208 mystica
1546 3133 1904 3208 signiﬁcatio-

281 3219 396 3272 ne,
424 3203 690 3278 ordineet
711 3203 981 3278 analogia,
1007 3203 1228 3278 copiose
1249 3212 1305 3261 et
1320 3203 1390 3278 ad
1410 3204 1555 3278 hunc
1575 3203 1759 3278 locum
1771 3205 1905 3278 satis

273 3271 721 3349 accommgdate
773 3271 1008 3349 dissérit
1034 3271 1310 3349 Origenes
1353 3274 1583 3349 homilia
1615 3274 1798 3349 prima
1847 3275 1904 3331 in

2005 2499 2110 2557 Sed
2142 2503 2194 2572 et
2229 2499 2389 2572 Jacob
2413 2501 2764 2570 inspectivum
2803 2503 2943 2572 tenet
2978 2499 3168 2569 locum,
3191 2501 3391 2572 quippe
3426 2502 3524 2572 qui
3556 2508 3608 2559 et

2005 2571 2174 2636 Israel
2192 2571 2258 2626 ob
2274 2569 2581 2626 divinorum
2597 2569 3094 2639 contemplationem
3115 2569 3416 2627 Minatus
3432 2569 3532 2636 sit,
3555 2577 3608 2630 et

2003 2645 2185 2696 castra
2199 2641 2316 2696 cali
2328 2639 2550 2711 viderit,
2571 2643 2623 2695 et
2631 2639 2846 2698 domum
2861 2641 2962 2696 Dei
2971 2642 3450 2710 atqueangelorum
3467 2644 3606 2711 vias,

2002 2711 2062 2766 id
2075 2714 2174 2774 est,
2201 2710 2422 2782 scalasfa
2446 2711 2598 2765 terris
2617 2712 2673 2764 in
2687 2711 2875 2782 calum
2880 2715 3154 2780 porrectas
3163 2713 3444 2782 prospexit
3455 2710 3608 2778 (Gen.

2002 2781 2250 2853 xxvm).
2273 2780 2422 2838 Unde
2431 2785 2484 2836 et
2495 2783 2685 2837 merito
2697 2781 2998 2836 invenimus
3017 2785 3121 2836 tres
3137 2780 3263 2836 istos
3281 2780 3456 2837 beatos
3465 2783 3610 2840 viros

2006 2853 2216 2909 altaria
2248 2853 2434 2922 ﬁxisse
2450 2855 2576 2914 Deo,
2611 2851 2707 2908 hoc
2746 2856 2844 2916 est,
2873 2851 3238 2922 philosophice
3275 2867 3388 2908 m
3432 2866 3610 2909 conse-

2087 2869 2216 2908 arta
2248 2866 2576 2916 meeueo,
2611 2866 2707 2908 MC
2746 2866 2844 2916 εει,
2873 2866 3238 2916 'pnuosopnue
3275 2867 3388 2908 sua!
3432 2866 3611 2909 conse-

2005 2938 2181 2980 crasse
2188 2923 2490 2995 profectus,
2510 2937 2616 2993 quo
2629 2923 2829 2979 scilicet
2842 2923 3108 2986 docerent,
3123 2937 3229 2978 non
3241 2922 3352 2980 haec
3371 2923 3450 2978 ad
3464 2927 3608 2983 artes

2007 2995 2292 3078 humanas,
2312 2994 2408 3078 sed
2651 2993 2886 3078 gratiam
2903 2993 3202 3078 referenda.
3239 2993 3423 3077 Sedet
3446 2995 3507 3078 in
3517 2997 3606 3078 ta_-

2011 3067 2306 3122 bernaculis
2333 3065 2550 3134 degunt,
2567 3068 2628 3120 ut
2639 3063 2738 3136 per
2755 3065 2866 3121 haec
2881 3063 3167 3120 ostendant
3181 3079 3355 3135 neque
3370 3065 3430 3119 in
3445 3067 3606 3124 terris

2011 3136 2314 3208 habendum
2333 3151 2442 3208 esse
2460 3137 2678 3207 aliquid
2690 3138 2980 3208 proprium
3002 3136 3124 3191 huic
3137 3137 3246 3208 qui
3261 3136 3466 3192 divina
3479 3137 3606 3208 phi-

2012 3207 2265 3290 losoth
2282 3207 2480 3272 studet,
2500 3206 2593 3263 sed
2604 3206 2810 3290 semper
2819 3206 3264 3290 promovendum,
3278 3206 3516 3290 non
3537 3207 3605 3265 de

2014 3277 2219 3332 loco’ad
2245 3277 2435 3340 locum,
2464 3293 2627 3347 quam
2655 3277 2727 3332 de
2751 3277 2977 3333 scientia
2991 3279 3318 3344 inferiorum
3337 3277 3413 3333 ad
3435 3279 3606 3333 scien-

277 3343 521 3430 _Ca_ntic_a
551 3344 1048 3430 Cauticorumnubi
1083 3343 1423 3430 ex'versione
1446 3343 1768 3430 Hieronymi
1784 3343 1904 3430 haec
1950 3428 1964 3430 _
2009 3349 2143 3430 tiam
2157 3343 2534 3430 pert-actorum.
2557 3347 2726 3430 Sedet
2749 3349 2862 3430 alia
2886 3343 3127 3403 multain
3456 3349 3605 3430 divi-

276 3415 569 3474 habentur
588 3434 602 3472 :

629 3417 845 3494 φρομ-ιρι
861 3419 1034 3494 igitur
1055 3418 1344 3494 secundum
1359 3419 1500 3474 hanc
1515 3417 1904 3494 same
1931 3428 1976 3494 ο
2006 3419 2094 3474 nis
2397 3433 2523 3494 quau
2536 3417 2783 3494 ordinem
2810 3419 2968 3494 hunc,
2991 3433 3148 3494 quem
3163 3420 3224 3476 in
3238 3417 3433 3494 libellis
3449 3419 3602 3494 Salo-

622 3488 929 3562 doctrinam
955 3491 1173 3557 (Bootes.
1196 3489 1258 3562 ι),
1284 3505 1405 3551 eum
1441 3491 1543 3560 qui
1573 3489 1896 3562 sapientiam
1940 3488 1976 3494 '
2006 3488 2466 3562 moniscontine'ri
2483 3489 2747 3554 dirimus,
2766 3488 3058 3548 secundum
3076 3490 3218 3562 hanc
3235 3489 3476 3546 eamdem
3490 3491 3599 3562 for-

279 3561 429 3632 scire
454 3559 747 3632 desiderat,
758 3559 1003 3632 incipere
1019 3563 1088 3617 ab
1113 3559 1412 3618 eruditione
1429 3559 1642 3626 morali,
1666 3563 1717 3616 et
1745 3561 1894 3616 intel-

273 3630 452 3701 ligere
468 3631 610 3688 illud
627 3631 771 3705 quod
791 3630 1050 3704 scriptum
1068 3637 1149 3690 est
1163 3652 1180 3689 :
1208 3633 1516 3705 concupisti
1531 3633 1890 3705 sapientiam;

281 3715 448 3758 serva
474 3703 758 3768 mandata,
791 3710 844 3760 et
869 3703 1129 3761 Dominus
1170 3704 1328 3761 dabit
1370 3703 1489 3762 eam
1516 3704 1636 3759 tibi.
1679 3704 1758 3761 0b
1793 3703 1889 3758 hoc

278 3775 656 3846 magisterhic,
669 3777 976 3846 quiprimos
989 3777 1226 3832 homines
1236 3776 1480 3832 divinam
1489 3775 1888 3846 philosophiam

273 3843 466 3918 docet,
481 3848 656 3918 operis
678 3843 1074 3918 sui—exordium
1102 3843 1513 3918 Proverbiorum
1522 3843 1716 3918 posuit
1735 3845 1892 3918 libel-

276 3913 426 3986 lum,
446 3913 648 3986 in'quo,
662 3915 1000 3986 utdian’mus,
1015 3915 1236 3986 moralis
1257 3913 1500 3986 traditur
1520 3913 1680 3986 locus,
1691 3917 1760 3986 _ut
1772 3928 1890 3986 cum

271 3985 568 4043 intellectu
590 3985 935 4053 moribusque
945 4000 978 4053 q

271 4055 567 4112 naturalis
612 4051 982 4124 intelligentia
1007 4051 1372 4124 disciplinam,
1415 4055 1576 4122 atque
1609 4051 1688 4106 ibi
1711 4065 1892 4106 rerum

264 4139 490 4182 causas
501 4127 836 4196 naturasque
844 4123 1198 4196 distinguens,
1213 4126 1472 4194 agnoscat
1483 4124 1778 4178 vanitatem
1791 4137 1890 4176 va-

263 4198 534 4270 nitatum
559 4195 984 4270 relinquendam,
1006 4195 1080 4251 ad
1118 4201 1319 4270 (eterna
1349 4199 1528 4270 autem
1551 4199 1604 4270 et
1629 4196 1890 4270 perpetua

265 4265 719 4340 properandum.
740 4269 812 4323 Et
829 4266 946 4324 ideo
958 4271 1083 4340 post
1097 4267 1410 4340 Proverbia,
1429 4267 1516 4324 ad
1531 4265 1888 4340 Ecclesiasten

273 4337 526 4404 venitur,
547 4339 652 4409 qui
665 4337 834 4402 docet,
859 4343 922 4395 ut
936 4337 1204 4405 dia-imus,
1225 4339 1468 4396 visibilia
1491 4339 1675 4395 omnia
1693 4341 1748 4394 et
1763 4352 1885 4393 cor-

270 4426 474 4483 porea,
485 4410 692 4483 caduca
709 4423 819 4483 esse
837 4412 1156 4482 etfragiIia.
1181 4413 1311 4481 Quae
1330 4413 1518 4482 utique
1536 4411 1756 4483 cumita
1781 4423 1891 4466 esse

271 4481 702 4554 deprehenderit
727 4481 775 4535 is
794 4483 894 4552 qui
905 4481 1187 4554 sapientia:
1209 4483 1406 4546 studet,
1424 4481 1544 4538 sine
1568 4482 1734 4537 dubio
1759 4495 1888 4536 con-

280 4558 496 4608 temnet
513 4568 578 4608 ea
616 4556 782 4608 atque
806 4552 1090 4608 despiciet:
1133 4558 1184 4608 et
1201 4555 1470 4608 universo.
1495 4558 1560 4608 ut
1578 4556 1660 4608 ita
1684 4553 1882 4608 dicam.

280 4558 496 4610 temnet
513 4568 578 4608 ea
616 4558 782 4622 atque

979 3981 1070 4065 uis
1089 3983 1404 4065 profecerit,
1430 3981 1612 4065 veniat
1621 3983 1793 4065 etiam
1819 3983 1893 4037 ad

1999 3577 2147 3634 mam
2159 3560 2461 3634 designant.
2473 3563 2538 3634 Si
2548 3562 2670 3633 quis
2683 3577 2810 3632 ergo
2815 3561 3054 3634 primum
3068 3561 3238 3618 locum
3249 3563 3310 3618 in
3320 3561 3604 3620 emendan-

2000 3632 2086 3705 dis
2100 3632 2338 3689 moribus
2348 3632 2724 3704 mandatisque
2749 3632 3028 3690 servandis
3056 3634 3156 3705 qui
3177 3649 3284 3705 per
3297 3635 3594 3690 Proverbia

1997 3703 2317 3777 designatur
2328 3705 2590 3777 implevit,
2607 3703 2730 3777 post
2747 3705 2857 3761 haec
2873 3703 3081 3777 autem,
3100 3703 3429 3777 deprehensa
3446 3707 3601 3760 vani-

1997 3779 2108 3832 tate
2128 3775 2326 3832 mundi
2347 3775 2948 3834 et‘rerum’caducarum
2971 3775 3280 3842 fragilitate
3299 3778 3598 3844 perspecta,

1997 3849 2142 3902 venit
2187 3849 2248 3902 in
2280 3848 2373 3903 hoc
2410 3853 2474 3903 ut
2506 3849 2779 3902 renuntiet
2804 3846 3004 3901 mundo
3033 3849 3084 3898 et
3123 3845 3366 3898 omnibus
3391 3859 3512 3912 quia
3546 3845 3603 3912 in

1996 3919 2194 3988 mundo
2210 3922 2368 3988 sunt,
2381 3921 2759 3988 consequenter
2767 3919 2936 3988 veniet
2946 3916 3104 3970 etiam
3119 3913 3194 3968 ad
3203 3911 3606 3988 contemplanda

1998 3989 2049 4039 et
2072 3986 2435 4042 sedideranda
2455 4003 2518 4042 ea
2531 3983 2652 4056 qua
2675 4001 2782 4042 non
2799 3986 3052 4042 videntur
3061 3988 3113 4040 et
3134 3988 3336 4056 (eterna
3353 3983 3512 4056 sunt;
3531 3983 3607 4039 ad

1999 4069 2122 4125 qua
2167 4057 2344 4126 tamen
2371 4061 2434 4111 ut
2460 4053 2737 4126 pervenire
2772 4057 3064 4126 possimus,
3085 4053 3388 4126 indigemus
3411 4054 3601 4126 divina

1997 4123 2388 4194 misericordia,
2403 4123 2608 4192 si'forte
2629 4123 2901 4180 valeamus
2913 4127 3190 4194 perspecta
3200 4123 3608 4194 pulchritudine

2003 4195 2170 4252 Verbi
2193 4195 2313 4267 Dei,
2344 4196 2580 4267 salutari
2599 4197 2657 4252 in
2683 4211 2804 4252 eum
2815 4210 2995 4250 amore
3020 4194 3286 4259 succendi,
3307 4200 3455 4267 utet
3493 4198 3608 4267 ipse

1989 4267 2248 4336 dignetur
2261 4265 2574 4338 hujusmodi
2589 4269 2827 4324 animam
2843 4267 3088 4337 diligere,
3101 4281 3265 4338 quam
3280 4265 3614 4324 desiderium

1999 4341 2091 4394 sui
2100 4339 2964 4413 habereperspeaerit._ﬂucusque
2981 4338 3270 4413 Origenes;
3294 4354 3461 4413 quem
3480 4339 3616 4413 ἰωῇ-ε

1998 4417 2144 4486 t_atu_s
2189 4409 2314 4486 ejus
2354 4409 2592 4469 ho’miliaa
2649 4409 2928 4486 interpres!
2985 4412 3048 4468 D.
3088 4409 3480 4486 Hieronymus
3549 4411 3608 4470 in

1997 4481 2359 4557 Ecclesiasten
2381 4491 2762 4542 commentans
2790 4481 2811 4541 Ξ
2835 4484 3105 4550 Salomon,
3142 4481 3605 4557 inquit'(Cap.,I),

806 4552 1184 4626 despiciet;_et
1201 4555 1470 4626 universo,
1495 4558 1560 4608 ut
1578 4556 1660 4608 ita
1684 4553 1882 4617 dicam,
1911 4560 1918 4564 '
1983 4555 2156 4626 jumta
2194 4572 2477 4612 numerum
2499 4557 2890 4621 vocabulorum,
2935 4559 3046 4612 tria
3087 4552 3369 4612 volumina
3403 4552 3606 4612 edidit:

273 4626 480 4682 seculo
497 4625 836 4686 renuntians,
853 4623 1034 4680 tendet
1050 4623 1126 4679 ad
1140 4624 1438 4680 invisibilia
1463 4628 1513 4678 et
1525 4627 1746 4687 (eterna,
1768 4639 1886 4694 qua:

2010 4629 2309 4692 Proverbia,
2341 4629 2698 4685 Ecclesiasten
2735 4634 2785 4684 et
2819 4630 3100 4685 Canticum
3139 4627 3502 4682 Canticorum.
3539 4626 3603 4678 In

272 4697 678 4767 spiritualibus
707 4697 925 4764 quidem
954 4697 1212 4757 sensibus,
1237 4697 1332 4750 sed
1355 4697 1626 4764 adopertis
1649 4709 1893 4750 amorum

272 4766 622 4836 quibusdam
643 4767 856 4835 figuris,
882 4766 1142 4833 docentur
1163 4767 1220 4821 in
1255 4765 1489 4822 Canticis
1529 4765 1888 4836 Canticorum.

2000 4701 2304 4755 Proverbiis
2337 4701 2633 4769 parvulum
2681 4699 2888 4758 docens,
2916 4703 2967 4750 et
2995 4697 3158 4814 quasi
3182 4695 3248 4770 de
3286 4693 3484 4758 ofﬁciis
3508 4704 3609 4760 per

2002 4771 2294 4814 sententi/Ls
2320 4770 2587 4814 erudirms.
2616 4769 2766 4814 Unde
2787 4772 2837 4814 et
2865 4766 2939 4814 ad
2960 4767 2996 4814 ﬁ
3018 4776 3154 4814 mm.
3175 4773 3288 4814 eius
3314 4774 3487 4814 sermo
3505 4774 3609 4814 cre-

2001 4771 2294 4824 sententias
2320 4761 2587 4824 e3udiens.
2616 4769 2766 4822 Unde
2787 4772 2837 4819 et
2865 4766 2939 4818 ad
2959 4761 3154 4830 ﬁlium,
3175 4761 3288 4828 ejus
3314 4774 3487 4814 sermo
3505 4774 3612 4814 cre-

269 4814 412 4895 tea;
423 4814 1893 4907 'taa";.;-'aza;;g,'uaa
1919 4814 1972 4876 ι)
2001 4814 2831 4907 3;.3';;,:.'a;t;sii;§asgsfse
2847 4814 2970 4907 ιςεμέ
2983 4814 3215 4907 φαμιθά
3238 4830 3416 4907 mm
3435 4832 3611 4886 mea

264 4909 358 4965 ad
377 4924 510 4965 eum
529 4909 797 4971 veniatur,
811 4923 929 4964 cum
941 4911 993 4964 et
1010 4909 1248 4965 moribus
1262 4907 1388 4978 quis
1405 4906 1890 4978 fueritdefcecatis,

264 4985 332 5036 et
347 4994 545 5037 rerum
570 4979 1003 5049 corruptibilium
1029 4983 1190 5050 atque
1210 4977 1704 5050 inbormptibilium
1724 4979 1893 5050 scien-

267 5053 422 5108 tiam
435 5048 951 5137 .distinctionemque
961 5048 1346 5176 didiceritﬁier
1364 5048 1486 5120 quae
1496 5050 1554 5104 in
1570 5048 1718 5102 nullo
1728 5049 1901 5132 possit

267 5136 350 5176 ea:
378 5124 472 5176 his
504 5125 698 5176 hauris
737 5121 931 5176 quibus
961 5137 1167 5176 sponsae
1288 5135 1542 5176 sponsum
1567 5120 1808 5176 caelestis.
1839 5119 1900 5173 id

267 5136 350 5178 ar
378 5124 472 5178 his
499 5123 698 5193 ﬁguris
737 5119 931 5192 quibus
961 5137 1169 5194 sponsa;
1195 5119 1268 5176 ad
1288 5119 1542 5194 sponsum
1566 5119 1900 5194 calestis,_id

271 5198 381 5259 est,
411 5190 622 5249 anima
635 5190 912 5264 perfecta,
929 5190 1081 5250 amor
1097 5193 1174 5249 ad
1204 5190 1442 5251 Verbum
1469 5193 1573 5247 Dei
1587 5190 1904 5247 describitur

278 5279 350 5320 ac
391 5268 704 5338 formatur,
737 5265 1038 5338 offendere.
1067 5265 1136 5320 Et
1178 5271 1308 5338 post
1337 5278 1560 5338 pauca:
1578 5265 1739 5338 Hanc
1785 5277 1906 5338 ergo

273 5338 570 5412 triplicem
582 5337 946 5412 philosophia
965 5336 1222 5412 formam,
1247 5338 1411 5393 etiam
1427 5337 1485 5391 in
1497 5336 1612 5392 illis
1629 5336 1828 5412 sanctis
1843 5349 1907 5412 tu:

623 5405 1387 5536 arbitrbrprwsignatamzpro
1397 5423 1623 5494 quorum
1632 5407 1908 5465 sanctissi-

277 5489 400 5532 mis
415 5481 847 5536 mstituttonibus
863 5485 1003 5536 Deus
1017 5495 1252 5536 summus
1306 5497 1377 5536 tot
1386 5482 1556 5536 voluit
1571 5484 1712 5536 Deus
1731 5480 1907 5536 Abra-

277 5479 400 5532 mis
415 5481 847 5539 institutionibus
863 5479 1003 5538 Deus
1017 5479 1252 5537 summus
1267 5479 1381 5536 dici
1386 5479 1508 5536 vctu
1515 5483 1556 5536 it
1571 5484 1712 5538 Deus
1731 5480 1907 5536 Abra-

281 5547 450 5618 ham,
477 5553 615 5608 Deus
649 5556 822 5618 Isaae,
867 5551 1005 5610 Deus
1038 5553 1194 5610 Iacob
1222 5553 1379 5619 (Gen.
1423 5565 1569 5610 xxvr
1597 5556 1649 5608 et
1681 5555 1900 5617 xxxv).

275 5619 574 5697 Abraham
588 5627 872 5697 tamquam
880 5623 1135 5680 moralem
1145 5625 1382 5682 declarat
1385 5625 1794 5697 philosophiam,
1808 5637 1908 5694 per

2001 4899 2314 4988 instituens,
2329 4922 2395 4988 ne
2413 4907 2719 4988 quidquam
2735 4906 2792 4957 in
2803 4901 2995 4988 mundi
3012 4899 3169 4988 rebus
3185 4904 3340 4970 putet
3359 4916 3609 4986 esseper-

1998 4983 2244 5050 petuum,
2266 4975 2360 5030 sed
2381 4977 2583 5030 caduca
2610 4978 2661 5029 et
2689 4975 2870 5030 brevia
2893 4975 3146 5028 universa
3166 4988 3288 5043 qua:
3325 4977 3609 5030 cernimus.

2007 5049 2099 5126 Ad_
2119 5051 2428 5126 extremum
2429 5045 2552 5116 jam
2569 5045 3217 5126 consummatumyirum,
3238 5048 3290 5099 et
3307 5045 3509 5126 calcato
3519 5060 3617 5126 see:

2010 5121 2127 5176 culo
2139 5121 2542 5187 purpuratum,
2555 5118 2614 5171 in
2633 5117 2848 5174 Cantico
2861 5118 3220 5179 Canticorum,
3242 5117 3424 5187 sponsi
3429 5117 3616 5186 jungit

2012 5188 2400 5263 amplexibus,
2417 5190 2546 5263 Nisi
2583 5191 2722 5263 enim
2762 5191 2918 5260 prius
2956 5188 3335 5263 reliquerimus
3361 5189 3501 5263 vitia
3543 5192 3616 5251 et,

2009 5259 2226 5348 Euripi?
2241 5260 2426 5318 sweuli
2435 5259 2820 5348 renuntiantes,
2836 5259 3221 5348 expeditosinos
3237 5259 3313 5348 ad
3331 5259 3620 5348 adventum

2018 5332 2220 5394 Christi
2241 5335 2631 5406 paraverimus,
2657 5347 2763 5406 non
2785 5347 3068 5406 possumus
3093 5332 3272 5406 diceue
3297 5351 3312 5388 :
3340 5332 3621 5406 Qsculetur

2018 5423 2101 5464 me
2123 5400 2299 5462 osculo
2317 5407 2427 5462 oris
2439 5407 2546 5463 sui.
2574 5406 2709 5462 Haec
2729 5400 2806 5459 D.‘
2823 5404 3207 5476 Hieronymus.
3222 5402 3430 5476 Similia
3454 5410 3512 5476 et
3535 5400 3626 5457 his
3677 5440 3701 5448 -

2019 5485 2386 5536 consentanea
2413 5477 2613 5534 habent
2646 5477 2717 5533 D.
2746 5475 2994 5544 Basilius,
3029 5470 3394 5544 'Amhrosius,
3436 5470 3625 5544 Theo-

2019 5548 2264 5622 doretus,
2289 5548 2586 5622 Gregorius
2612 5547 2854 5622 Magnus,
2871 5547 2926 5604 in
2964 5542 3080 5622 suis
3109 5542 3526 5622 praefationibus
3571 5542 3628 5598 in

2023 5617 2265 5694 Cantica,
2293 5628 2350 5678 et
2391 5617 2636 5679 I'sidorus
2671 5617 3008 5694 Hispalensis
3036 5617 3432 5694 in‘Allegoriis
3457 5624 3628 5672 sacrm

273 5692 682 5768 obedientiam,
697 5691 802 5753 ξω.
823 5700 973 5754 Isaac
982 5711 1191 5768 quoque
1205 5691 1512 5752 naturalem
1519 5691 1917 5766 philosophiam
2025 5691 2340 5766 Scriptura).

284 5767 467 5829 tenet,
495 5770 548 5822 et
561 5782 684 5824 cum
693 5771 879 5840 puteos
905 5767 1068 5838 fodit,
1095 5767 1146 5825 et
1161 5783 1343 5824 rerum
1357 5768 1642 5839 profunda
1659 5770 1915 5823 mutatur.
