3982 6202
370 262 471 317 567

1454 254 1734 312 JOANNIS
1769 252 2072 309 CASSIANI
2109 250 2596 309 COLLATIONES.

3572 257 3677 314 568

370 385 535 458 pisse,
576 384 624 440 si
672 382 967 442 secundam
990 397 1105 440 non
1148 381 1341 440 eodem
1376 378 1555 437 studio
1582 352 1743 451 atque
1767 377 1964 435 eodem
1992 380 2045 444 Α
2078 376 2245 451 Cujus
2270 378 2348 433 rei
2390 374 2559 432 ﬁdem
2595 383 2761 449 atque
2788 374 3049 432 virtutem
3074 389 3238 432 nemo
3267 373 3370 432 nisi
3395 375 3441 432 is
3487 379 3663 450 capiet

367 478 782 552 impleverimus
809 476 1027 534 ardore.
1055 478 1124 533 Et
1151 477 1231 532 ita
1248 488 1376 531 eum
1418 472 1585 529 etiam
1635 470 1777 528 hanc
1801 469 1971 528 fueri-

372 587 499 630 mus
535 571 737 645 adepti,
770 569 840 628 ad
874 570 1027 626 illam
1074 582 1295 642 quoque
1322 565 1543 623 tertiam
1573 564 1855 636 pervenire
1876 579 1973 637 po-

374 669 623 736 terimus,
656 682 760 739 qua
786 666 854 722 de
875 664 1049 722 domo.
1067 662 1263 736 prioris
1289 661 1467 721 nostri
1509 661 1747 734 parentis
1767 659 1971 734 egressi

377 761 564 835 (quem
606 760 673 815 ab
695 757 920 815 exordio
947 756 1246 814 nativitatis
1271 762 1476 814 nostrae
1504 753 1808 812 secundum
1831 760 1974 810 vete-

373 869 492 912 rem
519 850 803 910 hominem
833 867 897 908 ac
926 851 1209 924 pristinam
1228 849 1723 917 conversationem,
1750 845 1973 920 quando

373 960 594 1004 eramus
629 953 828 1001 natura
854 946 963 1016 ﬁlii
986 948 1105 1010 iraa,
1158 946 1299 1000 sicut
1329 947 1380 999 et
1411 945 1594 999 διεῖργε
1624 944 1840 1014 (Ephes.
1888 943 1974 1008 Ii),

374 1047 584 1113 patrem
608 1040 770 1097 nobis
795 1037 965 1097 fuisse
992 1038 1376 1107 meminimus)
1409 1053 1634 1093 omnem
1659 1035 1869 1117 mentis.
1887 1034 1977 1091 in-

372 1135 580 1193 tuitum
610 1134 680 1191 ad
709 1133 949 1191 cmlestia
978 1131 1341 1189 deﬂectimus.
1380 1133 1465 1187 De
1499 1146 1610 1202 quo
1636 1129 1805 1186 etiam
1825 1136 1978 1202 patre

373 1228 445 1285 ad
468 1227 800 1296 Jerusalem,
828 1241 953 1298 quae
972 1240 1164 1283 verum
1194 1233 1404 1297 patrem
1424 1226 1604 1280 Deum
1633 1232 1976 1296 contempse-

378 1329 484 1391 rat,
512 1320 714 1377 dicitur
739 1340 753 1377 :
780 1324 942 1378 Pater
968 1326 1092 1376 tuus
1112 1320 1488 1389 Amorrhceus,
1507 1322 1558 1375 et
1570 1322 1743 1375 mater
1771 1322 1868 1373 tua
1880 1317 1977 1375 Ce-

377 1415 521 1471 thcea
537 1417 750 1485 (Ezech.
781 1415 927 1487 xvr).
953 1417 1021 1470 Et
1037 1414 1095 1470 in
1113 1413 1429 1486 Evangelio,
1461 1415 1568 1470 Vos
1589 1429 1657 1469 ex
1671 1416 1832 1484 patre
1853 1410 1979 1466 dui-

379 1510 498 1567 bolo
513 1512 663 1574 estis,
678 1513 730 1565 et
749 1509 1023 1565 desideria
1033 1509 1217 1580 patris
1229 1510 1397 1564 vestri
1411 1507 1579 1562 vultis
1593 1508 1775 1574 facere
1795 1508 1950 1573 (Joan
1961 1547 1974 1561 .

379 1604 543 1670 vui).
571 1602 748 1670 Quem
768 1616 895 1657 cum
910 1599 1306 1667 dimiserimus,
1333 1598 1403 1656 de
1425 1597 1732 1654 visibilibus
1753 1596 1823 1653 ad
1845 1596 1981 1652 invi-

376 1692 553 1751 sibilia
582 1692 1060 1765 transmigrantes,
1106 1708 1237 1750 cum
1265 1691 1536 1765 Apostolo
1563 1691 1743 1749 dicere
1770 1691 1976 1763 poteri-

2083 472 2254 539 solus,
2283 472 2375 544 qui
2402 470 2522 527 haec
2538 484 2661 544 qua:
2686 468 2945 527 dicuntur
2970 468 3297 542 experientia
3319 470 3676 544 magistrante

2084 563 2410 637 perceperit;
2436 565 2594 638 cujus
2618 562 2871 621 videlicet
2894 562 2967 620 ita
2984 563 3253 620 Dominus
3279 564 3471 622 oculos
3498 565 3687 626 cordis

2082 656 2150 713 de
2171 655 2438 714 universis
2453 656 2815 729 praesentibus
2825 657 3090 728 avocarit,
3107 664 3168 714 ut
3185 672 3249 714 ea
3261 673 3379 715 non
3394 666 3685 734 tamquam

2083 749 2402 819 transitura,
2431 749 2527 806 sed
2548 749 2668 823 jam
2697 751 2850 822 quasi
2878 766 2994 808 non
3028 749 3328 808 existentia
3352 761 3611 825 reputans
3628 762 3685 811 et

2084 843 2234 900 velut
2254 842 2475 900 inanem
2503 841 2741 913 fumum,
2761 843 2817 899 in
2836 843 3068 901 nihilum
3096 844 3334 902 resoluta
3357 846 3683 919 conspiciat;

2085 936 2478 1009 ambulansque
2504 943 2567 993 ut
2582 934 2775 994 Enocli
2799 951 2926 993 cum
2950 939 3092 1006 Deo,
3124 953 3187 994 ac
3206 937 3276 996 de
3290 937 3531 995 humana
3550 955 3686 998 con-

2086 1031 2390 1089 versatione
2433 1029 2794 1104 moribusque
2848 1029 3165 1099 translatus,
3213 1047 3327 1088 non
3383 1032 3690 1093 inveniatur

2086 1126 2144 1183 in
2190 1125 2474 1200 praesentis
2520 1124 2703 1183 saeculi
2749 1123 3012 1182 vanitate.
3060 1123 3225 1198 Quod
3271 1126 3331 1182 iu
3377 1125 3474 1183 illo
3525 1128 3689 1186 etiam

2087 1219 2438 1293 corporaliter
2457 1218 2668 1276 factum
2693 1218 2856 1276 lectio
2897 1218 3183 1277 Geneseos
3218 1218 3296 1276 ita
3335 1234 3689 1280 commemo-

2087 1322 2174 1370 rat
2201 1314 2658 1385 :Ambulavitque
2674 1322 2701 1349 ⁸
2721 1312 2903 1370 Enoch
2923 1328 3041 1368 cum
3080 1315 3206 1378 Deo,
3234 1316 3286 1370 et
3318 1328 3428 1370 non
3458 1317 3689 1373 invenie-

2092 1410 2270 1475 batur,
2290 1411 2421 1480 quia
2441 1409 2725 1465 transtulit
2745 1423 2866 1463 eum
2888 1412 3030 1465 Deus
3054 1406 3263 1475 (Genes.
3288 1410 3361 1475 v).
3396 1409 3691 1482 Apostolus

2090 1517 2312 1576 quoque
2339 1502 2417 1558 ait
2447 1502 2615 1559 :Ih'de
2636 1501 2817 1559 Enocli
2836 1502 3139 1558 translatus
3165 1506 3263 1565 est,
3280 1505 3463 1558 utnon
3488 1503 3691 1560 videret

2086 1601 2311 1659 mortem
2342 1596 2491 1667 (Heb.
2524 1600 2638 1664 χι).
2670 1598 2757 1652 De
2775 1610 2883 1669 qua
2914 1603 3102 1651 morte
3134 1594 3412 1652 Dominus
3431 1595 3489 1652 in
3513 1597 3694 1653 Evan-

2086 1688 2227 1763 gelio
2257 1707 2271 1744 :
2302 1691 2408 1758 Qui
2427 1690 2584 1753 vivit,
2608 1688 2803 1762 inquit,
2828 1692 2881 1744 et
2905 1689 3073 1753 credit
3089 1689 3151 1743 in
3165 1704 3270 1753 me,
3297 1704 3406 1745 non
3432 1692 3699 1747 morietur

378 1800 505 1844 mus
545 1807 559 1865 ς
588 1788 796 1845 Scimus
819 1791 998 1843 autem
1022 1788 1278 1858 quoniam
1304 1788 1355 1842 si
1380 1786 1649 1841 terrestris
1676 1785 1865 1840 domus
1883 1799 1982 1839 ηο-
2011 1784 2061 1847 Β
2090 1785 2151 1840 in
2188 1787 2449 1840 aeternum
2489 1786 2664 1853 (Joan.
2698 1781 2802 1856 ιι).
2848 1782 3200 1855 Quapropter
3231 1780 3484 1841 festinare
3518 1781 3697 1842 debe-

378 1884 497 1937 stra
516 1880 679 1951 hujus
700 1882 1053 1937 habitationis
1072 1881 1421 1945 dissolvatur,
1439 1879 1584 1950 quod
1596 1880 1981 1935 habitationem

380 1974 669 2031 habeamus
693 1991 762 2031 ea:
782 1978 908 2039 Deo,
950 1974 1167 2030 domum
1192 1989 1298 2030 non
1326 1974 1699 2040 manufactam
1727 1976 1982 2027 aeternam

286 2122 298 2131 κ
381 2070 441 2122 in
474 2066 616 2123 oculis
648 2066 721 2138 (ll
750 2067 870 2123 Cor.
900 2069 975 2133 v).
1006 2068 1075 2121 Et
1113 2065 1246 2121 illud
1274 2062 1422 2133 quod
1470 2062 1633 2135 paulo
1669 2069 1795 2119 ante
1825 2076 1981 2118 com-

380 2159 814 2216 memoravimus
832 2174 846 2213 :
873 2160 1250 2214 Nosterautem
1275 2157 1638 2226 municipum
1647 2157 1705 2210 in
1716 2156 1857 2211 caelis
1874 2160 1980 2222 est;

380 2250 524 2307 unde
539 2254 590 2307 et
609 2250 941 2307 Salvatorem
963 2253 1330 2320 exspectamus
1344 2249 1632 2304 Dominum
1643 2251 1818 2306 Iesum
1831 2248 1984 2307 Chri-

382 2348 546 2408 stum,
568 2344 668 2414 qui
682 2344 998 2411 reformavit
1007 2358 1200 2414 corpus
1214 2342 1539 2397 humilitatis
1550 2346 1746 2398 nostra:
1755 2345 1991 2413 conﬁgu-

383 2439 788 2508 ratumcorpori
805 2436 1078 2492 claritatis
1100 2451 1212 2492 sua:
1231 2436 1453 2507 (Philip.
1477 2438 1582 2503 In).
1601 2437 1671 2491 Et
1693 2435 1829 2493 illud
1846 2435 1989 2492 beati

382 2530 567 2588 David
598 2549 612 2586 :
648 2532 788 2598 Quia
813 2531 988 2586 incola
1015 2546 1106 2599 ego
1131 2545 1251 2585 sum
1286 2532 1347 2585 in
1390 2534 1561 2600 terra,
1583 2537 1633 2587 et
1648 2532 1986 2602 peregrinus,

384 2625 526 2681 sicut
548 2639 725 2680 omnes
738 2625 1043 2694 patresmei
1053 2624 1220 2691 (Psal.
1234 2635 1492 2679 xxxvur
1502 2627 1555 2678 et
1566 2621 1806 2695 cxvm),
1824 2631 1989 2679 utse-

384 2717 627 2775 cundum
665 2716 881 2773 Domini
923 2731 1112 2774 vocem
1149 2714 1284 2772 tales
1320 2713 1642 2786 efﬁciamur,
1679 2715 1867 2789 quales
1912 2716 1988 2773 illi

384 2809 454 2869 de
505 2808 707 2883 quibus
740 2809 861 2867 haec
900 2808 1171 2865 Dominus
1215 2806 1285 2864 ad
1338 2809 1559 2865 Patrem
1592 2807 1649 2864 in
1696 2808 1988 2882 Evangelia

385 2902 721 2977 loquebatur
752 2920 766 2958 :
797 2906 872 2959 De
893 2903 1095 2959 mundo
1113 2901 1213 2959 hoc
1238 2917 1346 2958 non
1365 2907 1512 2967 sunt,
1543 2904 1683 2958 sicut
1706 2908 1757 2958 et
1767 2919 1858 2973 ego
1878 2918 1985 2958 non

388 3012 509 3054 sum
537 2996 605 3053 de
624 2997 720 3052 hoc
755 2996 956 3052 mundo
990 2998 1163 3065 (Joan.
1194 2996 1376 3066 xvn).
1408 2996 1483 3051 Et
1510 3010 1730 3051 rursum
1758 2993 1828 3052 ad
1851 2995 1994 3067 ipsos

386 3089 666 3163 apostolos
719 3106 735 3144 ε
765 3090 827 3146 Si
852 3089 918 3145 de
945 3089 1039 3145 hoc
1072 3087 1276 3144 mundo
1319 3090 1522 3157 essetis,
1574 3088 1809 3144 mundus
1850 3090 1994 3159 quod

393 3196 551 3239 suum
574 3186 691 3240 erat
707 3184 893 3252 utique
915 3181 1194 3250 diligeret;
1215 3181 1309 3237 sed
1325 3183 1458 3251 quia
1477 3181 1544 3237 de
1559 3182 1653 3237 hoc
1670 3182 1986 3238 mundonon
2016 3164 2061 3229 C

389 3279 539 3341 estis,
570 3277 664 3333 sed
690 3291 784 3346 ego
807 3276 945 3345 elegi
968 3289 1058 3331 vos
1086 3275 1153 3331 de
1179 3279 1273 3330 hoc
1315 3275 1538 3339 mundo,
1562 3280 1850 3347 propterea
1874 3277 1989 3333 odit

387 3388 476 3430 vos
503 3373 742 3429 mundus
785 3374 958 3440 (Joan.
1004 3371 1123 3444 xv).
1170 3370 1350 3445 Hujus
1389 3387 1519 3445 ergo
1566 3371 1993 3429 renuntiationis

388 3464 563 3523 tertia
585 3480 770 3522 veram
792 3462 1183 3536 perfectionem
1207 3473 1338 3522 tunc
1362 3465 1696 3522 merebimur
1717 3462 1984 3536 obtinere,

390 3560 615 3634 quando
664 3577 820 3618 mens
843 3570 1050 3628 nostra,
1080 3563 1231 3620 nullo
1266 3576 1480 3619 carnem
1523 3561 1864 3636 pinguedinis
1888 3561 1986 3620 he-

390 3655 574 3713 betata
618 3655 887 3727 cantagio,
937 3655 1035 3713 sed
1071 3654 1413 3727 peritissimis
1452 3653 1853 3712 elimationibus
1894 3671 1987 3713 ex~

391 3750 563 3823 polita
591 3750 661 3808 ab
686 3749 838 3806 omni
864 3748 1066 3809 affectu
1089 3756 1145 3807 et
1166 3748 1427 3823 qualitate
1451 3756 1690 3818 terrena,
1708 3765 1808 3823 per
1830 3748 1992 3808 inde-

387 3842 664 3901 sinentem
684 3842 994 3901 divinarum
1013 3841 1427 3901 meditationem
1453 3842 1856 3915 Scripturarum
1874 3843 1987 3917 spi-

391 3937 685 4012 ritalesque
723 3937 984 4009 theorias,
1027 3936 1097 3996 ad
1133 3937 1226 3995 illa
1252 3953 1376 4011 quae
1407 3936 1699 3994 invisibilia
1750 3945 1879 3995 sunt
1923 3953 1988 3996 eo

392 4047 564 4107 usque
590 4033 885 4100 transierit,
911 4039 974 4090 ut
1008 4031 1406 4090 circumdatam
1428 4048 1486 4089 se
1509 4030 1804 4105 fragilitate
1822 4032 1997 4090 carnis

392 4143 458 4185 ac
476 4129 588 4187 situ
612 4128 877 4203 corporis,
904 4127 1154 4201 supernis
1177 4133 1232 4184 et
1259 4127 1590 4201 incorporeis
1617 4126 1849 4197 intenta,
1879 4142 1997 4185 non

395 4223 622 4293 sentiat;
651 4231 817 4296 atque
859 4224 915 4280 in
959 4221 1273 4296 hujusmodi
1328 4221 1567 4295 rapiatur
1606 4236 1878 4292 excessus,
1934 4227 2000 4278 ut

394 4330 510 4373 non
528 4316 713 4373 solum
735 4315 915 4373 nullas
932 4330 1093 4374 voces
1116 4314 1307 4374 auditu
1330 4315 1600 4389 corporali
1629 4315 1871 4388 recipiat,
1893 4329 1995 4372 nec

396 4408 673 4467 intuendis
695 4409 1142 4483 praetereuntium
1166 4398 1458 4468 hominum
1490 4409 1811 4484 imaginibus
1837 4425 1997 4467 oecu-

397 4509 580 4574 petur,
621 4502 716 4561 sed
749 4519 819 4560 ne
861 4502 1139 4562 adstantes
1175 4504 1393 4578 quidem
1429 4503 1690 4561 arborum
1738 4502 1915 4560 moles
1943 4510 2000 4560 et

2087 1891 2236 1946 mus,
2271 1876 2318 1933 si
2348 1874 2740 1949 perfectionem
2775 1889 2963 1933 veram
2989 1873 3359 1933 desideramus
3392 1875 3687 1950 attingere,

2091 1977 2155 2028 ut
2180 1968 2651 2043 quemadmodum
2689 1983 2922 2043 corpore
2952 1976 3220 2042 parentes,
3254 1968 3503 2041 patriam,
3539 1967 3686 2026 divi-

2092 2064 2193 2122 tias
2241 2064 2459 2135 mundi,
2523 2063 2940 2137 voluptatesque
2980 2062 3353 2136 despeximus,
3398 2063 3477 2119 ita
3525 2063 3697 2120 etiam

2089 2158 2256 2216 corde
2291 2158 2413 2215 huic
2436 2150 2621 2215 omnia
2662 2156 3054 2231 relinquentes,
3091 2155 3243 2215 nulla
3283 2172 3477 2214 rursus
3516 2155 3587 2215 ad
3628 2169 3697 2215 ea

2092 2269 2220 2327 qua:
2264 2253 2573 2312 dimisimus
2606 2253 3052 2327 concupiscentia
3095 2261 3441 2311 revertamur
3486 2272 3501 2309 :
3547 2253 3688 2312 sicut

2094 2347 2168 2404 illi
2197 2347 2291 2420 qui
2324 2346 2506 2404 educti
2539 2362 2636 2419 per
2663 2348 2879 2416 Mosen,
2921 2361 3051 2404 cum
3087 2346 3277 2420 utique
3310 2362 3542 2420 corpore
3580 2363 3694 2405 non

2093 2439 2378 2508 redissent,
2404 2440 2571 2496 corde
2586 2447 2774 2497 tamen
2797 2439 2999 2496 reversi
3018 2438 3279 2497 dicuntur
3298 2439 3357 2495 in
3374 2441 3689 2514 Egyptum,

2094 2533 2287 2591 relicto
2314 2531 2524 2589 scilicet
2550 2534 2695 2602 Deo,
2723 2531 2816 2605 qui
2841 2546 2936 2590 eos
2954 2530 3215 2589 eduxerat
3250 2548 3379 2590 cum
3403 2540 3553 2590 tanta
3576 2534 3697 2589 vir-

2094 2635 2213 2685 tute
2259 2625 2566 2701 signorum,
2614 2625 2758 2683 idola
2809 2626 3026 2700 [Egypti
3077 2642 3201 2699 quae
3248 2633 3697 2699 contempserant

2094 2728 2436 2789 venerantes,
2486 2719 2625 2777 sicut
2659 2720 2938 2793 Scriptura
2980 2727 3418 2778 commemorat:
3461 2714 3489 2752 δ
3518 2721 3592 2777 Et
3612 2735 3697 2778 re-

2094 2814 2235 2871 versi
2275 2821 2404 2871 sunt
2436 2812 2698 2870 cordibus
2735 2812 2849 2871 suis
2879 2812 2938 2869 in
2982 2815 3299 2887 Egyptum,
3343 2813 3590 2873 dicentes
3622 2813 3695 2873 ad

2100 2910 2310 2976 Aaron,
2336 2904 2428 2963 fac
2467 2904 2626 2963 nobis
2661 2905 2794 2963 deos
2824 2906 2917 2980 qui
2960 2906 3270 2979 praecedant
3308 2922 3442 2977 nos;
3470 2924 3542 2966 ne
3569 2923 3700 2966 cum

2098 3000 2205 3056 illis
2232 2999 2398 3057 etiam
2428 2998 2631 3073 pariter
2649 2998 3101 3070 condemnemur,
3126 3001 3221 3075 qui
3247 3002 3303 3058 in
3322 3016 3509 3060 eremo
3535 3017 3701 3059 com-

2098 3100 2403 3161 morantes,
2431 3100 2559 3166 post
2599 3108 2782 3151 escam
2817 3109 3036 3152 manna:
3074 3095 3310 3152 caelestis
3354 3095 3698 3154 desiderave-

2096 3194 2225 3243 runt
2272 3185 2533 3243 vitiorum
2577 3185 2805 3256 fetidos,
2853 3202 2918 3244 ac
2967 3187 3208 3265 sordida:
3261 3189 3482 3247 vilitatis
3520 3189 3694 3260 cibos,

2098 3296 2306 3354 nosque
2336 3297 2464 3339 cum
2488 3281 2567 3339 eis
2595 3281 2850 3339 similiter
2875 3297 3218 3340 murmurare
3234 3283 3536 3342 videamur.
3563 3288 3703 3348 Bene

2098 3377 2248 3433 nobis
2274 3380 2388 3433 erat
2410 3378 2471 3432 in
2494 3380 2743 3448 Egypto,
2770 3377 2870 3431 ubi
2890 3376 3201 3435 sedebamus
3224 3392 3384 3449 super
3418 3380 3552 3437 ollas
3576 3396 3700 3439 car-

2102 3473 2257 3525 nium
2282 3474 2334 3525 et
2356 3470 2756 3527 comedebamus
2785 3485 2938 3541 cepas
2968 3475 3021 3527 et
3043 3472 3200 3535 allia,
3223 3476 3274 3528 et
3287 3487 3606 3539 cucumeres,
3637 3480 3711 3532 et;

2097 3579 2328 3637 pepones
2347 3565 2539 3631 (Ea-od.
2562 3579 2695 3634 xvr,
2716 3567 2880 3624 Num.
2903 3569 3011 3633 xx).
3040 3565 3177 3636 Quae
3198 3565 3509 3640 ﬁguralicet
3525 3567 3582 3624 in
3602 3568 3699 3626 illo

2102 3657 2438 3732 praecesserit
2455 3658 2679 3731 populo,
2705 3668 2892 3716 tamen
2911 3676 3062 3717 nunc
3079 3676 3293 3733 quoque
3311 3676 3433 3718 eam
3456 3661 3704 3735 quotidie

2103 3753 2163 3809 in
2207 3760 2399 3809 nostro
2450 3752 2643 3810 ordine
2684 3768 2749 3810 ac
2796 3752 3131 3827 professione
3173 3754 3423 3814 videmus
3457 3756 3693 3829 impleri.

2103 3845 2300 3905 Omnis
2317 3846 2465 3903 enim
2494 3846 2825 3920 quicumque
2869 3854 2998 3920 post
3024 3847 3479 3907 renuntiationem
3507 3847 3697 3906 mundi

2106 3938 2272 4013 hujus
2324 3939 2394 3998 ad
2428 3939 2645 4013 antiqua
2680 3940 2967 3997 revertitur
3001 3940 3206 4012 studia,
3249 3951 3305 3999 et
3344 3941 3418 4000 ad
3472 3942 3698 4016 pristina

2105 4033 2371 4093 desideria
2395 4042 2706 4103 revocatur,
2733 4033 2852 4092 haec
2891 4034 3083 4092 cadam
3120 4051 3250 4094 cum
3293 4036 3400 4093 illis
3435 4050 3601 4109 opere
3630 4050 3696 4092 ac

2103 4135 2289 4185 mente
2311 4127 2630 4201 proclamat,
2650 4126 2839 4185 dicens
2869 4145 2883 4182 :
2906 4129 3044 4185 Bene
3063 4129 3205 4184 mihi
3221 4132 3341 4184 erat
3370 4131 3427 4183 in
3448 4132 3693 4200 Egypto.

2105 4221 2358 4292 Quorum
2384 4236 2576 4279 vereor
2619 4235 2690 4277 ne
2718 4228 2870 4277 tanta
2914 4220 3235 4279 invenienda
3280 4221 3351 4279 sit
3383 4220 3699 4292 multitudo,

2105 4324 2336 4389 quantas
2366 4323 2502 4372 tunc
2530 4314 2635 4371 sub
2656 4317 2813 4372 Mose
2837 4315 3316 4388 praevaricantium
3346 4316 3541 4374 turbas
3564 4316 3703 4390 legi-

2103 4423 2228 4465 mus
2245 4407 2534 4464 exstitisse.
2564 4408 2709 4463 Nam
2742 4422 2868 4465 cum
2897 4417 3147 4466 sexcenta
3171 4409 3341 4466 millia
3361 4416 3705 4466 armatorum

2104 4500 2172 4559 de
2198 4503 2434 4575 Egypto
2475 4499 2928 4573 denumerenturj
2951 4516 3188 4576 egressa,
3230 4517 3296 4560 ex
3324 4502 3409 4561 bis
3436 4519 3546 4560 non
3573 4508 3702 4559 sunt

398 4595 647 4670 ingentes
703 4597 963 4655 materias
1017 4598 1258 4673 objectas
1306 4597 1477 4655 oculis
1526 4596 1705 4652 carnis
1748 4595 1991 4668 aspiciat.
2023 4582 2074 4646 D
2103 4593 2340 4668 amplius
2381 4609 2546 4668 quam
2574 4593 2685 4653 duo
2726 4602 2941 4652 tantum
2985 4603 3189 4653 terram
3214 4596 3590 4669 promissionis
3621 4595 3710 4652 in-

1492 4749 1744 4805 ALARDI
1783 4748 2012 4806 (ΞΑΖᾸΞΙ
2048 4748 2613 4807 COMMENTARIUS.

469 4889 493 4920 ⁸
511 4885 884 4943 Duo'fuerunt
903 4885 1095 4943 Enoch
1120 4886 1231 4943 sive
1250 4883 1503 4952 Henoch,
1519 4883 1657 4941 alter
1686 4883 1829 4941 ﬁlius
1851 4884 2008 4952 Cain,

401 4957 606 5028 Genes,
631 4971 726 5028 tv,
755 4957 895 5028 alter
921 4957 1063 5015 ﬁlius
1081 4956 1265 5027 Jared,
1292 4956 1361 5014 de
1377 4971 1570 5028 genere
1589 4955 1741 5026 Seth,
1772 4963 1826 5013 et
1848 4956 2011 5028 septi-

402 5041 531 5101 mus
557 5025 629 5082 ab
657 5025 802 5098 ipso,
827 5027 1028 5101 Cenes.
1056 5028 1211 5101 v,_de
1234 5025 1343 5101 quo
1377 5025 1467 5101 hic
1489 5027 1669 5101 agitur
1694 5047 1707 5083 :
1728 5025 2007 5101 'cujus'in-

400 5099 590 5172 signes
602 5096 975 5172 praerogativae
994 5106 1106 5172 tres
1119 5098 1176 5154 in
1190 5096 1485 5172 scripturis
1504 5096 1820 5172 traduntur:
1831 5099 2006 5172 Prima

401 5168 553 5242 quod
582 5168 883 5242 ambulavit
907 5171 1193 5242 cum_Deo,
1213 5168 1330 5226 sive
1342 5186 1531 5228 coram
1552 5172 1687 5238 Deo,
1709 5169 1888 5242 phrasi
1903 5170 2007 5242 He-

401 5237 614 5313 braica,
639 5256 746 5313 qua
791 5237 1080 5313 singularis
1100 5237 1225 5313 ejus
1249 5255 1372 5313 erga
1399 5243 1574 5298 Deum
1604 5237 1776 5312 pietas
1802 5249 1859 5295 et
1883 5240 2005 5296 vita

401 5310 675 5384 sanctitas
694 5310 1014 5384 designatur
1048 5310 1419 5384 (Augustfxv
1465 5313 1532 5368 de
1560 5310 1715 5384 Civil.
1758 5313 1858 5365 Dei
1868 5326 1999 5384 cap.

406 5386 514 5450 19).
536 5379 689 5453 Idem
706 5379 856 5453 enim
871 5389 953 5439 est
972 5379 1252 5439 ambulare
1272 5398 1399 5439 cum
1422 5386 1537 5439 Deo
1563 5382 1645 5437 vel
1667 5394 1857 5453 coram
1867 5379 2002 5453 Deo,

404 5449 777 5525 acamhulare
814 5452 873 5508 in
919 5452 1005 5510 via
1050 5453 1274 5510 Domini
1316 5455 1399 5511 vel
1440 5453 1494 5508 in
1535 5450 1824 5525 praeceptis
1852 5449 1996 5523 ejus;

401 5532 499 5581 aut
516 5524 727 5596 placere
752 5526 1053 5595 Deo,sicut
1079 5527 1239 5582 LXX
1258 5524 1580 5596 interpretes
1607 5536 1706 5596 pro
1730 5536 1797 5596 eo
1825 5530 1998 5580 verte-

403 5593 534 5651 runt
565 5617 579 5652 :
628 5596 839 5653 Placuit
879 5593 1006 5654 Deo.
1050 5597 1214 5655 Unde
1257 5605 1313 5653 et
1346 5593 1579 5652 Abrahae
1608 5593 1767 5651 dixit
1807 5596 1995 5652 Deus:

401 5667 641 5740 ᾼηιὸιιια
654 5683 833 5740 coram
842 5685 944 5732 me,
958 5674 1009 5725 et
1024 5674 1131 5725 esto
1135 5670 1410 5740 perfectus
1420 5667 1574 5740 (Gen,
1593 5669 1776 5740 xvii).
1794 5667 1997 5724 Secun-

402 5736 496 5812 da,
524 5737 677 5810 quod
707 5739 775 5794 sit
810 5754 842 5795 a
873 5743 987 5797 Deo
1016 5736 1329 5812 translatus.
1365 5738 1459 5794 Ait
1485 5738 1632 5794 enim
1647 5738 1939 5812 _Scriptura
1972 5757 1984 5793 :

402 5745 496 5807 da,
524 5745 677 5810 quod
707 5745 775 5794 sit
810 5754 842 5795 a
873 5745 987 5797 Deo
1016 5745 1329 5796 translatus.
1365 5745 1459 5794 Ait
1485 5745 1632 5794 enim
1659 5745 1939 5812 Scriptura
1972 5757 1984 5793 :
2097 5745 2288 5806 citare,
2319 5752 2333 5793 ι

402 5811 474 5866 Et
501 5824 608 5865 non
634 5815 914 5881 apparuit,
943 5814 1076 5882 quia
1104 5811 1230 5866 tulit
1268 5826 1388 5867 eum
1440 5814 1600 5867 Deus.
1632 5810 1774 5869 Gen.
1813 5825 1881 5879 v;
1934 5816 1992 5866 et
2097 5824 2201 5868 nec
2227 5823 2333 5882 apu

2120 4885 2327 4966 [Ξίιπειεεςἒ
2349 4899 2497 4941 xuv
2528 4884 2755 4966 :_En£ch_
2767 4885 2976 4966 placuit
2989 4889 3125 4966 pec,
3155 4889 3207 4941 et
3224 4886 3522 4966 translatus
3552 4890 3635 4966 est
3664 4889 3719 4966 in

2117 4956 2466 5029 Paradisum,
2497 4962 2602 5012 etc.
2633 4955 2836 5024 Tertia,
2862 4955 3009 5028 quod
3034 4955 3213 5029 adhuc
3238 4964 3516 5029 superstes
3540 4957 3634 5024 sit,
3663 4963 3721 5014 et

2115 5026 2352 5100 necdum
2395 5034 2670 5100 mortuus,
2712 5041 2814 5100 nec
2859 5026 3137 5100 usquead
3167 5026 3737 5100 consummationem-

2114 5097 2299 5173 saaculi
2332 5098 2585 5173 credatur
2612 5097 2956 5173 moritur-usi
2976 5097 3211 5173 Disertis
3239 5098 3420 5173 verbis
3450 5098 3527 5156 ait
3562 5103 3730 5173 Apoc

2114 5169 2290 5226 stolus
2315 5169 2385 5225 ad
2413 5169 2676 5226 Hebrazos
2712 5189 2726 5224 :
2767 5171 2898 5227 Fide
2936 5171 3116 5227 Enoch
3151 5171 3453 5226 translatus
3493 5174 3597 5239 est,
3615 5169 3637 5173 ”
3657 5185 3725 5228 ne

2110 5241 2321 5313 videret
2357 5246 2581 5313 mortem
2624 5241 2777 5309 (Heb.
2829 5239 2939 5313 ιι).
2990 5239 3157 5313 Unde
3206 5249 3391 5313 aperte
3437 5240 3731 5313 colligitur

2112 5310 2305 5367 Enocb
2316 5311 2565 5368 nondum
2575 5326 2692 5368 esse
2707 5310 3019 5380 mortuum;
3043 5311 3138 5369 sed
3170 5310 3498 5368 moriturum
3520 5310 3733 5370 tamen

2110 5381 2422 5454 aliquando,
2467 5382 2594 5454 quia
2628 5381 2785 5452 juxta
2834 5384 3143 5454 generalem
3190 5384 3291 5439 Dei
3332 5380 3682 5454 sententiam
3708 5400 3735 5437 ε

2110 5452 2388 5509 Statutum
2405 5452 2750 5509 est'omnibus
2777 5452 3078 5511 hominibus
3105 5454 3428 5510 semelmori.‘
3459 5452 3609 5509 Heb.
3648 5466 3738 5513 lx

2111 5524 2392 5598 gGen._u).
2414 5524 2552 5598 Vide
2578 5524 2635 5580 S.
2669 5524 2941 5598 Thomam
2959 5525 3017 5582 in
3040 5526 3210 5598 Epist.
3244 5525 3315 5583 ad
3336 5524 3635 5596 Hebmos,
3671 5529 3738 5584 et

2106 5593 2388 5650 Pererium
2420 5594 2475 5650 in
2507 5595 2793 5651 Genesim.

2175 5667 2203 5701 ³³
2227 5663 2456 5722 Videtur
2483 5666 3019 5742 Auctorhaac‘verba
3066 5676 3352 5742 tamquam
3380 5684 3418 5742 ei
3435 5667 3741 5742 Scriptura

2359 5746 2659 5814 utetamen
2686 5738 2743 5794 in
2765 5737 3004 5796 editione
3023 5737 3241 5814 vulgata
3269 5757 3386 5814 non
3408 5737 3733 5801 habentur:

2396 5809 2570 5868 alium
2591 5818 2872 5870 auctorem
2896 5809 3327 5887 reperire'potui.
