4042 6198
383 233 486 290 569

1135 226 1475 284 COLLATIO
1514 230 1604 284 111.
1642 258 1714 271 -—
1749 231 1840 286 DE
1877 231 2124 290 TRIBUS
2158 233 2942 293 ABRENUNTIATIONIBUS.

3601 246 3706 301 570

381 356 551 431 gregi
571 356 757 429 (Num.
776 352 947 427 xxv).
970 351 1169 411 Unde‘
1189 351 1559 412 festinandum
1602 353 1763 413 nobis
1795 363 1900 426 est,
1934 365 1998 414 ut
2024 362 2078 425 Α
2104 359 2318 415 tiationi
2357 358 2507 416 aliud
2537 359 2713 432 majus
2746 360 2991 434 adjunxit
3022 364 3199 419 :Btsi
3214 364 3492 421 tradidero
3511 381 3703 438 corpus

383 468 416 509 a
451 450 646 525 paucis
671 464 733 506 ac
766 446 1066 505 rarissimis
1100 460 1391 506 sumamus
1413 446 1667 521 exempla
1706 447 1992 520 virtutum,

383 545 510 619 quia
558 540 863 601 secundum
908 540 1065 598 illam
1119 555 1286 614 quam
1330 540 1573 599 diximus
1622 540 1880 616 figuram,
1934 544 1994 600 in

382 637 674 712 Evangelio
710 651 931 709 quoque
956 634 1119 692 multi
1157 635 1356 704 vocati,
1386 637 1543 709 pauci
1582 643 1770 693 autem
1796 637 1996 695 dicun-

383 732 639 791 turelecti
670 730 903 806 (Matth.
934 745 1021 787 xx
1040 734 1093 786 et
1107 743 1244 787 xm
1260 733 1301 798 ).
1316 729 1460 787 Nihil
1486 745 1621 804 ergo
1647 730 1806 788 nobis
1823 731 1994 805 prod-

383 826 491 885 erit
536 824 937 883 abrenuntiatio
990 823 1316 896 corporalis,
1373 830 1431 881 et
1482 823 1671 883 localis
1720 823 1996 898 quodam-

381 919 554 978 modo
592 936 659 978 ex
695 923 931 993 Egypto
962 916 1394 991 transmigratio,
1422 918 1481 989 fsi
1526 918 1993 977 renuntiationem

380 1014 581 1082 cordis,
612 1029 737 1089 quae
766 1012 1057 1072 sublimior
1075 1018 1146 1084 ‘_et
1172 1010 1357 1069 utilior
1391 1019 1496 1082 est,
1525 1026 1637 1069 non
1667 1012 1994 1071 valuerimus

377 1108 638 1166 similiter
665 1108 927 1166 obtinere.
954 1109 1041 1162 De
1068 1103 1160 1162 illa
1188 1104 1334 1162 enim
1359 1121 1522 1178 quam
1557 1105 1794 1165 diximus
1825 1106 1984 1166 abre-

378 1204 736 1261 nuntiatione
779 1200 1069 1275 corporali,
1116 1200 1194 1256 ita
1234 1200 1611 1273 pronuntiavit
1650 1201 1982 1272 Apostolus:

374 1297 446 1355 Si
451 1297 967 1353 disti-ibueroomnes
977 1295 1423 1364 facultatesmeas
1438 1298 1496 1351 in
1516 1296 1983 1368 cibospauperum,

380 1395 431 1448 et
471 1390 752 1447 tradidero
795 1404 986 1461 corpus
1026 1403 1223 1452 meum,
1263 1393 1328 1444 ut
1371 1390 1622 1457 ardeam;
1668 1391 1987 1447 charitatem

383 1487 561 1541 autem
597 1497 704 1538 non
727 1483 984 1546 habuero,
1013 1480 1158 1537 nihil
1180 1481 1317 1537 mihi
1335 1482 1560 1552 prodest
1582 1486 1635 1549 (1
1667 1484 1783 1541 Cor.
1809 1486 1983 1554 xm).

385 1574 548 1647 Quod
566 1575 758 1631 beatus
784 1573 1080 1647 Apostolus
1107 1587 1412 1645 numquam
1440 1572 1688 1644 dixisset,
1720 1576 1829 1633 nisi
1856 1577 1986 1648 quia

384 1666 630 1726 futm-um
651 1667 709 1723 in
738 1666 933 1739 spiritu
956 1665 1294 1740 praevidebat
1316 1674 1379 1723 ut
1414 1666 1605 1741 aliqui,
1637 1667 1991 1727 facultatibus

2099 469 2295 519 meum,
2322 460 2387 510 ut
2405 455 2644 520 ardeam,
2676 456 2991 513 charitatem
3012 472 3136 513 vero
3158 472 3264 513 non
3287 458 3538 523 habuero,
3563 463 3706 517 nihil

2100 559 2241 602 sum.
2274 550 2358 604 Ac
2402 548 2448 604 si
2484 547 2600 604 aliis
2643 548 2824 604 verbis
2869 548 3130 608 dixisset:
3175 551 3231 609 Si
3276 550 3608 609 distribuero
3651 553 3707 612 in

2102 640 2254 697 cibos
2291 655 2591 714 pauperum
2627 657 2821 700 omnes
2854 641 3140 702 facultates
3175 659 3346 714 meas,
3399 646 3702 704 secundum

2100 736 2483 808 evangelicum
2508 736 2642 794 illud
2697 736 3043 807 mandatum,
3093 754 3202 812 quo
3242 738 3440 797 dicitur
3465 742 3699 806 (Matth.

2101 830 2244 897 xux)
2270 848 2287 884 :
2315 822 2343 862 ¹³
2364 831 2427 886 Si
2445 832 2530 885 vis
2546 833 2822 901 perfectus
2841 847 2968 901 esse,
3002 833 3154 903 vade,
3181 834 3346 889 vende
3366 838 3546 889 omnia
3585 850 3706 905 qua

2100 922 2281 985 habes,
2309 925 2360 977 et
2381 922 2453 976 da
2469 924 2827 993 pauperibus,
2853 929 2904 980 et
2915 926 3133 981 habebis
3160 927 3464 982 thesaurum
3481 929 3542 983 in
3559 924 3703 993 οωιο,

2100 1019 2152 1069 et
2182 1018 2320 1079 veni,
2356 1031 2571 1085 sequere
2613 1032 2727 1084 me;
2753 1017 2826 1072 ita
2853 1017 3058 1075 scilicet
3084 1019 3492 1088 abrenuntians,
3531 1028 3594 1077 ut
3638 1036 3705 1078 ex

2099 1106 2185 1164 his
2204 1108 2333 1164 nihil
2368 1108 2581 1180 penitus
2604 1108 2735 1164 mihi
2772 1124 3079 1179 reservem;
3125 1121 3182 1168 et
3228 1112 3359 1169 huic
3398 1114 3704 1186 erogationi

2092 1200 2423 1274 martyrium
2475 1208 2532 1257 et
2577 1201 2918 1259 exustionem
2965 1218 3106 1261 mea:
3149 1205 3329 1261 carnis
3365 1206 3698 1279 adjimxero,

2094 1293 2169 1350 ita
2194 1301 2258 1350 ut
2287 1309 2486 1366 corpus
2523 1309 2708 1351 meum
2746 1294 2960 1352 tradam
3005 1311 3106 1369 pro
3140 1296 3363 1354 Christo
3382 1316 3399 1368 ;
3429 1306 3485 1354 et
3517 1307 3704 1358 tamen

2097 1388 2176 1444 vel
2215 1387 2523 1461 impatiens,
2575 1388 2659 1445 vel
2705 1388 3028 1457 iracundus,
3071 1389 3157 1447 vel
3202 1388 3437 1455 invidus,
3478 1391 3564 1448 vel
3600 1407 3700 1449 su-

2095 1482 2294 1555 perbus
2318 1484 2448 1551 sim,
2475 1482 2559 1539 vel
2584 1481 2822 1539 aliorum
2846 1481 3163 1540 inflammet
3180 1483 3413 1556 injuriis,
3438 1484 3520 1541 vel
3545 1498 3695 1556 qum-

2094 1591 2214 1633 ram
2250 1590 2378 1649 quai
2415 1590 2536 1633 mea
2558 1584 2705 1645 sunt,
2737 1577 2819 1633 vel
2845 1591 2906 1632 ea
2934 1591 3061 1649 quae
3087 1577 3233 1633 mala
3265 1583 3394 1634 sunt
3434 1578 3696 1650 cogitem,

2095 1670 2178 1726 vel
2194 1670 2450 1726 universa
2469 1685 2593 1742 quae
2615 1670 2749 1727 mihi
2782 1678 3013 1743 possunt
3038 1669 3225 1727 inferri
3270 1685 3385 1727 non
3428 1671 3700 1743 patienter

382 1761 649 1820 universis
675 1762 734 1818 in
756 1774 1058 1834 pauperum
1086 1759 1347 1819 alimenta
1381 1759 1665 1834 dispersis,
1701 1762 1770 1820 ad
1802 1763 1988 1836 perfe-
2015 1772 2064 1834 Β
2096 1763 2437 1837 libenterque
2463 1765 2801 1833 sustineam;
2834 1763 2967 1820 nihil
2991 1764 3128 1820 mihi
3153 1763 3397 1837 proderit
3418 1764 3701 1822 exterioris

382 1857 622 1914 stionem
656 1855 1033 1930 evangelicam
1057 1858 1128 1924 jet
1171 1855 1456 1913 charitatis
1494 1855 1728 1914 arduum
1766 1858 1990 1917 culmen
2098 1856 2339 1914 hominis
2377 1856 2780 1914 abrenuntiatio
2834 1867 2997 1930 atque
3056 1857 3391 1928 combustio,
3443 1857 3701 1915 interiore

383 1949 661 2023 pervenire
696 1964 808 2007 non
850 1957 1114 2021 possent;
1161 1950 1290 2022 quia
1335 1950 1547 2007 scilicet
1582 1950 1806 2022 pristina
1857 1952 1989 2010 vitia
2096 1949 2278 2008 adhuc
2295 1950 2442 2007 vitiis
2488 1949 2730 2022 pristinis
2773 1950 3041 2021 involuto,
3086 1965 3154 2008 eo
3197 1950 3346 2023 quod
3392 1951 3697 2024 simplicem

381 2058 714 2115 morumque
756 2042 1228 2113 incontinentiam,
1266 2042 1349 2100 vel
1375 2043 1646 2117 superbia
1681 2045 1764 2103 vel
1804 2046 1987 2120 impa-
2094 2045 2457 2104 substantiam
2503 2045 2695 2103 mundi
2741 2045 2909 2119 hujus
2945 2046 3138 2119 prima:
3179 2044 3546 2103 conversionis
3595 2044 3701 2103 fer-

380 2134 573 2191 tientia
596 2133 930 2203 dominante,
970 2134 1029 2190 in
1057 2134 1172 2193 suis
1206 2134 1469 2193 cordibus
1510 2137 1835 2204 retinentes,
1876 2153 1982 2196 nc-
2087 2156 2225 2199 vore
2244 2148 2626 2209 contemnens,
2646 2155 2772 2213 quae
2798 2155 2899 2197 nec
2925 2140 3070 2197 bona
3095 2155 3232 2209 esse,
3264 2154 3369 2197 nec
3383 2139 3552 2209 mala,
3597 2139 3696 2197 sed

386 2241 663 2300 quaquam
693 2241 752 2284 se
779 2226 848 2283 ab
871 2227 972 2284 illis
998 2241 1294 2301 expurgare
1332 2238 1611 2299 curarent,
1642 2238 1698 2287 et
1724 2230 1800 2287 ob
1827 2230 1884 2288 id
1912 2231 1983 2289 ad

389 2319 710 2377 charitatem
736 2322 864 2391 Dei,
888 2336 1008 2394 qua:
1028 2337 1328 2396 numquam
1354 2322 1517 2392 cadit,
1547 2323 1779 2381 minime
1798 2339 1985 2397 perve-

381 2414 581 2471 nirent.
612 2416 721 2488 Qui
745 2414 933 2489 utique
958 2415 1244 2474 inferiores
1279 2415 1466 2475 effecti
1496 2417 1605 2475 hoc
1629 2418 1871 2479 secundo
1897 2434 1983 2475 re-

380 2508 739 2566 nuntiationis
765 2509 956 2583 gradu,
979 2510 1156 2568 multo
1192 2510 1380 2568 minus
1413 2510 1567 2568 illum
1592 2512 1845 2580 tertium,
1886 2513 1981 2586 qui

380 2601 739 2675 proculdubio
771 2612 854 2661 est
901 2604 1211 2674 sublimior,
1260 2604 1693 2678 apprehendunt.
1739 2606 1983 2680 Diligen-

377 2692 485 2751 tius
512 2702 697 2750 tamen
730 2696 894 2752 etiam
941 2697 1048 2753 hoc
1086 2704 1272 2755 menta
1300 2697 1635 2771 perpendite,
1680 2698 1829 2771 quod
1866 2714 1979 2756 non

379 2785 697 2859 simpliciter
718 2787 935 2858 dixerit,
962 2791 1025 2847 Si
1045 2792 1370 2847 distribuere
1384 2793 1675 2861 facultates
1696 2808 1871 2861 meas;
1894 2794 1980 2849 vi-

378 2878 600 2938 deretur
626 2882 772 2939 enim
794 2882 866 2939 de
890 2883 986 2940 illo
1008 2882 1152 2941 forte
1177 2883 1389 2942 dixisse
1413 2885 1507 2959 qui
1538 2886 1773 2944 necdum
1812 2901 1978 2943 evan-

379 2974 608 3047 gelicum
634 2975 871 3050 implens
897 2976 1223 3036 mandatum
1262 2978 1442 3036 adhuc
1464 2981 1717 3048 omnino,
1765 2978 1871 3038 sibi
1913 2996 1978 3039 ex

382 3067 477 3137 eis,
501 3069 641 3127 sicut
666 3070 912 3127 nonnulli
939 3070 1254 3144 tepidorum
1298 3071 1529 3143 faciunt,
1560 3072 1771 3146 aliquid
1809 3087 1984 3131 reser-

380 3172 590 3231 vasset;
612 3162 732 3233 sed,
773 3165 837 3223 Si
861 3165 1202 3231 distribuere,
1252 3165 1451 3239 inquit,
1473 3168 1665 3223 'omnes
1701 3167 1986 3234 facultates
2018 3161 2064 3226 C

382 3271 527 3313 meas
550 3260 610 3313 in
632 3258 771 3314 cibos
797 3274 1118 3330 pauperum,
1141 3257 1197 3316 id
1214 3265 1318 3327 est,
1333 3256 1545 3340 etiamsi
1567 3257 1808 3330 perfecte
1827 3259 1982 3316 abre-

380 3351 703 3410 nuntiavero
725 3351 934 3409 divitiis
962 3352 1079 3410 istis
1099 3351 1350 3409 terrenis.
1373 3351 1514 3408 Huic
1539 3365 1759 3424 quoque
1779 3366 1981 3408 renun-
2011 3408 2020 3418 ,

2090 2234 2270 2293 media
2292 2233 2568 2303 deﬁnitur,
2598 2233 2777 2290 vitiosi
2806 2231 2988 2290 cordis
3007 2234 3202 2289 noxias
3227 2231 3511 2289 facultates
3540 2232 3700 2289 simi-

2091 2330 2215 2386 liter
2239 2328 2470 2403 abjicere
2494 2343 2611 2385 non
2639 2326 2902 2396 curarim,
2925 2341 3028 2384 nec
3048 2326 3313 2400 attingam
3340 2322 3694 2382 Dom‘inlcam

2089 2420 2432 2491 cbaritatem,
2455 2436 2580 2494 qum
2610 2422 2845 2492 patiens,
2870 2434 2994 2492 quae
3021 2420 3255 2489 benigna
3290 2423 3389 2482 est,
3426 2432 3552 2490 que
3585 2432 3694 2475 non

2090 2516 2400 2580 aemulatur,
2419 2530 2525 2571 non
2554 2516 2801 2583 inflatur,
2822 2528 2929 2568 non
2952 2514 3227 2580 irritatur,
3256 2529 3364 2568 non
3381 2514 3495 2582 agit
3507 2526 3698 2583 perpe-

2088 2624 2228 2677 ram,
2249 2624 2357 2664 non
2372 2610 2573 2678 quaerit
2590 2610 2981 2677 quaesuasunt,
2992 2622 3100 2662 non
3116 2609 3314 2675 cogitat
3330 2608 3555 2669 malum,
3572 2622 3694 2675 qua

2086 2705 2270 2757 omnia
2288 2703 2517 2770 suffert,
2537 2702 2718 2755 omnia
2730 2700 2959 2754 sustinet
2985 2699 3041 2769 (Ι
3067 2700 3180 2756 Cor.
3205 2704 3359 2765 xm),
3414 2706 3696 2770 postremo

2087 2811 2214 2868 quae
2235 2798 2260 2829 °
2299 2802 2632 2852 sectatorem
2673 2807 2837 2850 suum
2863 2806 3168 2865 numquam
3196 2791 3390 2851 cadere
3414 2792 3544 2849 sinit
3559 2807 3692 2865 sup-

2087 2887 2418 2961 plantatione
2444 2885 2667 2959 peccati.

2677 2988 2922 3046 CAPUT
2957 2989 3100 3044 VIII
3102 3028 3116 3042 .

2087 3090 2163 3143 De
2165 3084 2641 3159 propriisdivitiis,
2654 3088 2711 3140 in
2726 3087 3142 3226 giliifbuggnstat
3151 3068 3699 3154 animcepulchritudo

2710 3174 2771 3212 ve
2837 3173 2884 3212 ω
2967 3172 3051 3213 as.

2710 3172 2791 3212 vel
2809 3172 3051 3213 ηεαιιαε.

2161 3258 2438 3316 Festinare
2457 3259 2619 3332 igitur
2637 3258 2899 3317 debemus
2921 3258 3070 3314 omni
3092 3257 3367 3327 instantia,
3385 3265 3450 3314 ut
3472 3257 3699 3314 interior

2093 3367 2314 3424 quoque
2340 3360 2530 3408 noster
2554 3352 2723 3409 homo
2765 3351 3020 3408 vitiorum
3065 3366 3293 3408 suorum
3321 3350 3534 3408 divitias
3558 3365 3698 3425 quas

1479 3440 1740 3497 ALARDI
1777 3439 2003 3497 GAZEI
2040 3440 2596 3498 COMMENTARIUS.

453 3532 483 3563 ⁸
509 3529 575 3587 Id
600 3538 702 3606 est,
730 3531 1108 3606 satagendum,
1138 3528 1564 3606 providendum,
1593 3527 1981 3606 laborandum,

384 3607 451 3656 ut
483 3597 731 3677 superius
770 3597 954 3677 collat.
989 3610 1013 3659 1
1044 3597 1162 3677 cap'.
1214 3608 1303 3677 11ἓ
1345 3609 1405 3659 et
1441 3597 1633 3659 rursus
1670 3597 1808 3657 infra
1855 3597 1980 3674 cap}

487 3671 675 3746 uenti:
706 3676 983 3746 Festinare
1017 3671 1191 3746 igitur
1217 3675 1482 3732 debemus.

507 3742 735 3800 Pulchre
777 3745 832 3801 in
863 3744 1004 3802 hanc
1039 3742 1385 3815 sententiam,

381 3820 471 3871 tus
498 3815 831 3886 praecipuum
860 3825 943 3874 est
967 3817 1403 3883 fundamentum,

382 3886 538 3958 epist.
567 3892 602 3942 8
624 3886 694 3944 ad
716 3888 1159 3944 Demetriadem:
1191 3888 1506 3958 Apostolici,
1534 3888 1712 3959 inquit
1722 3886 1751 3955 ζ
1767 3888 1985 3954 fastigii

382 3962 460 4009 est
489 3958 839 4009 perfectaeque
852 3951 1076 4009 virtutis
1096 3958 1321 4009 vendere
1344 3958 1543 4009 omnia.
1573 3964 1626 4009 et
1649 3956 1982 4009 muneribus

1862 3970 1982 4009 ibus

1492 3760 1551 3821 at
1568 3743 1820 3821 religiosi
1862 3750 1980 3821 sta-

1489 3861 1500 3873 .
1530 3814 1902 3888 Hieronymus
1925 3814 1979 3869 in

382 3951 460 4029 est
486 3958 839 4029 perfectasque
852 3951 1076 4013 virtutis
1096 3951 1321 4012 vendére
1344 3951 1543 4029 omnia,
1573 3951 1629 4010 et"
1646 3951 1860 4029 pauper

379 4024 717 4093 distribuere,
740 4024 792 4082 et
817 4031 894 4084 sic
919 4029 1081 4082 levem
1110 4030 1274 4095 atque
1300 4029 1351 4078 et
1364 4024 1608 4093 peditum
1638 4024 1757 4079 cum
1781 4025 1984 4095 Christo

377 4099 453 4155 ad
470 4101 699 4155 caelestia
724 4099 1024 4152 subnotare.
1043 4094 1209 4154 Nobis
1227 4096 1455 4163 diligens
1469 4095 1670 4150 credita
1680 4099 1756 4150 est
1775 4094 1986 4163 dispen-

376 4173 537 4234 satio,
569 4183 896 4239 quamquam
922 4170 981 4221 in
1008 4168 1102 4222 hoc
1129 4168 1277 4223 omni
1297 4167 1456 4239 (stati
1478 4167 1730 4237 omnique
1749 4179 1985 4239 personae

378 4237 604 4296 libertas
629 4239 849 4293 arbitrii
888 4239 1076 4294 relicta
1102 4241 1194 4294 sit.
1222 4239 1285 4296 Si
1304 4238 1408 4301 vis,
1438 4239 1640 4309 inquit,
1670 4251 1779 4293 esse
1792 4237 1986 4307 perfe-

376 4316 521 4367 ctus.
547 4309 670 4366 Non
692 4323 831 4378 cogo,
860 4324 964 4364 non
991 4312 1189 4381 impero
1205 4328 1224 4377 ;
1259 4313 1413 4365 tuum
1441 4314 1519 4365 est
1556 4310 1753 4380 eligere
1796 4310 1848 4364 si
1888 4321 1986 4381 vo-

379 4381 554 4437 lueris
581 4381 638 4433 in
657 4395 820 4449 agone
839 4385 1002 4451 atque
1027 4379 1313 4437 certamine
1336 4382 1603 4437 coronari.
1636 4379 1710 4435 Et
1739 4379 1985 4435 conside-

375 4465 561 4580 m
573 4466 743 4580 qéiam.
757 4450 1323 4537 sapientersapientia
1336 4454 1411 4507 sit
1435 4453 1610 4537 locuta
1623 4472 1643 4537 ς
1863 4465 1984 4521 qua:

446 4598 458 4606 ⁸
543 4564 599 4606 λ.
633 4539 690 4606 ui
718 4528 828 4577 ista
860 4527 1295 4606 prtempiuntur?
1334 4538 1518 4606 nempe
1544 4525 1630 4578 illi
1655 4539 1742 4579 cui
1761 4524 1984 4606 .dictum

380 4598 460 4652 est
488 4614 516 4666 ί
534 4595 599 4650 Si
613 4596 693 4666 vis
718 4608 826 4650 esse
832 4598 1124 4666 perfectus,
1140 4611 1246 4651 non
1266 4598 1480 4665 partem
1497 4596 1748 4650 bonorum
1768 4599 1985 4650 nierum

379 4664 564 4730 vende,
588 4665 682 4721 sed
702 4664 900 4721 omnia.
933 4667 1166 4736 Cumque
1191 4664 1517 4731 vendideris,
1548 4666 1683 4735 quid
1706 4666 1987 4736 sequitur?

383 4736 540 4794 Etda
561 4738 911 4807 pauperibus.
941 4739 1058 4795 Non
1079 4737 1363 4799 divitibus,
1385 4751 1493 4791 non
1506 4738 1850 4807 propinquis,
1878 4750 1984 4790 non

383 4807 785 4907 etiam“:
806 4808 1309 4907 εεέπεοεεεξτατενίιλ
1322 4806 1984 4907 sacrasseﬁsaeez-
2012 4845 2064 4907 ι)

383 4892 532 4951 mus.
553 4882 723 4951 Porro
763 4878 1007 4951 lepidum
1035 4888 1143 4945 est,
1164 4877 1312 4950 quod
1343 4877 1412 4935 de
1426 4877 1673 4951 quodam
1694 4876 1967 4933 monacho

383 4948 580 5022 legitur
602 4947 837 5022 (Socrati
863 4951 900 5006 ι.
936 4965 1004 5007 1v
1028 4947 1309 5022 Histor._c.
1346 4947 1467 5019 18),
1498 4948 1592 5018 qui
1634 4947 1984 5022 hac__senten-

379 5019 463 5077 tia
508 5019 811 5093 evangelica
868 5035 1179 5093 persuasus,
1239 5020 1438 5093 librum
1494 5019 1766 5093 Evangelii
1821 5033 1986 5091 quem

379 5092 559 5164 solum
584 5090 820 5164 habebat
843 5090 1114 5164 vendidit,
1148 5100 1203 5164 et
1229 5091 1462 5164 pretium
1482 5090 1823 5164 pauperibus
1837 5090 1985 5164 ’eroj

450 5162 526 5238 vit
559 5182 571 5219 :
603 5165 768 5238 #Eum
792 5162 996 5238 ipsum,
1044 5159 1313 5238 inquiens,
1367 5159 1568 5238 librum
1593 5159 1984 5238 'vendidi,__qui

418 5234 556 5291 icit:
600 5235 783 5292 Vende
813 5233 1002 5291 bmnia
1042 5233 1162 5305 quae
1206 5235 1387 5303 habes,
1431 5237 1483 5288 ct
1517 5234 1590 5289 da
1628 5233 1983 5305 pauperibus.

378 5305 547 5361 Plura
589 5305 647 5361 in
688 5305 938 5363 eamdem
981 5302 1310 5362 sententiam
1352 5302 1667 5361 notavimus
1712 5302 1818 5360 alio
1866 5302 1988 5359 loco

383 5376 531 5449 (Lib.
564 5380 873 5449 vulnstit.
914 5394 960 5433 c.
1004 5378 1118 5449 16).

451 5451 476 5481 ο
501 5448 643 5519 Quid
672 5448 877 5521 igitur?
908 5447 1317 5533 _qu_i_charit_ate
1338 5447 1624 5533 :pmditus
1670 5454 1771 5533 est,
1798 5461 1982 5533 lium-

386 5531 551 5599 guam
580 5520 805 5604 peccare
832 5524 1049 5648 getes}?
1076 5521 1236 5578 Absit
1260 5529 1320 5578 ut
1347 5520 1419 5577 ita
1441 5520 1766 5577 sentiamus.
1785 5520 1981 5603 .Neque

386 5588 463 5671 id“
508 5593 694 5671 vo_l_uit_
728 5593 842 5671 gap
883 5600 1090 5671 nntius,
1136 5591 1295 5671 quod
1352 5601 1406 5671 et
1473 5591 1610 5671 fides
1626 5667 1645 5671 Α
1668 5590 1980 5671 Christiana

383 5661 613 5729 (Concil.
649 5661 906 5721 Tridfss.
938 5668 995 5732 6,
1021 5661 1234 5721 c.13'et
1264 5671 1329 5721 14
1357 5669 1408 5720 et
1435 5678 1554 5720 can.
1584 5666 1718 5732 23),
1744 5669 1799 5717 et
1816 5661 1979 5729 ratio,

382 5740 440 5790 et
453 5735 800 5808 experientia
826 5735 1140 5808 quotidiana
1159 5735 1449 5808 manifeste
1489 5733 1768 5808 refutant;
1813 5745 1981 5808 nemo

377 5801 649 5864 enim'est
675 5806 731 5864 in
769 5801 871 5863 hac
897 5807 1007 5863 vita
1036 5806 1253 5864 mortali
1288 5815 1440 5865 tanta
1468 5801 1761 5863 stabilitate
1782 5801 1981 5859 sufful-

2095 3538 2206 3595 tus,
2231 3536 2380 3585 tanta
2413 3526 2693 3600 charitatis
2735 3525 3065 3600 perfectione
3103 3525 3386 3600 prsiditus,
3422 3525 3555 3597 quin
3590 3525 3696 3600 sibi

2086 3600 2295 3658 dictum
2321 3596 2895 3673 putare‘debeat'illud
2906 3596 3154 3673 Apostoli
3183 3600 3326 3673 :_Qui'
3357 3596 3489 3662 stat,
3510 3599 3694 3655 videat

2088 3689 2155 3728 ne
2192 3668 2354 3728 cadat
2402 3674 2426 3741 (
2446 3672 2469 3726 ι
2507 3671 2626 3728 Cor.
2661 3676 2757 3742 ι).
2799 3668 2975 3742 Cujus
3008 3668 3245 3742 periculi
3280 3670 3425 3742 ipsos
3479 3683 3695 3741 quoque

2126 3743 2452 3801 rovectiores
2484 3756 2547 3798 ac
2645 3741 2931 3799 rfectiores
2957 3741 3242 3798 admonuit
3276 3741 3423 3798 idem
3467 3749 3697 3813 aposto-

2088 3760 2172 3870 rus
2193 3814 2437 3870 scribens
2463 3812 2533 3870 ad
2570 3756 2795 3870 salutas
2820 3828 2939 3870 can.
2969 3829 3055 3870 v1:
3086 3817 3324 3870 Fratres.
3362 3816 3415 3867 si
3431 3827 3697 3870 nrwoccu-

2109 3832 2172 3872 us
2193 3814 2437 3871 scribens
2463 3812 2533 3870 ad
2570 3812 2795 3870 Galatas
2820 3828 2939 3884 cap.
2969 3829 3055 3881 v1;
3086 3817 3324 3876 Fratres,
3362 3816 3415 3867 si
3427 3812 3698 3882 praeoccu-

2083 3891 2250 3965 patus
2266 3888 2447 3965 fuerit
2460 3886 2620 3965 homo
2642 3886 2705 3965 in
2719 3885 2907 3965 aliqua
2927 3884 3138 3965 delicto,
3157 3899 3248 3965 vos
3267 3885 3364 3965 qui
3385 3884 3696 3965 spirituales

2089 3954 2236 4027 estis,
2259 3954 2571 4027 huiusmodi
2598 3956 2854 4010 instruite
2883 3955 2941 4008 in
2968 3956 3169 4026 spiritu
3216 3954 3482 4027 lenitatis;
3519 3954 3695 4007 consi-

2090 4026 2283 4096 derans
2312 4022 2362 4081 te
2396 4029 2595 4096 ipsum,
2644 4041 2722 4096 ne
2755 4029 2806 4080 et
2846 4030 2905 4082 tu
2950 4022 3186 4081 téiiteris.
3230 4022 3522 4093 Quomodo
3564 4035 3694 4095 ergo

2090 4094 2322 4151 charitas
2348 4094 2654 4168 numquam
2682 4095 2809 4168 sinit
2831 4102 3163 4168 sectatorem
3190 4109 3287 4168 seu
3321 4094 3694 4168 possessorem

2091 4180 2254 4221 suum
2306 4162 2530 4245 cadere:
2540 4165 2986 4245 gupplantatione
3015 4163 3295 4245 _peccati?_
3317 4162 3405 4245 eo.
3432 4162 3695 4245 nimirum

2092 4250 2276 4307 sensu,
2298 4244 2353 4291 et
2392 4232 2813 4306 significatione,
2841 4248 2950 4306 qua
2985 4232 3055 4291 ab
3070 4232 3333 4307 qustolo
3352 4233 3553 4307 dicitur
3569 4232 3695 4290 cha-
3742 4280 3749 4285 .

2092 4305 2224 4388 ritas
2252 4322 2363 4388 non
2392 4304 2901 4388 agere_perperam,
2940 4320 3061 4388 non
3101 4304 3322 4388 (
3339 4306 3364 4388 l
3388 4306 3504 4388 Cor.
3522 4309 3697 4388 χιιι),

2091 4387 2221 4448 etc.,
2250 4374 2455 4459 quibus
2474 4374 3029 4459 verbisdsigniﬁeamr
3053 4376 3193 4459 quid
3222 4374 3423 4434 efficiat
3449 4374 3698 4459 ρςφειεμ

2130 4446 2215 4506 ue
2254 4446 2825 4521 charitas,_tantisper
2872 4446 3007 4505 dum
3061 4446 3201 4506 inest
3246 4464 3333 4521 ac,
3362 4446 3694 4521 possidetur.

2090 4465 2198 4578 iii"
2252 4465 3214 4577 ἓῖἒῗέδῖὶίαέδὲοἳνὲτυοῗιξῗειᾟ
3246 4465 3337 4576 δὲί
3362 4465 3694 4577 ’ἐξῗὲξὲιὲ

2093 4535 2276 4662 habqgt,
2301 4608 2415 4648 non
2440 4534 2916 4663 possesuperbum
2945 4591 3084 4661 ﬁeri,
3102 4662 3105 4663 ν
3121 4601 3217 4650 aut
3243 4535 3559 4663 eiuidquam
3596 4605 3696 4663 ne—

2094 4606 2276 4662 nanet,
2301 4608 2415 4648 non
2440 4606 2599 4665 posse
2620 4606 2916 4664 supernum
2945 4606 3084 4661 ueri,
3121 4606 3217 4650 aut
3256 4606 3559 4664 quicquam
3596 4606 3694 4646 ne-

2094 4662 2271 4736 quiter
2293 4678 2485 4738 agere;
2523 4662 2621 4738 sed
2658 4663 2764 4720 hoc
2801 4662 3330 4738 praestatcharitas,
3374 4662 3507 4717 dum
3535 4660 3694 4738 habe-

2089 4732 2199 4802 tur,
2224 4750 2296 4791 ne
2323 4732 2484 4817 simul
2507 4735 2727 4817 animus
2755 4732 2853 4805 per
2878 4732 3696 4817 superbiamiintumesga‘haut

2133 4804 2966 4953 assesasses
2986 4798 3695 4953 ξξξξε,οῖξέξξςιπέποὲξι¹ξὲξίωῖ

2093 4955 2156 5002 ut
2188 4940 2269 5000 ait
2320 4940 2641 5016 Apostolus;
2692 4940 2929 5016 scientia
2974 4942 3165 5016 inﬂet,_
3180 4941 3418 5016 charitas
3470 4940 3698 5016 wdiﬁeet

2094 5019 2149 5083 (l
2177 5018 2300 5073 Cor.
2329 5009 2503 5085 vini)”.
2532 5009 2838 5085 Atquehoc
2864 5025 3026 5085 sensu
3055 5009 3428 5085 accipiendum
3445 5009 3594 5084 quod
3616 5012 3697 5085 ait

2092 5081 2166 5144 D.
2195 5084 2588 5157 Prosperqlibro
2607 5081 2768 5140 tertio
2799 5082 2869 5139 de
2891 5081 3018 5157 Vita
3045 5081 3481 5156 Contemplativa
3496 5084 3695 5157 capite

2093 5157 2309 5215 decimo
2323 5155 2507 5224 tertio,
2528 5156 2846 5211 charitatem
2862 5155 3007 5226 Deo’j
3010 5160 3222 5211 unctam
3236 5155 3692 5226 inseparabiliter,

2091 5230 2335 5299 nullique
2352 5229 2482 5284 vitio
2508 5227 3025 5299 mutabilitatisesse
3044 5227 3374 5299 ,obnozeiam;
3403 5240 3515 5299 non
3544 5226 3695 5299 fquia

2092 5296 2424 5357 commutari
2447 5299 2770 5373 non_poit
2794 5298 2869 5373 ἱιι⁸
2886 5298 3122 5373 deterius
3151 5296 3446 5373 qui__semel
3488 5296 3697 5371 accepit

2088 5373 2445 5443 charitatem:
2494 5369 2911 5443 sed'quomodo
2964 5369 3189 5443 flamma
3214 5369 3427 5443 dicitur
3468 5369 3692 5443 sursum

2088 5459 2304 5516 semper
2332 5441 2486 5516 ferri,
2518 5440 2860 5516 cum—tamen
2890 5441 3064 5516 possit
3090 5441 3379 5516 exstingui,
3405 5441 3533 5512 quia
3557 5440 3692 5497 dum

2090 5524 2196 5586 est,
2208 5512 2335 5571 ’non
2360 5514 2558 5571 desinit
2585 5521 2766 5586 petere
2800 5512 3111 5586 superiora;
3133 5514 3208 5569 ita
3226 5512 3481 5579 charitas,
3498 5525 3693 5581 quam-

2086 5587 2181 5658 diu
2215 5585 2590 5658 homiuisqcor
2626 5582 3043 5658 possidet,__non
3082 5583 3289 5658 patitur
3325 5595 3452 5639 eum
3495 5596 3527 5637 a
3569 5584 3690 5658 Deo

2086 5626 2190 5730 33;}
2197 5626 3046 5730 ιίἰῖεῖὲΐᾶίἄιῖνοῗῖῖῖἴὲἑίιῖξέὶ
3073 5626 3281 5730 ῥ’ἔὲὲὶιῖἷ
3309 5626 3527 5728 gaza;
3539 5626 3688 5727 αἰὶὄᾶ

2088 5745 2121 5786 a
2149 5725 2522 5800 Deo'separat,
2553 5741 2751 5800 nempe
2799 5725 3038 5783 mortali.
