3982 6202
252 230 347 283 571

245 447 411 522 jieiat
438 453 604 520 atque
630 443 921 518 dispergat,
959 458 1085 516 qua:
1110 438 1329 513 corpori
1358 448 1524 510 atque
1547 438 1750 496 animae
1766 438 1861 512 ju-

254 538 393 613 giter
417 538 753 597 cohaerentes
780 535 995 611 proprie
1032 541 1237 592 nostra:
1268 541 1416 601 sunt,
1443 546 1509 589 ac
1546 532 1649 589 nisi
1682 532 1862 590 adhuc

257 633 314 690 in
338 633 446 691 hoc
488 647 718 706 corpore
746 629 1058 688 constitutis
1106 625 1267 684 nobis
1293 624 1518 698 objecta:
1559 625 1768 684 fuerint
1806 635 1863 684 et

254 726 528 791 abscissae,
556 725 721 782 etiam
747 732 871 797 post
886 736 1172 780 excessum
1208 735 1311 777 nos
1334 735 1446 777 non
1471 719 1723 777 desinent
1761 735 1864 777 co-

256 818 435 877 mitari
470 837 485 875 :
514 826 575 875 ut
596 818 742 875 enim
765 817 1011 886 virtutes,
1055 814 1137 872 vel
1158 814 1277 887 ipsa
1314 813 1569 884 charitas,
1604 830 1728 886 qua:
1771 829 1862 872 ea-

257 910 526 969 rumfons
549 918 653 980 est,
690 910 748 967 in
784 909 891 968 hoc
926 909 1129 967 saeculo
1171 909 1494 987 conquisita,
1531 914 1657 982 post
1699 908 1864 965 linem

257 1020 473 1079 quoque
495 1004 662 1079 hujus
680 1006 812 1063 vitae
836 1003 1128 1079 pulchrum
1164 1018 1228 1061 ac
1255 1002 1598 1077 splendidum
1644 1011 1866 1061 amato-

256 1115 375 1159 rem
392 1115 555 1158 suum
569 1099 750 1158 reddit
770 1120 786 1170 ς
811 1100 883 1156 ita
908 1104 933 1133 ι
962 1099 1090 1155 vitia
1101 1097 1441 1156 obfuscatam
1456 1097 1866 1170 quodammodo

258 1203 499 1253 mentem
539 1194 815 1252 coloribus
861 1194 1038 1262 tetris,
1076 1192 1147 1249 ad
1186 1192 1338 1249 illam
1374 1206 1666 1263 perennem
1709 1206 1869 1248 com-

258 1290 625 1348 morationem
671 1288 1041 1362 infectamque
1078 1287 1477 1344 transmittunt.
1499 1285 1869 1357 ,Pulchritudo

258 1383 406 1440 enim
437 1383 519 1439 vel
554 1381 775 1441 traditas
803 1383 1026 1449 animae,
1054 1382 1331 1439 virtutum
1360 1395 1455 1437 seu
1498 1380 1757 1437 vitiorum
1785 1379 1870 1453 gi-

260 1476 443 1551 gnitur
465 1476 750 1550 qualitate.
777 1478 861 1531 Ex
892 1475 1089 1548 quibus
1134 1473 1359 1547 quidam
1395 1479 1662 1530 attractus
1695 1471 1867 1540 color,

1354 218 1635 277 JOANNIS
1671 218 1971 277 CASSIANI
2009 218 2495 279 OOLLATIONES.

254 355 311 411 in
350 350 625 410 anteriore
669 348 1085 408 conversatione
1122 345 1412 413 contraxit,
1452 344 1737 402 universas
1774 343 1864 402 ab.
1890 349 1944 413 Α
1971 348 2050 403 vit
2077 363 2198 404 eum
2223 349 2407 416 (Psal.
2436 353 2701 417 χχχιιι).
2733 350 2803 404 Et
2844 346 3083 411 iterum:
3114 350 3331 419 Pauper
3353 350 3407 403 et
3428 348 3583 421 imp;
3689 409 3695 413 ,

3475 225 3583 282 572

1981 441 2233 498 laudabit
2259 458 2450 500 nomen
2480 447 2632 499 tuum
2654 445 2673 509 ί
2688 442 2832 498 Psal.
2863 440 3114 513 LXXIII).
3133 442 3275 498 Sunt
3287 439 3456 497 etiam
3483 441 3583 500 bo-

1971 551 2081 605 nae,
2107 552 2245 610 quas
2286 537 2579 610 acquisisse
2621 550 2837 610 magna:
2876 534 3094 592 virtutis
3139 550 3205 591 ac
3243 535 3430 593 meriti
3474 545 3582 608 est,

1969 643 2108 701 quas
2138 629 2223 685 vir
2236 628 2419 702 justus
2442 628 2728 702 possidens
2746 626 3112 700 collaudatur,
3128 625 3351 684 dicente
3370 629 3540 687 David
3565 651 3579 687 -.

1972 723 2254 781 Generatio
2293 728 2556 780 rectorum
2594 723 2923 787 benedictur,
2953 721 3139 793 'gIoria
3180 726 3236 778 et
3284 723 3493 781 divitia:
3521 728 3583 781 in

1971 818 2126 874 domo
2153 817 2288 888 ejus,
2325 818 2615 888 etjustitia
2654 818 2769 889 ejus
2787 821 2967 874 manet
3007 819 3068 872 in
3107 818 3360 873 scendum
3397 820 3587 876 sreculi

1976 912 2139 983 (Psal.
2168 912 2320 978 οχι).
2349 914 2415 970 Et
2436 912 2676 970 iternum
2698 933 2715 970 :
2745 922 2767 949 ο
2786 912 3096 984 Redemptio
3113 914 3308 969 animos
3330 916 3444 970 viri
3452 931 3584 987 pro—

1972 1008 2109 1077 pria-
2122 1005 2328 1062 divitia
2345 1004 2627 1078 (Proverb.
2648 1004 3133 1079 xm)..Dequibus
3145 1004 3348 1069 divitiis
3359 1007 3415 1064 in
3436 1012 3585 1082 Apo-

1973 1099 2175 1173 calypsi
2196 1098 2393 1157 dicitur
2419 1100 2495 1156 illi
2520 1100 2614 1173 qui
2640 1115 2729 1157 eas
2764 1094 2881 1157 non
2910 1098 3119 1157 habens
3153 1099 3583 1173 vituperabiliter

1975 1208 2179 1267 pauper
2201 1202 2256 1251 et
2273 1193 2454 1252 nudus
2489 1204 2573 1252 est
2602 1212 2617 1250 :
2649 1196 2910 1266 Incipiam
2939 1198 3009 1264 te,
3039 1193 3233 1267 inquit,
3259 1210 3491 1253 evomere
3512 1214 3587 1255 ea:

1976 1304 2063 1347 ore
2087 1305 2221 1355 meo,
2242 1291 2374 1361 quia
2396 1290 2536 1347 dicis
2562 1290 2707 1360 quod
2725 1289 2871 1345 dives
2895 1303 3014 1344 sum
3038 1292 3090 1343 et
3114 1289 3369 1359 locuples,
3388 1292 3439 1344 et
3455 1290 3583 1346 nul-

1978 1380 2084 1435 lius
2110 1394 2263 1449 egeo;
2294 1383 2345 1434 et
2368 1380 2536 1435 nescis
2565 1380 2696 1448 quia
2723 1382 2784 1432 tu
2810 1392 2863 1433 es
2913 1379 3077 1433 miser
3105 1380 3157 1433 et
3183 1378 3509 1435 miserabilis
3531 1384 3583 1434 et

1970 1487 2185 1543 pauper
2210 1475 2262 1526 et
2278 1487 2442 1527 cacus
2471 1475 2522 1526 et
2535 1470 2714 1526 nudus
2727 1489 2744 1538 ;
2756 1469 3199 1527 suadeotibiame
3212 1485 3584 1528 emersamum

260 1577 356 1625 aut
397 1569 472 1625 ita
528 1566 870 1640 splendidam
906 1582 1026 1623 eam
1076 1565 1259 1623 reddit
1297 1580 1363 1622 ac
1398 1564 1701 1637 pulchram,
1742 1572 1804 1620 ut
1839 1580 1877 1621 a
1975 1566 2209 1633 ignitum
2223 1564 2536 1635 probatum,
2558 1568 2622 1619 ut
2649 1562 2874 1634 locuples
2888 1565 3010 1633 ﬁas,
3037 1564 3430 1620 etvestimentis
3445 1565 3585 1620 albis

261 1660 531 1733 PrOpbeta
555 1668 831 1717 mereatur
854 1659 1058 1730 audire,
1097 1663 1169 1717 Et
1208 1661 1535 1731 concupiscet
1569 1674 1670 1714 res:
1713 1658 1871 1715 deco-
1975 1658 2244 1727 indicaris,
2273 1662 2324 1715 et
2346 1672 2454 1714 non
2499 1660 2763 1730 appareat
3076 1656 3349 1714 nuditatis
3380 1657 3581 1731 (Apoc.

260 1770 373 1810 rem
402 1758 553 1809 tuum
601 1754 775 1821 (Psal.
826 1757 1029 1821 xmv);
1074 1761 1172 1810 aut
1209 1760 1380 1822 certe,
1403 1759 1600 1821 atram,
1647 1750 1869 1809 fetidam
1900 1770 1949 1833 Β
1981 1752 2081 1825 ιι).
2113 1752 2256 1810 Sunt
2277 1749 2755 1825 quoque'medie,
2792 1748 2851 1807 id
2891 1756 2998 1815 est,
3040 1763 3165 1822 qua:
3211 1757 3440 1823 possunt
3502 1750 3584 1808 vel

257 1855 421 1921 atque
438 1846 764 1915 deformem,
790 1847 869 1905 ita
900 1855 960 1905 ut
988 1847 1172 1919 ipsum
1211 1846 1448 1904 fetorem
1497 1844 1732 1919 propriae
1771 1844 1873 1903 foe-
1980 1847 2141 1906 bonm
2186 1861 2305 1905 esse
2346 1846 2433 1904 vel
2478 1845 2661 1906 malae.
2720 1843 2808 1902 Ad
2854 1851 3141 1916 utramque
3181 1843 3323 1900 enim
3366 1852 3578 1917 partem

259 1940 453 1998 ditatis
493 1941 610 2015 ipsa
648 1940 979 1999 conﬁteatur
1015 1949 1072 1997 et
1108 1940 1278 2007 dicat,
1320 1942 1772 2011 Computruerunt
1822 1945 1874 1996 et
1979 1955 2077 2014 pro
2105 1940 2327 1998 arbitrio
2355 1940 2437 1999 vel
2467 1938 2729 2013 qualitate
2747 1937 3022 1996 utentium
3051 1934 3485 2005 transferuntur;
3509 1935 3581 1994 de

260 2041 520 2109 corrupta
546 2042 675 2093 sunt
692 2039 967 2094 cicatrices
999 2052 1128 2092 mea:
1146 2053 1181 2091 a
1199 2038 1343 2104 faeie
1375 2036 1703 2106 insipientia
1738 2049 1869 2090 mea

264 2129 439 2200 (Psal.
455 2144 681 2188 χχχνιι
698 2134 738 2198 ).
754 2133 878 2203 Ipse
896 2144 1115 2202 quoque
1127 2127 1400 2186 Dominus
1412 2126 1484 2185 ad
1501 2143 1622 2185 eam
1645 2127 1865 2200 (Jerem.

260 2224 442 2292 vm):
475 2225 670 2292 Quare,
700 2222 894 2294 inquit,
935 2237 1044 2277 non
1085 2226 1164 2278 est
1194 2221 1425 2278 obducta
1469 2222 1696 2277 cicatrix
1738 2224 1868 2293 ﬁlios

257 2315 453 2385 populi
476 2317 622 2371 mei?
646 2313 943 2371 Etidcirco
966 2314 1052 2372 hie
1095 2321 1225 2371 sunt
1261 2314 1494 2387 propriae
1536 2323 1739 2373 nostra:
1777 2315 1866 2374 di-

262 2407 427 2477 vitia,
453 2423 579 2481 qua:
606 2422 733 2465 cum
781 2408 966 2465 anima
1008 2407 1211 2482 jugiter
1249 2415 1687 2476 commorantur,
1733 2424 1870 2481 quas

266 2500 427 2558 nobis
471 2500 654 2559 nullus
703 2517 918 2576 regum,
963 2501 1148 2559 nullus
1193 2500 1457 2570 hostium,
1486 2516 1589 2558 nec
1624 2501 1872 2559 conferre

262 2597 483 2668 poterit,
519 2610 621 2652 nec
656 2594 893 2653 auferre.
920 2589 947 2629 δ
968 2596 1070 2653 Ha:
1096 2603 1225 2651 sunt
1259 2595 1492 2668 propria
1530 2594 1732 2653 divitiae
1762 2611 1871 2652 no-

262 2694 412 2754 strae,
451 2702 587 2761 quas
610 2704 679 2745 ne
711 2688 825 2760 ipsa
859 2686 1083 2761 quidem
1129 2700 1285 2743 mors
1335 2687 1532 2746 valebit
1572 2688 1641 2746 ab
1692 2688 1871 2745 anima

261 2793 531 2852 separare,
580 2779 779 2853 quibus
820 2780 904 2837 vel
957 2779 1334 2837 renuntiantes
1369 2779 1439 2838 ad
1488 2780 1873 2854 perfectionem

260 2886 551 2944 possumus
613 2873 918 2946 pervenire,
1001 2872 1082 2931 vel
1164 2874 1353 2947 illigati
1428 2883 1633 2933 eterna
1694 2885 1872 2935 morte

261 2966 538 3024 mulctari.
1110 3032 1118 3039 ,

354 3061 377 3079 ⁸
532 3082 537 3085 '
902 3062 1148 3129 CAPUT
1194 3063 1278 3118 IX

567 3157 641 3210 De
661 3155 939 3225 tripartito
964 3170 1152 3225 genere
1173 3156 1509 3212 divitiarum.

278 3296 279 3299 η
331 3244 624 3319 Tripartito
648 3246 795 3303 enim
815 3246 983 3304 modo
1010 3247 1068 3303 in
1091 3247 1387 3319 Scripturis
1423 3247 1627 3306 sanctis
1668 3248 1868 3306 intelli-

260 3346 464 3411 guntur
490 3337 718 3409 divitia),
758 3337 812 3396 id
839 3346 944 3409 est,
985 3340 1165 3408 malae,
1218 3340 1398 3410 bonae,
1440 3340 1657 3400 mediae.
1705 3342 1868 3401 Mala:

261 3433 483 3505 quidem
502 3440 632 3492 sunt
660 3434 728 3492 de
752 3434 954 3507 quibus
1006 3433 1224 3502 dicitur,
1270 3439 1470 3493 Divites
1514 3443 1768 3509 eguerunt
1818 3444 1872 3495 et

260 3529 595 3597 esurierunt(
616 3530 761 3585 Psal.
783 3529 1047 3601 xxxrrr).
1078 3533 1165 3597 Et,
1197 3533 1292 3588 Va:
1314 3532 1479 3595 vobis,
1502 3532 1712 3597 divites,
1739 3536 1871 3603 quia

258 3622 530 3690 recepistis
557 3623 967 3678 consolationem
1016 3630 1252 3681 vestram
1309 3625 1495 3698 (Lucio
1554 3630 1669 3694 vr).
1721 3628 1869 3698 Quas

260 3712 428 3771 etiam
475 3711 691 3770 divitias
739 3713 1003 3786 abjecisse
1045 3729 1267 3772 summa
1322 3716 1579 3788 perfectio
1623 3728 1728 3776 est.
1783 3720 1868 3778 Ad

259 3821 493 3880 quarum
512 3805 922 3865 distinctionem
944 3817 1074 3865 sunt
1110 3825 1373 3883 pauperes
1398 3811 1472 3867 illi
1497 3812 1591 3884 qui
1614 3812 1671 3869 in
1692 3816 1871 3872 Evan-

259 3902 400 3977 gelio
427 3892 646 3961 Domini
668 3919 801 3961 voce
819 3903 1111 3964 laudantur
1138 3922 1154 3961 :
1181 3907 1335 3962 Beati
1346 3923 1615 3979 pauperes
1641 3910 1863 3980 spiritu,

258 4000 513 4067 quoniam
538 4000 775 4069 ipsorum
801 4004 880 4056 est
906 4015 1131 4071 regnum
1153 4000 1400 4056 caelorum
1429 4003 1663 4073 (Matth.
1685 4005 1768 4071 v).
1799 4005 1868 4060 Et

260 4089 316 4146 in
335 4091 552 4150 Psalmo
584 4110 598 4148 :
621 4096 724 4151 Iste
735 4109 949 4166 pauper
973 4095 1245 4160 clamavit,
1276 4100 1329 4152 et
1346 4096 1603 4152 Dominus
1633 4097 1864 4153 exaudi-

1974 2033 2175 2107 quibus
2202 2034 2392 2092 beatus
2419 2033 2738 2106 Apostolus,
2759 2033 3048 2096 Divitibus,
3078 2031 3178 2101 ait,
3206 2030 3396 2087 mundi
3422 2030 3585 2101 hujus

1969 2131 2206 2201 pracipe
2229 2144 2336 2185 non
2358 2129 2585 2184 sublime
2604 2142 2807 2199 sapere,
2828 2141 2921 2182 nec
2937 2141 3152 2197 sperare
3180 2128 3237 2181 in
3267 2126 3470 2181 incerto
3495 2125 3588 2183 di-

1974 2225 2251 2288 vitiarum,
2281 2222 2376 2279 sed
2402 2225 2461 2279 in
2490 2227 2615 2291 Deo,
2633 2224 2733 2293 qui
2750 2225 2981 2293 prastat
2995 2220 3146 2276 nobis
3176 2219 3394 2276 abunde
3409 2221 3599 2277 omnia.

1973 2317 2049 2373 ad
2057 2317 2382 2387 fruendum;
2398 2317 2528 2373 bene
2538 2318 2735 2385 facere,
2749 2315 2913 2384 facile
2922 2313 3584 2378 hibuere,communicare,

1974 2410 2337 2467 thesaurizare
2360 2409 2473 2465 sibi
2487 2409 2908 2477 fundamentum
2938 2407 3132 2462 bonum
3146 2408 3205 2462 in
3226 2406 3493 2474 futurum,
3520 2409 3586 2462 ut

1974 2503 2383 2575 apprehenth
2402 2518 2581 2559 veram
2600 2504 2769 2559 vitam
2792 2500 2849 2573 (Ι
2882 2504 3019 2559 Tim.
3048 2500 3173 2574 v1);
3213 2499 3363 2571 Quas
3387 2499 3585 2557 iterum

1974 2595 2123 2654 dives
2160 2596 2248 2654 ille
2279 2597 2338 2653 in
2355 2595 2650 2667 Evangelio
2680 2594 2943 2664 retinens,
2971 2609 3036 2651 ac
3072 2608 3419 2667 nequaquam
3446 2591 3588 2651 indi-

1975 2688 2230 2763 gentibus
2298 2689 2748 2757 subministrans,
2801 2687 2872 2747 de
2925 2687 3083 2761 cujus
3141 2687 3302 2745 micis
3354 2688 3587 2747 saturari

1976 2798 2187 2857 pauper
2204 2785 2449 2842 Lazarus
2476 2790 2605 2840 ante
2650 2780 2797 2839 fores
2835 2781 2953 2854 ejus
2992 2780 3265 2854 expositus
3311 2780 3587 2854 cupiebat,

1977 2875 2329 2934 intolerandis
2374 2874 2638 2949 gehennae
2662 2874 2903 2948 ignibus,
2952 2882 3007 2932 et
3041 2883 3251 2933 aeterno
3295 2872 3588 2947 deputatur

1977 2966 2157 3027 ardori
2171 2966 2188 3041 (
2202 2972 2354 3026 Lucae
2372 2982 2481 3025 xvr
2498 2968 2537 3040 ).

2565 3072 2805 3131 CAPUT
2831 3074 2906 3129 X.

1902 3163 1948 3229 C
1978 3174 2096 3230 Non
2130 3185 2286 3244 posse
2327 3186 2647 3244 quemquam
2683 3172 2867 3242 primo
2907 3174 3123 3244 tantum
3162 3171 3583 3228 renuntiationis

2449 3243 2629 3337 gradu
2659 3257 2768 3299 esse
2785 3242 3105 3313 perfectum.

2052 3348 2168 3403 Has
2214 3346 2381 3419 igitur
2426 3345 2668 3403 visibiles
2715 3342 2907 3402 mundi
2936 3343 3155 3402 divitias
3200 3343 3583 3416 relinquentes.

1976 3452 2086 3496 non
2109 3446 2344 3508 nostras,
2364 3437 2461 3495 sed
2491 3437 2690 3495 alienas
2718 3436 3012 3509 abjicimus
3050 3434 3354 3502 facultates,
3380 3449 3581 3507 quam-

1978 3531 2057 3590 vis
2075 3546 2169 3589 eas
2192 3531 2493 3605 gloriemur
2520 3530 2603 3588 vel
2621 3539 2811 3588 nostro
2850 3530 3037 3588 labore
3076 3529 3346 3603 quaesitas,
3371 3528 3452 3585 vel
3481 3544 3583 3601 pa-

1977 3632 2194 3682 rentum
2222 3624 2291 3682 ad
2320 3640 2423 3681 nos
2458 3624 2775 3684 haereditate
2808 3624 3171 3682 transmissas.
3212 3622 3363 3683 Nihil
3404 3620 3577 3695 enim,

1977 3728 2039 3777 ut
2069 3718 2203 3789 dixi,
2223 3726 2473 3777 nostrum
2512 3727 2615 3788 est,
2654 3718 2760 3774 nisi
2815 3717 2923 3775 hoc
2959 3726 3195 3774 tantum.
3223 3716 3370 3790 quod
3409 3715 3578 3774 corde

1975 3826 2311 3885 possessum,
2349 3819 2514 3885 atque
2534 3811 2734 3868 anima:
2760 3818 2964 3868 nostra:
2977 3809 3283 3880 cohaerens,
3301 3826 3332 3866 a
3357 3808 3578 3866 nemine

1975 3913 2152 3979 potest
2180 3920 2403 3980 prorsus
2428 3904 2654 3963 auferri.
2696 3908 2780 3961 De
2805 3904 2911 3961 illis
2937 3912 3124 3962 autem
3163 3903 3463 3960 visibilibus
3490 3901 3577 3960 di-

1974 4000 2122 4058 vitiis
2149 3999 2219 4058 ad
2245 4014 2340 4057 eos
2353 4000 2461 4074 'qui
2482 4000 2598 4057 illas
2624 4006 2906 4073 tamquam
2946 3998 3195 4073 pr0prias
3220 4004 3579 4076 retentantes,

1974 4098 2383 4157 communicem
2409 4097 2778 4172 indigentibus
2809 4097 3024 4164 nolunt,
3071 4096 3357 4169 increpans
3397 4092 3584 4167 loqui-

1352 4248 1608 4306 ALARDI
1646 4250 1873 4307 GAZEI
1911 4249 2468 4308 COMMENTARIUS.

329 4375 355 4402 ⁸
370 4366 664 4450 Quomodo
684 4369 832 4450 vitia,
853 4369 1241 4450 sive-peccata,
1263 4370 1555 4429 obfuscent
1591 4372 1863 4450 quodam-

258 4436 426 4509 modo
447 4435 654 4509 (idest,
685 4435 1079 4509 metaphorice)
1099 4449 1312 4496 mentes
1338 4450 1555 4499 nostras
1589 4435 1866 4501 c'oloribus

257 4506 432 4587 tetris,
455 4504 721 4587 videndus
747 4504 921 4563 est'D.
944 4504 1188 4587 Thomas
1200 4510 1385 4587 _Prima
1413 4512 1699 4587 Secunda),
1725 4530 1865 4587 quae:

256 4575 436 4653 stione
466 4575 797 4653 octogesima
843 4587 1017 4647 sexta,
1051 4578 1147 4635 ubi
1197 4579 1337 4637 inter
1378 4578 1610 4653 effectus
1663 4575 1863 4653 peccati

256 4646 411 4719 ponit
424 4646 732 4723 maculam,
763 4664 887 4723 quae
912 4664 981 4723 ex_
1006 4646 1232 4723 peccato
1252 4650 1609 4723 contrahitur
1652 4646 1707 4710 i'n
1752 4655 1866 4712 ani-

256 4718 370 4797 ma,
409 4718 558 4797 dum_
588 4719 766 4797 nitore
779 4718 1031 4797 'luminis'
1051 4722 1318 4797 naturalis
1352 4730 1408 4780 et
1445 4723 1735 4797 splendore
1784 4725 1868 4783 di-

256 4789 611 4880 {iungi-atina
627 4792 918 4880 privatur.
957 4794 1123 4880 Unde
1150 4793 1427 4880 Scriptura
1458 4789 1661 4880 passim
1706 4796 1867 4855 docet
1894 4818 1944 4880 ι)
1974 4817 2101 4880 rum
2135 4816 2320 4880 rerum
2352 4789 2539 4880 quam
2588 4789 2881 4860 malarum?

258 4860 540 4939 hominem
561 4860 828 4939 inquinari
858 4867 1113 4939 peccatis,
1143 4874 1195 4922 et
1209 4860 1387 4939 ipsum
1429 4860 1714 4939 peccatum
1749 4885 1865 4928 me-

254 4934 526 5007 tonymice
564 4934 725 4991 vocat
765 4934 1263 5007 inquinamentum,
1317 4934 1525 5004 sordes,
1571 4942 1865 4999 maculam.

256 5006 576 5085 Denteronl
606 5020 787 5063 χχχιι
809 5006 1214 5085 {Peccauerunt
1243 5012 1311 5078 ei,
1338 5016 1388 5067 et
1413 5028 1517 5069 non
1537 5014 1642 5083 ﬁlii
1671 5015 1787 5085 ejus
1812 5017 1868 5069 in

254 5076 524 5158 sordibus.
554 5078 657 5158 ls_a.
682 5089 747 5133 tv
781 5096 793 5132 :
826 5080 887 5134 Si
907 5081 1141 5158 abluerit
1159 5076 1415 5158 Dominus
1437 5076 1615 5142 sordes
1629 5076 1870 5156 ﬁliarum

255 5147 421 5227 Sion._
457 5147 655 5227 Ezech.
705 5163 908 5227 χχχιι
943 5153 1497 5227 :_E_ffundam_super
1545 5147 1640 5213 vos
1669 5173 1870 5227 aquam

255 5220 538 5297 mundam,
564 5225 615 5297 et
640 5219 1043 5297 mundabﬂimini
1058 5223 1127 5297 ab
1170 5219 1415 5297 omnibus
1440 5219 1868 5297 inquinanimztis

253 5292 465 5366 vestris.
496 5292 695 5366 Ephes.
738 5307 809 5346 v:
858 5293 926 5347 Ut
953 5293 1227 5349 exhiberet
1253 5296 1358 5350 sibi
1384 5292 1671 5366 gloriosam
1694 5299 1866 5353 Eccle-

251 5363 424 5435 δειξωᾷ
442 5375 545 5414 non
574 5362 853 5435 habentem
872 5378 1083 5433 rugam,
1104 5380 1276 5435 neque
1292 5362 1575 5424 maculam.

254 5502 267 5514 θ
322 5423 351 5463 δ
390 5432 638 5514 Deccata,
664 5432 886 5514 scilicet,
915 5423 971 5490 et
991 5423 1120 5514 vitia
1156 5423 1215 5493 in
1244 5437 1446 5514 mulo
1474 5445 1777 5504 contracta,
1807 5446 1862 5505 et

251 5504 516 5584 inanima
548 5510 830 5584 tamquam
857 5504 1141 5584 ipset-inin
1184 5508 1482 5577 recondita,
1514 5524 1609 5580 per
1632 5504 1858 5584 _reatum

253 5574 459 5631 scilicet
470 5574 847 5651 et‘maculam.
861 5578 1108 5647 Divitiae,
1124 5579 1372 5651 inquam,
1389 5574 1538 5651 sunt,
1558 5578 1654 5636 sed
1674 5581 1856 5649 malae,

253 5647 575 5727 ut_e_xponit
600 5648 848 5727 sequenti
877 5664 1027 5727 cap.,
1055 5659 1114 5707 et
1142 5647 1598 5727 nostraadivitiaz,
1630 5666 1768 5727 quas
1793 5647 1860 5709 εχ

249 5715 434 5785 nobis,
460 5717 514 5775 id
540 5726 639 5786 est,
665 5715 867 5778 nostrae
897 5715 1191 5779 voluntatis
1220 5721 1446 5779 arbitrio
1477 5715 1860 5782 contrahimus

251 5796 308 5844 et
348 5803 754 5861 coacervamus,
794 5790 951 5865 juxta
976 5792 1111 5850 illud
1145 5811 1159 5850 :
1202 5794 1440 5851 Perditio
1480 5798 1571 5850 tua
1599 5810 1666 5851 ex
1719 5800 1786 5860 te,
1830 5814 1860 5853 ο

1972 4377 2156 4433 Israel.
2190 4375 2330 4446 Huc,
2348 4372 2535 4430 referri
2581 4381 2765 4446 potest
2811 4374 2946 4432 illud
2975 4373 3125 4431 Pauli
3167 4372 3236 4431 ad
3279 4375 3575 4446 30111.11:

1973 4446 2274 4504 Secundum
2299 4445 2560 4501 duritiam
2579 4445 2748 4511 tuam,
2784 4452 2835 4503 et
2863 4448 3198 4517 impaenitens
3218 4460 3331 4517 cor,
3359 4445 3579 4517 thesau-

1976 4520 2124 4574 rizas
2149 4517 2256 4572 tibi
2272 4518 2417 4572 iram
2452 4519 2511 4571 in
2533 4517 2622 4573 die
2639 4519 2739 4574 ira:
2760 4524 2812 4575 et
2840 4514 3177 4574 revélationis
3194 4516 3340 4586 justi
3375 4514 3584 4586 judieii

1974 4590 2092 4661 Dei,
2111 4590 2215 4661 Aqui
2257 4588 2448 4644 reddet
2493 4590 2788 4661 unicuique
2814 4590 3101 4645 secundum
3132 4603 3297 4658 opera
3346 4587 3459 4661 ejus
3475 4604 3502 4661 ;_
3517 4592 3588 4661 et

1972 4658 2165 4715 Jacobi
2187 4675 2218 4713 v
2240 4677 2255 4714 :
2286 4658 2712 4717 Thesaurizastis
2734 4661 2881 4717 vobis
2906 4664 3049 4716 iram
3066 4663 3124 4715 in
3150 4660 3449 4716 novissimis
3463 4658 3587 4713 die-

1977 4730 2092 4787 bus.
2114 4730 2424 4788 Tbesaurus
2441 4730 2709 4806 siquidem
2743 4732 3091 4806 congregatio
3130 4739 3216 4787 est
3242 4738 3356 4806 tam
3403 4728 3583 4785 bona-

2992 4803 3080 4859 inc
3122 4800 3270 4875 apud
3306 4802 3529 4858 Graecos
3565 4817 3585 4855 :

1975 4873 2219 4944 Θησαυρδς
2249 4873 2436 4944 χαιῶῦ.

2045 4946 2070 4977 ο
2093 4942 2178 5017 De
2205 4943 2581 5017 spiritualibus
2608 4959 2671 5000 ac
2704 4944 3020 5017 mlestibus
3064 4943 3268 5002 divitiis
3302 4942 3465 5000 etiam
3496 4956 3594 5003 ex-

1976 5015 2132 5090 ponit
2152 5015 2643 5090 DJHieronymus,
2680 5024 2744 5090 _ut
2771 5015 2861 5072 hic
2899 5015 3070 5090 abbas
3093 5035 3105 5071 :
3127 5019 3436 5090 Possumus
3464 5017 3591 5085 qui-

1976 5086 2115 5150 dem,
2148 5086 2329 5168 inquit
2366 5086 2575 5168 (Epist.
2600 5087 2721 5159 39).
2736 5090 3002 5168 proprias
3018 5087 3240 5168 divitias
3261 5087 3590 5168 intelligere,

2012 5172 2095 5212 me
2118 5156 2318 5231 non'de
2351 5156 2545 5231 alieno,
2574 5156 2686 5215 non
2714 5156 2780 5215 de
2815 5156 3026 5231 rapinis
3067 5164 3219 5223 sinit,
3258 5159 3412 5231 juxta
3442 5156 3595 5231 illud

2012 5173 2095 5212 ua:
2118 5173 2225 5213 non
2251 5173 2318 5214 ae
2351 5173 2545 5222 alieno,
2574 5175 2681 5215 non
2714 5173 2780 5215 ae
2815 5174 3026 5231 rapinis
3067 5173 3219 5223 sinit,
3258 5173 3412 5228 juxm
3448 5173 3589 5213 uiua

1975 5173 2248 5354 {Proverb
2276 5230 2377 5302 ιιι)
2412 5249 2425 5286 :
2444 5233 2659 5288 Honora
2673 5232 2961 5288 Dominum
2978 5230 3045 5286 de
3065 5233 3180 5286 tuis
3188 5231 3358 5301 justis
3381 5228 3589 5309 labori-

2012 5314 2073 5354 us
2094 5319 2111 5354 :
2148 5301 2244 5354 sed
2261 5303 2450 5354 melior
2473 5306 2551 5354 est
2575 5303 2953 5354 intelliaentia.
2985 5305 3047 5354 ut
3079 5301 3301 5354 divitias
3333 5311 3588 5354 nronrias

2012 5314 2111 5367 us;
2148 5301 2244 5357 sed
2261 5299 2450 5357 melior
2473 5306 2551 5357 est
2575 5303 2953 5371 intelligentia,
2985 5305 3047 5357 ut
3079 5299 3301 5358 divitias
3328 5299 3588 5371 propri“

1974 5385 2345 5443 cognoscamus
2375 5374 2652 5428 thesauros
2684 5374 3038 5436 absconditos,
3069 5389 3199 5443 quos
3223 5388 3317 5428 nec
3342 5374 3590 5440 M1308-

1972 5443 2048 5498 sit
2064 5442 2361 5516 suffodere,
2400 5458 2495 5500 nec
2523 5444 2663 5516 latro
2703 5444 2963 5516 violaritus
2986 5442 3210 5516 eripere.
3259 5444 3348 5501 Sic
3380 5453 3589 5516 nempe

1966 5510 2115 5597 apud
2139 5511 2467 5598 Matthmum
2487 5513 2764 5572 Dominus
2798 5515 2936 5600 dicit
2966 5535 2979 5571 :
3003 5510 3180 5600 Nolite
3224 5513 3592 5595 thesaurisare

1966 5584 2114 5640 vobis
2141 5583 2423 5640 thesauros
2442 5601 2500 5641 in
2516 5589 2685 5644 terra.
2713 5586 2807 5642 ubi
2826 5602 3010 5644 toruae
3031 5592 3083 5644 et
3107 5593 3254 5644 tinea
3273 5585 3590 5644 demolitur.

1968 5605 2114 5640 υοοιδ
2141 5605 2423 5640 mesauros
2442 5605 2500 5641 ιη
2516 5605 2685 5650 terra,
2713 5605 2807 5642 um
2826 5605 3010 5658 terugo
3031 5605 3083 5644 ει
3107 5605 3254 5644 tinea
3273 5605 3590 5648 aemomur,

1968 5659 2019 5710 et
2038 5654 2145 5727 ubi
2163 5655 2318 5723 fures
2336 5655 2617 5725 effodiunt
2637 5662 2688 5715 et
2699 5659 2985 5727 furantur.
3012 5660 3392 5716 Thesaurizate
3404 5660 3592 5712 autem

1966 5726 2110 5802 vobis
2129 5727 2495 5802 thesaurosin
2516 5729 2660 5802 calo,
2687 5730 2786 5785 ubi
2808 5746 2978 5802 neque
3015 5747 3217 5801 (erugo,
3242 5745 3415 5802 neque
3441 5731 3590 5785 tinea

1968 5798 2281 5868 demolitur,
2302 5802 2354 5855 et
2379 5799 2478 5856 ubi
2502 5801 2655 5868 fures
2704 5817 2811 5859 non
2839 5798 3155 5873 effodiunt,
3174 5818 3271 5859 nec
3295 5798 3588 5871 fmntur.
