3982 6202
306 227 411 281 573

1063 223 1401 282 COLLATIO
1440 228 1528 283 ιιι.
1566 255 1638 268 -
1668 195 1765 285 bs
1803 228 2048 288 rursus
2084 231 2861 294 ABRENUNTIATIONIBUS.

3511 245 3616 301 574

309 354 396 404 tur
419 347 677 407 Christus
707 365 720 403 :
746 358 773 385 ι
789 349 853 408 Si
878 351 936 406 in
956 349 1150 406 alienis
1169 350 1353 421 ﬁdeles
1375 366 1481 406 non
1501 352 1697 419 fuistis
1724 371 1741 407 :
1765 352 1909 423 quod
1933 355 1989 421 Α
2016 361 2072 411 et
2100 369 2229 411 mox
2250 356 2602 415 transituram
2642 360 3089 420 transcendentes
3120 361 3305 421 animo
3337 379 3403 422 ac
3428 375 3615 425 mente

305 446 543 501 vestrum
570 447 667 507 est,
696 445 819 514 quis
847 443 1006 499 dabit
1029 444 1179 499 vobis
1206 446 1379 511 (Luca:
1407 447 1577 513 xw)?
1611 444 1908 503 Evidenter

310 534 479 608 igitur
523 535 621 593 has
664 535 885 595 divitias
925 536 1127 595 alienas
1166 551 1304 607 esse,
1350 552 1463 594 non
1501 536 1684 596 solum
1723 538 1908 611 quoti-

301 626 469 685 diana
496 629 826 702 experientia
850 628 1013 687 docet
1030 670 1048 700 ,
1082 645 1273 688 verum
1304 630 1470 688 etiam
1494 632 1763 689 sententia
1789 635 1903 689 Do-

306 719 442 800 mini
486 720 601 795 ipsa
663 721 1028 796 appellatione
1082 723 1431 797 signiﬁcavit.
1476 728 1560 782 De
1603 724 1910 783 visibilibus

307 826 437 870 vero
478 813 838 888 pessimistu
861 813 1061 874 divitiis
1095 816 1341 889 loquitur
1358 820 1559 875 Petrus
1592 816 1667 875 ad
1706 817 1910 874 Domi-

304 920 445 962 num
477 923 492 961 :
521 910 653 964 Ecce
671 922 762 963 nos
791 910 1110 980 reliquimus
1133 913 1339 975 omnia,
1370 916 1422 967 et
1440 915 1613 968 secuti
1627 927 1812 968 sumus
1836 917 1905 976 te,

300 999 445 1068 quid
466 1015 595 1071 ergo
624 1004 729 1056 erit
757 1004 910 1059 nobis
936 1003 1149 1076 (Matth.
1181 1018 1291 1062 xtx
1309 1004 1369 1076 )i
1396 1004 1488 1077 qui
1515 1005 1698 1079 utique
1724 998 1751 1038 δ
1777 1004 1907 1062 nihil

305 1092 541 1166 amplius
566 1109 736 1167 quam
762 1095 1024 1153 vilissima
1064 1096 1442 1171 conscissaque
1470 1097 1606 1156 retia
1631 1088 1917 1157 dimisisse»

303 1194 632 1244 noscuntur.
676 1189 815 1260 Quae
841 1191 1025 1247 omnia
1072 1190 1176 1248 nisi
1214 1192 1273 1249 in
1307 1192 1410 1249 hac
1443 1193 1908 1251 abrenuntiatione

302 1279 591 1349 vitiorum,
621 1297 745 1356 qua:
771 1300 890 1341 vere
917 1300 1112 1357 magna
1132 1292 1187 1341 et
1208 1301 1425 1344 summa
1449 1294 1550 1357 est,
1576 1286 1781 1345 fuerint
1818 1288 1909 1345 in-

300 1375 543 1442 tellecta,
575 1392 679 1434 nec
714 1378 1015 1451 pretiosum
1052 1379 1265 1453 aliquid
1300 1380 1637 1439 inveniemus
1679 1390 1909 1455 aposto-

301 1468 387 1527 los
424 1470 729 1543 reliquisse,
752 1488 854 1529 nec
878 1473 1184 1531 Dominum
1211 1473 1483 1545 habuisse,
1516 1484 1741 1548 propter
1759 1476 1907 1549 quod

306 1561 412 1618 illis
456 1568 665 1620 tantam
704 1564 1060 1623 beatitudinis
1105 1565 1342 1639 gloriam
1376 1566 1689 1642 largiretur,
1732 1578 1795 1627 ut
1835 1569 1907 1627 ab

302 1655 498 1713 eodem
523 1666 865 1716 mererentur
903 1659 1093 1717 audire
1123 1680 1138 1717 :
1166 1662 1233 1717 In
1267 1665 1669 1731 regeneratione
1689 1679 1810 1718 cum
1832 1677 1910 1718 se-

2013 448 2402 524 despiciemus,
2423 451 2693 511 intuentes
2717 454 3025 527 dumtaxat,
3042 457 3347 515 secundum
3368 462 3613 532 Aposto-

2013 541 2152 613 lum,
2174 560 2278 601 non
2297 562 2358 601 ea
2385 561 2508 616 qua:
2530 547 2798 618 videntur,
2824 551 2919 606 sed
2939 566 3061 622 quce
3078 568 3184 608 non
3205 552 3475 621 videntur,-
3500 570 3613 624 qua

2014 642 2159 696 enim
2176 640 2448 707 videntur,
2462 645 2783 715 temporalia
2803 650 2959 714 sunt;
2971 646 3409 717 quaefautem’non
3426 650 3615 705 sulen-

2016 736 2129 800 tur,
2159 739 2359 792 cete-ma
2377 739 2397 805 (
2418 738 2471 791 II
2501 737 2623 795 Cor.
2652 737 2745 809 ιι)
2772 759 2785 796 :
2820 746 2883 796 ut
2902 738 2976 796 ita
3005 739 3228 797 demum
3261 741 3392 798 illud
3419 758 3609 814 supre-

2016 842 2172 885 mum
2207 843 2520 889 mereamur
2544 830 2739 889 audire
2767 832 2916 904 quod
2950 832 3155 891 dicitur
3189 833 3259 891 ad
3296 833 3610 907 Abraham,

2015 924 2088 979 Et
2105 924 2229 979 ueni
2241 925 2302 979 in
2328 928 2531 980 terram
2553 940 2718 997 quam
2736 928 2842 983 tibi
2860 932 3221 984 monstravere
3237 929 3445 995 (Genes.
3471 932 3609 998 xu).

2015 1013 2120 1069 Per
2166 1014 2319 1088 quod
2349 1017 2629 1074 evidenter
2664 1018 2976 1075 ostenditur
3020 1018 3170 1092 quod
3204 1019 3307 1076 nisi
3344 1020 3469 1094 quis
3504 1029 3615 1078 tres

2014 1108 2321 1179 superiores
2337 1107 2455 1166 illas
2476 1108 2979 1168 abrenuntiationes
3009 1113 3166 1168 omni
3193 1113 3392 1170 mentis
3421 1113 3616 1172 ardore

2015 1198 2340 1273 impleverit,
2380 1200 2449 1256 ad
2489 1211 2749 1274 quartum
2787 1202 2893 1261 hoc
2922 1205 3205 1276 pervenire
3244 1222 3361 1262 non
3410 1207 3611 1279 possit,

2015 1292 2162 1366 quod
2204 1295 2664 1354 remunerationis
2691 1312 2755 1354 ac
2792 1297 3005 1371 praemii
3045 1299 3163 1355 vice
3197 1298 3378 1355 taliter
3410 1316 3615 1357 renun-

2016 1385 2169 1444 tianti
2191 1386 2470 1458 tribuitur,
2501 1387 2559 1446 id
2586 1398 2690 1461 est,
2714 1399 2780 1448 ut
2794 1398 3000 1448 terram
3020 1391 3473 1464 repromissionis
3491 1407 3615 1449 me-

2014 1487 2199 1538 reatur
2226 1481 2429 1540 intrare
2447 1524 2463 1552 ,
2488 1498 2841 1556 nequaquam
2869 1483 2970 1542 sibi
2991 1483 3109 1556 jam
3135 1484 3403 1542 vitiorum
3429 1485 3616 1557 spinas

2015 1586 2079 1628 ac
2125 1570 2363 1630 tribulos
2404 1574 2806 1646 germinantem
2829 1616 2844 1643 ,
2897 1591 3023 1648 quae
3069 1585 3194 1649 post
3237 1564 3615 1650 expulsionem

2016 1663 2342 1736 passionum
2371 1674 2699 1724 cunctarum
2728 1668 2966 1749 puritate
2993 1668 3173 1726 cordis
3189 1670 3243 1725 in
3260 1670 3368 1727 hoc
3384 1686 3616 1743 corpore

301 1750 446 1807 derit
459 1752 631 1808 Filius
651 1752 884 1810 hominis
908 1755 1099 1811 insede
1113 1755 1413 1827 majestatis
1433 1772 1567 1822 sum,
1593 1756 1845 1813 sedebitis
1856 1762 1909 1812 et
1940 1766 1988 1829 Β
2015 1756 2347 1829 possidetur,
2366 1774 2532 1831 quam
2562 1775 2675 1817 non
2705 1760 2879 1819 virtus
2913 1760 2995 1819 vel
3031 1760 3294 1819 industria
3322 1760 3618 1819 laborantis

303 1860 396 1900 vos
421 1861 583 1917 super
596 1847 741 1906 sedes
760 1847 1059 1911 duodecim,
1081 1848 1390 1920 judicantes
1418 1850 1700 1906 duodecim
1731 1852 1909 1907 tribus

303 1940 472 1996 Israel
497 1940 657 2007 (Ibid.
677 1940 713 2013 ).
757 1941 810 1998 Si
838 1940 1004 2015 igitur
1029 1939 1206 2015 bisqui
1235 1941 1480 2016 perfecte
1508 1952 1752 2001 terrenas
1778 1944 1910 2001 istas

305 2049 375 2090 ac
417 2033 656 2091 visibiles
695 2035 955 2093 abdicant
994 2035 1312 2108 facultates,
1339 2039 1505 2096 certis
1530 2054 1595 2095 ex
1632 2039 1813 2097 causis
1839 2040 1907 2097 ad

304 2126 456 2184 illam
492 2128 852 2201 apostolicam
883 2129 1211 2186 charitatem
1230 2133 1253 2200 [
1272 2132 1364 2187 Al.
1408 2131 1749 2202 claritatem]
1781 2149 1906 2206 per-

301 2222 489 2279 venire
516 2238 628 2280 non
652 2232 903 2297 possunt,
938 2240 1043 2295 nec
1081 2224 1239 2281 illum
1273 2224 1657 2282 sublimiorem
1706 2241 1907 2299 pauco-

302 2331 539 2389 rumque
573 2316 879 2375 admodum
919 2317 1350 2375 renuntiationis
1398 2318 1632 2392 gradum
1685 2319 1907 2376 tertium

299 2410 553 2484 expedito
584 2411 766 2486 vigore
790 2412 1158 2470 conscendere
1191 2420 1433 2486 queunt;
1465 2413 1595 2486 quid
1622 2413 1697 2470 illi
1720 2414 1789 2472 de
1814 2429 1909 2472 se-

302 2507 550 2585 metipsis
564 2508 812 2583 judicare
833 2508 1133 2577 debebunt,
1155 2510 1245 2583 qui
1261 2526 1363 2567 nec
1392 2510 1630 2584 primam
1655 2510 1873 2585 quidem
1892 2555 1908 2583 ,

307 2616 435 2674 quae
459 2602 731 2676 perfacilis
756 2612 868 2674 est,
897 2602 1135 2678 perfecte
1166 2605 1518 2678 arripientes,
1560 2615 1727 2680 atque
1764 2606 1905 2663 anti-

300 2709 441 2766 quas
491 2695 844 2768 pecuniarum
897 2711 1123 2756 suarum
1167 2695 1358 2755 sordes
1407 2714 1535 2754 cum
1593 2697 1910 2756 inﬁdelitate

297 2787 524 2861 pristina
553 2796 912 2862 retentantes,
946 2774 1341 2848 nudo'tantum
1367 2789 1591 2848 sibimet
1614 2800 1910 2850 autumant

301 2882 701 2942 monachorum
749 2885 1015 2943 vocabulo
1067 2885 1414 2960 gloriandum
1435 2888 1461 2942 Ρ
1505 2887 1647 2961 Ergo
1692 2886 1867 2960 prima
1888 2930 1903 2957 ,

298 2992 470 3049 quam
505 2977 775 3048 diximus,
803 2978 1202 3036 abrenuntiatio
1244 2995 1432 3036 rerum
1456 2979 1753 3037 alienarum
1782 2987 1866 3037 est
1888 3022 1904 3050 ,

295 3069 534 3145 ideoque
561 3086 659 3143 per
671 3064 739 3127 se
766 3071 944 3127 solam
978 3069 1370 3145 perfectionem
1411 3072 1741 3130 renuntianti
1779 3089 1905 3130 con-

300 3161 458 3220 ferre
477 3179 597 3219 non
615 3162 845 3233 sufﬁcit,
873 3163 979 3220 nisi
1017 3165 1327 3235 pervenerit
1351 3165 1418 3221 ad
1446 3166 1762 3234 secundam,
1784 3182 1908 3239 qua:
1934 3146 1980 3209 (ἶ

298 3268 436 3310 vere
513 3255 914 3322 abrenuntiatio
958 3271 1142 3312 rerum
1196 3265 1514 3314 nostrarum
1559 3267 1677 3327 est,
1741 3274 1908 3331 quam

295 3346 489 3420 adepti
527 3346 845 3419 expulsione
883 3349 1142 3405 omnium
1170 3348 1464 3420 vitiorum,
1493 3351 1671 3407 tertiae
1695 3366 1912 3424 quoque

288 3444 794 3503 'abrenuntiationis
831 3444 1043 3519 fastigia
1085 3444 1548 3514 conscendemus;
1604 3463 1702 3521 per
1746 3464 1911 3521 quam

295 3552 418 3595 non
443 3537 626 3594 solum
663 3539 852 3597 omnia
893 3552 1020 3612 qua
1049 3539 1102 3595 in
1133 3539 1243 3596 hoc
1278 3539 1489 3597 mundo
1520 3548 1793 3613 geruntur
1827 3541 1909 3598 vel

296 3631 666 3705 particulatim
694 3633 764 3689 ab
795 3634 1111 3692 hominibus
1135 3633 1717 3707 possidenturﬁverum
1743 3636 1909 3693 etiam

299 3727 481 3800 ipsam
521 3738 846 3788 cunctorum
875 3730 1279 3788 elementorum
1315 3729 1742 3803 plenitudinem,
1786 3746 1911 3803 qua:

299 3827 525 3893 putatur
552 3837 671 3882 esse
699 3824 1016 3898 magniﬁca,
1045 3832 1330 3897 tamquam
1353 3823 1579 3881 vanitati
1605 3824 1910 3897 subjectum

2015 1850 2349 1908 monstrabit
2383 1852 2433 1908 ei
2448 1892 2465 1921 ,
2488 1851 2586 1910 sed
2605 1852 2718 1926 ipse
2745 1854 3017 1911 Dominus
3052 1862 3405 1912 ostensurum
3425 1871 3484 1913 se
3500 1870 3619 1914 esse

2015 1944 2286 2017 promittit
2324 1963 2338 2002 :
2386 1949 2457 2002 Et
2494 1949 2646 2012 veni,
2685 1947 2969 2020 inquiens,
3000 1950 3058 2004 in
3084 1952 3287 2005 terram
3322 1965 3484 2020 quam
3514 1950 3622 2006 tibi

2013 2042 2397 2101 monstravero.
2438 2041 2543 2096 Per
2580 2039 2733 2112 quod
2773 2039 3060 2099 manileste
3097 2041 3384 2113 probatur,
3419 2050 3476 2098 et
3510 2042 3613 2099 ini-

2015 2131 2155 2190 tium
2185 2139 2390 2193 nostra:
2415 2131 2614 2192 salutis
2633 2132 2860 2190 Domini
2886 2133 3174 2192 vocatione
3199 2133 3318 2190 ﬁeri
3343 2134 3578 2193 dicentis
3598 2174 3619 2205 ,

2015 2228 2129 2283 Emi
2153 2226 2219 2283 de
2246 2231 2395 2282 terra
2431 2230 2527 2282 tua
2540 2246 2558 2294 ,-
2586 2228 2657 2283 ‘et
2689 2227 3232 2286 consummationem
3271 2226 3619 2300 perfectionis

2016 2335 2082 2377 ac
2127 2319 2381 2392 puritatis
2418 2319 2487 2377 ab
2517 2318 2712 2377 eodem
2742 2319 2998 2379 similiter
3041 2320 3239 2391 tribui,
3269 2335 3401 2378 cum
3444 2321 3616 2390 dicit,

2015 2417 2087 2472 Et
2114 2416 2238 2470 veni
2259 2416 2319 2469 in
2347 2418 2546 2471 terram
2570 2430 2733 2486 quam
2762 2415 2867 2489 tibi
2889 2419 3274 2483 monstrarem,
3295 2412 3353 2471 id
3378 2421 3481 2485 est,
3504 2429 3617 2472 non

2015 2522 2183 2579 quam
2211 2515 2272 2564 tu
2301 2522 2368 2565 ex
2391 2507 2677 2581 temetipso
2702 2522 2895 2575 nosse,
2935 2507 3021 2564 vel
3047 2507 3312 2565 industria
3335 2514 3430 2565 tua
3459 2514 3618 2579 pote-

2015 2601 2093 2658 ris
2116 2600 2377 2673 reperire,
2415 2599 2512 2657 sed
2531 2615 2696 2673 quam
2723 2615 2825 2673 ego
2850 2600 2951 2656 tibi
2979 2616 3090 2658 non
3109 2600 3293 2658 solum
3320 2599 3616 2674 ignoranti,

2016 2692 2113 2750 sed
2142 2693 2314 2749 etiam
2340 2708 2450 2748 non
2473 2692 2769 2764 inquirenti
2805 2701 3206 2749 monstravere.
3234 2694 3320 2748 Ex
3351 2707 3463 2762 quo
3500 2707 3618 2749 ma-

2015 2788 2209 2846 nifeste
2249 2787 2523 2861 colligitur
2558 2787 2709 2859 quod
2745 2786 3213 2860 quemadmodum
3261 2785 3620 2857 inspiratione

2015 2879 2240 2938 Domini
2278 2877 2667 2952 provocati‘ad
2710 2878 2859 2936 viam
2897 2878 3090 2937 salutis
3128 2877 3503 2947 occurrimus;
3548 2876 3622 2935 ita

2013 2974 2178 3031 etiam
2207 2972 2527 3045 magisterio
2566 2971 2736 3044 ipsius
2764 2981 2823 3029 et
2848 2971 3246 3031 illuminatione
3273 2970 3520 3042 deducti,
3551 2971 3621 3030 ad

2014 3066 2409 3141 perfectionem
2447 3081 2687 3124 summae
2726 3065 3076 3123 beatitudinis
3113 3058 3481 3138 pervenimus.
3566 3070 3585 3081 ‘

2615 3206 2855 3264 CAPUT
2905 3207 3010 3262 XI.

2016 3318 2373 3384 Interrogatio
2406 3315 2472 3368 de
2495 3316 2660 3370 libero
2680 3315 2906 3370 arbitrio
2927 3314 3176 3376 hominis,
3205 3317 3256 3367 et
3284 3313 3471 3383 gratia
3498 3312 3616 3368 Dei.

2090 3446 2401 3503 Germanus
2431 3464 2444 3500 :
2476 3447 2501 3478 θ
2527 3447 2588 3500 In
2623 3460 2732 3516 quo
2761 3459 2891 3517 ergo
2928 3443 3163 3500 liberum
3190 3442 3441 3500 consistit
3464 3441 3616 3499 arbi—

2022 3538 2224 3607 trium;
2255 3547 2460 3595 nostraa
2482 3552 2730 3611 quoque,
2759 3536 2907 3609 quod
2939 3535 3233 3594 laudabiles
3267 3551 3492 3605 sumus,
3526 3552 3620 3594 re-

2021 3641 2245 3706 putatur
2278 3631 2586 3701 industriaa,
2620 3632 2665 3690 si
2714 3635 2863 3689 Deus
2906 3630 2962 3689 in
2989 3630 3149 3688 nobis
3173 3631 3358 3688 omnia
3390 3631 3619 3704 quand

2018 3737 2265 3787 nostram
2307 3728 2699 3801 perfectionem
2726 3727 3016 3802 pertinent,
3047 3736 3103 3785 et
3143 3726 3365 3802 incipit,
3406 3736 3464 3785 et
3489 3743 3621 3784 con-

2019 3831 2268 3881 summat
2295 3825 2320 3879 Ρ

1401 3964 1655 4019 ΑῙΑΒΒΙ
1695 3966 1918 4026 ΕΑΖιεί
1957 3966 2514 4023 COMMENTARIUS.

385 4091 412 4120 ⁸
446 4088 529 4141 Ita
552 4086 720 4161 etiam
760 4089 950 4142 Patres
970 4085 1400 4161 interpretantur
1444 4086 1718 4161 alienum,
1762 4089 1912 4161 quod

310 4156 625 4230 temporale
640 4176 666 4230 ;_
686 4164 937 4230 iiostrum
989 4154 1194 4230 autem,
1221 4154 1367 4229 quod
1383 4156 1757 4228 Spiritualeest
1781 4154 1908 4230 ζου-

292 4230 496 4302 prum.
540 4228 577 4302 l.
628 4228 695 4281 de
731 4228 889 4302 Oper.
911 4232 978 4302 et
1007 4228 1299 4302 Eleemosg
1351 4230 1590 4302 August.
1624 4231 1722 4302 lib.
1755 4245 1804 4287 ιι
1845 4228 1908 4300 Ο.

299 4297 573 4367 Έυαηθθι.
606 4297 861 4369 βαρηθὸ).
887 4298 1142 4354 Alienum
1171 4298 1314 4354 enim
1344 4297 1502 4356 vocat
1528 4299 1743 4358 divitias
1770 4297 1911 4358 tem-

302 4369 532 4444 porales
553 4411 568 4437 ,
589 4367 738 4442 qubd
760 4367 851 4425 eas
873 4369 1037 4444 pleno
1054 4369 1190 4444 jure_
1209 4385 1320 4444 non
1347 4369 1724 4444 possideamus
1744 4415 1759 4441 ,
1784 4388 1913 4430 cum

303 4439 547 4498 ininimo
567 4439 853 4517 momento
873 4439 955 4496 vel
977 4439 1081 4517 illae
1100 4439 1399 4517 n_obis,_vel
1420 4457 1523 4517 nos
1552 4442 1681 4515 ipsis
1709 4439 1911 4517 eripia-

2019 4089 2176 4173 quit,_
2193 4091 2390 4173 aliquis
2409 4091 2587 4173 tacitis
2606 4089 3129 4173 sibicogitationibus
3142 4087 3291 4173 dicat
3303 4107 3320 4142 :
3342 4086 3435 4173 Ad
3447 4100 3619 4173 vocem

2018 4159 2350 4216 Dominicam
2360 4165 2581 4229 uterque
2603 4161 2952 4283 iste’piscator
2972 4159 3107 4228 quid
3130 4164 3227 4213 aut
3253 4161 3517 4229 quantum
3536 4160 3621 4214 di-

2022 4233 2173 4283 misit
2194 4272 2207 4283 .
2238 4232 2338 4283 aui
2368 4245 2500 4283 perte
2536 4230 2672 4283 nihil
2737 4230 2929 4283 abuit?
2955 4229 3060 4283 Sed
3083 4229 3184 4283 hac
3212 4230 3273 4283 in
3303 4244 3381 4283 re.
3414 4230 3618 4283 fratres

2022 4233 2173 4286 misit
2192 4272 2207 4294 ,
2238 4232 2338 4300 qui
2366 4245 2500 4300 pene
2536 4230 2672 4283 nihil
2697 4229 2929 4300 habuit?
2955 4229 3060 4286 Sed
3083 4229 3184 4284 hac
3212 4230 3273 4284 in
3303 4244 3381 4293 re,
3412 4230 3618 4297 fratres

2022 4298 2345 4364 charissimi,
2367 4298 2616 4370 affectum
2623 4298 2870 4355 debemus
2883 4302 3068 4371 potius
3084 4314 3312 4371 pensare
3323 4317 3488 4371 quam
3501 4317 3617 4358 cen-

2020 4388 2175 4441 sum;
2200 4372 2427 4428 multum
2454 4371 2676 4441 reliquit
2701 4373 2804 4442 qui
2817 4371 2927 4427 sibi
2944 4372 3084 4427 nihil
3104 4375 3357 4439 retinuit;
3386 4374 3618 4430 multum

2018 4445 2242 4515 reliquit
2254 4446 2355 4515 qui
2367 4444 2759 4515 quantumlibet
2766 4460 2989 4515 parum,
3006 4449 3176 4500 totum
3194 4446 3450 4501 deseruit.
3471 4446 3617 4503 Certe

303 4526 441 4569 mur
473 4531 486 4567 :
526 4510 780 4584 quodque
835 4526 950 4587 eas_
974 4512 1251 4587 Dominus
1269 4507 1607 4587 'hominibu‘s
1647 4507 1913 4573 concedat
1941 4507 1992 4569 D
2018 4530 2114 4570 nos
2126 4507 2199 4572 'et
2235 4507 2425 4571 h'abit'a
2450 4531 2568 4572 cum
2598 4507 2786 4572 amore
2794 4516 3149 4587 possidemus,
3186 4520 3237 4571 et
3262 4534 3325 4573 ea
3351 4533 3472 4587 qua:
3510 4533 3617 4574 non

303 4598 422 4639 non
457 4581 740 4656 tamquam
770 4582 1198 4656 propriaeorum
1228 4581 1371 4656 bona
1397 4603 1414 4651 ;
1445 4583 1543 4656 sed
1570 4600 1667 4656 per
1691 4602 1819 4653 eos,
1851 4594 1914 4643 ut

232 4705 238 4709 .
306 4652 664 4717 ceconomos,
696 4652 938 4723 legitime
975 4652 1356 4723 dispensanda.
1413 4652 1677 4711 Nostrum
1719 4652 1910 4715 autem

310 4732 472 4782 vocat
515 4720 825 4796 spiritualia
869 4732 924 4796 et
949 4720 1194 4779 coelestia
1238 4722 1404 4796 bona,
1439 4723 1563 4793 quia
1601 4725 1669 4781 ad
1714 4742 1909 4784 eorum

309 4792 714 4869 possessionem
742 4794 909 4869 creati
938 4807 1157 4869 sumus,
1178 4792 1613 4865 conveniuntque
1634 4795 1793 4869 nobis
1820 4812 1909 4853 se-

308 4864 558 4939 cundum
584 4865 640 4924 id
667 4866 817 4939 quod
844 4864 1426 4939 potissimum_su_mus,
1446 4864 1909 4939 nemperationa-

308 4937 412 5006 les,
437 4946 492 4993 et
528 4937 650 4996 haec
676 4934 1154 5009 solanonqbeatos
1179 4934 1421 5003 faciunt;
1452 4949 1554 4992 nec
1585 4934 1719 5009 cripi
1748 4937 1906 4997 nobis

307 5016 564 5083 p0§su_n_t,
596 5008 700 5066 nisi
734 5007 1057 5083 volentibus.

379 5072 410 5112 ¹³
447 5072 561 5137 His
577 5087 884 5137 consonant
912 5079 1005 5135 SS.
1045 5080 1275 5135 Patrum
1293 5076 1598 5134 sententiae.
1621 5079 1693 5133 D.
1714 5076 1916 5135 Hiero-

307 5165 514 5236 ηῖωμε
538 5151 700 5237 siis!-
733 5156 842 5237 ιιι
873 5150 1157 5237 Acestae.»
1188 5148 1403 5237 inquit:
1431 5149 1913 5237 generumve

305 5221 495 5279 oinnia
521 5221 859 5290 dimiserint,
888 5227 940 5277 et
963 5222 1132 5277 secuti
1156 5221 1276 5276 sint
1304 5221 1656 5278 Salvatorem.
1687 5224 1758 5277 Et
1776 5225 1912 5277 certe

299 5298 508 5365 prater
537 5297 682 5350 retia
719 5298 770 5350 et
791 5308 980 5349 navem
1014 5293 1155 5349 nihil
1172 5293 1406 5365 legimus
1433 5307 1519 5348 eos
1537 5292 1837 5358 dimisisse;
1861 5297 1913 5348 et

307 5363 492 5422 tamen
522 5367 824 5423 testimonio
852 5366 1042 5433 futuri
1077 5364 1283 5420 Iudicis
1310 5363 1666 5428 honorantur,
1699 5365 1832 5435 quia
1853 5380 1912 5421 se

303 5438 602 5508 offerentes
613 5441 783 5493 totum
792 5436 1267 5507 dimiseruntun
1275 5434 1909 5508 habebant.Augustinus

381 5507 470 5564 ist.
491 5514 585 5577 89,
626 5524 681 5579 q.
705 5513 739 5562 4
771 5528 783 5564 :
814 5510 994 5579 Neque
1014 5508 1152 5563 mihi
1178 5509 1356 5563 minus
1381 5507 1744 5579 imputabitur
1774 5509 1908 5578 quia

381 5522 470 5564 ist.
491 5522 585 5577 89,
626 5524 681 5579 q.
705 5522 739 5562 4
771 5528 783 5564 :
814 5522 994 5579 neque
1014 5522 1148 5563 min:
1178 5522 1356 5563 minus
1381 5522 1744 5579 imputabitur
1774 5524 1904 5578 quia

309 5522 461 5650 gives
474 5596 581 5635 non
594 5582 707 5649 fui.
732 5582 869 5637 Nam
878 5596 971 5635 nec
980 5579 1229 5650 apostoli,
1242 5581 1344 5650 qui
1349 5581 1507 5649 prius
1527 5579 1635 5634 hac
1645 5580 1904 5648 fecerunt,

310 5648 508 5706 divites
534 5654 796 5720 fuerunt;
823 5651 917 5706 sed
956 5648 1127 5705 totum
1148 5648 1409 5706 mundum
1451 5650 1704 5712 dimittit,
1743 5652 1908 5720 quiet

306 5722 456 5791 quod
482 5723 738 5786 habebat,
757 5721 972 5793 etquod
994 5722 1186 5793 habere
1210 5723 1454 5793 optabat,
1481 5722 1737 5777 dimittit.
1769 5721 1905 5793 Gre-

302 5793 497 5865 gorius
524 5794 755 5867 Magnus
785 5791 978 5851 homil.
1008 5796 1041 5849 5
1068 5791 1122 5848 in
1144 5791 1434 5866 Evangelia
1468 5809 1482 5848 :
1514 5795 1786 5854 Fortasse,
1817 5791 1902 5847 in-

2021 4587 2274 4644 habemus
2301 4603 2372 4644 ea:
2393 4588 2658 4644 desiderio
2685 4590 2999 4659 quaerimus.
3027 4590 3258 4645 Multum
3285 4605 3408 4658 ergo
3427 4592 3618 4645 Petrus

2020 4664 2073 4714 et
2098 4660 2347 4717 Andreas
2374 4661 2623 4725 dimisit,
2653 4660 2869 4730 quando
2895 4665 3118 4730 uterque
3144 4662 3307 4715 etiam
3348 4660 3617 4715 desideria

2019 4730 2256 4788 habendi
2281 4733 2524 4802 reliquit.
2566 4732 2797 4785 Multum
2815 4731 3026 4785 dimisit
3047 4732 3146 4798 qui
3165 4744 3283 4782 cum
3311 4743 3368 4780 re
3367 4742 3617 4848 ﬁssessa

2019 4804 2180 4848 etiam
2206 4802 2638 4848 cnnmm’smntiis
2667 4802 3017 4848 renuntiavit.
3050 4801 3099 4848 Α
3120 4799 3367 4848 sequenti
3438 4810 3459 4841 ς
3493 4811 3615 4848 erao

2018 4804 2180 4855 etiam
2206 4800 2638 4871 concupiscentiis
2667 4802 3017 4871 renuntiavit.
3049 4801 3099 4852 A
3120 4800 3459 4871 sequentibus
3493 4811 3615 4871 ergo

2018 4875 2177 4928 tanta
2193 4865 2418 4926 dimissa
2431 4873 2579 4930 sunt,
2591 4875 2798 4936 quanta
2810 4869 2963 4937 ajnon
2973 4865 3315 4937 sequentibus
3323 4866 3622 4937 concupisci

2012 4945 2324 5020 potum-unt.
2355 4938 2492 5020 Yide
2532 4934 2730 4993 similia
2772 4934 2916 5006 apud
2947 4937 3003 4991 S.
3037 4934 3379 5019 Bernardum
3414 4934 3487 4991 in
3514 4934 3617 5020 de-

2021 5010 2243 5065 clamat.
2281 5026 2335 5063 In
2377 5009 2465 5064 Illa
2496 5005 2656 5062 verba
2701 5027 2714 5064 :
2764 5009 2893 5063 Ecce
2938 5021 3031 5061 nos
3071 5007 3385 5078 reliquimus
3430 5023 3609 5065 omnia

2023 5080 2248 5151 (Matth.
2281 5084 2432 5144 χιχ).
2499 5148 2528 5151 __
2934 5149 2961 5151 μμ
3050 5150 3056 5151 ί
3620 5097 3625 5103 ’

2091 5153 2116 5184 ο
2162 5152 2334 5208 Vetus
2368 5148 2656 5223 cantilena,
2695 5163 2791 5206 seu
2831 5149 3096 5223 cavillatio
3139 5150 3547 5223 Pelagianorum
3597 5170 3609 5223 ς

2020 5222 2088 5277 In
2116 5237 2225 5295 quo
2267 5218 2770 5295 consistitlibertas
2811 5221 3019 5278 arbitrii
3053 5230 3107 5278 et
3131 5218 3522 5295 ratiofmeriti,
3564 5221 3610 5278 si

2021 5291 2209 5366 omnia
2232 5309 2357 5366 qua:
2376 5291 2446 5350 ad
2474 5292 2703 5366 salutem
2731 5301 2978 5351 nostram
3000 5302 3056 5366 et
3075 5292 3459 5366 perfectionem
3485 5308 3613 5366 per-

2017 5365 2215 5448 tinent,
2238 5363 2437 5448 divinae
2462 5363 2669 5448 gratia:
2679 5374 2901 5439 accepta
2930 5363 3212 5448 referenda
3234 5366 3342 5422 sint
3362 5368 3395 5448 ζ
3413 5363 3614 5448 ἀφἐιᾳει

2017 5438 2323 5519 quaestione
2349 5436 2563 5519 vide‘D.
2597 5436 3128 5519 Hieronymumlib.
3164 5452 3334 5519 resp.
3370 5443 3485 5519 3_e_t
3512 5436 3607 5519 lib.

2016 5506 2093 5591 {tr
2132 5526 2253 5591 cap.
2286 5513 2319 5591 _2
2352 5508 2626 5591 adversus.
2642 5506 2978 5591 Pelagianos,
3002 5506 3371 5591 Augustinum
3408 5506 3506 5591 lib.
3542 5506 3610 5591 de

2017 5576 2217 5637 Gratia'
2249 5589 2306 5652 et
2356 5580 2557 5652 Libero
2594 5576 2838 5636 Arbitrio
2878 5595 2998 5652 cap.
3040 5576 3163 5652 l,'et
3191 5576 3529 5652 Bernardum
3579 5583 3611 5634 3

2014 5658 2247 5709 tractatu
2275 5650 2344 5724 de
2363 5651 2557 5709 eodem
2577 5659 2923 5724 argumento.
2944 5647 3061 5708 'Sed
3102 5651 3314 5724 plenius
3334 5648 3404 5707 de
3422 5647 3526 5708 hac
3552 5662 3613 5705 re

2013 5732 2208 5797 agetur
2245 5723 2427 5781 collat.
2468 5730 2555 5780 13.
