3982 6202
349 238 413 290 57
420 236 453 289 ὅ

935 362 1181 419 CAPUT
1224 363 1354 418 XII.

350 467 641 537 Responsio
679 466 747 521 de
787 462 1416 537 dispensatione‘divinte
1452 462 1667 532 gratiis,
1706 465 1951 517 manente

881 536 1105 590 arbitrii
1146 535 1415 588 libertate.

427 642 760 716 Paphnutius
791 661 804 698 :
838 642 962 697 Hoc
996 655 1095 697 vos
1122 647 1268 697 recte
1302 637 1581 709 movisset,
1622 639 1749 695 siin
1787 639 1943 697 omni

351 748 516 806 opere
546 733 626 789 vel
647 731 935 804 disciplina
956 731 1284 804 principium
1309 739 1523 788 tantum
1540 739 1684 788 esset
1705 747 1769 788 ac
1787 730 1911 788 ﬁnis
1928 774 1944 801 ,

350 836 376 863 ι
408 834 464 883 et
485 840 597 882 non
628 825 794 882 etiam
832 824 1083 898 quaedam
1120 825 1382 883 medietas
1419 826 1721 883 interesset.
1755 829 1949 899 itaque

349 920 490 978 sicut
516 920 862 977 occasionem
881 921 1077 978 salutis
1104 920 1327 978 diversis
1347 921 1531 979 modis
1554 924 1726 979 Deum
1750 936 1949 994 cogno-

348 1013 556 1071 scimus
583 1014 826 1087 operari,
849 1014 925 1071 ita
945 1023 1201 1071 nostrum
1230 1022 1314 1072 est
1333 1015 1720 1073 occasionibus
1738 1032 1768 1072 a
1789 1015 1951 1073 Divi-

348 1108 521 1165 nitate
562 1108 838 1166 concessis
861 1151 877 1178 ,
908 1108 991 1165 vel
1022 1108 1234 1166 enixius
1268 1109 1349 1166 vel
1387 1110 1667 1166 remissius
1695 1109 1948 1167 famulari

351 1203 532 1269 (Vide
552 1203 960 1258 annotationem
986 1205 1234 1272 quintam
1263 1204 1487 1273 Cugchii
1508 1206 1563 1257 in
1587 1205 1691 1273 ﬁne
1716 1206 1888 1274 operis
1906 1207 1947 1271 ).

348 1298 491 1352 Nam
519 1294 660 1351 sicut
682 1294 780 1351 Dei
802 1293 902 1350 fuit
929 1294 1174 1352 vocantis
1201 1294 1421 1366 oblatio,
1449 1299 1565 1353 Emi
1579 1297 1646 1352 de
1665 1301 1812 1353 term
1830 1302 1948 1366 tua,

350 1388 423 1443 ita
463 1386 700 1445 Abrahae
720 1385 825 1443 fuit
848 1388 1100 1445 exeuntis
1119 1388 1430 1446 obedientia
1455 1407 1469 1444 :
1501 1397 1556 1446 et
1581 1390 1948 1462 quemadmo-

350 1481 484 1560 dum
507 1478 640 1537 illud
665 1481 813 1553 quod
840 1481 1062 1546 dicitur,
1085 1484 1158 1538 Et
1181 1486 1306 1537 ueni
1335 1486 1392 1538 in
1416 1487 1638 1547 terram,
1663 1483 1950 1557 obtempe-

351 1575 520 1633 rantis
565 1575 667 1632 fuit
689 1590 857 1648 opus;
896 1575 970 1632 ita
1014 1575 1146 1633 illud
1170 1576 1318 1649 quod
1357 1576 1598 1647 additur,
1642 1580 1815 1647 Quam
1853 1580 1954 1635 tibi

351 1673 714 1724 monstravero
742 1662 950 1736 (Genes.
974 1672 1101 1736 xn),
1125 1668 1366 1741 jubentis
1379 1668 1501 1738 Dei,
1529 1670 1610 1725 vel
1631 1671 1953 1743 promitten-

349 1761 420 1819 tis
443 1770 524 1819 est
551 1762 746 1834 gratia.
772 1762 964 1819 Certos
989 1770 1173 1819 tamen
1199 1777 1307 1818 nos
1325 1777 1444 1820 esse
1477 1764 1764 1832 convenit,
1805 1764 1951 1837 quod
1981 1766 2032 1828 B

352 1869 576 1912 omnem
629 1856 892 1912 virtutem
944 1853 1223 1913 indefessis
1272 1856 1560 1914 conatibus
1599 1865 1913 1915 exercentes
1932 1902 1948 1929 ,

348 1963 697 2022 nequaquam
724 1947 1001 2023 diligentia
1031 1949 1113 2005 vel
1134 1947 1315 2006 studio
1333 1957 1528 2006 nostro
1560 1950 1950 2022 perfectionem

349 2042 625 2115 possimus
661 2043 953 2117 attingere;
1002 2057 1107 2098 nec
1147 2041 1386 2098 sufﬁciat
1425 2041 1666 2098 humana
1696 2042 1953 2101 sedulitas

348 2134 603 2192 laborum
623 2136 824 2192 merito
848 2134 917 2191 ad
938 2143 1055 2191 tam
1078 2134 1332 2191 sublimia
1350 2134 1698 2194 beatitudinis
1725 2140 1951 2210 prmmia

351 2228 631 2302 pervenire
654 2270 670 2297 ,
697 2228 801 2284 nisi
831 2242 893 2285 ea
925 2220 1174 2284 Domino
1197 2228 1355 2285 nobis
1381 2239 1709 2303 cooperante
1724 2273 1740 2300 ,
1775 2239 1831 2290 et
1857 2248 1954 2290 cor

350 2330 604 2379 nostrum
624 2321 695 2379 ad
708 2321 921 2395 idquod
930 2321 1153 2395 expedit
1166 2322 1447 2396 dirigente,
1460 2323 1726 2383 fuerimus
1735 2326 1917 2399 adepti
1933 2348 1949 2397 ;

351 2413 584 2487 ideoque
618 2413 882 2472 debemus
908 2430 1037 2471 cum
1066 2415 1243 2473 David
1270 2424 1489 2474 orantes
1510 2420 1808 2476 momentis
1835 2421 1983 2477 sin-‘

351 2508 498 2581 gulis
536 2508 715 2566 dicere
732 2550 749 2579 ,
792 2512 986 2579 Perfice
1026 2524 1240 2579 gressus
1280 2524 1421 2565 meos
1461 2512 1521 2565 in
1568 2514 1776 2568 semitis
1819 2517 1949 2579 tuis,

351 2606 414 2657 ut
436 2618 541 2681 non
569 2605 883 2657 moveantur
904 2602 1133 2671 uestigia
1172 2617 1288 2657 mea
1316 2605 1480 2668 (Psal.
1517 2605 1639 2676 xvi)
1665 2622 1681 2673 ς
1707 2614 1791 2673 et,
1821 2609 1953 2664 Sta-

352 2697 462 2750 tuit
479 2697 874 2765 suprapetram
892 2695 1058 2766 pedes
1090 2708 1250 2758 meos,
1276 2700 1328 2749 et
1353 2695 1557 2751 direarit
1582 2712 1793 2766 gressus
1812 2716 1951 2757 meos

354 2786 523 2858 (Psal.
560 2791 813 2855 xxxix);
859 2794 921 2843 ut
955 2794 1208 2843 nostrum
1238 2787 1525 2845 arbitrium
1563 2790 1713 2863 quod
1746 2794 1952 2865 procli-

349 2879 472 2937 vius
491 2880 572 2937 vel
601 2880 950 2954 ignoratione
968 2880 1098 2937 boni
1130 2880 1213 2936 vel
1242 2880 1607 2940 oblectatione
1634 2886 1949 2957 passionum

350 2971 525 3035 fertur
556 2973 624 3030 ad
645 2974 803 3041 vitia,
835 2973 929 3030 ille
949 2972 1230 3030 invisibilis
1262 2982 1443 3031 rector
1468 2976 1668 3033 mentis
1696 2977 1951 3037 humanae

352 3063 424 3121 ad
437 3065 699 3121 virtutum
716 3066 899 3138 potius
917 3065 1096 3124 studia
1121 3075 1485 3140 contorquere
1497 3067 1772 3142 dignetur.
1791 3072 1951 3141 Quod

355 3171 464 3213 uno
494 3156 763 3214 versiculo
796 3173 893 3229 per
910 3158 1242 3231 Prophetam
1264 3159 1705 3219 manifestissime
1720 3162 1953 3236 legimus

352 3248 626 3307 decantari
672 3270 686 3305 :
718 3252 990 3323 Impulsus
1019 3258 1262 3309 versatus
1290 3268 1429 3319 sum,
1482 3260 1546 3311 ut
1581 3257 1856 3326 caderem;
1896 3258 1952 3315 in

351 3359 465 3416 quo
484 3342 637 3399 liberi
663 3344 872 3401 arbitrii
906 3344 1195 3403 inﬁrmitas
1222 3346 1532 3422 designatur
1561 3369 1573 3405 :
1604 3352 1675 3406 Et
1694 3354 1951 3409 Dominus

352 3441 587 3510 suscepit
603 3455 686 3495 me
706 3439 871 3511 (Psal.
899 3440 1109 3512 cxvu);
1132 3456 1353 3499 rursum
1373 3442 1709 3515 adjutorium
1726 3445 1951 3503 Domini

344 3531 601 3605 junctum
639 3532 815 3589 eidem
848 3548 1065 3607 semper
1092 3536 1414 3605 ostenditur,
1458 3552 1567 3609 quo
1587 3538 1704 3609 jam
1749 3553 1819 3595 ne
1858 3554 1952 3611 pe-

351 3626 499 3683 nitus
526 3626 698 3683 Iibero
736 3627 1073 3685 collabamur
1100 3628 1357 3698 arbitrio,
1393 3644 1522 3686 cum
1550 3630 1811 3687 titubasse
1852 3646 1953 3689 nos

350 3719 562 3791 viderit,
593 3720 933 3794 porrectione
968 3721 1381 3794 quodammodo
1411 3738 1679 3780 manuum
1727 3738 1950 3782 suarum

350 3822 618 3872 sustentat
646 3824 813 3889 atque
850 3814 1161 3873 conﬁrmat.
1200 3818 1273 3873 Et
1300 3817 1502 3874 iterum
1537 3835 1552 3872 :
1588 3819 1653 3875 Si
1676 3818 1947 3890 dicebam,

351 3914 524 3966 motus
544 3915 622 3966 est
645 3926 737 3982 pes
763 3926 931 3976 meus,
962 3910 1174 3968 lubrica
1193 3910 1401 3968 scilicet
1429 3911 1637 3969 arbitrii
1673 3910 1946 3983 facultate,

349 4007 717 4061 misericordia
746 4011 861 4070 tua,
882 4009 1124 4070 Domine,
1155 4006 1721 4079 adjuuabatme(Psal.
1740 4009 1948 4081 xcm),

351 4100 553 4157 iterum
581 4100 872 4158 mobilitati
899 4116 1013 4158 sua:
1037 4100 1140 4157 Dei
1178 4101 1462 4175 conjunxit
1487 4102 1789 4172 auxilium;
1822 4105 1948 4177 quia

349 4208 422 4250 ne
449 4203 763 4252 moveretur
798 4211 893 4269 pes
927 4193 1053 4253 ﬁdei
1082 4209 1230 4266 suae,
1255 4211 1371 4253 non
1399 4195 1687 4255 industriae
1715 4199 1950 4270 propriae

351 4284 541 4359 fuisse,
585 4288 680 4345 sed
712 4289 1102 4346 misericordiae
1138 4290 1362 4347 Domini
1388 4290 1700 4348 conﬁtetur.
1735 4294 1805 4347 Et
1845 4292 1949 4348 ite-

350 4393 477 4436 rum
522 4398 537 4437 :
567 4382 867 4437 Secundum
901 4384 1307 4438 multitudinem
1339 4384 1581 4439 dolorum
1619 4400 1854 4440 meorum
1894 4388 1953 4439 in

352 4475 509 4528 corde
536 4488 669 4536 meo,
695 4473 786 4544 qui
822 4472 995 4529 libero
1031 4474 1219 4545 utique
1240 4474 1378 4532 mihi
1405 4476 1771 4533 nascebantur
1809 4478 1952 4535 arbi-

350 4564 477 4632 trio,
518 4566 898 4621 consolationes
932 4570 1040 4622 tum
1072 4567 1477 4637 lwtiflcaummt
1515 4572 1758 4625 animam
1783 4588 1954 4629 meam
1983 4555 2033 4618 D

354 4657 528 4729 (Ibid.
553 4658 595 4731 ),
626 4672 725 4731 per
750 4664 904 4715 tuam
934 4657 1144 4716 scilicet
1165 4659 1573 4733 inspirationem
1603 4664 1880 4721 venientes
1897 4665 1952 4721 in

352 4767 449 4811 cor
462 4768 672 4823 meum,
709 4761 764 4811 et
773 4761 1077 4812 reserantes
1096 4754 1615 4828 contemplationem
1632 4753 1947 4816 futurorum

350 4849 628 4909 bonorum
647 4850 792 4925 (qua;
819 4866 920 4925 pro
944 4858 1042 4909 tuo
1069 4850 1294 4909 nomine
1322 4850 1700 4910 laborantibus
1731 4868 1949 4927 praepa-

342 4944 480 5001 rasti
502 4946 543 5017 ),
599 4959 714 5001 non
756 4945 935 5002 solum
972 4945 1319 5005 abstulerunt
1356 4948 1593 5021 omnemf
1615 4948 1951 5006 anxietatem

350 5035 529 5095 cordis
559 5036 689 5106 mei,
727 5051 917 5095 verum
947 5039 1112 5097 etiam
1142 5055 1421 5099 summam
1447 5040 1685 5098 laetitiam
1700 5044 1952 5100 contule-

1428 229 1708 287 JOANNIS
1742 229 2049 288 CASSIANI
2086 228 2575 289 COLLATIONES.

1974 361 2027 424 Α
2057 364 2213 413 runt.
2246 359 2545 414 Etrursum
2565 357 2858 429 :Nisiquia
2879 357 3360 429 Dominusadjuuit
3373 374 3477 423 me,
3489 361 3661 430 paulo

3551 240 3658 293 5‘76

2056 453 2236 507 minus
2257 453 2665 509 habitaveratin
2689 452 3097 521 infe-meanima
3109 467 3228 507 mea
3256 450 3425 524 (Psal.
3443 455 3656 528 xcm):

2059 542 2209 600 liberi
2237 543 2425 616 utique
2450 545 2656 601 arbitrii
2685 544 2947 619 pravitate
2972 558 3032 601 se
3054 544 3112 601 in
3135 543 3349 601 inferno
3373 543 3660 603 habitatu-

2054 628 2180 694 rum
2208 636 2379 694 fuisse
2406 645 2658 709 testatur,
2678 638 2780 696 nisi
2811 638 3035 696 Domini
3060 637 3254 695 fuisset
3277 637 3552 711 adjutorio
3593 655 3662 698 ac

2055 729 2392 801 protectione
2411 731 2667 789 salvatus.
2686 734 2968 790 ADomino
2989 731 3162 802 enim,
3187 748 3301 789 non
3318 748 3350 789 a
3373 732 3545 792 libero
3565 749 3661 793 ar-

2055 822 2219 880 bitrio
2250 839 2459 893 gressus
2481 826 2710 880 hominis
2728 816 3047 895 dirigentur.
3068 827 3141 881 Et
3162 840 3281 881 cum
3299 827 3551 883 ceciderit
3569 828 3665 901 ju-

2056 922 2202 983 stus,
2232 915 2405 973 libero
2448 915 2733 974 dumtaxat
2767 917 2992 974 arbitrio
3018 932 3126 973 non
3161 918 3463 976 collidetur.
3502 922 3664 994 Qua-

2057 1013 2314 1081 propter?
2342 1010 2477 1080 quia
2503 1012 2760 1067 Dominus
2783 1014 3035 1082 supponit
3063 1026 3285 1067 manum
3310 1028 3467 1069 suam
3489 1012 3660 1085 (Psal.

2056 1103 2293 1175 xxxvr).
2312 1090 2444 1161 Hoc
2467 1112 2551 1161 est
2567 1104 2906 1176 apertissime
2928 1103 3144 1163 dicere:
3172 1104 3366 1161 Nullus
3377 1105 3658 1178 justorum

2057 1194 2161 1251 sibi
2207 1194 2410 1253 sufﬁcit
2439 1195 2508 1254 ad
2543 1196 2897 1255 obtinendam
2915 1197 3220 1271 justitiam,
3264 1197 3371 1254 nisi
3414 1214 3661 1271 permo-

2060 1295 2245 1345 menta
2280 1287 2490 1363 singula
2524 1290 2781 1346 titubanti
2831 1290 2881 1347 ei
2926 1297 2983 1348 et
3029 1290 3305 1347 corruenti
3340 1289 3657 1350 fulcimenta

2060 1398 2259 1441 manus
2291 1399 2408 1443 suae
2448 1385 2797 1458 supposuerit
2832 1384 3013 1442 divina
3055 1384 3339 1442 clementia
3356 1427 3373 1455 ,
3412 1400 3483 1442 ne
3523 1401 3662 1458 pro-

2059 1486 2260 1535 stratus
2283 1479 2512 1536 intereat
2538 1478 2901 1551 penituscum
2941 1477 3104 1535 fuerit
3138 1478 3295 1536 liberi
3332 1478 3536 1536 arbitrii
3570 1480 3660 1536 in-

2060 1570 2319 1628 ﬁrmitate
2346 1572 2639 1645 collapsus.

2626 1685 2872 1743 CAPUT
2924 1686 3085 1742 XIII.

2296 1785 2447 1853 Quod
2478 1786 2701 1841 directio
2721 1789 2847 1842 vita:
2877 1784 3072 1841 nastrw
3097 1802 3166 1842 ea:
3197 1789 3300 1843 Deo
3316 1790 3408 1844 sit.

2131 1900 2244 1954 Nec
2281 1912 2411 1955 sane
2449 1914 2715 1972 umquam
2770 1899 2866 1956 viri
2904 1899 3077 1956 sancti
3129 1897 3470 1956 directionem
3521 1898 3652 1968 vim,

2059 2002 2166 2060 qua
2214 1988 2622 2063 gradiebantur,
2664 1990 2734 2047 ad
2767 1989 3078 2064 profectum
3109 1989 3368 2047 virtutum
3399 2006 3656 2047 consum-

2060 2083 2469 2158 mationemque
2506 2083 2825 2155 tendentes,
2854 2083 3127 2142 industria
3162 2099 3222 2141 se
3260 2084 3478 2157 propria
3511 2084 3662 2141 obti-

2059 2178 2240 2235 nuisse
2284 2179 2463 2235 testati
2493 2187 2652 2249 sunt,
2679 2179 2774 2237 sed
2799 2194 2923 2237 eam
2967 2179 3150 2252 potius
3189 2195 3221 2235 a
3262 2179 3504 2236 Domino
3539 2194 3664 2252 pre-

2060 2272 2323 2329 cabantur
2365 2272 2608 2331 dicentes
2643 2294 2655 2331 :
2692 2276 2880 2345 Dirige
2912 2289 2994 2330 me
3020 2268 3446 2330 inveritate‘tua
3472 2272 3489 2344 (
3514 2273 3654 2328 Psal.

2060 2368 2257 2439 xxxv),
2269 2374 2345 2437 et,
2364 2368 2544 2438 dirige
2562 2370 2619 2423 in
2637 2371 2910 2439 conspectu
2930 2372 3023 2423 tuo
3035 2370 3179 2422 viam
3194 2383 3372 2422 meam
3385 2365 3548 2438 (Psal.
3568 2366 3655 2438 ν).
3738 2386 3741 2389 ν

2062 2464 2152 2532 Et,
2166 2464 2356 2519 Notam
2370 2463 2464 2530 fac
2486 2462 2625 2517 mihi
2640 2464 2786 2517 viam
2797 2463 3248 2533 inquaambulem
3263 2460 3426 2533 (Psal.
3442 2459 3651 2533 cxut).

2062 2554 2219 2611 Alius
2237 2562 2420 2611 autem
2444 2570 2558 2611 non
2579 2554 2758 2611 solum
2782 2554 2910 2628 ﬁde,
2932 2553 3027 2611 sed
3054 2554 3219 2611 etiam
3247 2554 3623 2627 experimento
3638 2595 3655 2623 ,

2063 2656 2119 2706 et
2149 2647 2559 2722 quodammodo
2601 2648 2715 2721 ipsa
2752 2663 2939 2705 rerum
2978 2656 3194 2718 natura,
3239 2648 3345 2704 hoc
3376 2647 3555 2720 ipsum
3595 2663 3658 2705 se

2058 2743 2479 2817 deprehendisse
2524 2743 2829 2818 proclamat
2876 2760 2889 2796 :
2923 2724 3181 2814 Cbgnoui,
3231 2746 3481 2808 Domine,
3529 2747 3658 2815 quia

2058 2854 2160 2894 non
2180 2842 2257 2894 est
2279 2841 2339 2895 in
2370 2839 2578 2895 homine
2595 2841 2686 2893 via
2707 2837 2823 2909 ejus
2840 2881 2858 2903 ,
2896 2854 2990 2895 nec
3014 2840 3123 2893 uiri
3147 2841 3225 2894 est
3248 2841 3311 2893 ut
3333 2838 3570 2894 ambulet
3605 2845 3661 2894 et

2058 2932 2269 3003 dirigat
2289 2947 2500 3003 gressus
2528 2948 2649 2988 suos
2681 2931 2889 3004 (Jerem.
2918 2932 3004 3004 x).
3048 2935 3119 2989 Et
3150 2931 3265 3004 ipse
3290 2931 3566 2988 Dominus
3587 2929 3660 2988 ad

2061 3025 2320 3082 Israelem
2344 3045 2356 3081 :
2380 3028 2451 3082 Et
2478 3026 2717 3094 dirigam
2738 3039 2857 3079 eum
2880 3038 2995 3099 ego,
3016 3021 3212 3094 inquit,
3234 3027 3297 3077 ut
3313 3023 3543 3078 abietem
3568 3023 3662 3076 vi-

2060 3122 2263 3173 rentem
2279 3138 2295 3186 ;
2326 3134 2394 3174 ere
2422 3135 2505 3173 mc
2541 3119 2753 3186 fructus
2777 3122 2903 3173 tuus
2931 3119 3177 3172 inventus
3202 3120 3280 3171 est
3311 3115 3472 3187 (Osca:
3497 3115 3656 3187 xw).

2642 3232 2881 3290 CAPUT
2923 3232 3068 3288 XIV.

2133 3344 2284 3411 Quod
2313 3345 2538 3400 scientia
2581 3344 2711 3413 legis
2753 3345 3060 3413 magisterio
3099 3347 3149 3399 et
3189 3344 3587 3401 illuminatione

2574 3417 2794 3472 Domini
2812 3416 3143 3483 conferatur.

2129 3526 2294 3599 Legis
2339 3540 2555 3597 quoque
2585 3524 2759 3597 ipsius
2800 3523 3088 3582 scientiam
3119 3540 3231 3582 non
3273 3523 3521 3581 lectionis
3568 3523 3658 3580 in-

2061 3616 2297 3688 dustria,
2323 3616 2419 3674 sed
2439 3617 2755 3689 magisterio
2784 3624 2847 3673 et
2868 3616 3272 3674 illuminatione
3285 3618 3386 3675 Dei
3411 3615 3659 3689 quotidie

2060 3710 2375 3769 desiderant
2405 3710 2671 3784 adipisci,
2699 3711 2944 3769 dicentes
2970 3712 3039 3770 ad
3069 3727 3199 3769 eum
3256 3731 3270 3767 :
3319 3713 3451 3769 Vias
3491 3716 3614 3768 tuas
3636 3756 3656 3776 ,

2059 3808 2305 3869 Domine,
2345 3806 2653 3862 demonstra
2683 3806 2844 3873 mihi,
2879 3810 2930 3861 et
2971 3808 3189 3862 semitas
3227 3809 3346 3860 tuas
3386 3805 3538 3860 edoce
3576 3820 3661 3860 me

2063 3896 2079 3968 (
2095 3898 2238 3952 Psal.
2270 3912 2420 3953 xstv
2442 3897 2484 3969 ).
2517 3899 2585 3952 Et
2602 3939 2617 3965 ,
2650 3898 2841 3953 Revela
2868 3898 3042 3952 oculos
3060 3911 3219 3960 meos,
3245 3903 3296 3952 et
3319 3896 3660 3951 considerabo

2060 3991 2333 4045 mirabilia
2354 3990 2420 4045 de
2450 3991 2562 4060 lege
2582 3994 2678 4044 tua
2705 3989 2881 4061 (Psal.
2903 3989 3097 4061 xvm).
3113 3990 3204 4056 Et,
3225 3992 3361 4045 Doce
3382 4004 3466 4042 me
3477 3990 3661 4056 facere

2059 4087 2387 4140 voluntatem
2413 4088 2583 4147 trram,
2614 4086 2745 4154 quia
2764 4087 3121 4140 Deusmeuses
3149 4087 3209 4138 tu
3232 4081 3395 4154 (Psal.
3421 4081 3657 4153 CXLVI).

2057 4180 2128 4233 Et
2164 4177 2366 4233 iterum
2422 4197 2436 4233 :
2494 4177 2601 4244 Qui
2641 4178 2791 4232 doces
2848 4177 3111 4231 hominem
3154 4178 3429 4232 scientiam
3474 4174 3659 4245 (Psal.

2058 4273 2259 4344 xcm).

2656 4363 2897 4422 CAPUT
2943 4367 3073 4421 XV.

2064 4480 2215 4548 Quod
2238 4478 2554 4543 intellectus,
2569 4494 2673 4550 quo
2684 4479 2943 4534 mandata
2966 4480 3066 4535 Dei
3071 4480 3338 4550 possimus
3358 4489 3656 4546 agnoscere,
3756 4462 3761 4465 ⁷

2169 4554 2220 4605 et
2241 4550 2385 4605 bona:
2402 4551 2704 4605 voluntatis
2733 4551 2970 4617 affectus
2999 4565 3033 4604 a
3060 4552 3281 4605 Domino
3301 4549 3545 4604 donetur.

2134 4665 2323 4735 Ipsum
2346 4662 2516 4719 etiam
2542 4661 2878 4718 intellectum
2902 4660 3097 4717 beatus
3123 4658 3319 4727 David,
3342 4674 3453 4733 quo
3496 4672 3662 4714 man-

2059 4755 2186 4813 data
2221 4754 2321 4812 Dei
2350 4755 2529 4829 possit
2569 4768 2864 4828 agnoscere
2882 4795 2897 4819 ,
2924 4768 3047 4827 qua:
3070 4753 3256 4826 utique
3277 4753 3335 4809 in
3358 4753 3500 4810 libro
3523 4751 3661 4825 legis

2058 4859 2285 4907 noverat
2311 4865 2430 4908 esse
2462 4849 2796 4923 perscripta,
2827 4864 2861 4905 a
2888 4848 3131 4905 Domino
3163 4846 3403 4921 postulat
3440 4860 3663 4920 prome-

2060 4946 2191 5013 reri,
2222 4946 2410 5004 dicens
2440 4966 2453 5003 :
2486 4949 2677 5004 Servus
2712 4950 2838 5001 tuus
2865 4961 2957 5015 ego
2989 4955 3127 5009 sum,
3176 4945 3251 4999 da
3281 4945 3421 4999 mihi
3456 4942 3664 4998 intelle-

2062 5046 2227 5112 ctum,
2246 5046 2311 5098 ut
2328 5042 2533 5097 discam
2561 5041 2821 5096 mandata
2846 5044 2942 5096 tua
2969 5039 3135 5111 (Psal.
3163 5036 3403 5110 cxvm).
3442 5035 3546 5110 Qui
3564 5034 3666 5091 uti-

1443 5175 1701 5232 ALARDI
1739 5177 1965 5233 GAZ/EI
2005 5176 2559 5233 COMMENTARIUS.

422 5292 447 5321 ⁸
486 5289 714 5364 Yidetur
758 5289 846 5364 hic
892 5288 1229 5364 Paphnutius
1266 5290 1556 5364 quaestioni
1606 5290 1682 5346 illi
1734 5291 1811 5346 ita
1863 5306 1950 5364 re-

351 5358 817 5441 spondere,_quasi
832 5358 1053 5441 initium
1071 5358 1379 5441 quideni_ac
1395 5360 1561 5441 ﬁnem
1576 5366 1783 5441 nostra:
1803 5361 1952 5416 salu-

352 5428 426 5504 tis
456 5437 514 5486 et
545 5428 910 5502 perfectionis,
941 5428 1145 5504 divinae
1174 5432 1385 5504 gratiae,
1408 5430 1757 5488 medietatem
1798 5446 1951 5500 vero,

354 5499 602 5585 haesit,
636 5514 1015 5585 ριῑρετθεειεεην
1054 5499 1451 5585 είνεῖωρειίιιπι
1500 5517 1723 5585 cursem
1773 5499 1950 5559 ηοειά

352 5571 569 5630 arbitrii
606 5571 808 5629 viribus
841 5572 969 5630 velit
1004 5571 1225 5632 ascribi.
1261 5579 1336 5632 At
1367 5588 1479 5630 non
1511 5572 1655 5629 aliud
1683 5588 1810 5629 eum
1860 5589 1953 5630 vo-

356 5643 516 5719 luisse
535 5644 817 5719 contendit
846 5648 916 5701 D.
938 5645 1212 5719 Guychius
1230 5647 1524 5719 ,(Annotat.
1554 5649 1611 5719 5_,
1636 5647 1693 5699 in
1713 5647 1821 5716 ﬁne
1842 5645 1950 5701 hu-

345 5716 441 5790 jus
486 5716 725 5789 operis),
772 5731 940 5790 quam
976 5715 1193 5790 initium
1220 5715 1626 5790 justiﬁcationis
1669 5724 1874 5790 nostra:
1919 5732 1950 5773 a

354 5786 473 5845 solo
500 5786 616 5845 Deo
653 5786 805 5859 esse;
817 5788 958 5845 sicut
994 5798 1050 5847 et
1076 5786 1285 5846 donu'm
1327 5787 1743 5860 perseverantia:
1782 5802 1951 5861 usque

2060 5290 2115 5370 in
2160 5292 2369 5370 tinent;
2406 5306 2757 5370 prostas“!!!
2799 5305 2948 5359 νεῖον
2991 5289 3668 5370 είῐθ,ἒυε¹“⁸¹¹ῖέ¹¹ἒ¹.Ε¹“δ“

2058 5363 2170 5428 tiae,
2193 5357 2809 5434 justitiaé,isanct_itatis,
2828 5370 2899 5434 et
2930 5357 3306 5434 perfectionis,
3336 5357 3480 5413 velut
3513 5357 3665 5434 inter

2058 5425 2585 5511 extremamedium
2618 5425 2806 5511 (quod;
2819 5425 3025 5511 idcirco
3061 5425 3409 5511 medietatem
3436 5433 3592 5482 vocat
3612 5425 3665 5508 ).

2057 5502 2692 5580 conjunctim‘etnostrb
2717 5504 2944 5561 arbitrio
2973 5512 3029 5560 et
3050 5502 3249 5580 divinae
3276 5502 3664 5580 μείω-θερμῆ-

2060 5569 2321 5631 ὺθιιῖὶυω.
2360 5573 2525 5653 Unde
2550 5591 2892 5653 consequens
2918 5584 3003 5632 est
3027 5583 3089 5653 ut
3124 5569 3342 5630 illorum
3365 5569 3545 5653 potius
3574 5569 3673 5625 in-

2059 5654 2243 5719 eptam
2290 5655 2387 5703 aut
2416 5646 3258 5719 imperitam'interrogationem
3296 5646 3532 5700 voluerit
3578 5655 3665 5697 re-

2059 5715 2344 5791 darguere,
2372 5719 2467 5791 qui
2505 5715 2724 5791 tantum
2750 5718 2970 5791 initium
2986 5715 3070 5773 'ac
3105 5715 3271 5772 ﬁnem
3292 5722 3525 5791 __nostm
3575 5727 3672 5769 sa-

2059 5785 2190 5846 lutis
2223 5804 2288 5847 ac
2312 5785 2660 5863 perfectionis
2684 5792 2799 5846 Deo
2824 5788 3151 5846 videbantur
3169 5785 3462 5843 ascribere.
