3982 6202
329 292 428 345 577

992 305 1006 312 “
1082 286 1420 349 COLLATIO
1459 289 1548 344 lll.
1585 315 1659 328 -
1696 289 1786 344 DE
1822 289 2070 348 TRlBUS
2104 239 2883 356 ABRENUNTIATIONIBUS:

3533 311 3637 368 578

327 428 436 488 que
469 421 526 496 et
561 411 892 469 intellectum
925 409 1098 468 semel
1134 411 1235 468 sibi
1278 427 1373 484 per
1411 419 1664 468 naturam
1711 411 1928 485 prtesti-
1955 418 2010 481 Α
2036 428 2140 485 est,
2167 417 2444 476 Dominus
2467 419 2738 492 sapientes
2760 419 2894 480 facit
2917 437 3127 495 caecos;
3152 439 3264 483 non
3289 435 3479 486 nostra
3507 446 3635 489 cau-

327 516 449 566 tum
473 505 807 580 possidebat,
845 507 1104 564 notitiam
1132 521 1350 580 quoque
1381 504 1767 564 mandatorum
1804 507 1924 592 Dei,

327 616 448 675 quae
473 599 743 674 descripta
781 599 1112 658 tenebantur
1135 600 1192 656 in
1215 600 1354 675 lege,
1389 600 1580 673 utique
1606 599 1844 657 habebat
1870 601 1928 658 in

327 700 586 766 promptu
625 714 640 750 :
672 701 732 750 et
759 700 947 754 tamen
997 701 1060 750 ut
1095 691 1235 750 hanc
1285 692 1496 766 plenius
1533 692 1924 766 apprehendat,

325 785 638 844 Dominum
688 784 1030 859 deprecatur,
1074 784 1250 844 sciens
1303 801 1652 860 nequaquam
1705 785 1928 844 sibimet

325 878 578 938 sufﬁcere
600 893 760 952 posse
787 879 838 936 id
864 879 1010 952 quod
1039 889 1134 953 per
1175 887 1434 938 naturam
1471 880 1799 940 conditionis
1841 881 1928 938 in-

325 981 538 1032 sertum
564 979 666 1043 est,
713 972 818 1030 nisi
865 972 1180 1047 quotidiana
1231 975 1460 1034 Domini
1511 974 1924 1042 illuminatione,

325 1066 400 1125 ad
429 1065 838 1141 intelligendam
860 1068 1175 1141 spiritaliter
1213 1069 1393 1143 legem
1423 1084 1486 1126 ac
1507 1061 1772 1126 mandata
1808 1069 1927 1142 ejus

324 1157 568 1232 apertius
599 1157 967 1233 agnoscenda,
1007 1174 1198 1216 sensus
1231 1159 1403 1233 ipsius
1429 1159 1500 1217 ab
1534 1159 1728 1217 eodem
1763 1157 1929 1216 fuerit

325 1249 658 1318 illustratus;
685 1250 801 1323 ipso
829 1251 994 1308 etiam
1039 1255 1180 1308 Vase
1206 1251 1488 1309 electionis
1520 1252 1628 1309 hoc
1659 1250 1804 1324 quod
1841 1251 1928 1308 di-

325 1343 512 1402 cimus
546 1344 745 1404 clarius
767 1345 1120 1418 praedicante,
1162 1349 1303 1404 Deus
1329 1350 1408 1402 est
1433 1348 1576 1402 enim
1599 1347 1700 1418 qui
1731 1360 1926 1416 opera-

319 1441 420 1493 tur
454 1440 515 1494 in
543 1439 698 1496 nobis
733 1443 783 1494 et
818 1439 968 1502 velle,
1007 1443 1060 1494 et
1083 1442 1338 1510 perﬁcere
1359 1454 1461 1508 pro
1489 1439 1626 1494 bona
1651 1439 1925 1494 voluntate

324 1530 548 1600 (Philip.
597 1529 688 1602 Il).
737 1531 808 1584 Et
852 1545 1094 1600 rursum,
1140 1531 1382 1600 Intelligo
1415 1547 1534 1602 qua:
1571 1531 1710 1596 dico,
1772 1531 1930 1587 dabit

321 1625 468 1680 enim
486 1623 591 1680 tibi
598 1626 854 1680 Dominus
863 1625 1188 1681 intellectum
1209 1625 1296 1696 (Il
1317 1627 1456 1681 Tim.
1479 1631 1570 1696 ιι).
1588 1623 1732 1695 Quid
1744 1625 1927 1698 potuit

321 1717 559 1790 apertius
597 1716 726 1786 dici,
765 1733 932 1791 quam
973 1724 1038 1776 ut
1081 1725 1139 1775 et
1183 1717 1390 1776 bonam
1438 1717 1782 1776 voluntatem
1827 1734 1931 1776 no-

323 1821 498 1870 stram
521 1819 580 1870 et
602 1812 785 1885 operis
813 1811 1347 1870 consummationem
1374 1828 1407 1870 a
1432 1812 1669 1869 Domino
1695 1812 1750 1869 in
1773 1811 1933 1870 nobis

327 1905 702 1980 pronuntiaret
739 1905 997 1979 impleri?
1038 1909 1111 1962 Et
1148 1905 1542 1975 iterum,'Quia
1577 1908 1728 1963 vobis
1766 1907 1935 1964 dona-

247 2067 257 2076 ,
327 2005 446 2057 tum
467 2006 545 2058 est
559 2017 665 2073 pro
685 2003 914 2066 Christo,
940 2017 1047 2058 non
1070 2002 1242 2058 solum
1257 2006 1320 2058 ut
1341 2003 1400 2056 in
1423 2017 1540 2057 eum
1561 2001 1812 2065 credatis,
1839 2001 1934 2058 sed

325 2099 391 2152 ut
415 2097 580 2152 etiam
600 2111 704 2168 pro
729 2097 822 2151 illo
836 2097 1136 2167 patiamini
1155 2096 1377 2164 (Philip.
1406 2093 1462 2166 ι).
1492 2093 1600 2150 Hic
1627 2109 1846 2167 quoque
1879 2101 1935 2150 et

326 2189 547 2248 initium
581 2191 954 2248 conversionis
997 2205 1064 2248 ac
1090 2189 1215 2248 ﬁdei
1257 2197 1486 2258 nostrae,
1523 2205 1588 2247 ac
1617 2189 1932 2262 passionum

327 2283 681 2342 tolerantiam
697 2283 896 2342 donari
915 2283 1076 2342 nobis
1099 2299 1134 2342 a
1155 2277 1403 2342 Domino
1425 2282 1744 2342 declaravit.
1771 2283 1933 2358 Quod

325 2377 632 2452 intelligens
687 2377 864 2436 David
921 2393 1144 2451 quoque
1200 2377 1452 2436 similiter
1497 2385 1622 2436 orat
1671 2377 1772 2436 sibi
1824 2377 1932 2436 hoc

328 2476 512 2549 ipsum
529 2475 755 2556 Domini
775 2477 1126 2534 miseratione
1143 2473 1390 2546 concedi,
1411 2474 1624 2533 dicens:
1643 2477 1928 2547 Conﬁrma,

328 2573 492 2636 Deus,
535 2573 633 2628 hoc
669 2571 815 2642 quod
858 2574 1106 2642 operatus
1137 2585 1188 2626 es
1225 2571 1286 2626 in
1323 2570 1474 2626 nobis
1499 2571 1669 2636 (Psal.
1700 2573 1928 2637 van);

325 2663 622 2721 ostendens
669 2679 780 2720 non
821 2663 1074 2721 ufﬁcere
1119 2663 1220 2720 sibi
1255 2663 1443 2720 salutis
1481 2661 1744 2734 principia
1785 2662 1931 2720 dono

326 2756 434 2814 Dei
475 2757 756 2830 gratiaque
793 2755 1008 2827 collata,
1039 2756 1144 2814 nisi
1167 2755 1374 2814 fuerint
1405 2753 1600 2812 eadem
1628 2753 1932 2812 miseratio-

325 2865 403 2908 ne
429 2837 601 2925 ipsius
639 2859 696 2908 et
740 2851 1056 2924 quotidiana
1107 2849 1460 2923 opitulatione
1507 2847 1766 2922 perfecta.
1807 2851 1932 2906 Non

321 2943 482 3002 enim
507 2943 739 3002 liberum
768 2943 1078 3013 arbitrium,
1107 2941 1202 3000 sed
1227 2944 1486 2999 Dominus
1521 2943 1682 2998 solvit
1719 2957 1932 3014 compe-

327 3035 512 3103 ditos;
543 3050 657 3092 non
695 3043 881 3092 nostra
918 3033 1109 3104 virtus,
1146 3033 1246 3092 sed
1281 3036 1535 3091 Dominus
1562 3037 1723 3104 erigit
1749 3036 1935 3104 elisos;

323 3143 446 3185 non
484 3127 736 3186 lectionis
774 3126 1066 3195 industria,
1104 3127 1199 3184 sed
1247 3130 1500 3184 Dominus
1535 3129 1820 3185 illuminat
1849 3144 1940 3184 cce-

2032 506 2130 576 tio,
2182 509 2281 567 sed
2334 513 2598 568 Dominus
2645 517 2874 573 custodit
2929 517 3162 576 advenas
3220 520 3386 592 (Psal.
3414 528 3632 595 cxnv);

2032 616 2147 658 non
2166 611 2356 662 nostra
2379 603 2668 678 fortitudo,
2712 608 2812 666 sed
2847 614 3100 670 Dominus
3137 614 3334 670 allevat
3372 615 3488 674 sive
3513 616 3634 676 sui-

2033 691 2188 751 fulcit
2230 712 2406 754 onmes
2445 694 2542 769 qui
2576 706 2830 758 corruunt
2856 705 2967 771 (Ps.
3009 709 3228 773 cxmv).
3273 708 3410 764 Haec
3447 717 3632 766 autem

2035 786 2284 882 dicimus,
2312 805 2424 847 non
2455 798 2517 848 ut
2542 791 2788 882 studium
2813 803 3067 853 nostrum
3093 797 3176 854 vel
3203 797 3449 858 laborem
3475 810 3634 874 atque

2035 879 2365 939 industriam
2403 884 2560 965 quasi
2590 879 2824 943 inaniter
2848 895 2903 944 et
2947 889 3222 962 superﬂue
3269 892 3635 965 impendenda

2033 987 2362 1044 vacuemus;
2389 963 2495 1034 sed’
2535 985 2596 1034 ut
2621 979 2940 1038 noverimus
2973 997 3076 1040 nos
3113 984 3232 1042 sine
3267 963 3470 1044 auiilio
3509 989 3634 1055 Dei,

2032 1081 2132 1122 nec
2157 1067 2331 1125 adniti
2369 1084 2554 1142 posse,
2598 1087 2701 1128 nec
2739 1071 2989 1131 efﬁcaces
3016 1085 3242 1134 nostros
3263 1094 3382 1136 esse
3411 1089 3638 1140 conatus

2030 1158 2101 1214 ad
2145 1161 2536 1232 capessendum
2578 1170 2695 1220 tam
2741 1163 2982 1223 immane
3024 1170 3318 1240 premium
3368 1175 3637 1246 puritatis,

2029 1251 2134 1308 nisi
2179 1253 2342 1310 nobis
2381 1253 2654 1327 adjutorio
2701 1257 2929 1316 Domini
2973 1275 3038 1316 ac
3072 1261 3441 1322 misericordia
3473 1265 3640 1326 fuerit

2029 1346 2422 1406 eontributum.
2451 1352 2640 1420 Equus
2677 1351 2827 1406 enim
2856 1357 3098 1423 paratur
3121 1357 3180 1410 in
3218 1356 3362 1414 diem
3411 1359 3560 1426 belli,
3601 1378 3638 1416 a

2034 1443 2260 1497 Domino
2277 1446 2457 1499 autem
2476 1448 2556 1499 est
2565 1444 2903 1514 adiutorium
2919 1449 3188 1511 (Proverb.
3205 1455 3365 1520 xxx),
3387 1456 3519 1523 quia
3532 1471 3637 1511 non

2034 1539 2112 1591 est
2146 1537 2206 1591 in
2255 1539 2583 1604 fortitudine
2613 1545 2805 1608 potens
2841 1543 2924 1595 vir
2965 1541 3004 1612 (l
3021 1545 3151 1612 Reg.
3175 1543 3246 1616 Il)
3269 1565 3282 1600 :
3309 1554 3366 1605 et
3400 1548 3637 1604 mendae:

2035 1645 2204 1699 equus
2231 1631 2308 1686 ad
2325 1632 2557 1688 salutem
2587 1632 2752 1704 (Psal.
2777 1640 3003 1703 XXXII),
3039 1643 3104 1692 ut
3125 1641 3225 1706 qui
3249 1639 3542 1707 gloriatur,
3578 1625 3640 1698 in

2041 1721 2268 1775 Domino
2297 1721 2563 1791 glorietur
2593 1722 2637 1793 (Ι
2669 1724 2793 1780 Cor.
2816 1727 2884 1792 ι).
2911 1726 3146 1797 Oportet
3174 1726 3338 1800 igitur
3359 1744 3462 1786 nos
3485 1745 3639 1789 sem-

1958 1823 2009 1888 Β
2040 1827 2138 1886 per
2159 1827 2283 1870 cum
2311 1813 2473 1872 beato
2503 1815 2684 1874 David
2708 1831 2925 1886 canere,
2954 1820 3232 1878 Fortitudo
3269 1837 3392 1878 mea
3431 1829 3481 1879 et
3524 1825 3642 1882 lau-

2041 1906 2196 1963 datio
2219 1923 2354 1972 mea,
2385 1923 2498 1964 non
2532 1907 2768 1966 liberum
2799 1910 3118 1981 arbitrium,
3145 1911 3246 1970 sed
3285 1919 3560 1984 Dominus,
3593 1925 3645 1976 et

2039 1995 2220 2069 factus
2236 2005 2317 2057 est
2332 2003 2474 2058 mihi
2497 2005 2556 2058 in
2574 2005 2808 2060 salutem
2833 1985 2997 2074 (Psal.
3025 2010 3238 2076 cxvu):
3266 2009 3428 2082 Quod
3449 2009 3643 2070 doctor

2040 2107 2261 2166 quoque
2287 2093 2534 2168 gentium
2581 2110 2696 2153 non
2742 2096 3005 2170 ignorans
3049 2098 3309 2158 idoneum
3337 2116 3398 2158 se
3429 2102 3640 2162 factum

2040 2186 2344 2244 ministerio
2373 2189 2500 2245 novi
2530 2190 3044 2262 Testamenti,.non
3069 2207 3174 2250 suo
3202 2197 3402 2254 merito
3431 2213 3534 2254 nec
3557 2214 3643 2258 su-

2041 2278 2196 2350 dore,
2219 2280 2318 2340 sed
2341 2281 2446 2339 Dei
2475 2283 2850 2352 miseratione,
2879 2287 3216 2358 proclamat:
3245 2291 3364 2348 Non
3393 2293 3538 2362 quod
3568 2295 3641 2349 si-

2039 2389 2179 2440 mus,
2203 2374 2399 2448 inquit,
2430 2376 2608 2436 idonei
2628 2380 2862 2450 cogitare
2889 2381 3106 2452 aliquid
3144 2397 3182 2437 a
3215 2383 3363 2440 nobis
3389 2387 3553 2454 quasi
3573 2402 3642 2442 ea:

2039 2469 2188 2524 nobis
2204 2508 2222 2538 ,
2242 2469 2336 2526 sed
2359 2472 2678 2539 sufﬁcientia
2701 2477 2887 2530 nostra
2912 2489 2980 2530 ex
3005 2477 3116 2531 Deo
3165 2479 3243 2532 est
3273 2476 3346 2549 (ll
3377 2478 3498 2536 Cor.
3516 2479 3656 2552 111)..

2038 2553 2066 2593 ¹²
2087 2560 2249 2632 Quod
2275 2563 2460 2622 minus
2481 2565 2697 2636 Latine,
2725 2564 2824 2622 sed
2843 2567 3150 2640 expressius
3166 2568 3272 2626 dici
3294 2579 3494 2643 potest,
3517 2572 3643 2632 ldo-

2039 2655 2214 2712 neitas
2240 2663 2427 2713 nostra
2471 2672 2539 2714 ex
2565 2660 2686 2714 Deo
2717 2667 2817 2716 est.
2866 2659 3114 2734 Denique
3153 2663 3416 2734 sequitur,
3447 2668 3552 2734 Qui
3592 2672 3643 2724 et

2042 2750 2252 2806 idoneos
2272 2767 2362 2806 nos
2381 2753 2512 2820 fecit
2529 2754 2807 2809 ministros
2829 2757 2958 2808 novi
2981 2758 3306 2812 Testamenti
3318 2762 3337 2825 (
3351 2759 3400 2813 Il
3418 2760 3536 2817 Cor.
3555 2765 3638 2829 Χ).

2631 2847 2870 2903 CAPUT
2904 2849 3057 2904 XVI.
3291 2915 3294 2918 ,

2281 2941 2432 3007 Quod
2460 2943 2578 3011 ipsa
2600 2941 2733 3011 ﬁdes
2753 2957 2790 2996 a
2822 2943 3040 2999 Domino
3064 2944 3400 3002 concedatur.

2116 3035 2180 3088 ln
2209 3040 2424 3090 tantum
2448 3042 2632 3092 autem
2675 3035 2923 3095 universa
2948 3051 3076 3109 qum
3104 3035 3173 3094 ad
3207 3037 3442 3096 salutem
3469 3038 3644 3111 perti-

2044 3133 2178 3181 nent
2223 3127 2458 3198 apostoli
2495 3127 2722 3186 sibimet
2767 3143 2800 3184 a
2833 3127 3074 3186 Domino
3107 3129 3300 3203 largita
3330 3139 3638 3202 senserunt,

330 3235 442 3282 eos,
485 3218 632 3291 quod
663 3219 856 3276 Graece
895 3218 1116 3288 dicitur,
1151 3221 1178 3250 ³
1207 3219 1382 3290 Κύριος
1426 3220 1580 3288 σοφοῖ
1613 3218 1841 3289 male“,
1887 3217 1944 3275 id
1977 3205 2021 3270 C
2048 3221 2072 3251 ε
2097 3227 2157 3276 ut
2179 3219 2354 3292 ipsam
2371 3237 2592 3295 quoque
2619 3221 2787 3280 ﬁdem
2809 3223 3052 3295 praestari
3077 3223 3181 3282 sibi
3206 3240 3238 3281 a
3267 3225 3506 3282 Domino
3544 3241 3640 3298 po-

1428 3333 1686 3390 ALARDI
1720 3333 1948 3392 GAZEI
1986 3334 2548 3394 COMMENTARIUS.

405 3437 543 3514 '§ic
573 3438 760 3514 illum
795 3439 934 3512 psal.
981 3438 1231 3514 versicul.
1282 3438 1462 3514 Graeci
1516 3439 1942 3514 interpretantur

325 3509 401 3568 de
436 3509 812 3568 illustrations
824 3510 1034 3568 mentis
1061 3519 1114 3567 et
1149 3511 1502 3568 conversione
1535 3509 1849 3576 voluntatis,
1882 3520 1942 3567 ut

330 3581 742 3665 illuminare‘sit
769 3583 1048 3665 sapientes
1066 3580 1254 3665 facere
1277 3583 1467 3665 (LXX
1494 3585 1797 3665 Intejpret).
1830 3582 1942 3638 He-

327 3651 465 3711 braei
493 3661 611 3722 tam
635 3652 704 3709 de
732 3651 976 3710 caecitate
1002 3661 1056 3710 et
1083 3652 1484 3718 illuminatione
1511 3651 1736 3724 spiritali
1766 3667 1934 3724 quam

582 3724 692 3766 im
744 3729 1024 3766 quwmorm
1073 3728 1129 3766 in
1151 3741 1250 3766 mn
1291 3739 1397 3766 νιν
1435 3727 1542 3766 [emi

582 3725 594 3736 .
623 3729 643 3766 ί
801 3729 812 3738 .
1087 3728 1100 3756 ,ἢ
1530 3727 1542 3738 .

323 3725 710 3869 οοῖέέξιδὲιίὢ
733 3729 1352 3869 ἔξιῗῖἔιῖἒηέἷῃθονῗέὲζέ
1361 3727 1776 3869 νξέἒῗιῦιξὲηῳφ
1817 3810 1930 3866 quo

365 3865 592 3924 robatur
619 3865 941 3924 Cassianum
963 3883 1076 3924 non
1097 3868 1312 3936 Graece,
1335 3866 1430 3922 sed
1449 3865 1642 3923 Latino
1670 3865 1932 3922 idiomate

399 3951 429 3994 s
475 3937 791 3994 collationes
835 3937 1234 4008 descripsisse,
1269 3936 1418 4008 quod
1470 3947 1526 3992 et
1557 3937 1836 4008 puychius
1879 3945 1934 3992 ct

324 4007 622 4065 Ciaconius
647 4013 1000 4062 annotarunt.
1021 4005 1162 4062 Nam
1193 4005 1238 4060 si
1258 4005 1448 4061 Graece
1465 4005 1744 4072 scriberet,
1771 4007 1930 4062 Grie-

327 4092 458 4134 cam
497 4091 687 4146 vocem
725 4089 848 4146 quae
883 4074 1026 4146 apud
1058 4075 1385 4146 Apostolum
1410 4091 1516 4146 una
1551 4084 1658 4144 est,
1687 4075 1932 4143 ἱκανότης,

332 4145 656 4217 simpliciter
682 4144 1026 4217 exprimeret,
1056 4144 1156 4202 nec
1192 4144 1260 4202 de
1303 4145 1525 4217 vocibus
1559 4147 1770 4202 Latinis
1793 4146 1936 4202 inter

329 4232 395 4274 se
423 4215 632 4289 collatis
661 4215 976 4288 scrupulum
1002 4226 1264 4289 moveret,
1293 4215 1526 4274 alteram
1553 4218 1705 4274 alteri
1745 4217 1936 4289 praefe-

325 4285 524 4370 rendo.
555 4285 976 4370 Craterumque
992 4287 1210 4370 ratione
1249 4289 1469 4370 dicatur
1493 4289 1675 4346 minus
1716 4285 1932 4370 Latine,

322 4357 430 4416 sed
457 4357 763 4428 expressius
791 4357 914 4426 dici,
942 4360 1211 4416 Idoneitas
1237 4364 1443 4424 nostra,
1474 4375 1639 4432 quam
1665 4362 1934 4429 sufficien-

325 4434 412 4487 tia
452 4434 657 4505 nostra,
688 4445 757 4505 ea:
801 4435 1043 4505 Deo__est,
1089 4431 1464 4505 grammaticis
1492 4431 1933 4505 ’expendendum

325 4509 385 4574 et
411 4499 831 4574 examinandum
859 4499 1131 4574 relinqud,
1169 4503 1296 4560 Mihi
1326 4510 1485 4574 certe,
1503 4499 1681 4574 potius
1705 4511 1932 4560 contra-

325 4572 474 4630 rium
508 4570 743 4639 videtur,
783 4580 837 4628 et
869 4570 1059 4628 minus
1095 4571 1330 4628 fortasse
1367 4570 1580 4640 Latine,
1619 4574 1719 4630 sed
1744 4583 1932 4630 tamen

329 4642 635 4714 expressius
663 4641 792 4712 diei,
815 4641 859 4698 si
888 4643 969 4698 vis
993 4657 1187 4698 vocum
1224 4642 1536 4700 attendatur
1561 4663 1573 4698 :
1605 4646 1934 4712 Sufﬁcientia

331 4719 522 4770 nostra
555 4730 624 4770 ea:
663 4717 766 4769 Deo
807 4717 903 4776 est,
938 4727 1114 4784 quam
1138 4733 1160 4784 :7
1201 4714 1472 4784 Idoneitas
1512 4720 1697 4784 nostra
1725 4731 1792 4770 ea:
1825 4720 1932 4771 Deo

331 4789 434 4842 est.
463 4784 572 4842 Sed
613 4785 739 4855 quia
766 4783 1015 4855 superius
1055 4783 1218 4838 verba
1247 4783 1494 4855 Apostoli
1513 4783 1601 4855 ita
1627 4785 1888 4855 citaverat
1916 4803 1928 4840 :

337 4859 458 4914 Non
486 4853 1030 4938 quodlsimui'idonei
1050 4853 1318 4938 cogitare;
1333 4862 1462 4938 etei,
1507 4853 1631 4938 ideo
1831 4870 1934 4910 ex-

327 4925 572 5000 pressius
597 4926 1053 5000 dici_:_1doneitas_
1079 4929 1264 5000 nostra
1301 4941 1375 5000 ea;
1402 4927 1506 5000 Deo
1533 4931 1628 4983 est.
1661 4925 1946 5000 Nimirum

331 4994 398 5055 iit
419 4997 582 5055 verba
607 4997 784 5054 verbis
821 4995 1202 5066 respondeant.
1231 4999 1304 5052 At
1328 4996 1560 5068 Vulgata
1587 4994 1762 5068 versio
1792 5011 1936 5054 nune

329 5068 537 5126 habet:
568 5071 687 5127 Non
707 5069 851 5140 quod
873 5065 1187 5140 sufﬁcientes
1224 5070 1414 5132 simus,
1443 5065 1588 5136 'etc.,
1617 5065 1818 5139 quibus
1851 5082 1936 5123 se.

331 5141 556 5213 quentia
585 5147 709 5212 apte
728 5139 1084 5213 respondent.

407 5213 576 5283 ἴριιο
604 5208 1013 5283 ίῐηβεὶεξςίἱνίηὶ
1055 5208 1238 5266 auxilii
1255 5209 1649 5283 necessitatem
1687 5217 1744 5264 et
1783 5208 1938 5283 liberi

329 5278 548 5340 arbitrii
597 5278 1051 5352 imbecillitatem
1077 5279 1331 5338 ostendat
1375 5280 1734 5352 Paphnutius,
1783 5278 1942 5344 docet

334 5354 514 5426 ipsam
543 5369 760 5426 quoque
797 5352 962 5426 ﬁdem
999 5351 1382 5426 Christianam,
1432 5351 1556 5425 quae
1601 5351 1942 5426 initiumest

335 5421 579 5496 salutis;
595 5421 706 5496 non
728 5440 800 5496 ex
814 5423 991 5496 nobis
1014 5423 1170 5496 ipsis,
1211 5421 1318 5480 hoc
1343 5421 1538 5496 est,’ex
1565 5423 1694 5496 solis
1739 5423 1942 5480 viribus

339 5465 503 5568 liberi
541 5467 759 5552 ’arbitrii
812 5495 1020 5568 haberi,
1037 5465 1173 5568 γἐεᾶ
1217 5509 1246 5568 a
1265 5561 1270 5568 θ
1289 5499 1408 5552 Deo
1430 5465 1684 5568 ’infundi,
1730 5495 1942 5568 Deique

345 5563 554 5639 donum
596 5582 754 5639 esse,
781 5566 929 5639 quod
965 5575 1022 5623 et
1047 5563 1270 5639 disertis
1301 5567 1480 5624 verbis
1505 5566 1745 5623 afﬁrmat
1785 5563 1938 5639 Apo-

344 5637 518 5694 stolus
556 5638 628 5695 ad
661 5635 937 5710 Ephesios,
961 5637 1202 5695 scribens
1227 5653 1344 5710 cap.
1380 5654 1431 5695 ιι
1461 5660 1474 5695 :
1527 5640 1716 5696 Gratia
1741 5635 1944 5695 salvati

341 5711 474 5766 estis
495 5726 594 5780 per
615 5709 810 5780 ﬁdem;
841 5714 894 5764 et
919 5709 1012 5764 hoc
1036 5725 1144 5780 non
1169 5726 1239 5764 ea:
1260 5709 1429 5774 vobis,
1459 5714 1560 5768 Dei
1585 5713 1724 5766 enim
1743 5711 1940 5767 donum

341 5785 440 5835 est.
472 5779 654 5855 Quam
697 5779 1004 5855 doctrinam
1047 5779 1305 5837 adversus
1351 5781 1942 5855 Pelagianos_strenue.

342 5859 552 5922 praeter
579 5851 714 5910 alios
747 5854 953 5921 Patres,
996 5861 1411 5924 propugnarunt
1455 5851 1510 5910 e't
1549 5851 1944 5910 conﬁrmarunt

2050 3445 2121 3498 D.
2175 3441 2511 3568 Augustinus
2561 3443 2804 3527 pluribus
2852 3445 2910 3528 in
2951 3445 3104 3516 locis,
3155 3447 3461 3519 praesertim
3522 3457 3668 3506 toto

2050 3511 2162 3568 fere
2221 3513 2258 3568 Ιι
2295 3528 2360 3568 ro
2411 3513 2481 3568 de
2523 3514 3012 3568 Praedestmatlone
3062 3527 3394 3568 sanctorum-
3455 3522 3524 3568 Et
3568 3523 3639 3568 n-

2047 3511 2162 3570 fere
2221 3511 2360 3568 libro
2411 3513 2481 3570 de
2523 3511 3012 3573 Praedestinatione
3062 3511 3394 3576 sanctorum.
3451 3522 3524 3576 Et
3563 3523 3639 3576 D.

2045 3582 2448 3669 PIros‘per'li-bro
2489 3585 2666 3669 piimo
2693 3584 3082 3669 de.Vocatione
3120 3589 3368 3669 gentium
3395 3607 3514 3669 cap:
3546 3591 3638 3660 23,

2045 3654 2137 3736 ubi
2176 3654 2473 3736 SAcripturaa
2490 3654 2729 3736 plurima
2760 3656 2817 3713 in
2846 3674 2966 3736 eam
3003 3654 3362 3736 rem'confert
3389 3654 3642 3736 testimof-

2039 3726 2145 3782 nia.
2194 3726 2408 3799 Quibus
2453 3726 2676 3801 accessit
2717 3730 3012 3787 auctoritas
3037 3731 3256 3788 concilii
3303 3733 3640 3801 Aransicani,

2041 3811 2162 3873 can.
2195 3804 2229 3856 5
2255 3805 2311 3873 et
2337 3799 2710 3870 sequentibus,
2735 3801 2934 3870 quibus
2969 3811 3164 3858 contra
3192 3803 3473 3873 Pelagium
3501 3799 3642 3860 deﬁé

2040 3868 2217 3942 nitur,
2238 3872 2381 3942 sicut
2411 3868 2791 3942 augmentum,
2810 3873 2889 3926 ita
2930 3873 3154 3928 initium
3181 3868 3640 3942 ﬁdeifipsumque

2041 3941 2370 3996 credulitatis
2381 3943 2646 4008 affectum
2654 3943 2752 3996 Dei
2759 3941 2957 3997 donum
2966 3957 3091 3998 esse.
3108 3941 3452 3997 Damnantur
3462 3948 3642 3998 autem

2043 4014 2358 4080 quicumque
2397 4013 2480 4066 vel
2513 4015 2734 4068 initium
2768 4013 2902 4081 fidei
2931 4013 3260 4068 naturaliter
3291 4013 3439 4067 nobis
3475 4014 3643 4069 inesse

2043 4081 2245 4146 dicunt,
2262 4083 2344 4135 vel
2349 4097 2451 4150 per
2463 4087 2678 4138 natura:
2691 4085 2928 4150 vigorem
2939 4084 3250 4151 evangelica
3262 4083 3647 4151 pradieationi

2042 4153 2332 4205 consentire
2347 4165 2441 4206 nos
2458 4167 2608 4222 posse
2635 4153 2929 4220 aﬁirmant,
2952 4150 3152 4222 absque
3181 4150 3575 4210 illuminatione
3592 4159 3643 4212 et

2043 4223 2410 4297 inspiratione
2431 4224 2670 4297 Spiritus
2692 4223 2886 4297 sancti.
2932 4223 3113 4297 Quam
3139 4222 3469 4297 sententiam
3495 4225 3641 4297 ejus-

2044 4291 2174 4348 dem
2200 4291 2414 4348 concilii
2444 4291 2886 4367 Patres_pleni_us
2919 4293 3192 4367 explicant
3215 4295 3391 4366 capite
3421 4291 3638 4367 ulti'mo,

2045 4371 2347 4445 asserentes
2379 4361 2757 4445 nosteredere
2785 4361 3009 4445 debere,
3049 4364 3198 4445 quod
3227 4361 3324 4438 per
3355 4361 3640 4445 peccatum

2044 4433 2210 4561 Brimi
2243 4432 2478 4516 hominis
2501 4435 2573 4490 ita
2602 4434 2924 4492 inclinatum
2948 4432 3004 4492 et
3030 4432 3554 4522 attenuatumfuerit
3581 4440 3642 4496 li-

2081 4521 2240 4561 erum
2267 4505 2572 4561 arbitrium.
2601 4513 2662 4561 ut
2688 4506 2870 4561 nullus
2905 4515 3093 4561 postea
3129 4509 3348 4561 credere
3377 4528 3430 4561 m
3459 4514 3638 4561 Deum

2081 4521 2240 4580 erum
2267 4505 2572 4580 arbitrium,
2601 4513 2662 4562 ut
2688 4506 3093 4580 nullusipostea
3129 4509 3348 4568 credere
3375 4511 3431 4568 in
3457 4514 3640 4569 Deum

2039 4577 2366 4654 possit,_nisi
2396 4578 2572 4654 gratia
2594 4594 2720 4636 eum
2741 4587 2796 4636 et
2820 4577 3194 4654 misericordia
3221 4581 3404 4654 divina
3431 4598 3640 4654 praeve-

2039 4649 2206 4722 nerit;
2241 4648 2424 4721 idque'
2447 4649 2602 4722 variis
2637 4650 2896 4722 exemplis
2923 4660 2978 4707 et
2999 4651 3325 4708 testimoniis
3345 4648 3642 4722 Scriptura;

2039 4719 2335 4777 declarant:
2383 4722 2484 4779 Cui
2523 4719 3149 4778 doctrinm‘inhazrentes
3195 4723 3385 4774 Patres
3427 4719 3640 4776 concilii

2041 4791 2368 4858 Tridentini,
2397 4807 2533 4848 sese.
2565 4797 2599 4846 6
2639 4807 2759 4847 can.
2793 4797 2848 4854 3,
2891 4789 3236 4844 anathemate
3263 4787 3549 4853 damnant,
3595 4793 3648 4844 si

2043 4863 2166 4928 quis
2179 4860 3108 4930 dixeritsineprwvenienteSpiritus
3117 4859 3646 4930 sanctiinspiratione
3716 4871 3726 4882 ‘

2043 4927 2206 4997 atque
2241 4927 2526 4999 adjutorio"
2545 4931 2806 4999 hominem
2843 4927 3058 4982 credere
3077 4941 3229 4999 posse
3249 4929 3390 4984 sicut
3414 4933 3639 4999 oportet.

2045 4999 2280 5054 Credere
2313 4998 2510 5055 autem
2545 4998 2688 5054 sicut
2723 5005 2941 5059 oportet
2985 5005 3070 5054 est
3103 4998 3322 5056 credere
3368 4998 3511 5058 sicut
3545 5017 3644 5059 ex-

2049 5068 2310 5144 pedituad
2343 5069 2598 5144 salutem,
2641 5068 2796 5143 quod.
2838 5077 2922 5126 est
2961 5069 3212 5126 assentiri
3259 5069 3386 5144 ﬁdei
3435 5081 3646 5144 myste—

2047 5139 2148 5195 riis
2174 5139 2275 5196 sibi
2320 5140 2632 5214 propositis,
2654 5139 2960 5214 ‘tamquam
2989 5156 3020 5198 a
3064 5144 3185 5198 Deo
3230 5139 3512 5211 revelatis,
3539 5143 3646 5200 hoc

2049 5219 2152 5292 est,
2180 5219 2400 5292 propter
2418 5212 3088 5292 revelationemldivinzim,
3116 5221 3398 5292 tamquam
3429 5223 3648 5288 propter

2048 5281 2322 5356 raiio'nem
2345 5281 2634 5356 formalem
2661 5284 2934 5356 credendi.
2971 5285 3154 5354 Quare
3185 5281 3497 5356 haereticus,
3529 5281 3647 5343 'aut

2049 5353 2302 5440 inﬁdelis,
2329 5355 2457 5427 quia
2485 5371 2598 5440 non
2638 5355 2932 5440 assentitilr
2963 5353 3242 5440 mysteriis.
3269 5353 3648 5440 ﬁdeipropter

2048 5425 2436 5499 revelationem
2479 5425 2746 5499 divinam,
2793 5427 2888 5484 sed
2916 5425 3144 5499 propter
3172 5427 3280 5484 alia
3308 5425 3546 5499 motive;
3563 5429 3647 5485 vel

2049 5499 2294 5556 rationes
2331 5498 2621 5568 humanas,
2672 5497 2796 5555 ideo
2826 5497 2940 5554 non
2969 5497 3140 5554 credit
3167 5499 3276 5555 ﬁde
3319 5497 3648 5566 Christiana,

2051 5578 2198 5626 certa
2227 5579 2282 5626 et
2307 5569 2600 5639 infallibili,
2630 5569 2728 5628 sed
2761 5568 3034 5641 humana;
3079 5568 3303 5641 proinde
3331 5586 3443 5626 non
3477 5569 3651 5641 credi;

2051 5641 2196 5698 sicut
2223 5649 2439 5714 oportet
2485 5649 2540 5714 et
2572 5638 2798 5714 necesse
2831 5649 2920 5714 est
2953 5639 3023 5698 ad
3048 5638 3300 5714 salutem.
3344 5641 3549 5714 Idcirco
3568 5638 3650 5714 _ad

2049 5710 2801 5788 exeludénd_am__hujusmodi
2847 5712 3018 5788 ﬁdem
3047 5712 3383 5788 humanam,
3422 5710 3652 5771 addide-

2051 5793 2179 5842 runt
2202 5784 2431 5842 concilia
2455 5783 2606 5844 illam
2636 5785 2978 5860 particulam,
3003 5786 3143 5843 sicut
3165 5789 3394 5854 oportet.
3487 5834 3494 5848 ι
