4024 6208
389 325 492 379 579

379 540 627 599 tudinem
653 536 771 611 ejus
812 548 925 591 non
964 530 1140 589 libero
1181 526 1406 585 arbitrio
1446 532 1864 599 praesumentes,
1891 524 1991 583 sed

380 634 482 692 Dei
521 632 630 691 sibi
675 627 961 687 credentes
1002 636 1228 680 munere
1273 615 1684 678 conferendam.
1735 619 1988 693 Denique

381 727 544 786 docet
573 739 672 781 nos
706 722 853 779 idem
895 724 1089 774 auctor
1113 715 1305 772 salutis
1343 714 1623 783 humanae,
1654 728 1824 786 quam
1869 715 1988 788 ipsa

380 820 515 877 ﬁdes
558 823 745 873 nostra
793 811 999 869 lubrica
1040 810 1134 879 sit,
1178 817 1233 865 et
1270 807 1510 876 inﬁrma,
1556 815 1611 863 et
1644 823 1990 880 nequaquam

379 911 483 971 sibi
509 908 818 977 sufﬁciens,
847 906 955 963 nisi
1007 902 1174 961 fuerit
1209 902 1407 959 auxilio
1443 897 1668 959 Domini
1706 900 1984 970 roborata,

379 1005 567 1065 dicens
583 1003 650 1061 ad
680 1006 907 1060 Petrum
932 1020 945 1057 :
977 986 1408 1067 Simon,Simon,
1434 1012 1543 1053 ecce
1570 997 1801 1053 Satanas
1826 1010 1987 1066 empe-

380 1102 506 1159 tivit
536 1115 625 1156 vos
658 1102 722 1153 ut
758 1096 1021 1152 cribraret
1048 1107 1140 1148 vos
1172 1095 1451 1161 tamquam
1473 1092 1751 1156 triticum;
1779 1089 1875 1144 sed
1900 1104 1990 1158 ego

377 1196 565 1264 rogavi
603 1196 821 1248 Patrem
864 1202 1041 1243 meum
1086 1199 1154 1239 ne
1196 1184 1439 1254 deﬁceret
1473 1182 1606 1251 ﬁdes
1656 1186 1772 1236 tua.
1827 1178 1991 1250 Quod

324 1312 335 1319 -
377 1287 514 1344 alius
552 1285 611 1340 in
657 1279 956 1351 semetipso
1003 1277 1244 1333 sentiens
1293 1274 1434 1344 ﬁeri,
1478 1282 1534 1331 et
1579 1270 1988 1347 quodammodo

380 1379 548 1437 ﬁdem
584 1391 741 1434 suam
772 1370 1111 1429 inﬁdelitatis
1138 1368 1401 1426 ﬂuctibus
1429 1366 1498 1425 ad
1538 1366 1827 1440 perniciosi
1851 1380 1991 1423 nau-

380 1470 542 1545 fragii
570 1469 765 1527 videns
788 1463 1044 1537 scopulos
1070 1461 1370 1535 perurgeri,
1406 1448 1476 1516 ad
1503 1459 1760 1516 eumdem
1786 1458 1990 1515 Domi-

378 1580 515 1623 num
544 1562 811 1619 auxilium
836 1556 961 1613 ﬁdei
987 1569 1102 1612 sua:
1129 1553 1412 1626 postulans
1436 1550 1604 1609 dicit:
1636 1555 1877 1615 Domine,
1901 1552 1993 1606 ad-

371 1663 506 1731 juua
525 1656 904 1725 inﬁdelitatem
931 1665 1106 1705 meam
1138 1651 1307 1715 (Marc
1324 1690 1335 1702 .
1352 1646 1455 1716 ix).
1478 1647 1542 1700 1n
1570 1653 1786 1701 tantum
1810 1644 1990 1718 itaque

381 1755 669 1809 senserunt
704 1742 989 1816 evangelici
1030 1748 1087 1797 et
1127 1739 1411 1813 apostolici
1440 1738 1538 1794 viri
1574 1740 1827 1796 universa
1861 1753 1983 1811 quae

1474 303 1757 363 JOANNIS
1791 303 2093 361 CASSIANI
2131 304 2514 363 COLLATION
2521 307 2618 363 ES.

377 446 665 512 stularent,
685 441 950 509 dicentes,
973 439 1213 500 Domine,
1247 449 1383 503 auge
1420 433 1571 488 nobis
1598 431 1791 502 ﬁdem;
1815 430 1989 503 pleni-
2015 434 2069 496 Α

3597 311 3718 367 580

2665 432 2910 488 CAPUT
2945 433 3125 488 XVII.

2202 536 2354 605 Quod
2376 536 2671 592 moderatio
2690 540 2741 591 et
2763 535 3051 591 tolerantia
3070 530 3424 605 tentationum
3445 535 3598 594 nobis

2590 623 2625 661 a
2651 608 2877 664 Domino
2899 606 3192 662 tribuatur.

2163 710 2455 768 Summam
2480 724 2698 783 quoque
2720 708 3039 778 tolerantiae,
3069 723 3177 781 qua
3209 706 3540 765 tentationes
3579 709 3715 768 illa-

2093 811 2177 859 tas
2224 804 2491 861 sustinere
2540 804 2835 877 possimus,
2880 819 2993 861 non
3034 810 3151 860 tam
3192 802 3252 859 in
3279 809 3470 860 nostra
3504 803 3719 863 virtute

2095 913 2263 970 quam
2294 898 2351 955 in
2379 898 2479 956 Dei
2509 896 2885 956 misericordia
2911 905 2966 955 et
2989 895 3390 965 moderatione}
3402 897 3713 956 consistere

2093 991 2291 1050 beatus
2331 992 2632 1066 Apostolus
2672 992 2745 1048 ita
2794 990 3144 1065 pronuntiat:
3195 994 3442 1049 Tentatio
3477 1008 3568 1050 vos
3595 1010 3709 1051 non

2095 1079 2124 1119 δ
2150 1087 2520 1160 apprehendat
2542 1088 2656 1143 nisi
2680 1087 2950 1142 humana:
2988 1086 3162 1156 ﬁdelis
3198 1090 3380 1142 autem
3416 1089 3573 1156 Deus,
3602 1092 3720 1159 qui

2097 1195 2202 1235 non
2222 1183 2502 1251 permittet
2524 1195 2614 1235 vos
2644 1182 2845 1235 tentari
2879 1193 3043 1250 super
3070 1179 3133 1233 id
3162 1179 3308 1249 quod
3336 1183 3577 1250 potestis,
3606 1183 3715 1237 sed

2097 1275 2261 1341 faciet
2283 1289 2400 1329 cum
2430 1275 2720 1328 tentatione
2738 1274 2901 1327 etiam
2924 1272 3150 1336 exitum,
3178 1276 3242 1326 ut
3259 1274 3523 1329 sustinere
3536 1277 3721 1344 passi.

2097 1369 2167 1422 tis
2198 1368 2245 1434 (ι
2276 1367 2394 1424 Cor.
2431 1365 2512 1438 ι).
2544 1368 2721 1423 Deum
2748 1379 2965 1437 quoque
2992 1369 3177 1435 aptare
3219 1362 3332 1421 sive
3377 1363 3710 1425 conﬁrmare

2096 1459 2312 1517 animos
2338 1466 2559 1516 nostros
2587 1458 2657 1517 ad
2685 1474 2851 1516 omne
2878 1472 3018 1530 opus
3044 1456 3279 1522 bonum,
3304 1464 3360 1514 et
3398 1461 3611 1532 operari
3645 1461 3709 1517 in

2102 1551 2260 1609 nobis
2287 1568 2352 1610 ea
2379 1568 2504 1625 qua:
2542 1551 2645 1610 sibi
2675 1560 2805 1609 sunt
2833 1550 3052 1625 placita,
3081 1550 3229 1609 idem
3270 1554 3568 1625 Apostolus
3603 1554 3715 1612 do-

2098 1653 2215 1703 cet:
2239 1651 2376 1704 Deus
2407 1649 2586 1702 autem
2598 1649 2751 1718 pacis
2773 1647 2874 1717 qui
2893 1646 3085 1701 eduxit
3105 1646 3173 1701 de
3191 1645 3422 1703 tenebris
3432 1652 3709 1720 pastorem

2070 1752 2351 1812 ‘magnum
2376 1742 2554 1796 ovium
2581 1742 2642 1796 in
2670 1741 2938 1810 sanguine
2970 1742 3279 1796 testamenti
3309 1744 3498 1798 wterm’
3517 1745 3709 1800 Iesum

381 1844 529 1902 bona
555 1849 682 1898 sunt
709 1836 912 1895 auxilio
942 1834 1168 1891 Domini
1196 1833 1592 1903 consummari,
1624 1840 1681 1890 et
1708 1848 1778 1890 ne
1805 1833 1979 1907 ipsam
2006 1842 2053 1905 Β
2089 1836 2380 1898 Christum,
2402 1816 2551 1905 aptet
2565 1848 2655 1890 vos
2680 1836 2739 1889 in
2759 1835 2907 1889 omni
2921 1833 3069 1897 bono,
3092 1834 3293 1902 faciens
3305 1835 3363 1889 in
3382 1836 3528 1890 vobis
3545 1837 3710 1905 quod

384 1936 606 2011 quidem
649 1933 815 1989 ﬁdem
845 1945 1003 1988 suam
1032 1926 1269 1985 confessi
1297 1936 1431 1984 sunt
1474 1928 1703 1985 illaesam
1731 1944 1790 1986 se
1832 1945 1994 2003 posse

382 2031 497 2088 suis
524 2028 733 2086 viribus
760 2027 840 2084 vel
867 2023 1076 2081 arbitrii
1102 2021 1362 2080 libertate
1389 2038 1631 2094 servare,
1668 2031 1731 2081 ut
1749 2023 1890 2081 hanc
1909 2024 1991 2081 vel

382 2118 622 2197 adjuvari
662 2122 722 2177 in
757 2135 836 2187 se,
878 2118 959 2174 vel
1000 2114 1191 2173 donari
1228 2115 1356 2184 sibi,
1390 2132 1427 2197 a7
1462 2116 1705 2173 Domino
1743 2116 1985 2189 postula-

383 2196 523 2275 rent.
573 2200 711 2287 Qum
739 2214 784 2271 si
824 2212 878 2269 in
901 2214 1088 2282 Petro,
1127 2226 1195 2266 ne
1223 2196 1502 2281 deﬁceret,
1533 2210 1759 2269 Domini
1800 2210 1991 2285 egebat

383 2312 604 2376 emilio,
636 2310 757 2382 quis
788 2307 892 2366 erit
920 2315 1037 2363 tam
1082 2312 1447 2377 praesumptor
1488 2312 1543 2360 et
1567 2319 1766 2371 caecus,
1801 2304 1892 2377 qui
1932 2319 1990 2361 se

382 2405 451 2464 ad
477 2405 645 2478 hujus
666 2401 975 2461 custodiam
999 2399 1320 2472 quotidiano
1356 2397 1582 2454 Domini
1606 2397 1794 2456 credat
1829 2396 1990 2471 adju-

340 2546 349 2555 .
382 2501 525 2557 tario
553 2514 664 2556 non
708 2501 909 2571 egere?
954 2494 1262 2567 praesertim
1304 2507 1434 2549 cum
1480 2493 1596 2565 ipse
1623 2493 1898 2550 Dominus
1931 2492 1988 2549 in

383 2594 672 2668 Evangelio
714 2594 819 2650 hoc
858 2592 1038 2663 ipsum
1079 2586 1355 2645 evidenter
1391 2587 1717 2659 expresserit
1763 2587 1983 2645 dicens:

381 2692 529 2748 Sicut
562 2690 766 2760 palmes
797 2702 904 2741 non
940 2688 1112 2755 potest
1151 2686 1394 2751 fructum
1423 2685 1601 2750 facere
1638 2700 1672 2737 a
1714 2680 1993 2754 semetipso

380 2786 493 2840 nisi
512 2786 569 2838 in
590 2784 699 2838 vite
719 2781 998 2842 manserit,
1032 2780 1110 2833 ita
1133 2781 1184 2833 et
1207 2792 1296 2830 vos
1324 2777 1436 2831 nisi
1455 2779 1512 2830 in
1541 2792 1622 2831 me
1659 2779 1988 2832 manseritis.

380 2882 454 2936 Et
481 2878 713 2934 iterum:
750 2877 892 2944 Quia
927 2875 1044 2929 sine
1064 2888 1147 2927 me
1180 2872 1323 2926 nihil
1349 2873 1573 2940 potestis
1605 2873 1787 2938 facere
1815 2875 1985 2937 iJoan.

380 2976 507 3038 xv).
548 2971 731 3039 Quam
774 2970 847 3025 sit
880 2966 1047 3039 igitur
1076 2966 1323 3035 ineptum
1361 2978 1426 3019 ac
1458 2963 1782 3035 sacrilegum
1823 2962 1986 3034 quid-

382 3076 546 3134 quam
571 3061 640 3117 de
666 3060 823 3117 bonis
849 3059 1061 3114 actibus
1086 3066 1289 3112 nostrae
1325 3055 1634 3123 industriae,
1665 3064 1721 3112 et
1742 3070 1852 3111 non
1880 3056 1982 3112 Dei

381 3154 567 3228 gratia:
610 3153 692 3209 vel
718 3150 1012 3223 adjutorio,
1056 3149 1339 3222 deputare,
1371 3148 1662 3206 manifeste
1698 3148 1979 3221 probatur,

2096 1931 2274 1999 placet
2305 1944 2481 1984 coram
2504 1943 2559 1983 se
2587 1926 2734 1999 (Heb.
2774 1929 2927 1994 xm).
2957 1926 3121 1997 Quod
3149 1926 3305 1983 etiam
3342 1926 3713 1984 Thessaloni-

2103 2021 2361 2079 censibus
2389 2030 2448 2078 ut
2476 2021 2687 2078 eveniat
2727 2020 2798 2076 ita
2832 2027 3086 2092 precatur
3111 2017 3330 2076 dicens:
3360 2023 3472 2091 Ipse
3512 2024 3709 2076 autem

2099 2117 2356 2170 Dominus
2397 2118 2550 2171 Iesus
2575 2114 2817 2171 Christus
2840 2117 2891 2171 et
2916 2102 3059 2170 Deus
3086 2115 3248 2169 Pater
3280 2118 3457 2169 noster
3491 2114 3588 2184 qui
3611 2114 3717 2168 di-

2098 2208 2235 2263 lexit
2256 2223 2372 2271 nos,
2396 2211 2448 2262 et
2467 2207 2616 2263 dedit
2643 2207 3050 2263 consolationem
3068 2210 3349 2269 aeternam,
3373 2210 3424 2261 et
3439 2221 3585 2277 spem
3609 2207 3709 2263 bo-

2095 2319 2224 2358 nam
2243 2306 2301 2358 in
2322 2305 2520 2374 gratia,
2543 2304 2854 2359 exhortetur
2871 2302 3031 2357 corda
3056 2306 3256 2370 vestra,
3289 2306 3340 2357 et
3356 2304 3629 2372 conﬁrmet
3646 2304 3711 2358 in

2096 2398 2247 2451 omni
2269 2411 2425 2467 opere
2445 2402 2497 2452 et
2517 2412 2757 2452 sermone
2780 2396 2911 2451 bono
2938 2397 3013 2461 (Il
3034 2396 3210 2451 Thess.
3236 2400 3322 2461 ιι).

2658 2498 2901 2555 CAPUT
2935 2498 3147 2554 XVIII.

2072 2592 2079 2599 ’
2104 2600 2255 2670 Quod
2272 2604 2610 2691 perpetuitas
2636 2605 2842 2691 timoris
2871 2604 3087 2691 Domini
3108 2603 3261 2657 nobis
3285 2618 3319 2656 a
3347 2603 3570 2658 Domino
3588 2618 3715 2659 con-

2779 2676 3014 2741 feratur.

2181 2776 2370 2846 Ipsum
2397 2773 2632 2847 denique
2654 2777 2679 2807 ο
2708 2775 2967 2830 timorem
3016 2775 3141 2847 Dei,
3170 2791 3281 2848 quo
3308 2774 3541 2832 ﬁrmiter
3578 2791 3713 2833 eum

2097 2877 2282 2925 tenere
2309 2868 2601 2940 possimus,
2632 2883 2665 2925 a
2710 2868 2950 2945 Domino
2988 2868 3145 2926 nobis
3173 2868 3405 2939 infundi,
3443 2869 3719 2928 Jeremias

2095 2960 2363 3035 propheta
2401 2977 2469 3018 ex
2497 2977 2731 3035 persona
2764 2963 2861 3019 Dei
2892 2962 3186 3020 manifeste
3213 2972 3467 3034 testatur,
3509 2964 3581 3020 ita
3622 2965 3713 3022 di-

2092 3070 2220 3111 cens
2247 3077 2258 3112 :
2286 3059 2358 3113 Et
2385 3056 2522 3111 dabo
2545 3058 2621 3112 eis
2650 3071 2737 3111 cor
2774 3072 2965 3124 unum,
2998 3061 3049 3112 et
3080 3060 3318 3112 animam
3344 3074 3528 3126 unam,
3550 3061 3717 3114 uiti-

2090 3157 2271 3208 meant
2284 3169 2366 3207 me
2383 3152 2650 3207 universis
2672 3152 2877 3214 diebus,
2901 3156 2950 3207 et
2972 3152 3100 3207 bene
3111 3154 3184 3208 sit
3201 3155 3297 3217 eis,
3314 3157 3366 3209 et
3378 3154 3509 3223 ﬁliis
3522 3169 3707 3209 eorum

383 3246 664 3302 Dominica
724 3250 1060 3317 protestante
1114 3243 1403 3313 sententia,
1450 3243 1567 3300 sine
1612 3257 1714 3299 sua
1765 3242 1993 3315 inspira-
2025 3253 2070 3318 ο
2092 3250 2217 3317 post
2243 3261 2347 3314 eos,
2371 3251 2423 3301 et
2439 3247 2637 3313 feriam
2662 3246 2743 3301 eis
2754 3250 2977 3316 pactum
3004 3248 3410 3318 sempiternum,
3429 3252 3599 3303 etnon
3618 3247 3715 3305 de-

381 3340 551 3409 tione,
595 3338 677 3395 vel
724 3337 1109 3411 c00peratione
1159 3337 1432 3410 Spiritales
1476 3336 1696 3395 fructus
1736 3335 1992 3393 exhibere

380 3435 657 3493 neminem
690 3449 883 3507 posse:
918 3436 1085 3492 Omne
1118 3436 1259 3490 enim
1288 3434 1479 3489 datum
1526 3434 1737 3498 bonum,
1768 3437 1819 3487 et
1841 3445 1990 3488 omne

379 3532 579 3587 donum
619 3531 920 3601 perfectum
949 3530 1229 3585 desursum
1270 3532 1367 3592 est,
1409 3528 1728 3583 descendens
1763 3543 1797 3580 a
1832 3530 1990 3582 Patre

381 3627 643 3682 luminum
667 3625 867 3698 (Jacobi
888 3627 955 3689 ι).
980 3622 1268 3679 Zacharias
1294 3635 1533 3693 quoque,
1564 3624 1588 3652 ³
1612 3622 1750 3688 Quia
1774 3622 1828 3674 si
1853 3622 1988 3690 quid

383 3724 601 3790 bonum,
628 3722 797 3792 ipsius
816 3721 927 3785 est;
950 3721 1001 3771 et
1015 3718 1065 3771 si
1093 3716 1227 3786 quid
1244 3717 1525 3784 optimum,
1554 3714 1623 3768 ab
1649 3715 1768 3783 ipso
1798 3715 1980 3779 (Zach.

383 3818 491 3889 ix).
537 3820 606 3872 Et
658 3813 779 3870 ideo
827 3818 1141 3869 constanter
1188 3809 1380 3866 beatus
1431 3806 1729 3879 Apostolus
1767 3824 1782 3861 :
1839 3808 1984 3875 Quid

378 3913 517 3966 enim
542 3910 702 3965 habes
720 3906 863 3978 quod
880 3920 987 3961 non
1014 3905 1267 3978 accepisti
1281 3905 1310 3957 7
1337 3901 1481 3973 quod
1499 3903 1550 3956 si
1564 3902 1827 3971 accepisti,
1852 3902 1989 3971 quid

375 4004 631 4073 gloriaris
669 4001 834 4073 quasi
852 4015 957 4055 non
982 3999 1243 4070 acceperis
1270 3997 1311 4068 (Ι
1340 3996 1459 4054 Cor.
1487 3998 1614 4063 Iv)?

2098 3341 2278 3394 sinam
2308 3341 2386 3393 eis
2416 3338 2735 3407 benefacere,
2760 3342 2813 3394 et
2831 3340 3075 3393 timorem
3097 3354 3273 3394 meum
3292 3340 3432 3395 dabo
3452 3342 3509 3394 in
3543 3340 3710 3395 corda

2098 3448 2299 3497 eorum,
2328 3438 2391 3488 ut
2414 3448 2520 3489 non
2544 3432 2793 3489 recedant
2809 3448 2844 3487 a
2870 3447 2954 3489 me
2971 3435 3184 3500 (Jerem.
3207 3438 3425 3498 xxxii).
3449 3432 3713 3490 Ezechiel

2096 3540 2351 3598 quoque:
2391 3530 2462 3582 Et
2498 3525 2635 3581 dabo
2667 3527 2743 3580 eis
2778 3540 2869 3580 cor
2895 3540 3111 3589 novum,
3140 3530 3192 3581 et
3223 3528 3473 3597 spiritum
3501 3541 3713 3582 novum

2096 3620 2331 3674 tribuam
2353 3621 2413 3672 in
2424 3616 2717 3673 visceribus
2738 3633 2939 3682 eorum,
2956 3623 3009 3673 et
3024 3620 3279 3687 auferam
3310 3635 3397 3675 cor
3423 3619 3705 3691 lapideum

2094 3713 2161 3767 de
2179 3729 2337 3768 carne
2355 3728 2557 3775 eorum,
2580 3717 2632 3767 et
2651 3712 2791 3767 dabo
2820 3715 2896 3768 eis
2924 3727 3014 3768 cor
3040 3730 3315 3778 corneum,
3344 3719 3407 3770 ut
3423 3717 3479 3769 in
3504 3731 3705 3785 prece-

2084 3810 2199 3876 ptis
2210 3808 2342 3862 meis
2350 3804 2700 3873 ambulent,et
2702 3804 2921 3874 judicia
2930 3820 3048 3861 mea
3056 3807 3376 3871 custodiant,
3379 3807 3587 3874 faciant
3595 3822 3710 3876 que

2094 3915 2176 3968 ea,
2199 3905 2251 3956 et
2277 3902 2390 3955 sint
2416 3898 2552 3953 mihi
2592 3898 2650 3951 in
2676 3898 2959 3969 populum,
2996 3903 3046 3955 et
3087 3915 3182 3970 ego
3218 3903 3319 3956 sim
3348 3902 3424 3957 eis
3454 3903 3509 3956 in
3540 3904 3709 3957 Deum

2095 3996 2380 4063 (Ezechiel.
2404 3985 2471 4051 ii
2489 3998 2540 4049 et
2567 3999 2812 4064 xxxw).

1491 4157 1745 4212 ALARDI
1786 4158 2010 4213 GAZIEI
2049 4155 2605 4213 COMMENTARIUS.

448 4327 473 4353 ⁸
493 4314 1154 4388 Vulgataversioliabet:
1190 4316 1326 4388 Quia
1351 4315 1494 4367 enim
1515 4313 1707 4388 bonum
1745 4312 1860 4388 eius
1886 4316 1981 4374 est,

375 4393 424 4441 et
447 4389 584 4457 quid
598 4385 882 4464 pulchrum
902 4386 1037 4452 eius,
1057 4388 1165 4439 nisi
1182 4387 1516 4464 frumentum
1537 4385 1855 4463 electorum?
1878 4391 1981 4436 etc.

442 4451 468 4489 ¹³
494 4461 576 4511 Ita
605 4467 752 4508 nunc
781 4467 839 4505 in
865 4454 1096 4511 Vulgata
1127 4453 1365 4506 editione
1392 4453 1604 4511 legitur.
1643 4457 1715 4505 At
1742 4469 1796 4506 in
1835 4468 1977 4506 non-

442 4467 468 4489 ”
494 4467 576 4511 lta
605 4467 752 4508 nunc
781 4467 839 4505 in
874 4467 1096 4523 vulgata
1127 4467 1365 4506 editione
1392 4467 1604 4573 legitur.
1643 4467 1715 4505 At
1742 4469 1796 4506 in
1835 4468 1977 4506 non-

371 4525 537 4579 nullis
592 4520 989 4589 antiquioribus
1031 4529 1115 4576 est
1152 4521 1419 4588 apprehen
1462 4522 1528 4589 it,
1578 4527 1639 4575 ut
1686 4520 1742 4575 in
1786 4522 1983 4577 Grmco

374 4593 595 4667 εἴληφεν.
634 4594 702 4648 Et
726 4588 1024 4667 Cyprianus
1052 4591 1144 4667 lib.
1178 4604 1252 4644 ιιι
1283 4589 1351 4645 ad
1376 4588 1667 4667 Quirinum
1692 4609 1707 4667 ς
1739 4594 1980 4647 Tentatio

373 4659 603 4725 vos'non
632 4659 931 4732 occupavit,
962 4664 1070 4718 nisi
1090 4663 1342 4742 humana.
1372 4659 1552 4742 Quam
1581 4659 1982 4742 lectionem_ve-

370 4756 490 4797 ram
526 4748 581 4796 et
625 4730 943 4811 germanam
994 4730 1445 4811 esse.contendit
1491 4730 1783 4811 Cassianus
1838 4730 1994 4811 libro-

369 4813 563 4886 quinto
589 4801 995 4886 Institutionum
1024 4804 1201 4886 capite
1226 4801 1442 4886 decimo
1469 4801 1734 4886 sextohis
1764 4802 1975 4886 verbis:

370 4876 482 4941 Hoc
523 4880 772 4953 Apostoli
802 4876 1162 4953 testimom'um
1206 4891 1329 4953 non
1352 4876 1707 4953 intelligentes
1750 4876 1975 4953 quidam

362 4947 660 5025 posuerunt
693 4967 793 5021 pro
824 4952 1113 5025 indicatieo
1154 4950 1455 5025 @tat'iuum
1493 4947 1730 5010 modum,
1764 4947 1822 5001 id
1857 4954 1973 5025 est;

373 5020 615 5081 Tentatio
640 5020 729 5077 vos
753 5037 858 5075 non
880 5020 1269 5092 apprehendat,
1300 5023 1410 5076 nisi
1436 5020 1691 5083 humana,
1729 5020 1873 5092 quod
1901 5021 1972 5077 ab

368 5099 485 5167 ipso
504 5097 672 5164 magis
706 5092 816 5167 dici
830 5090 1179 5167 manifestum
1198 5096 1419 5167 esthon
1449 5093 1709 5167 optantis,
1745 5090 1839 5167 sed
1847 5106 1974 5167 pro-

368 5161 674 5224 iiuntiantis
704 5164 918 5234 affectu.
946 5162 1260 5234 Haecipse._
1279 5163 1443 5234 Unde
1471 5161 1679 5219 mirum
1704 5168 1788 5217 est
1822 5161 1914 5234 liic
1940 5178 1972 5218 a

369 5231 906 5310 seipsogdissentire,
942 5241 1012 5310 et_
1040 5231 1201 5310 aliam
1249 5231 1750 5310 lectionemsequi:
1806 5232 1967 5310 Quod

372 5303 502 5364 vero
522 5308 612 5362 hic
626 5305 901 5378 sequitur:
920 5303 1012 5378 sed
1030 5305 1196 5378 faciet
1217 5318 1336 5378 cum
1358 5306 1651 5378 tentatione
1668 5304 1965 5378 _e_tiam_e,m‘-

369 5384 481 5435 tum
511 5371 720 5450 (Graece
744 5375 990 5442 ἔκϐασιν),
1011 5374 1096 5450 _sic
1120 5374 1418 5450 citat‘hunc
1447 5375 1628 5429 locum
1652 5371 1971 5450 divus_Hi_e-

368 5442 634 5522 ronymus
669 5446 727 5522 in
756 5462 874 5518 cap.
918 5461 968 5501 ιι
1001 5445 1536 5522 Jonai.__C_ypr_ianus
1574 5456 1732 5522 vero:
1784 5442 1968 5522 Faciet

367 5514 496 5578 cum
525 5514 837 5577 tentatione'
860 5524 915 5573 et
954 5515 1220 5573 evadendi
1244 5514 1580 5573 facultatem.
1613 5514 1753 5570 Cum
1781 5521 1965 5570 autem

369 5591 611 5645 ἐκϐαίνειν
633 5589 900 5663 signiﬁcet
919 5588 1067 5663 ultra
1085 5588 1383 5663 prosequiL
1384 5595 1442 5643 et
1458 5598 1802 5663 promovere,
1824 5594 1970 5663 rscte

365 5665 532 5723 etiam
562 5659 717 5718 verti't
763 5660 1011 5733 vulgatus
1054 5659 1293 5731 interp.’:
1341 5660 1518 5715 Faciet
1542 5671 1661 5711 cum
1685 5659 1973 5713 tentatione

359 5740 699 5808 proventum.

2094 4309 2201 4365 liali
2233 4310 2568 4380 intelligitur,
2600 4324 2714 4380 quo
2743 4307 2864 4380 quis
2890 4308 3089 4364 metuit
3114 4311 3292 4365 Deum
3334 4307 3618 4366 offendere
3648 4318 3703 4366 et

2095 4396 2189 4451 per
2218 4379 2486 4452 offensam
2513 4379 2581 4452 ab
2605 4379 2670 4435 eo
2699 4379 2960 4452 separari,
2983 4396 3172 4452 verum
3203 4382 3374 4436 etiam
3401 4381 3469 4437 de
3500 4381 3703 4437 timore

2093 4450 2298 4532 Servili,
2329 4464 2438 4532 quo
2469 4450 2648 4532 quisa
2680 4450 2901 4532 peccato
2931 4450 3256 4532 retrahitur;
3288 4467 3400 4532 non
3430 4459 3697 4532 quatenus

2092 4521 2302 4595 servilis
2319 4527 2434 4595 _est,
2469 4521 2526 4576 id
2564 4521 2967 4595 est,_’quatenus
2993 4523 3349 4595 coniunctum
3379 4521 3540 4579 habet
3567 4537 3699 4595 pec-

2091 4590 2249 4648 candi
2275 4589 2562 4666 affectum,
2596 4592 2692 4649 sed
2718 4589 2984 4666 quatenus
3015 4589 3184 4649 timor
3206 4594 3437 4666 quidam
3473 4589 3585 4661 est,
3602 4609 3701 4666 per

2089 4678 2253 4737 quem
2283 4664 3012 4737 preposita‘comminatione
3040 4680 3217 4737 pinna:
3236 4664 3555 4721 retrahitur
3578 4664 3703 4737 quis

2088 4733 2157 4789 ab
2181 4733 2343 4807 opere
2372 4733 2597 4807 peccati,
2631 4735 2720 4791 cui
2752 4751 2971 4807 pinnam
2995 4733 3143 4791 illam
3172 4736 3327 4791 novit
3356 4751 3477 4792 esse
3499 4733 3699 4792 consti-

2088 4806 2290 4862 tutain.
2324 4806 2484 4865 Hunc
2501 4806 2643 4862 enim
2667 4807 2929 4862 timorem
2950 4806 3248 4864 secundum
3268 4822 3328 4863 se
3349 4807 3559 4863 malum
3584 4823 3694 4863 non

2088 4892 2229 4949 esse,
2273 4876 2405 4949 quin
2433 4877 2607 4950 immo
2642 4876 2850 4950 donum
2880 4879 2979 4934 Dei
3021 4893 3157 4946 esse,
3200 4876 3363 4934 docet
3393 4878 3695 4950 Apostolus

2088 4951 2258 5005 Rom.
2286 4963 2424 5004 viii.
2447 4949 2647 5005 Dicens
2673 4949 2857 5005 enim:
2886 4953 3001 5021 Non
3023 4952 3216 5005 iterum
3237 4949 3522 5020 accepistis
3541 4953 3694 5021 spiri-

2088 5024 2201 5093 tum
2218 5022 2497 5093 servitutis
2516 5022 2575 5093 in
2603 5023 2809 5093 timore,
2831 5020 2976 5076 haud
3006 5021 3249 5093 obscure,
3266 5021 3545 5093 signiﬁcat
3565 5020 3633 5077 ’et
3660 5036 3693 5093 a

2086 5091 2290 5162 Spiritu
2315 5099 2503 5174 sancto
2531 5090 2678 5147 hunc
2706 5092 2972 5176 timorem.
2989 5092 3274 5176 proficisci,
3304 5090 3361 5147 et
3382 5092 3453 5148 ab
3481 5107 3549 5149 eo
3575 5092 3701 5218 q'ui-

2086 5160 2327 5218 busdam
2350 5162 2641 5218 aliquando
2670 5161 2863 5218 datum
2894 5162 3081 5218 fuisse.
3115 5163 3324 5218 scilicet
3351 5164 3556 5218 uonulo
3627 5180 3697 5218 u-

2086 5160 2327 5235 busdam
2350 5162 2641 5235 aliquando
2670 5161 2877 5235 datum,
2894 5160 3081 5229 fuisse,
3115 5163 3324 5220 scilicet
3351 5160 3697 5235 populo_]u-

2084 5232 2242 5291 daico
2278 5233 2335 5317 in
2366 5232 2479 5317 ipsa
2510 5233 2642 5317 legis
2675 5234 3010 5317 acceptione.
3023 5238 3271 5317 _Rursus
3292 5232 3695 5317 i.i’Tiii_i_oth..i,

2083 5319 2213 5359 cum
2242 5303 2345 5376 ait;
2370 5303 2483 5376 Non
2500 5303 2642 5361 enim
2662 5303 2822 5361 dedit
2842 5307 2995 5362 nobis
3014 5310 3155 5363 Deus
3181 5308 3434 5376 spiritum
3457 5307 3697 5376 timens,

2081 5389 2223 5459 eum
2253 5373 2504 5459 sideliee}
2533 5376 2624 5459 qui
2653 5376 2786 5433 olim
2814 5376 2974 5459 datus
3011 5378 3187 5459 fuerat
3204 5373 3437 5459 inlimis.
3470 5374 3691 5431 Eodem

2077 5453 2289 5517 spectat
2312 5445 2443 5502 illud
2468 5445 2622 5505 Isaiae
2638 5462 2779 5506 xxvi
2804 5467 2817 5504 :
2840 5450 2891 5505 Α
2915 5451 3104 5505 timore
3124 5454 3233 5513 tuo,
3265 5450 3495 5514 Domine,
3518 5461 3706 5503 conos»

2073 5519 2261 5592 pimus
2278 5521 2658 5592 _et_peperimus
2682 5522 2956 5592 Spiritum
2971 5523 3181 5592 salutis.
3216 5521 3461 5592 Denique
3492 5517 3695 5592 sic_in-

2080 5597 2166 5644 ter
2193 5588 2290 5645 Dei
2320 5587 2466 5647 dona
2494 5587 2909 5648 commendatur
2945 5590 3035 5647 hic
3063 5592 3253 5657 timor,
3294 5600 3357 5648 ut
3375 5587 3697 5647 secundum

2118 5659 2448 5734 uorumdam
2476 5663 2874 5734 eitpositionem
2906 5660 3121 5719 dicatur
3142 5665 3369 5720 Initium
3408 5663 3694 5733 sapientia

2079 5675 2448 5800 quorumdam
2476 5675 2874 5734 eitposnionem
2906 5675 3121 5719 dicatur
3142 5675 3369 5746 initium
3408 5675 3694 5733 sapientia

2101 5732 2244 5787 Paul.
2274 5746 2369 5789 CXI
2389 5738 2441 5790 et
2460 5736 2709 5790 Proverb.
2742 5749 2793 5791 ιι
2812 5754 2828 5803 ;
2850 5736 3043 5790 concil.
3075 5735 3317 5791 Trident.
3341 5749 3416 5789 ss.
3440 5738 3476 5787 6
3497 5749 3546 5788 c.
3579 5737 3616 5790 ϐ
3642 5736 3695 5788 et

436 5818 458 5844 ο
480 5809 758 5879 Timorem
786 5801 1017 5861 Domini
1049 5802 1195 5879 inter
1218 5800 1363 5858 dona
1387 5798 1620 5879 Spiritus
1648 5800 1819 5879 sancti
1852 5816 1965 5879 ni_i-
2072 5798 2193 5860 can.
2221 5805 2296 5871 2).
2324 5805 2413 5863 Sic
2441 5805 2588 5862 enim
2612 5807 2684 5863 D.
2719 5798 3060 5879 Augustinus
3082 5814 3136 5864 et
3156 5805 3307 5863 Beda
3338 5804 3582 5878 exponit.

366 5887 541 5938 merat
567 5878 731 5936 Isaias
754 5892 876 5948 cap.
921 5888 1010 5930 ιι.
1037 5872 1199 5944 Quod
1227 5887 1340 5929 non
1368 5871 1545 5930 solum
1569 5871 1637 5929 de
1665 5872 1870 5929 timore
1898 5871 1962 5927 li-
