  <div class='ocr_page' id='page_1' title='image "/cluster/home/n/w/nwhite01/storage/ocr_20150623/49/hvd.32044096580709/298.png"; bbox 0 0 3982 6202; ppageno 0'>
   <div class='ocr_carea' id='block_1_1' title="bbox 335 256 420 310">
    <p class='ocr_par' dir='ltr' id='par_1_1' title="bbox 335 256 420 310">
     <span class='ocr_line' id='line_1_1' title="bbox 335 256 420 310; baseline 0 0"><span class='ocrx_word' id='word_1_1' title='bbox 335 256 420 310; x_wconf 79' lang='grc'><strong>581</strong></span> 
     </span>
    </p>
   </div>
   <div class='ocr_carea' id='block_1_2' title="bbox 911 376 1351 435">
    <p class='ocr_par' dir='ltr' id='par_1_2' title="bbox 911 376 1351 435">
     <span class='ocr_line' id='line_1_2' title="bbox 911 376 1351 435; baseline -0.016 0"><span class='ocrx_word' id='word_1_2' title='bbox 911 377 1153 435; x_wconf 83' lang='lat' dir='ltr'><strong>CAPUT</strong></span> <span class='ocrx_word' id='word_1_3' title='bbox 1189 376 1351 433; x_wconf 82' lang='lat' dir='ltr'><strong>XIX.</strong></span> 
     </span>
    </p>
   </div>
   <div class='ocr_carea' id='block_1_3' title="bbox 1069 248 2878 313">
    <p class='ocr_par' dir='ltr' id='par_1_3' title="bbox 1069 248 2878 313">
     <span class='ocr_line' id='line_1_3' title="bbox 1069 248 2878 313; baseline 0.002 -6"><span class='ocrx_word' id='word_1_4' title='bbox 1069 248 1406 307; x_wconf 84' lang='lat' dir='ltr'><strong>COLLATIO</strong></span> <span class='ocrx_word' id='word_1_5' title='bbox 1445 251 1536 306; x_wconf 86' lang='grc'><strong>111.</strong></span> <span class='ocrx_word' id='word_1_6' title='bbox 1572 278 1646 293; x_wconf 93' lang='lat'><strong>—</strong></span> <span class='ocrx_word' id='word_1_7' title='bbox 1683 252 1773 308; x_wconf 81' lang='lat' dir='ltr'><strong>DE</strong></span> <span class='ocrx_word' id='word_1_8' title='bbox 1810 253 2058 310; x_wconf 80' lang='lat' dir='ltr'><strong>TRIBUS</strong></span> <span class='ocrx_word' id='word_1_9' title='bbox 2093 254 2878 313; x_wconf 76' lang='lat' dir='ltr'><strong>ABRENUNTIATIONIBUS.</strong></span> 
     </span>
    </p>
   </div>
   <div class='ocr_carea' id='block_1_4' title="bbox 3537 264 3641 320">
    <p class='ocr_par' dir='ltr' id='par_1_4' title="bbox 3537 264 3641 320">
     <span class='ocr_line' id='line_1_4' title="bbox 3537 264 3641 320; baseline 0 -1"><span class='ocrx_word' id='word_1_10' title='bbox 3537 264 3641 320; x_wconf 77' lang='lat'><strong>582</strong></span> 
     </span>
    </p>
   </div>
   <div class='ocr_carea' id='block_1_5' title="bbox 1959 367 3639 452">
    <p class='ocr_par' dir='ltr' id='par_1_5' title="bbox 1959 367 3639 452">
     <span class='ocr_line' id='line_1_5' title="bbox 1959 367 3639 452; baseline 0.004 -17"><span class='ocrx_word' id='word_1_11' title='bbox 1959 381 2013 444; x_wconf 85' lang='grc' dir='ltr'><strong>Α</strong></span> <span class='ocrx_word' id='word_1_12' title='bbox 2039 376 2251 436; x_wconf 86' lang='lat' dir='ltr'><strong>cundos</strong></span> <span class='ocrx_word' id='word_1_13' title='bbox 2277 387 2442 452; x_wconf 86' lang='lat' dir='ltr'><strong>atque</strong></span> <span class='ocrx_word' id='word_1_14' title='bbox 2467 367 2790 449; x_wconf 72' lang='lat' dir='ltr'><strong>victoriam&#39;;</strong></span> <span class='ocrx_word' id='word_1_15' title='bbox 2822 385 3077 437; x_wconf 87' lang='lat' dir='ltr'><strong>nostrum</strong></span> <span class='ocrx_word' id='word_1_16' title='bbox 3103 372 3234 437; x_wconf 64' lang='lat' dir='ltr'><strong>iero</strong></span> <span class='ocrx_word' id='word_1_17' title='bbox 3256 394 3376 440; x_wconf 84' lang='lat' dir='ltr'><strong>esse</strong></span> <span class='ocrx_word' id='word_1_18' title='bbox 3411 392 3475 440; x_wconf 89' lang='lat' dir='ltr'><strong>ut</strong></span> <span class='ocrx_word' id='word_1_19' title='bbox 3500 399 3639 441; x_wconf 86' lang='lat' dir='ltr'><strong>con-</strong></span> 
     </span>
    </p>
   </div>
   <div class='ocr_carea' id='block_1_6' title="bbox 328 469 3638 552">
    <p class='ocr_par' dir='ltr' id='par_1_6' title="bbox 328 469 3638 552">
     <span class='ocr_line' id='line_1_6' title="bbox 328 469 3638 552; baseline 0 -16"><span class='ocrx_word' id='word_1_20' title='bbox 328 481 475 552; x_wconf 73' lang='lat' dir='ltr'><strong>Quod</strong></span> <span class='ocrx_word' id='word_1_21' title='bbox 501 482 716 537; x_wconf 86' lang='lat' dir='ltr'><strong>initium</strong></span> <span class='ocrx_word' id='word_1_22' title='bbox 739 480 1033 535; x_wconf 73' lang='lat' dir='ltr'><strong>voluntatis</strong></span> <span class='ocrx_word' id='word_1_23' title='bbox 1068 479 1214 535; x_wconf 80' lang='lat' dir='ltr'><strong>bona:</strong></span> <span class='ocrx_word' id='word_1_24' title='bbox 1239 482 1300 552; x_wconf 87' lang='lat' dir='ltr'><strong>et</strong></span> <span class='ocrx_word' id='word_1_25' title='bbox 1327 481 1710 535; x_wconf 76' lang='lat' dir='ltr'><strong>consummatio</strong></span> <span class='ocrx_word' id='word_1_26' title='bbox 1746 479 1862 549; x_wconf 87' lang='lat' dir='ltr'><strong>ejus</strong></span> <span class='ocrx_word' id='word_1_27' title='bbox 1889 496 1924 535; x_wconf 92' lang='lat' dir='ltr'><strong>a</strong></span> <span class='ocrx_word' id='word_1_28' title='bbox 2028 485 2185 527; x_wconf 88' lang='lat' dir='ltr'><strong>cessa</strong></span> <span class='ocrx_word' id='word_1_29' title='bbox 2206 471 2309 528; x_wconf 88' lang='lat' dir='ltr'><strong>Dei</strong></span> <span class='ocrx_word' id='word_1_30' title='bbox 2341 469 2605 529; x_wconf 94' lang='lat' dir='ltr'><strong>beneﬁcia</strong></span> <span class='ocrx_word' id='word_1_31' title='bbox 2631 473 2713 530; x_wconf 98' lang='lat' dir='ltr'><strong>vel</strong></span> <span class='ocrx_word' id='word_1_32' title='bbox 2741 472 3002 531; x_wconf 71' lang='lat' dir='ltr'><strong>intentius</strong></span> <span class='ocrx_word' id='word_1_33' title='bbox 3022 473 3104 531; x_wconf 91' lang='lat' dir='ltr'><strong>vel</strong></span> <span class='ocrx_word' id='word_1_34' title='bbox 3126 475 3348 548; x_wconf 79' lang='lat' dir='ltr'><strong>segnius</strong></span> <span class='ocrx_word' id='word_1_35' title='bbox 3372 491 3638 552; x_wconf 83' lang='lat' dir='ltr'><strong>exsequa-</strong></span> 
     </span>
    </p>
   </div>
   <div class='ocr_carea' id='block_1_7' title="bbox 950 551 1288 607">
    <p class='ocr_par' dir='ltr' id='par_1_7' title="bbox 950 551 1288 607">
     <span class='ocr_line' id='line_1_7' title="bbox 950 551 1288 607; baseline -0.009 0"><span class='ocrx_word' id='word_1_36' title='bbox 950 552 1176 607; x_wconf 86' lang='lat' dir='ltr'><strong>Domino</strong></span> <span class='ocrx_word' id='word_1_37' title='bbox 1198 551 1288 604; x_wconf 93' lang='lat' dir='ltr'><strong>sit.</strong></span> 
     </span>
    </p>
   </div>
   <div class='ocr_carea' id='block_1_8' title="bbox 393 651 1925 728">
    <p class='ocr_par' dir='ltr' id='par_1_8' title="bbox 393 651 1925 728">
     <span class='ocr_line' id='line_1_8' title="bbox 393 651 1925 728; baseline -0.002 -14"><span class='ocrx_word' id='word_1_38' title='bbox 393 656 604 728; x_wconf 77' lang='lat' dir='ltr'><strong>Quibus</strong></span> <span class='ocrx_word' id='word_1_39' title='bbox 646 653 1086 713; x_wconf 78' lang='lat' dir='ltr'><strong>manifestissime</strong></span> <span class='ocrx_word' id='word_1_40' title='bbox 1123 651 1514 726; x_wconf 86' lang='lat' dir='ltr'><strong>perdocemur,</strong></span> <span class='ocrx_word' id='word_1_41' title='bbox 1547 661 1605 710; x_wconf 90' lang='lat' dir='ltr'><strong>et</strong></span> <span class='ocrx_word' id='word_1_42' title='bbox 1639 663 1665 690; x_wconf 73' lang='grc'><strong><em>³</em></strong></span> <span class='ocrx_word' id='word_1_43' title='bbox 1706 652 1925 711; x_wconf 90' lang='lat' dir='ltr'><strong>initium</strong></span> 
     </span>
    </p>
   </div>
   <div class='ocr_carea' id='block_1_9' title="bbox 286 748 1926 821">
    <p class='ocr_par' dir='ltr' id='par_1_9' title="bbox 286 748 1926 821">
     <span class='ocr_line' id='line_1_9' title="bbox 286 748 1926 821; baseline -0.002 -12"><span class='ocrx_word' id='word_1_44' title='bbox 286 798 289 801; x_wconf 48' lang='grc' dir='ltr'><strong><em>μ</em></strong></span> <span class='ocrx_word' id='word_1_45' title='bbox 331 753 620 810; x_wconf 79' lang='lat' dir='ltr'><strong>voluntatis</strong></span> <span class='ocrx_word' id='word_1_46' title='bbox 657 751 820 808; x_wconf 65' lang='lat' dir='ltr'><strong>bonae</strong></span> <span class='ocrx_word' id='word_1_47' title='bbox 845 748 1008 807; x_wconf 91' lang='lat' dir='ltr'><strong>nobis</strong></span> <span class='ocrx_word' id='word_1_48' title='bbox 1039 748 1289 806; x_wconf 90' lang='lat' dir='ltr'><strong>Domino</strong></span> <span class='ocrx_word' id='word_1_49' title='bbox 1331 748 1634 821; x_wconf 89' lang='lat' dir='ltr'><strong>inspirante</strong></span> <span class='ocrx_word' id='word_1_50' title='bbox 1676 749 1926 818; x_wconf 80' lang='lat' dir='ltr'><strong>concedi,</strong></span> 
     </span>
    </p>
   </div>
   <div class='ocr_carea' id='block_1_10' title="bbox 330 840 1925 916">
    <p class='ocr_par' dir='ltr' id='par_1_10' title="bbox 330 840 1925 916">
     <span class='ocr_line' id='line_1_10' title="bbox 330 840 1925 916; baseline -0.002 -15"><span class='ocrx_word' id='word_1_51' title='bbox 330 859 454 902; x_wconf 90' lang='lat' dir='ltr'><strong>cum</strong></span> <span class='ocrx_word' id='word_1_52' title='bbox 473 851 570 901; x_wconf 87' lang='lat' dir='ltr'><strong>aut</strong></span> <span class='ocrx_word' id='word_1_53' title='bbox 587 857 682 916; x_wconf 89' lang='lat' dir='ltr'><strong>per</strong></span> <span class='ocrx_word' id='word_1_54' title='bbox 701 857 781 914; x_wconf 89' lang='lat' dir='ltr'><strong>se,</strong></span> <span class='ocrx_word' id='word_1_55' title='bbox 804 850 899 899; x_wconf 88' lang='lat' dir='ltr'><strong>aut</strong></span> <span class='ocrx_word' id='word_1_56' title='bbox 916 857 1012 915; x_wconf 89' lang='lat' dir='ltr'><strong>per</strong></span> <span class='ocrx_word' id='word_1_57' title='bbox 1029 840 1473 899; x_wconf 88' lang='lat' dir='ltr'><strong>exhortationem</strong></span> <span class='ocrx_word' id='word_1_58' title='bbox 1498 840 1792 914; x_wconf 84' lang='lat' dir='ltr'><strong>cujuslibet</strong></span> <span class='ocrx_word' id='word_1_59' title='bbox 1825 840 1925 898; x_wconf 87' lang='lat' dir='ltr'><strong>ho-</strong></span> 
     </span>
    </p>
   </div>
   <div class='ocr_carea' id='block_1_11' title="bbox 333 932 1930 1009">
    <p class='ocr_par' dir='ltr' id='par_1_11' title="bbox 333 932 1930 1009">
     <span class='ocr_line' id='line_1_11' title="bbox 333 932 1930 1009; baseline -0.003 -15"><span class='ocrx_word' id='word_1_60' title='bbox 333 937 513 1007; x_wconf 86' lang='lat' dir='ltr'><strong>minis,</strong></span> <span class='ocrx_word' id='word_1_61' title='bbox 543 943 638 993; x_wconf 91' lang='lat' dir='ltr'><strong>aut</strong></span> <span class='ocrx_word' id='word_1_62' title='bbox 676 952 771 1009; x_wconf 89' lang='lat' dir='ltr'><strong>per</strong></span> <span class='ocrx_word' id='word_1_63' title='bbox 812 933 1194 993; x_wconf 81' lang='lat' dir='ltr'><strong>necessitatem</strong></span> <span class='ocrx_word' id='word_1_64' title='bbox 1236 949 1340 992; x_wconf 88' lang='lat' dir='ltr'><strong>nos</strong></span> <span class='ocrx_word' id='word_1_65' title='bbox 1380 932 1451 991; x_wconf 90' lang='lat' dir='ltr'><strong>ad</strong></span> <span class='ocrx_word' id='word_1_66' title='bbox 1493 933 1680 991; x_wconf 84' lang='lat' dir='ltr'><strong>salutis</strong></span> <span class='ocrx_word' id='word_1_67' title='bbox 1705 934 1930 992; x_wconf 79' lang='lat' dir='ltr'><strong>attrahit</strong></span> 
     </span>
    </p>
   </div>
   <div class='ocr_carea' id='block_1_12' title="bbox 335 1026 1931 1103">
    <p class='ocr_par' dir='ltr' id='par_1_12' title="bbox 335 1026 1931 1103">
     <span class='ocr_line' id='line_1_12' title="bbox 335 1026 1931 1103; baseline -0.002 -17"><span class='ocrx_word' id='word_1_68' title='bbox 335 1030 495 1101; x_wconf 84' lang='lat' dir='ltr'><strong>viam,</strong></span> <span class='ocrx_word' id='word_1_69' title='bbox 523 1038 578 1087; x_wconf 91' lang='lat' dir='ltr'><strong>et</strong></span> <span class='ocrx_word' id='word_1_70' title='bbox 612 1028 1006 1103; x_wconf 82' lang='lat' dir='ltr'><strong>perfectionem</strong></span> <span class='ocrx_word' id='word_1_71' title='bbox 1032 1028 1301 1087; x_wconf 89' lang='lat' dir='ltr'><strong>virtutum</strong></span> <span class='ocrx_word' id='word_1_72' title='bbox 1342 1026 1412 1085; x_wconf 89' lang='lat' dir='ltr'><strong>ab</strong></span> <span class='ocrx_word' id='word_1_73' title='bbox 1444 1026 1640 1085; x_wconf 86' lang='lat' dir='ltr'><strong>eodem</strong></span> <span class='ocrx_word' id='word_1_74' title='bbox 1677 1027 1931 1084; x_wconf 84' lang='lat' dir='ltr'><strong>similiter</strong></span> 
     </span>
    </p>
   </div>
   <div class='ocr_carea' id='block_1_13' title="bbox 332 1121 1931 1195">
    <p class='ocr_par' dir='ltr' id='par_1_13' title="bbox 332 1121 1931 1195">
     <span class='ocr_line' id='line_1_13' title="bbox 332 1121 1931 1195; baseline -0.002 -12"><span class='ocrx_word' id='word_1_75' title='bbox 332 1124 622 1183; x_wconf 88' lang='lat' dir='ltr'><strong>condonari</strong></span> <span class='ocrx_word' id='word_1_76' title='bbox 640 1148 655 1195; x_wconf 83' lang='lat'><strong>;</strong></span> <span class='ocrx_word' id='word_1_77' title='bbox 670 1127 697 1162; x_wconf 72' lang='grc' dir='ltr'>δ</span> <span class='ocrx_word' id='word_1_78' title='bbox 714 1132 971 1182; x_wconf 90' lang='lat' dir='ltr'><strong>nostrum</strong></span> <span class='ocrx_word' id='word_1_79' title='bbox 990 1138 1119 1181; x_wconf 88' lang='lat' dir='ltr'><strong>vero</strong></span> <span class='ocrx_word' id='word_1_80' title='bbox 1134 1122 1241 1180; x_wconf 89' lang='lat' dir='ltr'><strong>hoc</strong></span> <span class='ocrx_word' id='word_1_81' title='bbox 1255 1138 1395 1193; x_wconf 89' lang='lat' dir='ltr'><strong>esse,</strong></span> <span class='ocrx_word' id='word_1_82' title='bbox 1415 1126 1478 1180; x_wconf 84' lang='lat' dir='ltr'><strong>&#39;ut</strong></span> <span class='ocrx_word' id='word_1_83' title='bbox 1488 1121 1931 1180; x_wconf 68' lang='lat' dir='ltr'><strong>exhortationem</strong></span> 
     </span>
    </p>
   </div>
   <div class='ocr_carea' id='block_1_14' title="bbox 331 1216 1930 1293">
    <p class='ocr_par' dir='ltr' id='par_1_14' title="bbox 331 1216 1930 1293">
     <span class='ocr_line' id='line_1_14' title="bbox 331 1216 1930 1293; baseline -0.002 -16"><span class='ocrx_word' id='word_1_84' title='bbox 331 1219 700 1293; x_wconf 80' lang='lat' dir='ltr'><strong>auxiliumque</strong></span> <span class='ocrx_word' id='word_1_85' title='bbox 726 1218 829 1275; x_wconf 88' lang='lat' dir='ltr'><strong>Dei</strong></span> <span class='ocrx_word' id='word_1_86' title='bbox 857 1218 940 1275; x_wconf 91' lang='lat' dir='ltr'><strong>vel</strong></span> <span class='ocrx_word' id='word_1_87' title='bbox 983 1217 1263 1275; x_wconf 90' lang='lat' dir='ltr'><strong>remissius</strong></span> <span class='ocrx_word' id='word_1_88' title='bbox 1304 1216 1388 1274; x_wconf 89' lang='lat' dir='ltr'><strong>vel</strong></span> <span class='ocrx_word' id='word_1_89' title='bbox 1428 1216 1640 1274; x_wconf 82' lang='lat' dir='ltr'><strong>enixius</strong></span> <span class='ocrx_word' id='word_1_90' title='bbox 1668 1231 1930 1289; x_wconf 86' lang='lat' dir='ltr'><strong>exsequa-</strong></span> 
     </span>
    </p>
   </div>
   <div class='ocr_carea' id='block_1_15' title="bbox 333 1312 1930 1387">
    <p class='ocr_par' dir='ltr' id='par_1_15' title="bbox 333 1312 1930 1387">
     <span class='ocr_line' id='line_1_15' title="bbox 333 1312 1930 1387; baseline -0.001 -16"><span class='ocrx_word' id='word_1_91' title='bbox 333 1329 480 1384; x_wconf 86' lang='lat' dir='ltr'><strong>mur,</strong></span> <span class='ocrx_word' id='word_1_92' title='bbox 501 1323 556 1372; x_wconf 88' lang='lat' dir='ltr'><strong>et</strong></span> <span class='ocrx_word' id='word_1_93' title='bbox 580 1329 677 1386; x_wconf 89' lang='lat' dir='ltr'><strong>pro</strong></span> <span class='ocrx_word' id='word_1_94' title='bbox 708 1313 871 1387; x_wconf 69' lang='lat' dir='ltr'><strong>[Lips</strong></span> <span class='ocrx_word' id='word_1_95' title='bbox 893 1317 951 1369; x_wconf 80' lang='lat' dir='ltr'><strong>in</strong></span> <span class='ocrx_word' id='word_1_96' title='bbox 966 1326 1144 1384; x_wconf 87' lang='lat' dir='ltr'><strong>marg.</strong></span> <span class='ocrx_word' id='word_1_97' title='bbox 1165 1312 1280 1387; x_wconf 86' lang='lat' dir='ltr'><strong>per]</strong></span> <span class='ocrx_word' id='word_1_98' title='bbox 1306 1312 1409 1370; x_wconf 88' lang='lat' dir='ltr'><strong>hoc</strong></span> <span class='ocrx_word' id='word_1_99' title='bbox 1433 1326 1537 1369; x_wconf 91' lang='lat' dir='ltr'><strong>nos</strong></span> <span class='ocrx_word' id='word_1_100' title='bbox 1562 1312 1645 1369; x_wconf 89' lang='lat' dir='ltr'><strong>vel</strong></span> <span class='ocrx_word' id='word_1_101' title='bbox 1672 1328 1930 1370; x_wconf 86' lang='lat' dir='ltr'><strong>remune-</strong></span> 
     </span>
    </p>
   </div>
   <div class='ocr_carea' id='block_1_16' title="bbox 2033 564 3642 637">
    <p class='ocr_par' dir='ltr' id='par_1_16' title="bbox 2033 564 3642 637">
     <span class='ocr_line' id='line_1_16' title="bbox 2033 564 3642 637; baseline 0.006 -18"><span class='ocrx_word' id='word_1_102' title='bbox 2033 577 2179 621; x_wconf 89' lang='lat' dir='ltr'><strong>mur.</strong></span> <span class='ocrx_word' id='word_1_103' title='bbox 2205 565 2684 637; x_wconf 77' lang='lat' dir='ltr'><strong>Quam-rationem</strong></span> <span class='ocrx_word' id='word_1_104' title='bbox 2714 566 2882 623; x_wconf 90' lang='lat' dir='ltr'><strong>etiam</strong></span> <span class='ocrx_word' id='word_1_105' title='bbox 2912 566 2968 622; x_wconf 92' lang='lat' dir='ltr'><strong>in</strong></span> <span class='ocrx_word' id='word_1_106' title='bbox 2997 564 3216 624; x_wconf 90' lang='lat' dir='ltr'><strong>illorum</strong></span> <span class='ocrx_word' id='word_1_107' title='bbox 3243 582 3517 627; x_wconf 67' lang='lat' dir='ltr'><strong>amcorum</strong></span> <span class='ocrx_word' id='word_1_108' title='bbox 3545 586 3642 630; x_wconf 90' lang='lat' dir='ltr'><strong>cu-</strong></span> 
     </span>
    </p>
   </div>
   <div class='ocr_carea' id='block_1_17' title="bbox 2031 658 3638 737">
    <p class='ocr_par' dir='ltr' id='par_1_17' title="bbox 2031 658 3638 737">
     <span class='ocr_line' id='line_1_17' title="bbox 2031 658 3638 737; baseline 0.004 -20"><span class='ocrx_word' id='word_1_109' title='bbox 2031 658 2243 718; x_wconf 87' lang='lat' dir='ltr'><strong>ratione</strong></span> <span class='ocrx_word' id='word_1_110' title='bbox 2280 660 2410 718; x_wconf 88' lang='lat' dir='ltr'><strong>satis</strong></span> <span class='ocrx_word' id='word_1_111' title='bbox 2465 660 2742 718; x_wconf 85' lang='lat' dir='ltr'><strong>evidenter</strong></span> <span class='ocrx_word' id='word_1_112' title='bbox 2794 659 3042 717; x_wconf 86' lang='lat' dir='ltr'><strong>videmus</strong></span> <span class='ocrx_word' id='word_1_113' title='bbox 3082 675 3422 733; x_wconf 85' lang='lat' dir='ltr'><strong>expressam.</strong></span> <span class='ocrx_word' id='word_1_114' title='bbox 3479 666 3638 737; x_wconf 86' lang='lat' dir='ltr'><strong>Quod</strong></span> 
     </span>
    </p>
   </div>
   <div class='ocr_carea' id='block_1_18' title="bbox 2035 755 3640 829">
    <p class='ocr_par' dir='ltr' id='par_1_18' title="bbox 2035 755 3640 829">
     <span class='ocr_line' id='line_1_18' title="bbox 2035 755 3640 829; baseline 0.002 -14"><span class='ocrx_word' id='word_1_115' title='bbox 2035 755 2185 815; x_wconf 91' lang='lat' dir='ltr'><strong>enim</strong></span> <span class='ocrx_word' id='word_1_116' title='bbox 2217 757 2433 814; x_wconf 87' lang='lat' dir='ltr'><strong>transiit</strong></span> <span class='ocrx_word' id='word_1_117' title='bbox 2458 765 2706 814; x_wconf 85' lang='lat' dir='ltr'><strong>anteeos</strong></span> <span class='ocrx_word' id='word_1_118' title='bbox 2725 756 2778 827; x_wconf 67' lang='grc' dir='ltr'><strong>ζ]</strong></span> <span class='ocrx_word' id='word_1_119' title='bbox 2784 771 2929 825; x_wconf 89' lang='lat' dir='ltr'><strong>esus,</strong></span> <span class='ocrx_word' id='word_1_120' title='bbox 2957 755 3158 813; x_wconf 73' lang='lat' dir='ltr'><strong>divina:</strong></span> <span class='ocrx_word' id='word_1_121' title='bbox 3186 757 3540 829; x_wconf 76' lang='lat' dir='ltr'><strong>providentiae</strong></span> <span class='ocrx_word' id='word_1_122' title='bbox 3585 769 3640 818; x_wconf 87' lang='lat' dir='ltr'><strong>et</strong></span> 
     </span>
    </p>
   </div>
   <div class='ocr_carea' id='block_1_19' title="bbox 2035 848 3637 925">
    <p class='ocr_par' dir='ltr' id='par_1_19' title="bbox 2035 848 3637 925">
     <span class='ocr_line' id='line_1_19' title="bbox 2035 848 3637 925; baseline 0.004 -20"><span class='ocrx_word' id='word_1_123' title='bbox 2035 849 2373 923; x_wconf 82' lang='lat' dir='ltr'><strong>dignationis</strong></span> <span class='ocrx_word' id='word_1_124' title='bbox 2396 858 2479 909; x_wconf 88' lang='lat' dir='ltr'><strong>est</strong></span> <span class='ocrx_word' id='word_1_125' title='bbox 2506 850 2702 925; x_wconf 87' lang='lat' dir='ltr'><strong>gratia.</strong></span> <span class='ocrx_word' id='word_1_126' title='bbox 2734 850 2895 923; x_wconf 89' lang='lat' dir='ltr'><strong>Quod</strong></span> <span class='ocrx_word' id='word_1_127' title='bbox 2923 848 3312 919; x_wconf 87' lang='lat' dir='ltr'><strong>vociferantur,</strong></span> <span class='ocrx_word' id='word_1_128' title='bbox 3339 860 3396 908; x_wconf 90' lang='lat' dir='ltr'><strong>et</strong></span> <span class='ocrx_word' id='word_1_129' title='bbox 3419 852 3637 912; x_wconf 91' lang='lat' dir='ltr'><strong>dicunt:</strong></span> 
     </span>
    </p>
   </div>
   <div class='ocr_carea' id='block_1_20' title="bbox 2035 946 3642 1017">
    <p class='ocr_par' dir='ltr' id='par_1_20' title="bbox 2035 946 3642 1017">
     <span class='ocr_line' id='line_1_20' title="bbox 2035 946 3642 1017; baseline 0.001 -14"><span class='ocrx_word' id='word_1_130' title='bbox 2035 948 2287 1003; x_wconf 84' lang='lat' dir='ltr'><strong>Miserere</strong></span> <span class='ocrx_word' id='word_1_131' title='bbox 2307 948 2496 1011; x_wconf 85' lang='lat' dir='ltr'><strong>nostri,</strong></span> <span class='ocrx_word' id='word_1_132' title='bbox 2519 949 2760 1010; x_wconf 87' lang='lat' dir='ltr'><strong>Domine,</strong></span> <span class='ocrx_word' id='word_1_133' title='bbox 2782 948 2870 1016; x_wconf 74' lang='lat' dir='ltr'><strong>ﬁli</strong></span> <span class='ocrx_word' id='word_1_134' title='bbox 2882 946 3063 1003; x_wconf 80' lang='lat' dir='ltr'><strong>Dauid</strong></span> <span class='ocrx_word' id='word_1_135' title='bbox 3081 946 3304 1014; x_wconf 75' lang='lat' dir='ltr'><strong>(Matth.</strong></span> <span class='ocrx_word' id='word_1_136' title='bbox 3326 951 3451 1017; x_wconf 84' lang='lat' dir='ltr'><strong>xx),</strong></span> <span class='ocrx_word' id='word_1_137' title='bbox 3469 948 3497 985; x_wconf 71' lang='grc' dir='ltr'><strong><em>ἀ</em></strong></span> <span class='ocrx_word' id='word_1_138' title='bbox 3519 947 3642 1006; x_wconf 87' lang='lat' dir='ltr'><strong>ﬁdei</strong></span> 
     </span>
    </p>
   </div>
   <div class='ocr_carea' id='block_1_21' title="bbox 2035 1038 3643 1112">
    <p class='ocr_par' dir='ltr' id='par_1_21' title="bbox 2035 1038 3643 1112">
     <span class='ocr_line' id='line_1_21' title="bbox 2035 1038 3643 1112; baseline 0.002 -17"><span class='ocrx_word' id='word_1_139' title='bbox 2035 1039 2282 1112; x_wconf 84' lang='lat' dir='ltr'><strong>ipsorum</strong></span> <span class='ocrx_word' id='word_1_140' title='bbox 2311 1048 2366 1096; x_wconf 89' lang='lat' dir='ltr'><strong>et</strong></span> <span class='ocrx_word' id='word_1_141' title='bbox 2406 1038 2745 1099; x_wconf 86' lang='lat' dir='ltr'><strong>credulitatis</strong></span> <span class='ocrx_word' id='word_1_142' title='bbox 2786 1047 2868 1095; x_wconf 86' lang='lat' dir='ltr'><strong>est</strong></span> <span class='ocrx_word' id='word_1_143' title='bbox 2904 1054 3062 1110; x_wconf 90' lang='lat' dir='ltr'><strong>opus.</strong></span> <span class='ocrx_word' id='word_1_144' title='bbox 3095 1038 3257 1107; x_wconf 88' lang='lat' dir='ltr'><strong>Quod</strong></span> <span class='ocrx_word' id='word_1_145' title='bbox 3297 1040 3472 1097; x_wconf 88' lang='lat' dir='ltr'><strong>visum</strong></span> <span class='ocrx_word' id='word_1_146' title='bbox 3500 1041 3643 1099; x_wconf 86' lang='lat' dir='ltr'><strong>reci-</strong></span> 
     </span>
    </p>
   </div>
   <div class='ocr_carea' id='block_1_22' title="bbox 2036 1130 3640 1207">
    <p class='ocr_par' dir='ltr' id='par_1_22' title="bbox 2036 1130 3640 1207">
     <span class='ocr_line' id='line_1_22' title="bbox 2036 1130 3640 1207; baseline 0.002 -18"><span class='ocrx_word' id='word_1_147' title='bbox 2036 1133 2194 1207; x_wconf 89' lang='lat' dir='ltr'><strong>piunt</strong></span> <span class='ocrx_word' id='word_1_148' title='bbox 2250 1133 2557 1203; x_wconf 88' lang='lat' dir='ltr'><strong>oculorum,</strong></span> <span class='ocrx_word' id='word_1_149' title='bbox 2608 1131 2807 1205; x_wconf 74' lang='lat' dir='ltr'><strong>divinm</strong></span> <span class='ocrx_word' id='word_1_150' title='bbox 2866 1130 3239 1188; x_wconf 78' lang='lat' dir='ltr'><strong>miserationis</strong></span> <span class='ocrx_word' id='word_1_151' title='bbox 3287 1140 3372 1189; x_wconf 87' lang='lat' dir='ltr'><strong>est</strong></span> <span class='ocrx_word' id='word_1_152' title='bbox 3423 1150 3640 1193; x_wconf 88' lang='lat' dir='ltr'><strong>munus.</strong></span> 
     </span>
    </p>
   </div>
   <div class='ocr_carea' id='block_1_23' title="bbox 2034 1222 3651 1300">
    <p class='ocr_par' dir='ltr' id='par_1_23' title="bbox 2034 1222 3651 1300">
     <span class='ocr_line' id='line_1_23' title="bbox 2034 1222 3651 1300; baseline 0.002 -17"><span class='ocrx_word' id='word_1_153' title='bbox 2034 1225 2197 1300; x_wconf 87' lang='lat' dir='ltr'><strong>Quod</strong></span> <span class='ocrx_word' id='word_1_154' title='bbox 2218 1234 2403 1284; x_wconf 88' lang='lat' dir='ltr'><strong>autem</strong></span> <span class='ocrx_word' id='word_1_155' title='bbox 2424 1227 2594 1283; x_wconf 90' lang='lat' dir='ltr'><strong>etiam</strong></span> <span class='ocrx_word' id='word_1_156' title='bbox 2621 1232 2748 1297; x_wconf 87' lang='lat' dir='ltr'><strong>post</strong></span> <span class='ocrx_word' id='word_1_157' title='bbox 2775 1222 3179 1297; x_wconf 87' lang='lat' dir='ltr'><strong>perceptionem</strong></span> <span class='ocrx_word' id='word_1_158' title='bbox 3208 1224 3501 1296; x_wconf 71' lang='lat' dir='ltr'><strong>cujuslibet</strong></span> <span class='ocrx_word' id='word_1_159' title='bbox 3523 1243 3651 1286; x_wconf 89' lang='lat' dir='ltr'><strong>mu-</strong></span> 
     </span>
    </p>
   </div>
   <div class='ocr_carea' id='block_1_24' title="bbox 2034 1316 3650 1411">
    <p class='ocr_par' dir='ltr' id='par_1_24' title="bbox 2034 1316 3650 1411">
     <span class='ocr_line' id='line_1_24' title="bbox 2034 1316 3650 1411; baseline 0.001 -34"><span class='ocrx_word' id='word_1_160' title='bbox 2034 1319 2180 1379; x_wconf 86' lang='lat' dir='ltr'><strong>neris</strong></span> <span class='ocrx_word' id='word_1_161' title='bbox 2205 1328 2319 1378; x_wconf 89' lang='lat' dir='ltr'><strong>tam</strong></span> <span class='ocrx_word' id='word_1_162' title='bbox 2347 1320 2520 1394; x_wconf 88' lang='lat' dir='ltr'><strong>gratia</strong></span> <span class='ocrx_word' id='word_1_163' title='bbox 2550 1320 2643 1376; x_wconf 89' lang='lat' dir='ltr'><strong>Dei</strong></span> <span class='ocrx_word' id='word_1_164' title='bbox 2668 1334 2834 1392; x_wconf 89' lang='lat' dir='ltr'><strong>quam</strong></span> <span class='ocrx_word' id='word_1_165' title='bbox 2860 1316 3021 1411; x_wconf 42' lang='lat' dir='ltr'><strong>ratio,</strong></span> <span class='ocrx_word' id='word_1_166' title='bbox 3041 1316 3196 1374; x_wconf 85' lang='lat' dir='ltr'><strong>liberi</strong></span> <span class='ocrx_word' id='word_1_167' title='bbox 3221 1316 3429 1375; x_wconf 86' lang='lat' dir='ltr'><strong>arbitrii</strong></span> <span class='ocrx_word' id='word_1_168' title='bbox 3462 1335 3650 1391; x_wconf 83' lang='lat' dir='ltr'><strong>perse-</strong></span> 
     </span>
    </p>
   </div>
   <div class='ocr_carea' id='block_1_25' title="bbox 328 1405 1932 1480">
    <p class='ocr_par' dir='ltr' id='par_1_25' title="bbox 328 1405 1932 1480">
     <span class='ocr_line' id='line_1_25' title="bbox 328 1405 1932 1480; baseline 0 -16"><span class='ocrx_word' id='word_1_169' title='bbox 328 1406 599 1464; x_wconf 84' lang='lat' dir='ltr'><strong>rationem</strong></span> <span class='ocrx_word' id='word_1_170' title='bbox 640 1407 726 1464; x_wconf 91' lang='lat' dir='ltr'><strong>vel</strong></span> <span class='ocrx_word' id='word_1_171' title='bbox 761 1406 1021 1480; x_wconf 89' lang='lat' dir='ltr'><strong>supplicia</strong></span> <span class='ocrx_word' id='word_1_172' title='bbox 1051 1405 1372 1478; x_wconf 87' lang='lat' dir='ltr'><strong>dignissima</strong></span> <span class='ocrx_word' id='word_1_173' title='bbox 1421 1406 1747 1477; x_wconf 87' lang='lat' dir='ltr'><strong>promereri,</strong></span> <span class='ocrx_word' id='word_1_174' title='bbox 1778 1405 1932 1479; x_wconf 88' lang='lat' dir='ltr'><strong>quod</strong></span> 
     </span>
    </p>
   </div>
   <div class='ocr_carea' id='block_1_26' title="bbox 331 1498 1937 1573">
    <p class='ocr_par' dir='ltr' id='par_1_26' title="bbox 331 1498 1937 1573">
     <span class='ocr_line' id='line_1_26' title="bbox 331 1498 1937 1573; baseline -0.001 -15"><span class='ocrx_word' id='word_1_175' title='bbox 331 1500 444 1573; x_wconf 85' lang='lat' dir='ltr'><strong>ejus</strong></span> <span class='ocrx_word' id='word_1_176' title='bbox 465 1499 853 1572; x_wconf 86' lang='lat' dir='ltr'><strong>dispensationi</strong></span> <span class='ocrx_word' id='word_1_177' title='bbox 879 1515 946 1556; x_wconf 90' lang='lat' dir='ltr'><strong>ac</strong></span> <span class='ocrx_word' id='word_1_178' title='bbox 972 1498 1351 1572; x_wconf 65' lang='lat' dir='ltr'><strong>providentiae,</strong></span> <span class='ocrx_word' id='word_1_179' title='bbox 1379 1513 1507 1572; x_wconf 89' lang='lat' dir='ltr'><strong>erga</strong></span> <span class='ocrx_word' id='word_1_180' title='bbox 1535 1514 1641 1556; x_wconf 89' lang='lat' dir='ltr'><strong>nos</strong></span> <span class='ocrx_word' id='word_1_181' title='bbox 1665 1498 1937 1572; x_wconf 83' lang='lat' dir='ltr'><strong>benignis-</strong></span> 
     </span>
    </p>
   </div>
   <div class='ocr_carea' id='block_1_27' title="bbox 2039 1408 3650 1486">
    <p class='ocr_par' dir='ltr' id='par_1_27' title="bbox 2039 1408 3650 1486">
     <span class='ocr_line' id='line_1_27' title="bbox 2039 1408 3650 1486; baseline 0.001 -19"><span class='ocrx_word' id='word_1_182' title='bbox 2039 1421 2209 1485; x_wconf 89' lang='lat' dir='ltr'><strong>veret,</strong></span> <span class='ocrx_word' id='word_1_183' title='bbox 2239 1413 2585 1486; x_wconf 87' lang='lat' dir='ltr'><strong>leprosorum</strong></span> <span class='ocrx_word' id='word_1_184' title='bbox 2625 1425 2844 1485; x_wconf 86' lang='lat' dir='ltr'><strong>quoque</strong></span> <span class='ocrx_word' id='word_1_185' title='bbox 2880 1408 3071 1467; x_wconf 85' lang='lat' dir='ltr'><strong>decem</strong></span> <span class='ocrx_word' id='word_1_186' title='bbox 3100 1408 3191 1482; x_wconf 86' lang='lat' dir='ltr'><strong>qui</strong></span> <span class='ocrx_word' id='word_1_187' title='bbox 3228 1411 3440 1482; x_wconf 87' lang='lat' dir='ltr'><strong>pariter</strong></span> <span class='ocrx_word' id='word_1_188' title='bbox 3478 1414 3650 1471; x_wconf 88' lang='lat' dir='ltr'><strong>curati</strong></span> 
     </span>
    </p>
   </div>
   <div class='ocr_carea' id='block_1_28' title="bbox 2040 1502 3653 1578">
    <p class='ocr_par' dir='ltr' id='par_1_28' title="bbox 2040 1502 3653 1578">
     <span class='ocr_line' id='line_1_28' title="bbox 2040 1502 3653 1578; baseline 0.002 -15"><span class='ocrx_word' id='word_1_189' title='bbox 2040 1514 2174 1564; x_wconf 89' lang='lat' dir='ltr'><strong>sunt</strong></span> <span class='ocrx_word' id='word_1_190' title='bbox 2220 1505 2465 1563; x_wconf 78' lang='lat' dir='ltr'><strong>dederat</strong></span> <span class='ocrx_word' id='word_1_191' title='bbox 2520 1505 2837 1577; x_wconf 82' lang='lat' dir='ltr'><strong>exemplum</strong></span> <span class='ocrx_word' id='word_1_192' title='bbox 2892 1507 3069 1570; x_wconf 73' lang='lat' dir='ltr'><strong>(Luae</strong></span> <span class='ocrx_word' id='word_1_193' title='bbox 3104 1502 3269 1575; x_wconf 79' lang='lat' dir='ltr'><strong>xm).</strong></span> <span class='ocrx_word' id='word_1_194' title='bbox 3302 1507 3383 1561; x_wconf 85' lang='lat' dir='ltr'><strong>Ex</strong></span> <span class='ocrx_word' id='word_1_195' title='bbox 3452 1506 3653 1578; x_wconf 85' lang='lat' dir='ltr'><strong>quibus</strong></span> 
     </span>
    </p>
   </div>
   <div class='ocr_carea' id='block_1_29' title="bbox 331 1592 3653 1671">
    <p class='ocr_par' dir='ltr' id='par_1_29' title="bbox 331 1592 3653 1671">
     <span class='ocr_line' id='line_1_29' title="bbox 331 1592 3653 1671; baseline 0.002 -19"><span class='ocrx_word' id='word_1_196' title='bbox 331 1594 469 1653; x_wconf 89' lang='lat' dir='ltr'><strong>sima</strong></span> <span class='ocrx_word' id='word_1_197' title='bbox 492 1594 815 1667; x_wconf 76' lang='lat' dir='ltr'><strong>dignatione</strong></span> <span class='ocrx_word' id='word_1_198' title='bbox 839 1595 1075 1663; x_wconf 68' lang='lat' dir='ltr'><strong>collatae,</strong></span> <span class='ocrx_word' id='word_1_199' title='bbox 1115 1592 1197 1650; x_wconf 90' lang='lat' dir='ltr'><strong>vel</strong></span> <span class='ocrx_word' id='word_1_200' title='bbox 1222 1593 1566 1667; x_wconf 79' lang='lat' dir='ltr'><strong>negleximns</strong></span> <span class='ocrx_word' id='word_1_201' title='bbox 1593 1594 1678 1650; x_wconf 89' lang='lat' dir='ltr'><strong>vel</strong></span> <span class='ocrx_word' id='word_1_202' title='bbox 1721 1593 1935 1651; x_wconf 87' lang='lat' dir='ltr'><strong>studui-</strong></span> <span class='ocrx_word' id='word_1_203' title='bbox 2006 1602 2021 1613; x_wconf 86' lang='lat'>&#39;</span> <span class='ocrx_word' id='word_1_204' title='bbox 2043 1599 2178 1655; x_wconf 90' lang='lat' dir='ltr'><strong>dum</strong></span> <span class='ocrx_word' id='word_1_205' title='bbox 2202 1614 2345 1655; x_wconf 90' lang='lat' dir='ltr'><strong>unus</strong></span> <span class='ocrx_word' id='word_1_206' title='bbox 2370 1614 2467 1671; x_wconf 88' lang='lat' dir='ltr'><strong>per</strong></span> <span class='ocrx_word' id='word_1_207' title='bbox 2505 1598 2713 1655; x_wconf 88' lang='lat' dir='ltr'><strong>arbitrii</strong></span> <span class='ocrx_word' id='word_1_208' title='bbox 2743 1598 2827 1655; x_wconf 89' lang='lat' dir='ltr'><strong>sui</strong></span> <span class='ocrx_word' id='word_1_209' title='bbox 2853 1597 3065 1653; x_wconf 90' lang='lat' dir='ltr'><strong>bonum</strong></span> <span class='ocrx_word' id='word_1_210' title='bbox 3092 1596 3395 1669; x_wconf 80' lang='lat' dir='ltr'><strong>gratiarum</strong></span> <span class='ocrx_word' id='word_1_211' title='bbox 3417 1600 3653 1659; x_wconf 84' lang='lat' dir='ltr'><strong>restituit</strong></span> 
     </span>
    </p>
   </div>
   <div class='ocr_carea' id='block_1_30' title="bbox 331 1685 3653 1764">
    <p class='ocr_par' dir='ltr' id='par_1_30' title="bbox 331 1685 3653 1764">
     <span class='ocr_line' id='line_1_30' title="bbox 331 1685 3653 1764; baseline 0.001 -18"><span class='ocrx_word' id='word_1_212' title='bbox 331 1702 457 1746; x_wconf 90' lang='lat' dir='ltr'><strong>mus</strong></span> <span class='ocrx_word' id='word_1_213' title='bbox 489 1695 696 1745; x_wconf 71' lang='lat' dir='ltr'><strong>nostrae</strong></span> <span class='ocrx_word' id='word_1_214' title='bbox 730 1687 1055 1745; x_wconf 66' lang='lat' dir='ltr'><strong>obedientiat</strong></span> <span class='ocrx_word' id='word_1_215' title='bbox 1100 1686 1392 1744; x_wconf 86' lang='lat' dir='ltr'><strong>devotione</strong></span> <span class='ocrx_word' id='word_1_216' title='bbox 1420 1701 1743 1760; x_wconf 78' lang='lat' dir='ltr'><strong>congruere.</strong></span> <span class='ocrx_word' id='word_1_217' title='bbox 1777 1685 1938 1756; x_wconf 89' lang='lat' dir='ltr'><strong>Quod</strong></span> <span class='ocrx_word' id='word_1_218' title='bbox 2046 1691 2344 1760; x_wconf 87' lang='lat' dir='ltr'><strong>actionem,</strong></span> <span class='ocrx_word' id='word_1_219' title='bbox 2378 1692 2656 1749; x_wconf 84' lang='lat' dir='ltr'><strong>Dominus</strong></span> <span class='ocrx_word' id='word_1_220' title='bbox 2676 1705 2875 1747; x_wconf 90' lang='lat' dir='ltr'><strong>novem</strong></span> <span class='ocrx_word' id='word_1_221' title='bbox 2900 1690 3202 1762; x_wconf 85' lang='lat' dir='ltr'><strong>inquirens,</strong></span> <span class='ocrx_word' id='word_1_222' title='bbox 3232 1705 3514 1764; x_wconf 90' lang='lat' dir='ltr'><strong>unumque</strong></span> <span class='ocrx_word' id='word_1_223' title='bbox 3528 1694 3653 1750; x_wconf 84' lang='lat' dir='ltr'><strong>col-</strong></span> 
     </span>
    </p>
   </div>
   <div class='ocr_carea' id='block_1_31' title="bbox 331 1780 3653 1860">
    <p class='ocr_par' dir='ltr' id='par_1_31' title="bbox 331 1780 3653 1860">
     <span class='ocr_line' id='line_1_31' title="bbox 331 1780 3653 1860; baseline 0.001 -20"><span class='ocrx_word' id='word_1_224' title='bbox 331 1782 606 1840; x_wconf 87' lang='lat' dir='ltr'><strong>evidenter</strong></span> <span class='ocrx_word' id='word_1_225' title='bbox 654 1783 712 1839; x_wconf 92' lang='lat' dir='ltr'><strong>in</strong></span> <span class='ocrx_word' id='word_1_226' title='bbox 736 1781 1168 1839; x_wconf 90' lang='lat' dir='ltr'><strong>Deuteronomio</strong></span> <span class='ocrx_word' id='word_1_227' title='bbox 1215 1789 1510 1854; x_wconf 88' lang='lat' dir='ltr'><strong>aperteque</strong></span> <span class='ocrx_word' id='word_1_228' title='bbox 1558 1780 1892 1838; x_wconf 78' lang='lat' dir='ltr'><strong>describitur</strong></span> <span class='ocrx_word' id='word_1_229' title='bbox 1923 1801 1937 1837; x_wconf 91' lang='lat'><strong>:</strong></span> <span class='ocrx_word' id='word_1_230' title='bbox 1972 1796 2022 1860; x_wconf 80' lang='grc' dir='ltr'><strong>Β</strong></span> <span class='ocrx_word' id='word_1_231' title='bbox 2048 1784 2297 1856; x_wconf 88' lang='lat' dir='ltr'><strong>laudans,</strong></span> <span class='ocrx_word' id='word_1_232' title='bbox 2320 1784 2747 1843; x_wconf 87' lang='lat' dir='ltr'><strong>sollicitudinem</strong></span> <span class='ocrx_word' id='word_1_233' title='bbox 2784 1782 3039 1857; x_wconf 88' lang='lat' dir='ltr'><strong>adjutorii</strong></span> <span class='ocrx_word' id='word_1_234' title='bbox 3066 1783 3152 1840; x_wconf 89' lang='lat' dir='ltr'><strong>sui</strong></span> <span class='ocrx_word' id='word_1_235' title='bbox 3176 1783 3345 1842; x_wconf 87' lang='lat' dir='ltr'><strong>etiam</strong></span> <span class='ocrx_word' id='word_1_236' title='bbox 3371 1786 3514 1843; x_wconf 87' lang='lat' dir='ltr'><strong>circa</strong></span> <span class='ocrx_word' id='word_1_237' title='bbox 3546 1786 3653 1845; x_wconf 86' lang='lat' dir='ltr'><strong>im-</strong></span> 
     </span>
    </p>
   </div>
   <div class='ocr_carea' id='block_1_32' title="bbox 334 1876 3656 1952">
    <p class='ocr_par' dir='ltr' id='par_1_32' title="bbox 334 1876 3656 1952">
     <span class='ocr_line' id='line_1_32' title="bbox 334 1876 3656 1952; baseline 0.001 -17"><span class='ocrx_word' id='word_1_238' title='bbox 334 1878 481 1943; x_wconf 87' lang='lat' dir='ltr'><strong>Cum,</strong></span> <span class='ocrx_word' id='word_1_239' title='bbox 508 1878 709 1950; x_wconf 86' lang='lat' dir='ltr'><strong>inquit,</strong></span> <span class='ocrx_word' id='word_1_240' title='bbox 749 1877 1114 1934; x_wconf 62' lang='lat' dir='ltr'><strong>introduxerit</strong></span> <span class='ocrx_word' id='word_1_241' title='bbox 1160 1882 1211 1932; x_wconf 87' lang='lat' dir='ltr'><strong>te</strong></span> <span class='ocrx_word' id='word_1_242' title='bbox 1248 1878 1505 1934; x_wconf 82' lang='lat' dir='ltr'><strong>Dominus</strong></span> <span class='ocrx_word' id='word_1_243' title='bbox 1543 1879 1684 1932; x_wconf 83' lang='lat' dir='ltr'><strong>Deus</strong></span> <span class='ocrx_word' id='word_1_244' title='bbox 1727 1880 1853 1931; x_wconf 87' lang='lat' dir='ltr'><strong>tuus</strong></span> <span class='ocrx_word' id='word_1_245' title='bbox 1876 1876 1938 1931; x_wconf 89' lang='lat' dir='ltr'><strong>in</strong></span> <span class='ocrx_word' id='word_1_246' title='bbox 2041 1895 2320 1938; x_wconf 86' lang='lat' dir='ltr'><strong>memores</strong></span> <span class='ocrx_word' id='word_1_247' title='bbox 2368 1879 2764 1938; x_wconf 91' lang='lat' dir='ltr'><strong>beneﬁciorum</strong></span> <span class='ocrx_word' id='word_1_248' title='bbox 2816 1893 3046 1937; x_wconf 88' lang='lat' dir='ltr'><strong>suorum</strong></span> <span class='ocrx_word' id='word_1_249' title='bbox 3077 1878 3268 1952; x_wconf 88' lang='lat' dir='ltr'><strong>jugem</strong></span> <span class='ocrx_word' id='word_1_250' title='bbox 3315 1880 3548 1938; x_wconf 90' lang='lat' dir='ltr'><strong>retinere</strong></span> <span class='ocrx_word' id='word_1_251' title='bbox 3596 1897 3656 1939; x_wconf 88' lang='lat' dir='ltr'><strong>se</strong></span> 
     </span>
    </p>
   </div>
   <div class='ocr_carea' id='block_1_33' title="bbox 331 1968 3651 2045">
    <p class='ocr_par' dir='ltr' id='par_1_33' title="bbox 331 1968 3651 2045">
     <span class='ocr_line' id='line_1_33' title="bbox 331 1968 3651 2045; baseline 0 -14"><span class='ocrx_word' id='word_1_252' title='bbox 331 1976 531 2028; x_wconf 77' lang='lat' dir='ltr'><strong>terram</strong></span> <span class='ocrx_word' id='word_1_253' title='bbox 544 1987 707 2042; x_wconf 84' lang='lat' dir='ltr'><strong>quam</strong></span> <span class='ocrx_word' id='word_1_254' title='bbox 715 1984 1055 2042; x_wconf 70' lang='lat' dir='ltr'><strong>possessum</strong></span> <span class='ocrx_word' id='word_1_255' title='bbox 1074 1970 1414 2039; x_wconf 69' lang='lat' dir='ltr'><strong>ingredieris,</strong></span> <span class='ocrx_word' id='word_1_256' title='bbox 1433 1972 1485 2023; x_wconf 71' lang='lat' dir='ltr'><strong>et</strong></span> <span class='ocrx_word' id='word_1_257' title='bbox 1497 1968 1939 2038; x_wconf 72' lang='grc' dir='ltr'><strong>ἀειθυενίερεητθε</strong></span> <span class='ocrx_word' id='word_1_258' title='bbox 2042 1981 2339 2031; x_wconf 86' lang='lat' dir='ltr'><strong>monstrat.</strong></span> <span class='ocrx_word' id='word_1_259' title='bbox 2371 1976 2492 2031; x_wconf 84' lang='lat' dir='ltr'><strong>Hoc</strong></span> <span class='ocrx_word' id='word_1_260' title='bbox 2518 1972 2698 2045; x_wconf 85' lang='lat' dir='ltr'><strong>ipsum</strong></span> <span class='ocrx_word' id='word_1_261' title='bbox 2740 1971 2886 2029; x_wconf 90' lang='lat' dir='ltr'><strong>enim</strong></span> <span class='ocrx_word' id='word_1_262' title='bbox 2913 1970 3241 2029; x_wconf 87' lang='lat' dir='ltr'><strong>visitationis</strong></span> <span class='ocrx_word' id='word_1_263' title='bbox 3289 1987 3405 2030; x_wconf 68' lang='lat' dir='ltr'><strong>sum</strong></span> <span class='ocrx_word' id='word_1_264' title='bbox 3440 1972 3651 2031; x_wconf 90' lang='lat' dir='ltr'><strong>donum</strong></span> 
     </span>
    </p>
   </div>
   <div class='ocr_carea' id='block_1_34' title="bbox 332 2064 3658 2141">
    <p class='ocr_par' dir='ltr' id='par_1_34' title="bbox 332 2064 3658 2141">
     <span class='ocr_line' id='line_1_34' title="bbox 332 2064 3658 2141; baseline -0.002 -14"><span class='ocrx_word' id='word_1_265' title='bbox 332 2068 528 2123; x_wconf 76' lang='lat' dir='ltr'><strong>multas</strong></span> <span class='ocrx_word' id='word_1_266' title='bbox 568 2082 745 2123; x_wconf 84' lang='lat' dir='ltr'><strong>coram</strong></span> <span class='ocrx_word' id='word_1_267' title='bbox 785 2070 855 2130; x_wconf 79' lang='lat' dir='ltr'><strong>te,</strong></span> <span class='ocrx_word' id='word_1_268' title='bbox 884 2067 1155 2127; x_wconf 72' lang='lat' dir='ltr'><strong>Ethwum,</strong></span> <span class='ocrx_word' id='word_1_269' title='bbox 1184 2068 1237 2120; x_wconf 73' lang='lat' dir='ltr'><strong>et</strong></span> <span class='ocrx_word' id='word_1_270' title='bbox 1264 2066 1617 2134; x_wconf 71' lang='grc' dir='ltr'><strong>ϐενρεεωιιηι,</strong></span> <span class='ocrx_word' id='word_1_271' title='bbox 1648 2068 1700 2120; x_wconf 73' lang='grc' dir='ltr'>ει</span> <span class='ocrx_word' id='word_1_272' title='bbox 1739 2066 1943 2121; x_wconf 72' lang='lat' dir='ltr'><strong>Amor-</strong></span> <span class='ocrx_word' id='word_1_273' title='bbox 2043 2077 2147 2137; x_wconf 86' lang='lat' dir='ltr'><strong>est,</strong></span> <span class='ocrx_word' id='word_1_274' title='bbox 2179 2067 2329 2141; x_wconf 91' lang='lat' dir='ltr'><strong>quod</strong></span> <span class='ocrx_word' id='word_1_275' title='bbox 2355 2067 2438 2124; x_wconf 89' lang='lat' dir='ltr'><strong>vel</strong></span> <span class='ocrx_word' id='word_1_276' title='bbox 2467 2065 2694 2139; x_wconf 88' lang='lat' dir='ltr'><strong>suscipit</strong></span> <span class='ocrx_word' id='word_1_277' title='bbox 2719 2073 2775 2122; x_wconf 91' lang='lat' dir='ltr'><strong>et</strong></span> <span class='ocrx_word' id='word_1_278' title='bbox 2803 2064 3070 2138; x_wconf 88' lang='lat' dir='ltr'><strong>approbat</strong></span> <span class='ocrx_word' id='word_1_279' title='bbox 3091 2072 3335 2138; x_wconf 89' lang='lat' dir='ltr'><strong>gratum,</strong></span> <span class='ocrx_word' id='word_1_280' title='bbox 3365 2066 3449 2123; x_wconf 87' lang='lat' dir='ltr'><strong>vel</strong></span> <span class='ocrx_word' id='word_1_281' title='bbox 3474 2066 3658 2141; x_wconf 87' lang='lat' dir='ltr'><strong>requi-</strong></span> 
     </span>
    </p>
   </div>
   <div class='ocr_carea' id='block_1_35' title="bbox 332 2157 2878 2233">
    <p class='ocr_par' dir='ltr' id='par_1_35' title="bbox 332 2157 2878 2233">
     <span class='ocr_line' id='line_1_35' title="bbox 332 2157 2878 2233; baseline -0.001 -17"><span class='ocrx_word' id='word_1_282' title='bbox 332 2161 561 2225; x_wconf 70' lang='lat' dir='ltr'><strong>rhwum,</strong></span> <span class='ocrx_word' id='word_1_283' title='bbox 582 2162 965 2223; x_wconf 76' lang='lat' dir='ltr'><strong>Chananceum,</strong></span> <span class='ocrx_word' id='word_1_284' title='bbox 998 2164 1049 2215; x_wconf 86' lang='lat' dir='ltr'><strong>et</strong></span> <span class='ocrx_word' id='word_1_285' title='bbox 1076 2159 1431 2221; x_wconf 68' lang='lat' dir='ltr'><strong>Pheresazum,</strong></span> <span class='ocrx_word' id='word_1_286' title='bbox 1464 2161 1684 2215; x_wconf 78' lang='lat' dir='ltr'><strong>Evceum</strong></span> <span class='ocrx_word' id='word_1_287' title='bbox 1710 2162 1762 2214; x_wconf 88' lang='lat' dir='ltr'><strong>et</strong></span> <span class='ocrx_word' id='word_1_288' title='bbox 1780 2159 1940 2214; x_wconf 80' lang='lat' dir='ltr'><strong>Jebu-</strong></span> <span class='ocrx_word' id='word_1_289' title='bbox 2042 2158 2120 2215; x_wconf 89' lang='lat' dir='ltr'><strong>rit</strong></span> <span class='ocrx_word' id='word_1_290' title='bbox 2154 2174 2219 2217; x_wconf 89' lang='lat' dir='ltr'><strong>ac</strong></span> <span class='ocrx_word' id='word_1_291' title='bbox 2239 2157 2588 2233; x_wconf 85' lang='lat' dir='ltr'><strong>reprehendit</strong></span> <span class='ocrx_word' id='word_1_292' title='bbox 2616 2157 2878 2231; x_wconf 85' lang='lat' dir='ltr'><strong>ingratos.</strong></span> 
     </span>
    </p>
   </div>
   <div class='ocr_carea' id='block_1_36' title="bbox 332 2251 3053 2325">
    <p class='ocr_par' dir='ltr' id='par_1_36' title="bbox 332 2251 3053 2325">
     <span class='ocr_line' id='line_1_36' title="bbox 332 2251 3053 2325; baseline -0.001 -16"><span class='ocrx_word' id='word_1_293' title='bbox 332 2269 518 2323; x_wconf 73' lang='lat' dir='ltr'><strong>sctum,</strong></span> <span class='ocrx_word' id='word_1_294' title='bbox 555 2257 753 2325; x_wconf 83' lang='lat' dir='ltr'><strong>septem</strong></span> <span class='ocrx_word' id='word_1_295' title='bbox 780 2256 960 2323; x_wconf 83' lang='lat' dir='ltr'><strong>gentes</strong></span> <span class='ocrx_word' id='word_1_296' title='bbox 980 2252 1150 2307; x_wconf 84' lang='lat' dir='ltr'><strong>multo</strong></span> <span class='ocrx_word' id='word_1_297' title='bbox 1172 2251 1397 2321; x_wconf 83' lang='lat' dir='ltr'><strong>majoris</strong></span> <span class='ocrx_word' id='word_1_298' title='bbox 1422 2255 1652 2320; x_wconf 87' lang='lat' dir='ltr'><strong>numeri,</strong></span> <span class='ocrx_word' id='word_1_299' title='bbox 1697 2256 1749 2307; x_wconf 88' lang='lat' dir='ltr'><strong>et</strong></span> <span class='ocrx_word' id='word_1_300' title='bbox 1770 2253 1941 2308; x_wconf 88' lang='lat' dir='ltr'><strong>robu-</strong></span> <span class='ocrx_word' id='word_1_301' title='bbox 2637 2252 2878 2309; x_wconf 83' lang='lat' dir='ltr'><strong>CAPUT</strong></span> <span class='ocrx_word' id='word_1_302' title='bbox 2914 2252 3053 2307; x_wconf 83' lang='lat' dir='ltr'><strong>XX.</strong></span> 
     </span>
    </p>
   </div>
   <div class='ocr_carea' id='block_1_37' title="bbox 332 2345 3492 2417">
    <p class='ocr_par' dir='ltr' id='par_1_37' title="bbox 332 2345 3492 2417">
     <span class='ocr_line' id='line_1_37' title="bbox 332 2345 3492 2417; baseline 0.001 -14"><span class='ocrx_word' id='word_1_303' title='bbox 332 2350 522 2404; x_wconf 83' lang='lat' dir='ltr'><strong>stiores</strong></span> <span class='ocrx_word' id='word_1_304' title='bbox 564 2352 635 2411; x_wconf 87' lang='lat' dir='ltr'><strong>te,</strong></span> <span class='ocrx_word' id='word_1_305' title='bbox 666 2346 1068 2417; x_wconf 81' lang='lat' dir='ltr'><strong>tradideritque</strong></span> <span class='ocrx_word' id='word_1_306' title='bbox 1096 2360 1183 2401; x_wconf 89' lang='lat' dir='ltr'><strong>eas</strong></span> <span class='ocrx_word' id='word_1_307' title='bbox 1212 2345 1329 2409; x_wconf 89' lang='lat' dir='ltr'><strong>tibi,</strong></span> <span class='ocrx_word' id='word_1_308' title='bbox 1354 2347 1624 2416; x_wconf 78' lang='lat' dir='ltr'><strong>percutias</strong></span> <span class='ocrx_word' id='word_1_309' title='bbox 1661 2360 1751 2401; x_wconf 88' lang='lat' dir='ltr'><strong>eas</strong></span> <span class='ocrx_word' id='word_1_310' title='bbox 1775 2360 1945 2417; x_wconf 83' lang='lat' dir='ltr'><strong>usque</strong></span> <span class='ocrx_word' id='word_1_311' title='bbox 2208 2347 2360 2415; x_wconf 81' lang='lat' dir='ltr'><strong>Quod</strong></span> <span class='ocrx_word' id='word_1_312' title='bbox 2388 2346 2528 2402; x_wconf 81' lang='lat' dir='ltr'><strong>nihil</strong></span> <span class='ocrx_word' id='word_1_313' title='bbox 2546 2348 2604 2401; x_wconf 89' lang='lat' dir='ltr'><strong>in</strong></span> <span class='ocrx_word' id='word_1_314' title='bbox 2632 2347 2725 2402; x_wconf 79' lang='lat' dir='ltr'><strong>hoc</strong></span> <span class='ocrx_word' id='word_1_315' title='bbox 2741 2346 2944 2401; x_wconf 87' lang='lat' dir='ltr'><strong>mundo</strong></span> <span class='ocrx_word' id='word_1_316' title='bbox 2971 2345 3089 2401; x_wconf 86' lang='lat' dir='ltr'><strong>sine</strong></span> <span class='ocrx_word' id='word_1_317' title='bbox 3118 2349 3224 2402; x_wconf 88' lang='lat' dir='ltr'><strong>Deo</strong></span> <span class='ocrx_word' id='word_1_318' title='bbox 3250 2351 3492 2416; x_wconf 77' lang='lat' dir='ltr'><strong>geratur.</strong></span> 
     </span>
    </p>
   </div>
   <div class='ocr_carea' id='block_1_38' title="bbox 331 2438 3658 2511">
    <p class='ocr_par' dir='ltr' id='par_1_38' title="bbox 331 2438 3658 2511">
     <span class='ocr_line' id='line_1_38' title="bbox 331 2438 3658 2511; baseline 0.001 -13"><span class='ocrx_word' id='word_1_319' title='bbox 331 2440 408 2498; x_wconf 87' lang='lat' dir='ltr'><strong>ad</strong></span> <span class='ocrx_word' id='word_1_320' title='bbox 426 2441 856 2508; x_wconf 83' lang='lat' dir='ltr'><strong>intemecionem;</strong></span> <span class='ocrx_word' id='word_1_321' title='bbox 873 2440 1151 2495; x_wconf 87' lang='lat' dir='ltr'><strong>noninibis</strong></span> <span class='ocrx_word' id='word_1_322' title='bbox 1169 2439 1373 2495; x_wconf 86' lang='lat' dir='ltr'><strong>cumeis</strong></span> <span class='ocrx_word' id='word_1_323' title='bbox 1393 2438 1944 2509; x_wconf 70' lang='lat' dir='ltr'><strong>fadus,nequesocia-</strong></span> <span class='ocrx_word' id='word_1_324' title='bbox 2115 2441 2349 2500; x_wconf 71' lang='lat' dir='ltr'><strong>Credere</strong></span> <span class='ocrx_word' id='word_1_325' title='bbox 2377 2448 2562 2498; x_wconf 87' lang='lat' dir='ltr'><strong>tamen</strong></span> <span class='ocrx_word' id='word_1_326' title='bbox 2585 2441 2906 2497; x_wconf 89' lang='lat' dir='ltr'><strong>inconcussa</strong></span> <span class='ocrx_word' id='word_1_327' title='bbox 2928 2438 3038 2497; x_wconf 87' lang='lat' dir='ltr'><strong>ﬁde</strong></span> <span class='ocrx_word' id='word_1_328' title='bbox 3066 2454 3174 2495; x_wconf 88' lang='lat' dir='ltr'><strong>nos</strong></span> <span class='ocrx_word' id='word_1_329' title='bbox 3209 2442 3482 2511; x_wconf 88' lang='lat' dir='ltr'><strong>convenit,</strong></span> <span class='ocrx_word' id='word_1_330' title='bbox 3520 2443 3658 2503; x_wconf 84' lang='lat' dir='ltr'><strong>nihil</strong></span> 
     </span>
    </p>
   </div>
   <div class='ocr_carea' id='block_1_39' title="bbox 335 2531 3662 2607">
    <p class='ocr_par' dir='ltr' id='par_1_39' title="bbox 335 2531 3662 2607">
     <span class='ocr_line' id='line_1_39' title="bbox 335 2531 3662 2607; baseline 0.001 -15"><span class='ocrx_word' id='word_1_331' title='bbox 335 2538 422 2592; x_wconf 93' lang='lat' dir='ltr'><strong>bis</strong></span> <span class='ocrx_word' id='word_1_332' title='bbox 445 2552 564 2592; x_wconf 86' lang='lat' dir='ltr'><strong>cum</strong></span> <span class='ocrx_word' id='word_1_333' title='bbox 584 2538 660 2592; x_wconf 87' lang='lat' dir='ltr'><strong>eis</strong></span> <span class='ocrx_word' id='word_1_334' title='bbox 687 2537 938 2606; x_wconf 86' lang='lat' dir='ltr'><strong>conjugia</strong></span> <span class='ocrx_word' id='word_1_335' title='bbox 959 2537 1194 2603; x_wconf 73' lang='lat' dir='ltr'><strong>(Denter.</strong></span> <span class='ocrx_word' id='word_1_336' title='bbox 1220 2536 1359 2599; x_wconf 86' lang='lat' dir='ltr'><strong>vn).</strong></span> <span class='ocrx_word' id='word_1_337' title='bbox 1391 2531 1552 2605; x_wconf 90' lang='lat' dir='ltr'><strong>Quod</strong></span> <span class='ocrx_word' id='word_1_338' title='bbox 1580 2532 1744 2604; x_wconf 87' lang='lat' dir='ltr'><strong>igitur</strong></span> <span class='ocrx_word' id='word_1_339' title='bbox 1765 2532 1944 2589; x_wconf 89' lang='lat' dir='ltr'><strong>intro-</strong></span> <span class='ocrx_word' id='word_1_340' title='bbox 2047 2536 2164 2594; x_wconf 87' lang='lat' dir='ltr'><strong>sine</strong></span> <span class='ocrx_word' id='word_1_341' title='bbox 2189 2539 2310 2593; x_wconf 90' lang='lat' dir='ltr'><strong>Deo</strong></span> <span class='ocrx_word' id='word_1_342' title='bbox 2338 2549 2566 2607; x_wconf 88' lang='lat' dir='ltr'><strong>prorsus</strong></span> <span class='ocrx_word' id='word_1_343' title='bbox 2590 2534 2648 2590; x_wconf 89' lang='lat' dir='ltr'><strong>in</strong></span> <span class='ocrx_word' id='word_1_344' title='bbox 2674 2533 2782 2590; x_wconf 89' lang='lat' dir='ltr'><strong>hoc</strong></span> <span class='ocrx_word' id='word_1_345' title='bbox 2812 2533 3027 2590; x_wconf 91' lang='lat' dir='ltr'><strong>mundo</strong></span> <span class='ocrx_word' id='word_1_346' title='bbox 3052 2533 3192 2605; x_wconf 87' lang='lat' dir='ltr'><strong>geri.</strong></span> <span class='ocrx_word' id='word_1_347' title='bbox 3224 2536 3339 2591; x_wconf 81' lang='lat' dir='ltr'><strong>Aut</strong></span> <span class='ocrx_word' id='word_1_348' title='bbox 3373 2536 3523 2593; x_wconf 90' lang='lat' dir='ltr'><strong>enim</strong></span> <span class='ocrx_word' id='word_1_349' title='bbox 3558 2553 3662 2595; x_wconf 84' lang='lat' dir='ltr'><strong>vo-</strong></span> 
     </span>
    </p>
   </div>
   <div class='ocr_carea' id='block_1_40' title="bbox 329 2614 3658 2704">
    <p class='ocr_par' dir='ltr' id='par_1_40' title="bbox 329 2614 3658 2704">
     <span class='ocr_line' id='line_1_40' title="bbox 329 2614 3658 2704; baseline 0.001 -18"><span class='ocrx_word' id='word_1_350' title='bbox 329 2614 614 2688; x_wconf 79' lang='lat' dir='ltr'><strong>ducuntur</strong></span> <span class='ocrx_word' id='word_1_351' title='bbox 652 2630 708 2686; x_wconf 90' lang='lat' dir='ltr'><strong>in</strong></span> <span class='ocrx_word' id='word_1_352' title='bbox 749 2637 953 2685; x_wconf 90' lang='lat' dir='ltr'><strong>terram</strong></span> <span class='ocrx_word' id='word_1_353' title='bbox 992 2627 1459 2700; x_wconf 86' lang='lat' dir='ltr'><strong>repromissionis,</strong></span> <span class='ocrx_word' id='word_1_354' title='bbox 1509 2625 1660 2698; x_wconf 88' lang='lat' dir='ltr'><strong>quod</strong></span> <span class='ocrx_word' id='word_1_355' title='bbox 1697 2616 1947 2683; x_wconf 72' lang='lat' dir='ltr'><strong>delentur</strong></span> <span class='ocrx_word' id='word_1_356' title='bbox 2049 2631 2258 2690; x_wconf 90' lang='lat' dir='ltr'><strong>luntate</strong></span> <span class='ocrx_word' id='word_1_357' title='bbox 2287 2632 2402 2703; x_wconf 86' lang='lat' dir='ltr'><strong>ejus</strong></span> <span class='ocrx_word' id='word_1_358' title='bbox 2429 2638 2527 2686; x_wconf 89' lang='lat' dir='ltr'><strong>aut</strong></span> <span class='ocrx_word' id='word_1_359' title='bbox 2554 2629 2826 2701; x_wconf 88' lang='lat' dir='ltr'><strong>permissu</strong></span> <span class='ocrx_word' id='word_1_360' title='bbox 2849 2629 2935 2701; x_wconf 87' lang='lat' dir='ltr'><strong>agi</strong></span> <span class='ocrx_word' id='word_1_361' title='bbox 2966 2629 3215 2685; x_wconf 88' lang='lat' dir='ltr'><strong>universa</strong></span> <span class='ocrx_word' id='word_1_362' title='bbox 3240 2628 3523 2688; x_wconf 79' lang='lat' dir='ltr'><strong>fatendum</strong></span> <span class='ocrx_word' id='word_1_363' title='bbox 3555 2643 3658 2704; x_wconf 89' lang='lat' dir='ltr'><strong>est,</strong></span> 
     </span>
    </p>
   </div>
   <div class='ocr_carea' id='block_1_41' title="bbox 332 2719 3665 2797">
    <p class='ocr_par' dir='ltr' id='par_1_41' title="bbox 332 2719 3665 2797">
     <span class='ocr_line' id='line_1_41' title="bbox 332 2719 3665 2797; baseline 0.001 -17"><span class='ocrx_word' id='word_1_364' title='bbox 332 2732 526 2797; x_wconf 81' lang='lat' dir='ltr'><strong>gentes</strong></span> <span class='ocrx_word' id='word_1_365' title='bbox 565 2723 753 2780; x_wconf 71' lang='lat' dir='ltr'><strong>multae</strong></span> <span class='ocrx_word' id='word_1_366' title='bbox 789 2737 975 2780; x_wconf 89' lang='lat' dir='ltr'><strong>coram</strong></span> <span class='ocrx_word' id='word_1_367' title='bbox 1010 2721 1105 2790; x_wconf 88' lang='lat' dir='ltr'><strong>eis,</strong></span> <span class='ocrx_word' id='word_1_368' title='bbox 1137 2720 1286 2796; x_wconf 91' lang='lat' dir='ltr'><strong>quod</strong></span> <span class='ocrx_word' id='word_1_369' title='bbox 1330 2719 1713 2777; x_wconf 88' lang='lat' dir='ltr'><strong>traduntur-in</strong></span> <span class='ocrx_word' id='word_1_370' title='bbox 1752 2734 1949 2777; x_wconf 88' lang='lat' dir='ltr'><strong>manus</strong></span> <span class='ocrx_word' id='word_1_371' title='bbox 2050 2731 2116 2782; x_wconf 90' lang='lat' dir='ltr'><strong>ut</strong></span> <span class='ocrx_word' id='word_1_372' title='bbox 2138 2723 2344 2781; x_wconf 88' lang='lat' dir='ltr'><strong>scilicet</strong></span> <span class='ocrx_word' id='word_1_373' title='bbox 2367 2722 2486 2779; x_wconf 66' lang='lat' dir='ltr'><strong>haec</strong></span> <span class='ocrx_word' id='word_1_374' title='bbox 2509 2736 2633 2794; x_wconf 61' lang='lat' dir='ltr'><strong>quae</strong></span> <span class='ocrx_word' id='word_1_375' title='bbox 2658 2721 2807 2778; x_wconf 82' lang='lat' dir='ltr'><strong>bona</strong></span> <span class='ocrx_word' id='word_1_376' title='bbox 2835 2729 2987 2790; x_wconf 89' lang='lat' dir='ltr'><strong>sunt,</strong></span> <span class='ocrx_word' id='word_1_377' title='bbox 3017 2721 3300 2777; x_wconf 87' lang='lat' dir='ltr'><strong>voluntate</strong></span> <span class='ocrx_word' id='word_1_378' title='bbox 3338 2722 3443 2779; x_wconf 90' lang='lat' dir='ltr'><strong>Dei</strong></span> <span class='ocrx_word' id='word_1_379' title='bbox 3480 2726 3665 2796; x_wconf 87' lang='lat' dir='ltr'><strong>perﬁci</strong></span> 
     </span>
    </p>
   </div>
   <div class='ocr_carea' id='block_1_42' title="bbox 334 2814 3664 2890">
    <p class='ocr_par' dir='ltr' id='par_1_42' title="bbox 334 2814 3664 2890">
     <span class='ocr_line' id='line_1_42' title="bbox 334 2814 3664 2890; baseline 0 -15"><span class='ocrx_word' id='word_1_380' title='bbox 334 2832 532 2875; x_wconf 82' lang='lat' dir='ltr'><strong>eorum</strong></span> <span class='ocrx_word' id='word_1_381' title='bbox 559 2816 805 2873; x_wconf 86' lang='lat' dir='ltr'><strong>nationes</strong></span> <span class='ocrx_word' id='word_1_382' title='bbox 828 2815 1055 2890; x_wconf 84' lang='lat' dir='ltr'><strong>majoris</strong></span> <span class='ocrx_word' id='word_1_383' title='bbox 1079 2816 1315 2882; x_wconf 88' lang='lat' dir='ltr'><strong>numeri,</strong></span> <span class='ocrx_word' id='word_1_384' title='bbox 1336 2822 1391 2870; x_wconf 90' lang='lat' dir='ltr'><strong>et</strong></span> <span class='ocrx_word' id='word_1_385' title='bbox 1415 2814 1749 2871; x_wconf 86' lang='lat' dir='ltr'><strong>robustiores</strong></span> <span class='ocrx_word' id='word_1_386' title='bbox 1773 2829 1946 2887; x_wconf 89' lang='lat' dir='ltr'><strong>quam</strong></span> <span class='ocrx_word' id='word_1_387' title='bbox 2054 2817 2366 2889; x_wconf 87' lang='lat' dir='ltr'><strong>auxilioque</strong></span> <span class='ocrx_word' id='word_1_388' title='bbox 2412 2814 2747 2881; x_wconf 82' lang='lat' dir='ltr'><strong>credantur;</strong></span> <span class='ocrx_word' id='word_1_389' title='bbox 2789 2830 2915 2887; x_wconf 68' lang='lat' dir='ltr'><strong>quae</strong></span> <span class='ocrx_word' id='word_1_390' title='bbox 2964 2822 3155 2872; x_wconf 88' lang='lat' dir='ltr'><strong>autem</strong></span> <span class='ocrx_word' id='word_1_391' title='bbox 3197 2818 3470 2874; x_wconf 90' lang='lat' dir='ltr'><strong>contraria</strong></span> <span class='ocrx_word' id='word_1_392' title='bbox 3515 2827 3664 2884; x_wconf 89' lang='lat' dir='ltr'><strong>sunt,</strong></span> 
     </span>
    </p>
   </div>
   <div class='ocr_carea' id='block_1_43' title="bbox 334 2908 3662 2986">
    <p class='ocr_par' dir='ltr' id='par_1_43' title="bbox 334 2908 3662 2986">
     <span class='ocr_line' id='line_1_43' title="bbox 334 2908 3662 2986; baseline 0 -17"><span class='ocrx_word' id='word_1_393' title='bbox 334 2914 573 2986; x_wconf 86' lang='lat' dir='ltr'><strong>populus</strong></span> <span class='ocrx_word' id='word_1_394' title='bbox 603 2911 791 2980; x_wconf 84' lang='lat' dir='ltr'><strong>Israel,</strong></span> <span class='ocrx_word' id='word_1_395' title='bbox 834 2912 935 2967; x_wconf 89' lang='lat' dir='ltr'><strong>Dei</strong></span> <span class='ocrx_word' id='word_1_396' title='bbox 964 2926 1082 2968; x_wconf 90' lang='lat' dir='ltr'><strong>esse</strong></span> <span class='ocrx_word' id='word_1_397' title='bbox 1110 2909 1347 2982; x_wconf 85' lang='lat' dir='ltr'><strong>gratiam</strong></span> <span class='ocrx_word' id='word_1_398' title='bbox 1376 2908 1651 2981; x_wconf 89' lang='lat' dir='ltr'><strong>Scriptura</strong></span> <span class='ocrx_word' id='word_1_399' title='bbox 1695 2924 1944 2982; x_wconf 89' lang='lat' dir='ltr'><strong>pronun-</strong></span> <span class='ocrx_word' id='word_1_400' title='bbox 2052 2909 2317 2985; x_wconf 88' lang='lat' dir='ltr'><strong>permissu</strong></span> <span class='ocrx_word' id='word_1_401' title='bbox 2344 2931 2358 2975; x_wconf 86' lang='lat'><strong>;</strong></span> <span class='ocrx_word' id='word_1_402' title='bbox 2394 2923 2522 2965; x_wconf 92' lang='lat' dir='ltr'><strong>cum</strong></span> <span class='ocrx_word' id='word_1_403' title='bbox 2548 2923 2648 2980; x_wconf 91' lang='lat' dir='ltr'><strong>pro</strong></span> <span class='ocrx_word' id='word_1_404' title='bbox 2682 2908 2933 2980; x_wconf 85' lang='lat' dir='ltr'><strong>nequitiis</strong></span> <span class='ocrx_word' id='word_1_405' title='bbox 2960 2924 3026 2965; x_wconf 88' lang='lat' dir='ltr'><strong>ac</strong></span> <span class='ocrx_word' id='word_1_406' title='bbox 3054 2908 3254 2965; x_wconf 88' lang='lat' dir='ltr'><strong>duritia</strong></span> <span class='ocrx_word' id='word_1_407' title='bbox 3278 2910 3467 2967; x_wconf 88' lang='lat' dir='ltr'><strong>cordis</strong></span> <span class='ocrx_word' id='word_1_408' title='bbox 3489 2914 3662 2969; x_wconf 87' lang='lat' dir='ltr'><strong>nostri</strong></span> 
     </span>
    </p>
   </div>
   <div class='ocr_carea' id='block_1_44' title="bbox 334 2999 3661 3074">
    <p class='ocr_par' dir='ltr' id='par_1_44' title="bbox 334 2999 3661 3074">
     <span class='ocr_line' id='line_1_44' title="bbox 334 2999 3661 3074; baseline -0.001 -11"><span class='ocrx_word' id='word_1_409' title='bbox 334 3006 463 3063; x_wconf 84' lang='lat' dir='ltr'><strong>tiat.</strong></span> <span class='ocrx_word' id='word_1_410' title='bbox 487 3007 692 3063; x_wconf 85' lang='lat' dir='ltr'><strong>Utrum</strong></span> <span class='ocrx_word' id='word_1_411' title='bbox 716 3011 899 3060; x_wconf 86' lang='lat' dir='ltr'><strong>autem</strong></span> <span class='ocrx_word' id='word_1_412' title='bbox 929 3002 1198 3074; x_wconf 88' lang='lat' dir='ltr'><strong>percutiat</strong></span> <span class='ocrx_word' id='word_1_413' title='bbox 1223 3017 1318 3059; x_wconf 87' lang='lat' dir='ltr'><strong>eas</strong></span> <span class='ocrx_word' id='word_1_414' title='bbox 1350 3002 1514 3058; x_wconf 88' lang='lat' dir='ltr'><strong>Israel</strong></span> <span class='ocrx_word' id='word_1_415' title='bbox 1543 3016 1717 3074; x_wconf 88' lang='lat' dir='ltr'><strong>usque</strong></span> <span class='ocrx_word' id='word_1_416' title='bbox 1744 3001 1816 3059; x_wconf 91' lang='lat' dir='ltr'><strong>ad</strong></span> <span class='ocrx_word' id='word_1_417' title='bbox 1852 3002 1945 3056; x_wconf 91' lang='lat' dir='ltr'><strong>in-</strong></span> <span class='ocrx_word' id='word_1_418' title='bbox 2052 3004 2308 3061; x_wconf 87' lang='lat' dir='ltr'><strong>deserens</strong></span> <span class='ocrx_word' id='word_1_419' title='bbox 2350 3015 2457 3058; x_wconf 90' lang='lat' dir='ltr'><strong>nos</strong></span> <span class='ocrx_word' id='word_1_420' title='bbox 2500 2999 2680 3057; x_wconf 88' lang='lat' dir='ltr'><strong>divina</strong></span> <span class='ocrx_word' id='word_1_421' title='bbox 2713 3001 2999 3074; x_wconf 87' lang='lat' dir='ltr'><strong>protectio,</strong></span> <span class='ocrx_word' id='word_1_422' title='bbox 3045 3000 3330 3059; x_wconf 89' lang='lat' dir='ltr'><strong>diabolum</strong></span> <span class='ocrx_word' id='word_1_423' title='bbox 3374 3003 3535 3062; x_wconf 90' lang='lat' dir='ltr'><strong>nobis</strong></span> <span class='ocrx_word' id='word_1_424' title='bbox 3579 3007 3661 3063; x_wconf 90' lang='lat' dir='ltr'><strong>vel</strong></span> 
     </span>
    </p>
   </div>
   <div class='ocr_carea' id='block_1_45' title="bbox 336 3094 3659 3170">
    <p class='ocr_par' dir='ltr' id='par_1_45' title="bbox 336 3094 3659 3170">
     <span class='ocr_line' id='line_1_45' title="bbox 336 3094 3659 3170; baseline -0 -14"><span class='ocrx_word' id='word_1_425' title='bbox 336 3097 743 3163; x_wconf 81' lang='lat' dir='ltr'><strong>temecionenr,</strong></span> <span class='ocrx_word' id='word_1_426' title='bbox 781 3110 853 3152; x_wconf 86' lang='lat' dir='ltr'><strong>an</strong></span> <span class='ocrx_word' id='word_1_427' title='bbox 894 3096 1139 3152; x_wconf 83' lang='lat' dir='ltr'><strong>reservet</strong></span> <span class='ocrx_word' id='word_1_428' title='bbox 1180 3109 1276 3150; x_wconf 89' lang='lat' dir='ltr'><strong>eas</strong></span> <span class='ocrx_word' id='word_1_429' title='bbox 1317 3102 1373 3150; x_wconf 89' lang='lat' dir='ltr'><strong>et</strong></span> <span class='ocrx_word' id='word_1_430' title='bbox 1414 3102 1623 3165; x_wconf 86' lang='lat' dir='ltr'><strong>parcat,</strong></span> <span class='ocrx_word' id='word_1_431' title='bbox 1666 3102 1724 3150; x_wconf 90' lang='lat' dir='ltr'><strong>et</strong></span> <span class='ocrx_word' id='word_1_432' title='bbox 1762 3102 1950 3150; x_wconf 90' lang='lat' dir='ltr'><strong>utrum</strong></span> <span class='ocrx_word' id='word_1_433' title='bbox 2054 3094 2446 3170; x_wconf 76' lang='lat' dir='ltr'><strong>ignominiosus</strong></span> <span class='ocrx_word' id='word_1_434' title='bbox 2485 3095 2731 3167; x_wconf 90' lang='lat' dir='ltr'><strong>corporis</strong></span> <span class='ocrx_word' id='word_1_435' title='bbox 2772 3094 3055 3167; x_wconf 87' lang='lat' dir='ltr'><strong>passiones</strong></span> <span class='ocrx_word' id='word_1_436' title='bbox 3110 3097 3318 3168; x_wconf 89' lang='lat' dir='ltr'><strong>patitur</strong></span> <span class='ocrx_word' id='word_1_437' title='bbox 3364 3096 3659 3156; x_wconf 87' lang='lat' dir='ltr'><strong>dominari.</strong></span> 
     </span>
    </p>
   </div>
   <div class='ocr_carea' id='block_1_46' title="bbox 342 3185 3668 3268">
    <p class='ocr_par' dir='ltr' id='par_1_46' title="bbox 342 3185 3668 3268">
     <span class='ocr_line' id='line_1_46' title="bbox 342 3185 3668 3268; baseline 0 -19"><span class='ocrx_word' id='word_1_438' title='bbox 342 3196 500 3250; x_wconf 88' lang='lat' dir='ltr'><strong>ineat</strong></span> <span class='ocrx_word' id='word_1_439' title='bbox 521 3206 650 3247; x_wconf 91' lang='lat' dir='ltr'><strong>cum</strong></span> <span class='ocrx_word' id='word_1_440' title='bbox 680 3190 759 3246; x_wconf 89' lang='lat' dir='ltr'><strong>eis</strong></span> <span class='ocrx_word' id='word_1_441' title='bbox 784 3187 987 3256; x_wconf 70' lang='lat' dir='ltr'><strong>medus,</strong></span> <span class='ocrx_word' id='word_1_442' title='bbox 1018 3196 1076 3245; x_wconf 89' lang='lat' dir='ltr'><strong>et</strong></span> <span class='ocrx_word' id='word_1_443' title='bbox 1114 3196 1305 3244; x_wconf 91' lang='lat' dir='ltr'><strong>utrum</strong></span> <span class='ocrx_word' id='word_1_444' title='bbox 1332 3201 1449 3242; x_wconf 90' lang='lat' dir='ltr'><strong>non</strong></span> <span class='ocrx_word' id='word_1_445' title='bbox 1493 3186 1664 3242; x_wconf 88' lang='lat' dir='ltr'><strong>societ</strong></span> <span class='ocrx_word' id='word_1_446' title='bbox 1706 3201 1835 3242; x_wconf 89' lang='lat' dir='ltr'><strong>cum</strong></span> <span class='ocrx_word' id='word_1_447' title='bbox 1876 3185 1952 3243; x_wconf 91' lang='lat' dir='ltr'><strong>eis</strong></span> <span class='ocrx_word' id='word_1_448' title='bbox 1981 3204 2029 3268; x_wconf 69' lang='grc' dir='ltr'><em>ε</em></span> <span class='ocrx_word' id='word_1_449' title='bbox 2059 3189 2221 3261; x_wconf 88' lang='lat' dir='ltr'><strong>Quod</strong></span> <span class='ocrx_word' id='word_1_450' title='bbox 2245 3189 2412 3244; x_wconf 87' lang='lat' dir='ltr'><strong>etiam</strong></span> <span class='ocrx_word' id='word_1_451' title='bbox 2456 3186 2704 3260; x_wconf 82' lang='lat' dir='ltr'><strong>Apostoli</strong></span> <span class='ocrx_word' id='word_1_452' title='bbox 2752 3187 2982 3244; x_wconf 90' lang='lat' dir='ltr'><strong>vocibus</strong></span> <span class='ocrx_word' id='word_1_453' title='bbox 3015 3188 3425 3247; x_wconf 77' lang='lat' dir='ltr'><strong>evidentissima</strong></span> <span class='ocrx_word' id='word_1_454' title='bbox 3471 3191 3668 3264; x_wconf 89' lang='lat' dir='ltr'><strong>perdo-</strong></span> 
     </span>
    </p>
   </div>
   <div class='ocr_carea' id='block_1_47' title="bbox 340 3280 3668 3358">
    <p class='ocr_par' dir='ltr' id='par_1_47' title="bbox 340 3280 3668 3358">
     <span class='ocr_line' id='line_1_47' title="bbox 340 3280 3668 3358; baseline -0 -15"><span class='ocrx_word' id='word_1_455' title='bbox 340 3284 624 3358; x_wconf 86' lang='lat' dir='ltr'><strong>conjugia,</strong></span> <span class='ocrx_word' id='word_1_456' title='bbox 654 3300 722 3340; x_wconf 91' lang='lat' dir='ltr'><strong>an</strong></span> <span class='ocrx_word' id='word_1_457' title='bbox 746 3282 939 3352; x_wconf 90' lang='lat' dir='ltr'><strong>societ,</strong></span> <span class='ocrx_word' id='word_1_458' title='bbox 966 3282 1215 3355; x_wconf 89' lang='lat' dir='ltr'><strong>ipsorum</strong></span> <span class='ocrx_word' id='word_1_459' title='bbox 1233 3295 1352 3338; x_wconf 89' lang='lat' dir='ltr'><strong>esse</strong></span> <span class='ocrx_word' id='word_1_460' title='bbox 1377 3287 1625 3336; x_wconf 87' lang='lat' dir='ltr'><strong>testatur.</strong></span> <span class='ocrx_word' id='word_1_461' title='bbox 1661 3280 1784 3350; x_wconf 91' lang='lat' dir='ltr'><strong>Quo</strong></span> <span class='ocrx_word' id='word_1_462' title='bbox 1805 3281 1956 3338; x_wconf 87' lang='lat' dir='ltr'><strong>testi-</strong></span> <span class='ocrx_word' id='word_1_463' title='bbox 2061 3298 2273 3348; x_wconf 88' lang='lat' dir='ltr'><strong>cemur,</strong></span> <span class='ocrx_word' id='word_1_464' title='bbox 2298 3280 2559 3337; x_wconf 87' lang='lat' dir='ltr'><strong>dicentis:</strong></span> <span class='ocrx_word' id='word_1_465' title='bbox 2594 3284 2817 3351; x_wconf 76' lang='lat' dir='ltr'><strong>Propter</strong></span> <span class='ocrx_word' id='word_1_466' title='bbox 2834 3281 2980 3352; x_wconf 87' lang='lat' dir='ltr'><strong>quod</strong></span> <span class='ocrx_word' id='word_1_467' title='bbox 3003 3283 3246 3339; x_wconf 81' lang='lat' dir='ltr'><strong>tradidit</strong></span> <span class='ocrx_word' id='word_1_468' title='bbox 3284 3285 3406 3340; x_wconf 88' lang='lat' dir='ltr'><strong>illos</strong></span> <span class='ocrx_word' id='word_1_469' title='bbox 3445 3290 3583 3342; x_wconf 86' lang='lat' dir='ltr'><strong>Deus</strong></span> <span class='ocrx_word' id='word_1_470' title='bbox 3610 3290 3668 3342; x_wconf 84' lang='lat' dir='ltr'><strong>in</strong></span> 
     </span>
    </p>
   </div>
   <div class='ocr_carea' id='block_1_48' title="bbox 339 3371 3671 3449">
    <p class='ocr_par' dir='ltr' id='par_1_48' title="bbox 339 3371 3671 3449">
     <span class='ocr_line' id='line_1_48' title="bbox 339 3371 3671 3449; baseline -0 -12"><span class='ocrx_word' id='word_1_471' title='bbox 339 3377 538 3437; x_wconf 87' lang='lat' dir='ltr'><strong>monio</strong></span> <span class='ocrx_word' id='word_1_472' title='bbox 576 3374 866 3434; x_wconf 87' lang='lat' dir='ltr'><strong>manifeste</strong></span> <span class='ocrx_word' id='word_1_473' title='bbox 915 3374 1242 3434; x_wconf 89' lang='lat' dir='ltr'><strong>discernitur</strong></span> <span class='ocrx_word' id='word_1_474' title='bbox 1267 3382 1287 3409; x_wconf 77' lang='grc' dir='ltr'><strong><em>ο</em></strong></span> <span class='ocrx_word' id='word_1_475' title='bbox 1331 3371 1465 3445; x_wconf 88' lang='lat' dir='ltr'><strong>quid</strong></span> <span class='ocrx_word' id='word_1_476' title='bbox 1504 3371 1673 3429; x_wconf 82' lang='lat' dir='ltr'><strong>libero</strong></span> <span class='ocrx_word' id='word_1_477' title='bbox 1712 3373 1956 3442; x_wconf 88' lang='lat' dir='ltr'><strong>arbitrio,</strong></span> <span class='ocrx_word' id='word_1_478' title='bbox 2058 3378 2333 3449; x_wconf 79' lang='lat' dir='ltr'><strong>passiones</strong></span> <span class='ocrx_word' id='word_1_479' title='bbox 2379 3376 2683 3443; x_wconf 69' lang='lat' dir='ltr'><strong>ignominiae</strong></span> <span class='ocrx_word' id='word_1_480' title='bbox 2712 3376 2882 3441; x_wconf 84' lang='lat' dir='ltr'><strong>(Rom.</strong></span> <span class='ocrx_word' id='word_1_481' title='bbox 2917 3376 2982 3441; x_wconf 85' lang='grc' dir='ltr'><strong>ι).</strong></span> <span class='ocrx_word' id='word_1_482' title='bbox 3013 3377 3086 3431; x_wconf 77' lang='lat' dir='ltr'><strong>Et</strong></span> <span class='ocrx_word' id='word_1_483' title='bbox 3122 3376 3363 3433; x_wconf 91' lang='lat' dir='ltr'><strong>iterum:</strong></span> <span class='ocrx_word' id='word_1_484' title='bbox 3400 3380 3539 3447; x_wconf 84' lang='lat' dir='ltr'><strong>Quia</strong></span> <span class='ocrx_word' id='word_1_485' title='bbox 3565 3396 3671 3436; x_wconf 86' lang='lat' dir='ltr'><strong>non</strong></span> 
     </span>
    </p>
   </div>
   <div class='ocr_carea' id='block_1_49' title="bbox 342 3465 3672 3545">
    <p class='ocr_par' dir='ltr' id='par_1_49' title="bbox 342 3465 3672 3545">
     <span class='ocr_line' id='line_1_49' title="bbox 342 3465 3672 3545; baseline 0 -16"><span class='ocrx_word' id='word_1_486' title='bbox 342 3471 549 3545; x_wconf 88' lang='lat' dir='ltr'><strong>quidve</strong></span> <span class='ocrx_word' id='word_1_487' title='bbox 589 3469 975 3544; x_wconf 87' lang='lat' dir='ltr'><strong>dispensationi</strong></span> <span class='ocrx_word' id='word_1_488' title='bbox 1028 3468 1110 3525; x_wconf 89' lang='lat' dir='ltr'><strong>vel</strong></span> <span class='ocrx_word' id='word_1_489' title='bbox 1162 3466 1483 3540; x_wconf 82' lang='lat' dir='ltr'><strong>quotidiana</strong></span> <span class='ocrx_word' id='word_1_490' title='bbox 1512 3466 1784 3539; x_wconf 90' lang='lat' dir='ltr'><strong>adjutorio</strong></span> <span class='ocrx_word' id='word_1_491' title='bbox 1836 3470 1953 3523; x_wconf 93' lang='lat' dir='ltr'><strong>Do-</strong></span> <span class='ocrx_word' id='word_1_492' title='bbox 2067 3469 2410 3526; x_wconf 84' lang='lat' dir='ltr'><strong>crediderunt</strong></span> <span class='ocrx_word' id='word_1_493' title='bbox 2439 3465 2606 3541; x_wconf 88' lang='lat' dir='ltr'><strong>[Lips.</strong></span> <span class='ocrx_word' id='word_1_494' title='bbox 2648 3470 2706 3522; x_wconf 89' lang='lat' dir='ltr'><strong>in</strong></span> <span class='ocrx_word' id='word_1_495' title='bbox 2749 3484 2925 3538; x_wconf 89' lang='lat' dir='ltr'><strong>marg.</strong></span> <span class='ocrx_word' id='word_1_496' title='bbox 2956 3469 3341 3545; x_wconf 89' lang='lat' dir='ltr'><strong>probaverunt]</strong></span> <span class='ocrx_word' id='word_1_497' title='bbox 3371 3476 3538 3529; x_wconf 89' lang='lat' dir='ltr'><strong>Deum</strong></span> <span class='ocrx_word' id='word_1_498' title='bbox 3566 3476 3672 3531; x_wconf 78' lang='lat' dir='ltr'><strong>lia-</strong></span> 
     </span>
    </p>
   </div>
   <div class='ocr_carea' id='block_1_50' title="bbox 355 3559 3668 3635">
    <p class='ocr_par' dir='ltr' id='par_1_50' title="bbox 355 3559 3668 3635">
     <span class='ocr_line' id='line_1_50' title="bbox 355 3559 3668 3635; baseline 0.001 -14"><span class='ocrx_word' id='word_1_499' title='bbox 355 3565 492 3622; x_wconf 88' lang='lat' dir='ltr'><strong>mini</strong></span> <span class='ocrx_word' id='word_1_500' title='bbox 521 3563 818 3621; x_wconf 88' lang='lat' dir='ltr'><strong>debeamus</strong></span> <span class='ocrx_word' id='word_1_501' title='bbox 855 3562 1148 3629; x_wconf 89' lang='lat' dir='ltr'><strong>ascribere,</strong></span> <span class='ocrx_word' id='word_1_502' title='bbox 1178 3569 1234 3617; x_wconf 89' lang='lat' dir='ltr'><strong>et</strong></span> <span class='ocrx_word' id='word_1_503' title='bbox 1266 3559 1415 3633; x_wconf 91' lang='lat' dir='ltr'><strong>quod</strong></span> <span class='ocrx_word' id='word_1_504' title='bbox 1445 3559 1645 3617; x_wconf 71' lang='lat' dir='ltr'><strong>divinae</strong></span> <span class='ocrx_word' id='word_1_505' title='bbox 1678 3561 1753 3616; x_wconf 90' lang='lat' dir='ltr'><strong>sit</strong></span> <span class='ocrx_word' id='word_1_506' title='bbox 1772 3560 1965 3633; x_wconf 76' lang='lat' dir='ltr'><strong>gratiae</strong></span> <span class='ocrx_word' id='word_1_507' title='bbox 2076 3564 2193 3619; x_wconf 84' lang='lat' dir='ltr'><strong>bere</strong></span> <span class='ocrx_word' id='word_1_508' title='bbox 2208 3565 2265 3617; x_wconf 85' lang='lat' dir='ltr'><strong>in</strong></span> <span class='ocrx_word' id='word_1_509' title='bbox 2278 3562 2495 3629; x_wconf 85' lang='lat' dir='ltr'><strong>notitia,</strong></span> <span class='ocrx_word' id='word_1_510' title='bbox 2513 3561 2751 3624; x_wconf 84' lang='lat' dir='ltr'><strong>tradidit</strong></span> <span class='ocrx_word' id='word_1_511' title='bbox 2763 3561 3041 3618; x_wconf 86' lang='lat' dir='ltr'><strong>illosDeus</strong></span> <span class='ocrx_word' id='word_1_512' title='bbox 3059 3564 3119 3618; x_wconf 83' lang='lat' dir='ltr'><strong>in</strong></span> <span class='ocrx_word' id='word_1_513' title='bbox 3138 3565 3423 3635; x_wconf 82' lang='lat' dir='ltr'><strong>reprobum</strong></span> <span class='ocrx_word' id='word_1_514' title='bbox 3435 3581 3668 3631; x_wconf 85' lang='lat' dir='ltr'><strong>sensum,</strong></span> 
     </span>
    </p>
   </div>
   <div class='ocr_carea' id='block_1_51' title="bbox 356 3654 3677 3737">
    <p class='ocr_par' dir='ltr' id='par_1_51' title="bbox 356 3654 3677 3737">
     <span class='ocr_line' id='line_1_51' title="bbox 356 3654 3677 3737; baseline -0.002 -17"><span class='ocrx_word' id='word_1_515' title='bbox 356 3669 615 3737; x_wconf 66' lang='lat' dir='ltr'><strong>prmstare</strong></span> <span class='ocrx_word' id='word_1_516' title='bbox 649 3658 807 3717; x_wconf 89' lang='lat' dir='ltr'><strong>nobis</strong></span> <span class='ocrx_word' id='word_1_517' title='bbox 856 3659 1174 3717; x_wconf 87' lang='lat' dir='ltr'><strong>occasiones</strong></span> <span class='ocrx_word' id='word_1_518' title='bbox 1202 3657 1393 3715; x_wconf 89' lang='lat' dir='ltr'><strong>salutis</strong></span> <span class='ocrx_word' id='word_1_519' title='bbox 1434 3664 1490 3713; x_wconf 91' lang='lat' dir='ltr'><strong>et</strong></span> <span class='ocrx_word' id='word_1_520' title='bbox 1538 3663 1836 3728; x_wconf 88' lang='lat' dir='ltr'><strong>proventus</strong></span> <span class='ocrx_word' id='word_1_521' title='bbox 1875 3672 1961 3713; x_wconf 85' lang='lat' dir='ltr'><strong>se-</strong></span> <span class='ocrx_word' id='word_1_522' title='bbox 2072 3659 2133 3711; x_wconf 88' lang='lat' dir='ltr'><strong>ut</strong></span> <span class='ocrx_word' id='word_1_523' title='bbox 2157 3655 2368 3723; x_wconf 86' lang='lat' dir='ltr'><strong>faciant</strong></span> <span class='ocrx_word' id='word_1_524' title='bbox 2390 3670 2453 3710; x_wconf 77' lang='lat' dir='ltr'><strong>ea</strong></span> <span class='ocrx_word' id='word_1_525' title='bbox 2473 3669 2592 3724; x_wconf 72' lang='lat' dir='ltr'><strong>qucc</strong></span> <span class='ocrx_word' id='word_1_526' title='bbox 2614 3670 2719 3710; x_wconf 85' lang='lat' dir='ltr'><strong>non</strong></span> <span class='ocrx_word' id='word_1_527' title='bbox 2746 3654 3065 3711; x_wconf 70' lang='lat' dir='ltr'><strong>corweniunt</strong></span> <span class='ocrx_word' id='word_1_528' title='bbox 3094 3655 3294 3729; x_wconf 87' lang='lat' dir='ltr'><strong>(Ibid.).</strong></span> <span class='ocrx_word' id='word_1_529' title='bbox 3319 3659 3438 3730; x_wconf 86' lang='lat' dir='ltr'><strong>Ipse</strong></span> <span class='ocrx_word' id='word_1_530' title='bbox 3457 3673 3677 3732; x_wconf 88' lang='lat' dir='ltr'><strong>quoque</strong></span> 
     </span>
    </p>
   </div>
   <div class='ocr_carea' id='block_1_52' title="bbox 1452 3780 2574 3840">
    <p class='ocr_par' dir='ltr' id='par_1_52' title="bbox 1452 3780 2574 3840">
     <span class='ocr_line' id='line_1_52' title="bbox 1452 3780 2574 3840; baseline -0.003 -2"><span class='ocrx_word' id='word_1_531' title='bbox 1452 3783 1706 3838; x_wconf 81' lang='lat' dir='ltr'><strong>ALARDI</strong></span> <span class='ocrx_word' id='word_1_532' title='bbox 1746 3782 1973 3840; x_wconf 74' lang='lat' dir='ltr'><strong>GAZ/El</strong></span> <span class='ocrx_word' id='word_1_533' title='bbox 2010 3780 2574 3840; x_wconf 79' lang='lat' dir='ltr'><strong>COMMENTARIUS.</strong></span> 
     </span>
    </p>
   </div>
   <div class='ocr_carea' id='block_1_53' title="bbox 433 3887 3679 3960">
    <p class='ocr_par' dir='ltr' id='par_1_53' title="bbox 433 3887 3679 3960">
     <span class='ocr_line' id='line_1_53' title="bbox 433 3887 3679 3960; baseline -0.001 -9"><span class='ocrx_word' id='word_1_534' title='bbox 433 3898 459 3928; x_wconf 81' lang='grc'>³</span> <span class='ocrx_word' id='word_1_535' title='bbox 488 3894 767 3951; x_wconf 89' lang='lat' dir='ltr'><strong>Consonat</strong></span> <span class='ocrx_word' id='word_1_536' title='bbox 791 3892 920 3949; x_wconf 90' lang='lat' dir='ltr'><strong>huic</strong></span> <span class='ocrx_word' id='word_1_537' title='bbox 960 3891 1158 3948; x_wconf 88' lang='lat' dir='ltr'><strong>similis</strong></span> <span class='ocrx_word' id='word_1_538' title='bbox 1191 3898 1248 3946; x_wconf 91' lang='lat' dir='ltr'><strong>et</strong></span> <span class='ocrx_word' id='word_1_539' title='bbox 1269 3889 1474 3947; x_wconf 89' lang='lat' dir='ltr'><strong>diserta</strong></span> <span class='ocrx_word' id='word_1_540' title='bbox 1504 3892 1771 3948; x_wconf 86' lang='lat' dir='ltr'><strong>sententia</strong></span> <span class='ocrx_word' id='word_1_541' title='bbox 1796 3891 1965 3949; x_wconf 90' lang='lat' dir='ltr'><strong>abba-</strong></span> <span class='ocrx_word' id='word_1_542' title='bbox 2147 3901 2168 3927; x_wconf 75' lang='grc' dir='ltr'><strong>ο</strong></span> <span class='ocrx_word' id='word_1_543' title='bbox 2188 3895 2272 3947; x_wconf 88' lang='lat' dir='ltr'><strong>Ita</strong></span> <span class='ocrx_word' id='word_1_544' title='bbox 2308 3890 2458 3960; x_wconf 89' lang='lat' dir='ltr'><strong>enim</strong></span> <span class='ocrx_word' id='word_1_545' title='bbox 2488 3888 2609 3944; x_wconf 74' lang='lat' dir='ltr'><strong>haec</strong></span> <span class='ocrx_word' id='word_1_546' title='bbox 2652 3887 2764 3945; x_wconf 90' lang='lat' dir='ltr'><strong>duo</strong></span> <span class='ocrx_word' id='word_1_547' title='bbox 2802 3887 3092 3960; x_wconf 79' lang='lat' dir='ltr'><strong>conjuncta</strong></span> <span class='ocrx_word' id='word_1_548' title='bbox 3128 3895 3256 3960; x_wconf 84' lang='lat' dir='ltr'><strong>sunt</strong></span> <span class='ocrx_word' id='word_1_549' title='bbox 3282 3887 3335 3943; x_wconf 92' lang='lat' dir='ltr'><strong>in</strong></span> <span class='ocrx_word' id='word_1_550' title='bbox 3374 3903 3540 3960; x_wconf 84' lang='lat' dir='ltr'><strong>apere</strong></span> <span class='ocrx_word' id='word_1_551' title='bbox 3571 3905 3679 3948; x_wconf 90' lang='lat' dir='ltr'><strong>no-</strong></span> 
     </span>
    </p>
   </div>
   <div class='ocr_carea' id='block_1_54' title="bbox 360 3958 3682 4033">
    <p class='ocr_par' dir='ltr' id='par_1_54' title="bbox 360 3958 3682 4033">
     <span class='ocr_line' id='line_1_54' title="bbox 360 3958 3682 4033; baseline -0.002 -10"><span class='ocrx_word' id='word_1_552' title='bbox 360 3965 435 4023; x_wconf 87' lang='lat' dir='ltr'><strong>tis</strong></span> <span class='ocrx_word' id='word_1_553' title='bbox 475 3963 851 4033; x_wconf 72' lang='lat' dir='ltr'><strong>Chmremonis</strong></span> <span class='ocrx_word' id='word_1_554' title='bbox 889 3960 1185 4033; x_wconf 77' lang='lat' dir='ltr'><strong>collatione</strong></span> <span class='ocrx_word' id='word_1_555' title='bbox 1218 3965 1305 4025; x_wconf 83' lang='lat'><strong>13,</strong></span> <span class='ocrx_word' id='word_1_556' title='bbox 1350 3974 1514 4033; x_wconf 80' lang='lat' dir='ltr'><strong>quam</strong></span> <span class='ocrx_word' id='word_1_557' title='bbox 1556 3968 1610 4014; x_wconf 90' lang='lat' dir='ltr'><strong>et</strong></span> <span class='ocrx_word' id='word_1_558' title='bbox 1636 3963 1706 4015; x_wconf 92' lang='lat' dir='ltr'><strong>D.</strong></span> <span class='ocrx_word' id='word_1_559' title='bbox 1739 3965 1971 4033; x_wconf 85' lang='lat' dir='ltr'><strong>Prosper</strong></span> <span class='ocrx_word' id='word_1_560' title='bbox 2078 3969 2207 4033; x_wconf 66' lang='lat' dir='ltr'><strong>atrae</strong></span> <span class='ocrx_word' id='word_1_561' title='bbox 2228 3959 2635 4033; x_wconf 79' lang='lat' dir='ltr'><strong>justiﬁcationis</strong></span> <span class='ocrx_word' id='word_1_562' title='bbox 2663 3967 2717 4014; x_wconf 93' lang='lat' dir='ltr'><strong>et</strong></span> <span class='ocrx_word' id='word_1_563' title='bbox 2744 3958 2954 4033; x_wconf 81' lang='lat' dir='ltr'><strong>salutis,</strong></span> <span class='ocrx_word' id='word_1_564' title='bbox 2986 3967 3046 4013; x_wconf 92' lang='lat' dir='ltr'><strong>ut</strong></span> <span class='ocrx_word' id='word_1_565' title='bbox 3084 3958 3300 4033; x_wconf 81' lang='lat' dir='ltr'><strong>utrique</strong></span> <span class='ocrx_word' id='word_1_566' title='bbox 3324 3958 3453 4033; x_wconf 78' lang='lat' dir='ltr'><strong>suas</strong></span> <span class='ocrx_word' id='word_1_567' title='bbox 3498 3969 3682 4031; x_wconf 88' lang='lat' dir='ltr'><strong>partes</strong></span> 
     </span>
    </p>
   </div>
   <div class='ocr_carea' id='block_1_55' title="bbox 361 4028 3677 4103">
    <p class='ocr_par' dir='ltr' id='par_1_55' title="bbox 361 4028 3677 4103">
     <span class='ocr_line' id='line_1_55' title="bbox 361 4028 3677 4103; baseline -0.001 -11"><span class='ocrx_word' id='word_1_568' title='bbox 361 4033 522 4092; x_wconf 84' lang='lat' dir='ltr'><strong>valde</strong></span> <span class='ocrx_word' id='word_1_569' title='bbox 545 4031 916 4103; x_wconf 83' lang='lat' dir='ltr'><strong>commendat,</strong></span> <span class='ocrx_word' id='word_1_570' title='bbox 944 4039 1005 4087; x_wconf 88' lang='lat' dir='ltr'><strong>ut</strong></span> <span class='ocrx_word' id='word_1_571' title='bbox 1027 4029 1306 4103; x_wconf 27' lang='lat' dir='ltr'><strong>basim‘et</strong></span> <span class='ocrx_word' id='word_1_572' title='bbox 1345 4028 1767 4103; x_wconf 84' lang='lat' dir='ltr'><strong>fundamentum</strong></span> <span class='ocrx_word' id='word_1_573' title='bbox 1799 4028 1970 4103; x_wconf 82' lang='lat' dir='ltr'><strong>totius</strong></span> <span class='ocrx_word' id='word_1_574' title='bbox 2078 4028 2316 4103; x_wconf 62' lang='lat' dir='ltr'><strong>tribuere</strong></span> <span class='ocrx_word' id='word_1_575' title='bbox 2350 4030 2674 4103; x_wconf 67' lang='lat' dir='ltr'><strong>debgamus,</strong></span> <span class='ocrx_word' id='word_1_576' title='bbox 2724 4028 2965 4103; x_wconf 76' lang='lat' dir='ltr'><strong>potiores</strong></span> <span class='ocrx_word' id='word_1_577' title='bbox 3006 4036 3193 4103; x_wconf 78' lang='lat' dir='ltr'><strong>tamen</strong></span> <span class='ocrx_word' id='word_1_578' title='bbox 3214 4028 3438 4103; x_wconf 56' lang='lat' dir='ltr'><strong>divinas</strong></span> <span class='ocrx_word' id='word_1_579' title='bbox 3469 4028 3677 4103; x_wconf 67' lang='lat' dir='ltr'><strong>gratiae.</strong></span> 
     </span>
    </p>
   </div>
   <div class='ocr_carea' id='block_1_56' title="bbox 365 4096 3681 4175">
    <p class='ocr_par' dir='ltr' id='par_1_56' title="bbox 365 4096 3681 4175">
     <span class='ocr_line' id='line_1_56' title="bbox 365 4096 3681 4175; baseline -0 -14"><span class='ocrx_word' id='word_1_580' title='bbox 365 4103 752 4175; x_wconf 80' lang='lat' dir='ltr'><strong>disputationis</strong></span> <span class='ocrx_word' id='word_1_581' title='bbox 780 4096 1033 4175; x_wconf 75' lang='lat' dir='ltr'><strong>adversus</strong></span> <span class='ocrx_word' id='word_1_582' title='bbox 1056 4099 1377 4175; x_wconf 79' lang='lat' dir='ltr'><strong>Pelagianos</strong></span> <span class='ocrx_word' id='word_1_583' title='bbox 1401 4109 1456 4156; x_wconf 90' lang='lat' dir='ltr'><strong>et</strong></span> <span class='ocrx_word' id='word_1_584' title='bbox 1496 4100 1969 4175; x_wconf 88' lang='lat' dir='ltr'><strong>Semipelagianos,</strong></span> <span class='ocrx_word' id='word_1_585' title='bbox 2079 4099 2240 4175; x_wconf 84' lang='lat' dir='ltr'><strong>Quod</strong></span> <span class='ocrx_word' id='word_1_586' title='bbox 2281 4115 2310 4155; x_wconf 89' lang='lat' dir='ltr'><strong>a</strong></span> <span class='ocrx_word' id='word_1_587' title='bbox 2339 4096 2747 4175; x_wconf 25' lang='lat' dir='ltr'><strong>_D.__Pro‘spero&#39;_</strong></span> <span class='ocrx_word' id='word_1_588' title='bbox 2787 4096 3342 4175; x_wconf 30' lang='lat' dir='ltr'><strong>egregieﬂexplicatur</strong></span> <span class='ocrx_word' id='word_1_589' title='bbox 3387 4096 3681 4175; x_wconf 60' lang='lat' dir='ltr'><strong>his&#39;verbis</strong></span> 
     </span>
    </p>
   </div>
   <div class='ocr_carea' id='block_1_57' title="bbox 366 4171 1969 4248">
    <p class='ocr_par' dir='ltr' id='par_1_57' title="bbox 366 4171 1969 4248">
     <span class='ocr_line' id='line_1_57' title="bbox 366 4171 1969 4248; baseline -0.001 -17"><span class='ocrx_word' id='word_1_590' title='bbox 366 4171 498 4248; x_wconf 64' lang='lat' dir='ltr'><strong>quae</strong></span> <span class='ocrx_word' id='word_1_591' title='bbox 527 4173 607 4233; x_wconf 86' lang='lat' dir='ltr'><strong>sic</strong></span> <span class='ocrx_word' id='word_1_592' title='bbox 646 4173 808 4248; x_wconf 81' lang='lat' dir='ltr'><strong>habet</strong></span> <span class='ocrx_word' id='word_1_593' title='bbox 848 4172 994 4248; x_wconf 62' lang='lat' dir='ltr'><strong>(Cap2</strong></span> <span class='ocrx_word' id='word_1_594' title='bbox 1023 4172 1109 4244; x_wconf 88' lang='lat'><strong>3):</strong></span> <span class='ocrx_word' id='word_1_595' title='bbox 1142 4171 1257 4229; x_wconf 80' lang='lat' dir='ltr'><strong>Non</strong></span> <span class='ocrx_word' id='word_1_596' title='bbox 1297 4171 1469 4227; x_wconf 89' lang='lat' dir='ltr'><strong>solum</strong></span> <span class='ocrx_word' id='word_1_597' title='bbox 1509 4171 1744 4241; x_wconf 83' lang='lat' dir='ltr'><strong>actuum,</strong></span> <span class='ocrx_word' id='word_1_598' title='bbox 1768 4171 1969 4248; x_wconf 65' lang='lat' dir='ltr'><strong>&#39;vmm</strong></span> 
     </span>
    </p>
   </div>
   <div class='ocr_carea' id='block_1_58' title="bbox 363 4245 1967 4315">
    <p class='ocr_par' dir='ltr' id='par_1_58' title="bbox 363 4245 1967 4315">
     <span class='ocr_line' id='line_1_58' title="bbox 363 4245 1967 4315; baseline -0.001 -13"><span class='ocrx_word' id='word_1_599' title='bbox 363 4245 538 4302; x_wconf 67' lang='lat' dir='ltr'><strong>etiam</strong></span> <span class='ocrx_word' id='word_1_600' title='bbox 562 4245 951 4313; x_wconf 81' lang='lat' dir='ltr'><strong>cogitationum</strong></span> <span class='ocrx_word' id='word_1_601' title='bbox 977 4245 1233 4300; x_wconf 87' lang='lat' dir='ltr'><strong>bonarum</strong></span> <span class='ocrx_word' id='word_1_602' title='bbox 1261 4259 1329 4299; x_wconf 81' lang='lat' dir='ltr'><strong>ea:</strong></span> <span class='ocrx_word' id='word_1_603' title='bbox 1356 4248 1462 4300; x_wconf 88' lang='lat' dir='ltr'><strong>Deo</strong></span> <span class='ocrx_word' id='word_1_604' title='bbox 1486 4259 1595 4299; x_wconf 85' lang='lat' dir='ltr'><strong>esse</strong></span> <span class='ocrx_word' id='word_1_605' title='bbox 1611 4247 1967 4315; x_wconf 82' lang='lat' dir='ltr'><strong>principium,</strong></span> 
     </span>
    </p>
   </div>
   <div class='ocr_carea' id='block_1_59' title="bbox 361 4316 1973 4388">
    <p class='ocr_par' dir='ltr' id='par_1_59' title="bbox 361 4316 1973 4388">
     <span class='ocr_line' id='line_1_59' title="bbox 361 4316 1973 4388; baseline 0 -16"><span class='ocrx_word' id='word_1_606' title='bbox 361 4319 469 4388; x_wconf 87' lang='lat' dir='ltr'><strong>qui</strong></span> <span class='ocrx_word' id='word_1_607' title='bbox 492 4316 643 4371; x_wconf 85' lang='lat' dir='ltr'><strong>nobis</strong></span> <span class='ocrx_word' id='word_1_608' title='bbox 667 4320 718 4369; x_wconf 88' lang='lat' dir='ltr'><strong>et</strong></span> <span class='ocrx_word' id='word_1_609' title='bbox 748 4317 905 4370; x_wconf 83' lang='lat' dir='ltr'><strong>initia</strong></span> <span class='ocrx_word' id='word_1_610' title='bbox 925 4320 1120 4371; x_wconf 64' lang='lat' dir='ltr'><strong>sanctae</strong></span> <span class='ocrx_word' id='word_1_611' title='bbox 1142 4316 1432 4371; x_wconf 83' lang='lat' dir='ltr'><strong>voluntatis</strong></span> <span class='ocrx_word' id='word_1_612' title='bbox 1456 4318 1707 4387; x_wconf 83' lang='lat' dir='ltr'><strong>inspirat,</strong></span> <span class='ocrx_word' id='word_1_613' title='bbox 1729 4319 1780 4372; x_wconf 83' lang='lat' dir='ltr'><strong>et</strong></span> <span class='ocrx_word' id='word_1_614' title='bbox 1796 4318 1973 4372; x_wconf 82' lang='lat' dir='ltr'><strong>virtu-</strong></span> 
     </span>
    </p>
   </div>
   <div class='ocr_carea' id='block_1_60' title="bbox 360 4390 1969 4459">
    <p class='ocr_par' dir='ltr' id='par_1_60' title="bbox 360 4390 1969 4459">
     <span class='ocr_line' id='line_1_60' title="bbox 360 4390 1969 4459; baseline 0 -14"><span class='ocrx_word' id='word_1_615' title='bbox 360 4396 468 4445; x_wconf 84' lang='lat' dir='ltr'><strong>tem</strong></span> <span class='ocrx_word' id='word_1_616' title='bbox 509 4391 672 4456; x_wconf 87' lang='lat' dir='ltr'><strong>atque</strong></span> <span class='ocrx_word' id='word_1_617' title='bbox 712 4390 1158 4459; x_wconf 78' lang='lat' dir='ltr'><strong>opportunitatem</strong></span> <span class='ocrx_word' id='word_1_618' title='bbox 1185 4403 1363 4442; x_wconf 87' lang='lat' dir='ltr'><strong>eorum</strong></span> <span class='ocrx_word' id='word_1_619' title='bbox 1392 4404 1512 4457; x_wconf 67' lang='lat' dir='ltr'><strong>qua:</strong></span> <span class='ocrx_word' id='word_1_620' title='bbox 1546 4392 1684 4443; x_wconf 84' lang='lat' dir='ltr'><strong>recte</strong></span> <span class='ocrx_word' id='word_1_621' title='bbox 1720 4390 1969 4459; x_wconf 82' lang='lat' dir='ltr'><strong>cupimus</strong></span> 
     </span>
    </p>
   </div>
   <div class='ocr_carea' id='block_1_61' title="bbox 363 4457 1969 4529">
    <p class='ocr_par' dir='ltr' id='par_1_61' title="bbox 363 4457 1969 4529">
     <span class='ocr_line' id='line_1_61' title="bbox 363 4457 1969 4529; baseline 0.001 -15"><span class='ocrx_word' id='word_1_622' title='bbox 363 4459 568 4514; x_wconf 84' lang='lat' dir='ltr'><strong>tribuit</strong></span> <span class='ocrx_word' id='word_1_623' title='bbox 592 4457 908 4529; x_wconf 82' lang='lat' dir='ltr'><strong>peragendi,</strong></span> <span class='ocrx_word' id='word_1_624' title='bbox 935 4467 1072 4529; x_wconf 79' lang='lat' dir='ltr'><strong>etc.;</strong></span> <span class='ocrx_word' id='word_1_625' title='bbox 1099 4472 1130 4513; x_wconf 88' lang='lat' dir='ltr'><strong>a</strong></span> <span class='ocrx_word' id='word_1_626' title='bbox 1154 4466 1472 4529; x_wconf 74' lang='lat' dir='ltr'><strong>quatamen</strong></span> <span class='ocrx_word' id='word_1_627' title='bbox 1499 4459 1767 4515; x_wconf 85' lang='lat' dir='ltr'><strong>sententia</strong></span> <span class='ocrx_word' id='word_1_628' title='bbox 1787 4457 1969 4515; x_wconf 78' lang='lat' dir='ltr'><strong>catho-</strong></span> 
     </span>
    </p>
   </div>
   <div class='ocr_carea' id='block_1_62' title="bbox 359 4527 1969 4599">
    <p class='ocr_par' dir='ltr' id='par_1_62' title="bbox 359 4527 1969 4599">
     <span class='ocr_line' id='line_1_62' title="bbox 359 4527 1969 4599; baseline 0 -13"><span class='ocrx_word' id='word_1_629' title='bbox 359 4530 465 4586; x_wconf 88' lang='lat' dir='ltr'><strong>lica</strong></span> <span class='ocrx_word' id='word_1_630' title='bbox 492 4527 776 4584; x_wconf 88' lang='lat' dir='ltr'><strong>recessisse</strong></span> <span class='ocrx_word' id='word_1_631' title='bbox 804 4535 896 4583; x_wconf 90' lang='lat' dir='ltr'><strong>aut</strong></span> <span class='ocrx_word' id='word_1_632' title='bbox 919 4527 1205 4599; x_wconf 59' lang='lat' dir='ltr'><strong>deﬂexisse</strong></span> <span class='ocrx_word' id='word_1_633' title='bbox 1234 4527 1383 4599; x_wconf 84' lang='lat' dir='ltr'><strong>visus</strong></span> <span class='ocrx_word' id='word_1_634' title='bbox 1408 4528 1556 4585; x_wconf 87' lang='lat' dir='ltr'><strong>idem</strong></span> <span class='ocrx_word' id='word_1_635' title='bbox 1592 4530 1708 4599; x_wconf 90' lang='lat' dir='ltr'><strong>ipse</strong></span> <span class='ocrx_word' id='word_1_636' title='bbox 1736 4530 1969 4586; x_wconf 87' lang='lat' dir='ltr'><strong>collator</strong></span> 
     </span>
    </p>
   </div>
   <div class='ocr_carea' id='block_1_63' title="bbox 362 4597 1969 4678">
    <p class='ocr_par' dir='ltr' id='par_1_63' title="bbox 362 4597 1969 4678">
     <span class='ocr_line' id='line_1_63' title="bbox 362 4597 1969 4678; baseline -0.001 -21"><span class='ocrx_word' id='word_1_637' title='bbox 362 4608 485 4658; x_wconf 87' lang='lat' dir='ltr'><strong>tota</strong></span> <span class='ocrx_word' id='word_1_638' title='bbox 534 4614 635 4678; x_wconf 82' lang='lat' dir='ltr'><strong>sna</strong></span> <span class='ocrx_word' id='word_1_639' title='bbox 670 4599 1021 4678; x_wconf 77' lang='lat' dir='ltr'><strong>consequenti</strong></span> <span class='ocrx_word' id='word_1_640' title='bbox 1058 4597 1520 4678; x_wconf 68' lang='lat' dir='ltr'><strong>disputatione_et</strong></span> <span class='ocrx_word' id='word_1_641' title='bbox 1545 4597 1849 4678; x_wconf 70' lang='lat' dir='ltr'><strong>collatione</strong></span> <span class='ocrx_word' id='word_1_642' title='bbox 1899 4599 1969 4678; x_wconf 70' lang='lat' dir='ltr'><strong>de</strong></span> 
     </span>
    </p>
   </div>
   <div class='ocr_carea' id='block_1_64' title="bbox 364 4667 1964 4801">
    <p class='ocr_par' dir='ltr' id='par_1_64' title="bbox 364 4667 1964 4801">
     <span class='ocr_line' id='line_1_64' title="bbox 404 4667 1964 4728; baseline -0.001 0"><span class='ocrx_word' id='word_1_643' title='bbox 404 4671 710 4728; x_wconf 86' lang='lat' dir='ltr'><strong>rotectione</strong></span> <span class='ocrx_word' id='word_1_644' title='bbox 738 4670 837 4726; x_wconf 90' lang='lat' dir='ltr'><strong>Dei</strong></span> <span class='ocrx_word' id='word_1_645' title='bbox 851 4667 921 4724; x_wconf 57' lang='lat' dir='ltr'><strong>&quot;et</strong></span> <span class='ocrx_word' id='word_1_646' title='bbox 948 4668 1119 4726; x_wconf 90' lang='lat' dir='ltr'><strong>libero</strong></span> <span class='ocrx_word' id='word_1_647' title='bbox 1146 4667 1392 4723; x_wconf 81' lang='lat' dir='ltr'><strong>arbitrio.</strong></span> <span class='ocrx_word' id='word_1_648' title='bbox 1430 4668 1593 4723; x_wconf 92' lang='lat' dir='ltr'><strong>Unde</strong></span> <span class='ocrx_word' id='word_1_649' title='bbox 1616 4669 1815 4725; x_wconf 90' lang='lat' dir='ltr'><strong>merito</strong></span> <span class='ocrx_word' id='word_1_650' title='bbox 1839 4685 1870 4724; x_wconf 91' lang='lat' dir='ltr'><strong>a</strong></span> <span class='ocrx_word' id='word_1_651' title='bbox 1898 4670 1964 4727; x_wconf 92' lang='lat' dir='ltr'><strong>D.</strong></span> 
     </span>
     <span class='ocr_line' id='line_1_65' title="bbox 364 4687 1964 4801; baseline -0.003 0"><span class='ocrx_word' id='word_1_652' title='bbox 364 4687 643 4801; x_wconf 52' lang='lat' dir='ltr'><strong>grosnero</strong></span> <span class='ocrx_word' id='word_1_653' title='bbox 670 4741 1018 4801; x_wconf 71' lang='lat' dir='ltr'><strong>redargutus,</strong></span> <span class='ocrx_word' id='word_1_654' title='bbox 1056 4745 1111 4795; x_wconf 91' lang='lat' dir='ltr'><strong>et</strong></span> <span class='ocrx_word' id='word_1_655' title='bbox 1144 4753 1176 4793; x_wconf 87' lang='lat' dir='ltr'><strong>a</strong></span> <span class='ocrx_word' id='word_1_656' title='bbox 1205 4737 1425 4794; x_wconf 90' lang='lat' dir='ltr'><strong>Gelasio</strong></span> <span class='ocrx_word' id='word_1_657' title='bbox 1453 4739 1714 4801; x_wconf 86' lang='lat' dir='ltr'><strong>pontiﬁce</strong></span> <span class='ocrx_word' id='word_1_658' title='bbox 1741 4739 1964 4801; x_wconf 86' lang='lat' dir='ltr'><strong>aliisque</strong></span> 
     </span>
    </p>
   </div>
   <div class='ocr_carea' id='block_1_65' title="bbox 2080 4166 3688 4243">
    <p class='ocr_par' dir='ltr' id='par_1_65' title="bbox 2080 4166 3688 4243">
     <span class='ocr_line' id='line_1_66' title="bbox 2080 4166 3688 4243; baseline 0.003 -17"><span class='ocrx_word' id='word_1_659' title='bbox 2080 4166 2214 4243; x_wconf 78' lang='lat' dir='ltr'><strong>(Lib.</strong></span> <span class='ocrx_word' id='word_1_660' title='bbox 2249 4185 2296 4226; x_wconf 82' lang='grc' dir='ltr'><strong>ιι</strong></span> <span class='ocrx_word' id='word_1_661' title='bbox 2318 4169 2382 4243; x_wconf 82' lang='lat' dir='ltr'><strong>de</strong></span> <span class='ocrx_word' id='word_1_662' title='bbox 2411 4166 2764 4243; x_wconf 35' lang='lat' dir='ltr'><strong>vocat.fgeiit.</strong></span> <span class='ocrx_word' id='word_1_663' title='bbox 2796 4166 3040 4243; x_wconf 45' lang='lat'><strong>@1526)</strong></span> <span class='ocrx_word' id='word_1_664' title='bbox 3067 4183 3079 4219; x_wconf 90' lang='lat'><strong>:</strong></span> <span class='ocrx_word' id='word_1_665' title='bbox 3117 4166 3305 4243; x_wconf 63' lang='grc' dir='ltr'><strong>ϐττιττά</strong></span> <span class='ocrx_word' id='word_1_666' title='bbox 3333 4172 3552 4241; x_wconf 89' lang='lat' dir='ltr'><strong>quidem</strong></span> <span class='ocrx_word' id='word_1_667' title='bbox 3584 4179 3688 4232; x_wconf 91' lang='lat' dir='ltr'><strong>Dei</strong></span> 
     </span>
    </p>
   </div>
   <div class='ocr_carea' id='block_1_66' title="bbox 2079 4239 3677 4314">
    <p class='ocr_par' dir='ltr' id='par_1_66' title="bbox 2079 4239 3677 4314">
     <span class='ocr_line' id='line_1_67' title="bbox 2079 4239 3677 4314; baseline 0.004 -18"><span class='ocrx_word' id='word_1_668' title='bbox 2079 4239 2137 4296; x_wconf 86' lang='lat' dir='ltr'><strong>in</strong></span> <span class='ocrx_word' id='word_1_669' title='bbox 2171 4242 2414 4314; x_wconf 80' lang='lat' dir='ltr'><strong>omnibus</strong></span> <span class='ocrx_word' id='word_1_670' title='bbox 2437 4239 2922 4314; x_wconf 75' lang='lat' dir='ltr'><strong>justi/icationibus</strong></span> <span class='ocrx_word' id='word_1_671' title='bbox 2947 4240 3326 4314; x_wconf 70' lang='lat' dir='ltr'><strong>principaliter</strong></span> <span class='ocrx_word' id='word_1_672' title='bbox 3341 4239 3677 4314; x_wconf 67' lang='lat' dir='ltr'><strong>praeminet,</strong></span> 
     </span>
    </p>
   </div>
   <div class='ocr_carea' id='block_1_67' title="bbox 2078 4311 3684 4385">
    <p class='ocr_par' dir='ltr' id='par_1_67' title="bbox 2078 4311 3684 4385">
     <span class='ocr_line' id='line_1_68' title="bbox 2078 4311 3684 4385; baseline 0.001 -16"><span class='ocrx_word' id='word_1_673' title='bbox 2078 4313 2351 4369; x_wconf 88' lang='lat' dir='ltr'><strong>suadendo</strong></span> <span class='ocrx_word' id='word_1_674' title='bbox 2375 4311 3123 4385; x_wconf 56' lang='lat' dir='ltr'><strong>exhortationibusmonendo</strong></span> <span class='ocrx_word' id='word_1_675' title='bbox 3136 4311 3415 4385; x_wconf 62' lang='lat' dir='ltr'><strong>eaanpli&#39;s,</strong></span> <span class='ocrx_word' id='word_1_676' title='bbox 3437 4318 3684 4375; x_wconf 81' lang='lat' dir='ltr'><strong>terrendo</strong></span> 
     </span>
    </p>
   </div>
   <div class='ocr_carea' id='block_1_68' title="bbox 2072 4382 3683 4455">
    <p class='ocr_par' dir='ltr' id='par_1_68' title="bbox 2072 4382 3683 4455">
     <span class='ocr_line' id='line_1_69' title="bbox 2072 4382 3683 4455; baseline 0.004 -15"><span class='ocrx_word' id='word_1_677' title='bbox 2072 4386 2353 4455; x_wconf 75' lang='lat' dir='ltr'><strong>periculis,</strong></span> <span class='ocrx_word' id='word_1_678' title='bbox 2380 4383 2661 4439; x_wconf 85' lang='lat' dir='ltr'><strong>incitando</strong></span> <span class='ocrx_word' id='word_1_679' title='bbox 2685 4383 2982 4450; x_wconf 83' lang='lat' dir='ltr'><strong>miraculis,</strong></span> <span class='ocrx_word' id='word_1_680' title='bbox 3011 4382 3188 4439; x_wconf 88' lang='lat' dir='ltr'><strong>dando</strong></span> <span class='ocrx_word' id='word_1_681' title='bbox 3217 4382 3562 4453; x_wconf 70' lang='lat' dir='ltr'><strong>intellectum,</strong></span> <span class='ocrx_word' id='word_1_682' title='bbox 3589 4393 3683 4447; x_wconf 84' lang='lat' dir='ltr'><strong>in-</strong></span> 
     </span>
    </p>
   </div>
   <div class='ocr_carea' id='block_1_69' title="bbox 2077 4456 3682 4527">
    <p class='ocr_par' dir='ltr' id='par_1_69' title="bbox 2077 4456 3682 4527">
     <span class='ocr_line' id='line_1_70' title="bbox 2077 4456 3682 4527; baseline 0.004 -15"><span class='ocrx_word' id='word_1_683' title='bbox 2077 4456 2338 4527; x_wconf 86' lang='lat' dir='ltr'><strong>spirando</strong></span> <span class='ocrx_word' id='word_1_684' title='bbox 2380 4456 2681 4519; x_wconf 86' lang='lat' dir='ltr'><strong>consilium,</strong></span> <span class='ocrx_word' id='word_1_685' title='bbox 2714 4470 2909 4527; x_wconf 85' lang='lat' dir='ltr'><strong>corque</strong></span> <span class='ocrx_word' id='word_1_686' title='bbox 2943 4456 3184 4527; x_wconf 80' lang='lat' dir='ltr'><strong>ipsorum</strong></span> <span class='ocrx_word' id='word_1_687' title='bbox 3210 4458 3592 4522; x_wconf 79' lang='lat' dir='ltr'><strong>illuminanda.</strong></span> <span class='ocrx_word' id='word_1_688' title='bbox 3630 4466 3682 4518; x_wconf 88' lang='lat' dir='ltr'><strong>et</strong></span> 
     </span>
    </p>
   </div>
   <div class='ocr_carea' id='block_1_70' title="bbox 2075 4526 3685 4598">
    <p class='ocr_par' dir='ltr' id='par_1_70' title="bbox 2075 4526 3685 4598">
     <span class='ocr_line' id='line_1_71' title="bbox 2075 4526 3685 4598; baseline 0.002 -15"><span class='ocrx_word' id='word_1_689' title='bbox 2075 4528 2207 4598; x_wconf 82' lang='lat' dir='ltr'><strong>ﬁdei</strong></span> <span class='ocrx_word' id='word_1_690' title='bbox 2219 4528 2607 4597; x_wconf 81' lang='lat' dir='ltr'><strong>affectionibus</strong></span> <span class='ocrx_word' id='word_1_691' title='bbox 2628 4526 2934 4582; x_wconf 80' lang='lat' dir='ltr'><strong>imbuenda.</strong></span> <span class='ocrx_word' id='word_1_692' title='bbox 2956 4526 3063 4583; x_wconf 85' lang='lat' dir='ltr'><strong>Sed</strong></span> <span class='ocrx_word' id='word_1_693' title='bbox 3081 4531 3243 4584; x_wconf 86' lang='lat' dir='ltr'><strong>etiam</strong></span> <span class='ocrx_word' id='word_1_694' title='bbox 3261 4532 3507 4588; x_wconf 81' lang='lat' dir='ltr'><strong>voluntas</strong></span> <span class='ocrx_word' id='word_1_695' title='bbox 3523 4534 3685 4587; x_wconf 75' lang='lat' dir='ltr'><strong>homi~</strong></span> 
     </span>
    </p>
   </div>
   <div class='ocr_carea' id='block_1_71' title="bbox 2075 4599 3678 4671">
    <p class='ocr_par' dir='ltr' id='par_1_71' title="bbox 2075 4599 3678 4671">
     <span class='ocr_line' id='line_1_72' title="bbox 2075 4599 3678 4671; baseline 0 -16"><span class='ocrx_word' id='word_1_696' title='bbox 2075 4602 2160 4671; x_wconf 85' lang='lat' dir='ltr'><strong>nis</strong></span> <span class='ocrx_word' id='word_1_697' title='bbox 2175 4601 2527 4671; x_wconf 86' lang='lat' dir='ltr'><strong>subjungitur</strong></span> <span class='ocrx_word' id='word_1_698' title='bbox 2536 4601 2607 4667; x_wconf 86' lang='lat' dir='ltr'><strong>ei,</strong></span> <span class='ocrx_word' id='word_1_699' title='bbox 2621 4602 2782 4667; x_wconf 88' lang='lat' dir='ltr'><strong>atque</strong></span> <span class='ocrx_word' id='word_1_700' title='bbox 2804 4599 3174 4671; x_wconf 74' lang='lat' dir='ltr'><strong>conjungitu-r,</strong></span> <span class='ocrx_word' id='word_1_701' title='bbox 3198 4616 3318 4671; x_wconf 60' lang='lat' dir='ltr'><strong>quia</strong></span> <span class='ocrx_word' id='word_1_702' title='bbox 3334 4603 3408 4653; x_wconf 88' lang='lat' dir='ltr'><strong>ad</strong></span> <span class='ocrx_word' id='word_1_703' title='bbox 3432 4604 3526 4654; x_wconf 84' lang='lat' dir='ltr'><strong>hoc</strong></span> <span class='ocrx_word' id='word_1_704' title='bbox 3532 4618 3678 4669; x_wconf 75' lang='lat' dir='ltr'><strong>prce-</strong></span> 
     </span>
    </p>
   </div>
   <div class='ocr_carea' id='block_1_72' title="bbox 2077 4668 3685 4738">
    <p class='ocr_par' dir='ltr' id='par_1_72' title="bbox 2077 4668 3685 4738">
     <span class='ocr_line' id='line_1_73' title="bbox 2077 4668 3685 4738; baseline 0 -14"><span class='ocrx_word' id='word_1_705' title='bbox 2077 4670 2234 4729; x_wconf 82' lang='lat' dir='ltr'><strong>dictis</strong></span> <span class='ocrx_word' id='word_1_706' title='bbox 2261 4668 2340 4727; x_wconf 81' lang='lat' dir='ltr'><strong>est</strong></span> <span class='ocrx_word' id='word_1_707' title='bbox 2363 4668 2599 4726; x_wconf 65' lang='lat' dir='ltr'><strong>excitata</strong></span> <span class='ocrx_word' id='word_1_708' title='bbox 2616 4669 2908 4738; x_wconf 58' lang='lat' dir='ltr'><strong>prasidiis,</strong></span> <span class='ocrx_word' id='word_1_709' title='bbox 2940 4672 3001 4738; x_wconf 83' lang='lat' dir='ltr'><strong>ut</strong></span> <span class='ocrx_word' id='word_1_710' title='bbox 3025 4668 3211 4738; x_wconf 81' lang='lat' dir='ltr'><strong>divino</strong></span> <span class='ocrx_word' id='word_1_711' title='bbox 3234 4670 3294 4720; x_wconf 86' lang='lat' dir='ltr'><strong>in</strong></span> <span class='ocrx_word' id='word_1_712' title='bbox 3306 4683 3361 4720; x_wconf 89' lang='lat' dir='ltr'><strong>se</strong></span> <span class='ocrx_word' id='word_1_713' title='bbox 3381 4668 3685 4738; x_wconf 79' lang='lat' dir='ltr'><strong>conperetur</strong></span> 
     </span>
    </p>
   </div>
   <div class='ocr_carea' id='block_1_73' title="bbox 447 4722 3684 4814">
    <p class='ocr_par' dir='ltr' id='par_1_73' title="bbox 447 4722 3684 4814">
     <span class='ocr_line' id='line_1_74' title="bbox 447 4722 3684 4814; baseline -0.003 -15"><span class='ocrx_word' id='word_1_714' title='bbox 447 4722 1018 4814; x_wconf 44' lang='lat' dir='ltr'><strong>biﬁib&quot;£e¢ia‘r‘gaiqs,</strong></span> <span class='ocrx_word' id='word_1_715' title='bbox 1035 4722 1119 4814; x_wconf 62' lang='lat' dir='ltr'><strong>&#39;éi</strong></span> <span class='ocrx_word' id='word_1_716' title='bbox 1144 4753 1176 4793; x_wconf 87' lang='lat' dir='ltr'><strong>a</strong></span> <span class='ocrx_word' id='word_1_717' title='bbox 1205 4737 1425 4814; x_wconf 72' lang='lat' dir='ltr'><strong>Qelasio</strong></span> <span class='ocrx_word' id='word_1_718' title='bbox 1452 4722 1728 4814; x_wconf 28' lang='lat' dir='ltr'><strong>pontiﬁce“</strong></span> <span class='ocrx_word' id='word_1_719' title='bbox 1741 4722 1968 4812; x_wconf 72' lang='lat' dir='ltr'><strong>aliisque</strong></span> <span class='ocrx_word' id='word_1_720' title='bbox 1996 4722 2046 4783; x_wconf 86' lang='grc' dir='ltr'><strong>Ῑ)</strong></span> <span class='ocrx_word' id='word_1_721' title='bbox 2266 4722 2334 4795; x_wconf 65' lang='lat' dir='ltr'><strong>&#39;éi</strong></span> <span class='ocrx_word' id='word_1_722' title='bbox 2608 4722 2847 4814; x_wconf 54' lang='lat' dir='ltr'><strong>exercere</strong></span> <span class='ocrx_word' id='word_1_723' title='bbox 2883 4722 2957 4789; x_wconf 82' lang='lat' dir='ltr'><strong>ad</strong></span> <span class='ocrx_word' id='word_1_724' title='bbox 2988 4736 3430 4814; x_wconf 42' lang='lat' dir='ltr'><strong>meritum-quod</strong></span> 
     </span>
    </p>
   </div>
   <div class='ocr_carea' id='block_1_74' title="bbox 365 4807 1761 4883">
    <p class='ocr_par' dir='ltr' id='par_1_74' title="bbox 365 4807 1761 4883">
     <span class='ocr_line' id='line_1_75' title="bbox 365 4807 1761 4883; baseline -0.004 -13"><span class='ocrx_word' id='word_1_725' title='bbox 365 4807 596 4871; x_wconf 68' lang='lat' dir='ltr'><strong>notatus</strong></span> <span class='ocrx_word' id='word_1_726' title='bbox 622 4822 726 4881; x_wconf 88' lang='lat' dir='ltr'><strong>est,</strong></span> <span class='ocrx_word' id='word_1_727' title='bbox 769 4807 1057 4883; x_wconf 53' lang='lat' dir='ltr'><strong>ut&#39;ibidem</strong></span> <span class='ocrx_word' id='word_1_728' title='bbox 1089 4810 1200 4866; x_wconf 89' lang='lat' dir='ltr'><strong>Deo</strong></span> <span class='ocrx_word' id='word_1_729' title='bbox 1228 4807 1761 4883; x_wconf 57' lang='lat' dir='ltr'><strong>favente&#39;ridebitur.</strong></span> 
     </span>
    </p>
   </div>
   <div class='ocr_carea' id='block_1_75' title="bbox 443 4879 1978 4954">
    <p class='ocr_par' dir='ltr' id='par_1_75' title="bbox 443 4879 1978 4954">
     <span class='ocr_line' id='line_1_76' title="bbox 443 4879 1978 4954; baseline -0.003 -12"><span class='ocrx_word' id='word_1_730' title='bbox 443 4886 470 4920; x_wconf 74' lang='grc'><strong>³³</strong></span> <span class='ocrx_word' id='word_1_731' title='bbox 502 4879 770 4941; x_wconf 85' lang='lat' dir='ltr'><strong>Nostrum</strong></span> <span class='ocrx_word' id='word_1_732' title='bbox 805 4880 1045 4954; x_wconf 40' lang='lat' dir='ltr'><strong>intellige‘</strong></span> <span class='ocrx_word' id='word_1_733' title='bbox 1064 4895 1178 4954; x_wconf 87' lang='lat' dir='ltr'><strong>non</strong></span> <span class='ocrx_word' id='word_1_734' title='bbox 1213 4879 1549 4954; x_wconf 77' lang='lat' dir='ltr'><strong>excludendo</strong></span> <span class='ocrx_word' id='word_1_735' title='bbox 1588 4880 1844 4952; x_wconf 86' lang='lat' dir='ltr'><strong>gratiam,</strong></span> <span class='ocrx_word' id='word_1_736' title='bbox 1876 4880 1978 4954; x_wconf 73' lang='lat' dir='ltr'><strong>_se&#39;d</strong></span> 
     </span>
    </p>
   </div>
   <div class='ocr_carea' id='block_1_76' title="bbox 363 4950 1980 5028">
    <p class='ocr_par' dir='ltr' id='par_1_76' title="bbox 363 4950 1980 5028">
     <span class='ocr_line' id='line_1_77' title="bbox 363 4950 1980 5028; baseline -0.004 -14"><span class='ocrx_word' id='word_1_737' title='bbox 363 4969 498 5028; x_wconf 79' lang='lat' dir='ltr'><strong>eam</strong></span> <span class='ocrx_word' id='word_1_738' title='bbox 539 4952 920 5028; x_wconf 79' lang='lat' dir='ltr'><strong>supponendo.</strong></span> <span class='ocrx_word' id='word_1_739' title='bbox 969 4950 1291 5028; x_wconf 70' lang='lat' dir='ltr'><strong>illudenim</strong></span> <span class='ocrx_word' id='word_1_740' title='bbox 1328 4950 1701 5028; x_wconf 46' lang='lat' dir='ltr'><strong>lfelagianuq</strong></span> <span class='ocrx_word' id='word_1_741' title='bbox 1726 4958 1830 5016; x_wconf 89' lang='lat' dir='ltr'><strong>est,</strong></span> <span class='ocrx_word' id='word_1_742' title='bbox 1876 4950 1980 5028; x_wconf 76' lang='lat' dir='ltr'><strong>hoc</strong></span> 
     </span>
    </p>
   </div>
   <div class='ocr_carea' id='block_1_77' title="bbox 362 5021 1974 5097">
    <p class='ocr_par' dir='ltr' id='par_1_77' title="bbox 362 5021 1974 5097">
     <span class='ocr_line' id='line_1_78' title="bbox 362 5021 1974 5097; baseline -0.004 -14"><span class='ocrx_word' id='word_1_743' title='bbox 362 5021 727 5095; x_wconf 75' lang='lat' dir='ltr'><strong>catholicum,</strong></span> <span class='ocrx_word' id='word_1_744' title='bbox 754 5033 815 5080; x_wconf 91' lang='lat' dir='ltr'><strong>ut</strong></span> <span class='ocrx_word' id='word_1_745' title='bbox 839 5031 985 5096; x_wconf 88' lang='lat' dir='ltr'><strong>patet</strong></span> <span class='ocrx_word' id='word_1_746' title='bbox 1012 5038 1076 5097; x_wconf 80' lang='lat' dir='ltr'><strong>ex</strong></span> <span class='ocrx_word' id='word_1_747' title='bbox 1102 5023 1166 5079; x_wconf 90' lang='lat' dir='ltr'><strong>iis</strong></span> <span class='ocrx_word' id='word_1_748' title='bbox 1193 5036 1315 5096; x_wconf 65' lang='lat' dir='ltr'><strong>quae</strong></span> <span class='ocrx_word' id='word_1_749' title='bbox 1337 5021 1483 5097; x_wconf 79' lang='lat' dir='ltr'><strong>dicta</strong></span> <span class='ocrx_word' id='word_1_750' title='bbox 1505 5031 1632 5079; x_wconf 90' lang='lat' dir='ltr'><strong>sunt</strong></span> <span class='ocrx_word' id='word_1_751' title='bbox 1650 5022 1744 5097; x_wconf 91' lang='lat' dir='ltr'><strong>|_ib_.</strong></span> <span class='ocrx_word' id='word_1_752' title='bbox 1766 5036 1862 5078; x_wconf 74' lang='grc' dir='ltr'><strong>χιι</strong></span> <span class='ocrx_word' id='word_1_753' title='bbox 1884 5025 1974 5077; x_wconf 86' lang='lat' dir='ltr'><strong>In-</strong></span> 
     </span>
    </p>
   </div>
   <div class='ocr_carea' id='block_1_78' title="bbox 364 5092 1977 5168">
    <p class='ocr_par' dir='ltr' id='par_1_78' title="bbox 364 5092 1977 5168">
     <span class='ocr_line' id='line_1_79' title="bbox 364 5092 1977 5168; baseline -0.003 -14"><span class='ocrx_word' id='word_1_754' title='bbox 364 5097 552 5155; x_wconf 87' lang='lat' dir='ltr'><strong>stitut.</strong></span> <span class='ocrx_word' id='word_1_755' title='bbox 586 5092 737 5168; x_wconf 84' lang='lat' dir='ltr'><strong>(Cap.</strong></span> <span class='ocrx_word' id='word_1_756' title='bbox 764 5092 906 5168; x_wconf 68' lang='lat' dir='ltr'><strong>13&#39;et</strong></span> <span class='ocrx_word' id='word_1_757' title='bbox 931 5092 1229 5168; x_wconf 67' lang='lat' dir='ltr'><strong>sequent.),&#39;</strong></span> <span class='ocrx_word' id='word_1_758' title='bbox 1240 5102 1296 5150; x_wconf 91' lang='lat' dir='ltr'><strong>et</strong></span> <span class='ocrx_word' id='word_1_759' title='bbox 1318 5092 1519 5168; x_wconf 81' lang='lat' dir='ltr'><strong>clarius</strong></span> <span class='ocrx_word' id='word_1_760' title='bbox 1544 5094 1753 5168; x_wconf 87' lang='lat' dir='ltr'><strong>patebit</strong></span> <span class='ocrx_word' id='word_1_761' title='bbox 1776 5108 1840 5149; x_wconf 84' lang='lat' dir='ltr'><strong>ex</strong></span> <span class='ocrx_word' id='word_1_762' title='bbox 1859 5100 1977 5149; x_wconf 90' lang='lat' dir='ltr'><strong>toto</strong></span> 
     </span>
    </p>
   </div>
   <div class='ocr_carea' id='block_1_79' title="bbox 364 5164 1518 5233">
    <p class='ocr_par' dir='ltr' id='par_1_79' title="bbox 364 5164 1518 5233">
     <span class='ocr_line' id='line_1_80' title="bbox 364 5164 1518 5233; baseline -0.005 -8"><span class='ocrx_word' id='word_1_763' title='bbox 364 5168 610 5226; x_wconf 85' lang='lat' dir='ltr'><strong>decursu</strong></span> <span class='ocrx_word' id='word_1_764' title='bbox 631 5164 935 5224; x_wconf 78' lang='lat' dir='ltr'><strong>collationis</strong></span> <span class='ocrx_word' id='word_1_765' title='bbox 960 5164 1182 5221; x_wconf 81' lang='lat' dir='ltr'><strong>decimae</strong></span> <span class='ocrx_word' id='word_1_766' title='bbox 1205 5164 1402 5233; x_wconf 67' lang='lat' dir='ltr'><strong>tertiae,</strong></span> <span class='ocrx_word' id='word_1_767' title='bbox 1425 5164 1518 5220; x_wconf 92' lang='lat' dir='ltr'><strong>ubi</strong></span> 
     </span>
    </p>
   </div>
   <div class='ocr_carea' id='block_1_80' title="bbox 366 5234 1981 5309">
    <p class='ocr_par' dir='ltr' id='par_1_80' title="bbox 366 5234 1981 5309">
     <span class='ocr_line' id='line_1_81' title="bbox 366 5234 1981 5309; baseline -0.004 -13"><span class='ocrx_word' id='word_1_768' title='bbox 366 5248 498 5295; x_wconf 86' lang='lat' dir='ltr'><strong>tum</strong></span> <span class='ocrx_word' id='word_1_769' title='bbox 526 5246 783 5296; x_wconf 91' lang='lat' dir='ltr'><strong>accurate</strong></span> <span class='ocrx_word' id='word_1_770' title='bbox 808 5245 1093 5309; x_wconf 79' lang='lat' dir='ltr'><strong>tractatur.</strong></span> <span class='ocrx_word' id='word_1_771' title='bbox 1119 5237 1243 5293; x_wconf 89' lang='lat' dir='ltr'><strong>Non</strong></span> <span class='ocrx_word' id='word_1_772' title='bbox 1278 5250 1408 5309; x_wconf 77' lang='lat' dir='ltr'><strong>ergo</strong></span> <span class='ocrx_word' id='word_1_773' title='bbox 1437 5236 1524 5309; x_wconf 83' lang='lat' dir='ltr'><strong>hic</strong></span> <span class='ocrx_word' id='word_1_774' title='bbox 1546 5234 1787 5309; x_wconf 70' lang='lat' dir='ltr'><strong>separari</strong></span> <span class='ocrx_word' id='word_1_775' title='bbox 1805 5234 1981 5309; x_wconf 82' lang='lat' dir='ltr'><strong>_debet</strong></span> 
     </span>
    </p>
   </div>
   <div class='ocr_carea' id='block_1_81' title="bbox 366 5305 1983 5383">
    <p class='ocr_par' dir='ltr' id='par_1_81' title="bbox 366 5305 1983 5383">
     <span class='ocr_line' id='line_1_82' title="bbox 366 5305 1983 5383; baseline -0.004 -16"><span class='ocrx_word' id='word_1_776' title='bbox 366 5310 433 5367; x_wconf 90' lang='lat' dir='ltr'><strong>id</strong></span> <span class='ocrx_word' id='word_1_777' title='bbox 458 5310 610 5383; x_wconf 87' lang='lat' dir='ltr'><strong>quod</strong></span> <span class='ocrx_word' id='word_1_778' title='bbox 632 5318 885 5383; x_wconf 79' lang='lat' dir='ltr'><strong>nostrum</strong></span> <span class='ocrx_word' id='word_1_779' title='bbox 913 5317 996 5365; x_wconf 91' lang='lat' dir='ltr'><strong>est</strong></span> <span class='ocrx_word' id='word_1_780' title='bbox 1015 5307 1083 5365; x_wconf 90' lang='lat' dir='ltr'><strong>ab</strong></span> <span class='ocrx_word' id='word_1_781' title='bbox 1103 5323 1173 5383; x_wconf 80' lang='lat' dir='ltr'><strong>eo</strong></span> <span class='ocrx_word' id='word_1_782' title='bbox 1200 5305 1365 5383; x_wconf 50' lang='lat' dir='ltr'><strong>quod:</strong></span> <span class='ocrx_word' id='word_1_783' title='bbox 1376 5307 1477 5383; x_wconf 81' lang='lat' dir='ltr'><strong>_Dei</strong></span> <span class='ocrx_word' id='word_1_784' title='bbox 1504 5315 1589 5383; x_wconf 80' lang='lat' dir='ltr'><strong>est</strong></span> <span class='ocrx_word' id='word_1_785' title='bbox 1607 5305 1684 5377; x_wconf 80' lang='lat' dir='ltr'><strong>(si</strong></span> <span class='ocrx_word' id='word_1_786' title='bbox 1714 5305 1983 5383; x_wconf 78' lang='lat' dir='ltr'><strong>catholico</strong></span> 
     </span>
    </p>
   </div>
   <div class='ocr_carea' id='block_1_82' title="bbox 367 5377 1985 5463">
    <p class='ocr_par' dir='ltr' id='par_1_82' title="bbox 367 5377 1985 5463">
     <span class='ocr_line' id='line_1_83' title="bbox 367 5377 1985 5463; baseline -0.002 -25"><span class='ocrx_word' id='word_1_787' title='bbox 367 5377 663 5463; x_wconf 47' lang='lat' dir='ltr'><strong>exp—puere</strong></span> <span class='ocrx_word' id='word_1_788' title='bbox 680 5381 930 5447; x_wconf 89' lang='lat' dir='ltr'><strong>velimus)</strong></span> <span class='ocrx_word' id='word_1_789' title='bbox 961 5378 1115 5463; x_wconf 68' lang='lat' dir='ltr'><strong>quasi</strong></span> <span class='ocrx_word' id='word_1_790' title='bbox 1140 5377 1234 5463; x_wconf 51' lang='grc' dir='ltr'><strong>ἐπί</strong></span> <span class='ocrx_word' id='word_1_791' title='bbox 1259 5377 1603 5463; x_wconf 66' lang='lat' dir='ltr'><strong>nobisipsis,</strong></span> <span class='ocrx_word' id='word_1_792' title='bbox 1640 5395 1741 5463; x_wconf 64' lang='lat' dir='ltr'><strong>seu</strong></span> <span class='ocrx_word' id='word_1_793' title='bbox 1780 5377 1985 5463; x_wconf 70' lang='lat' dir='ltr'><strong>nostris</strong></span> 
     </span>
    </p>
   </div>
   <div class='ocr_carea' id='block_1_83' title="bbox 372 5448 1984 5535">
    <p class='ocr_par' dir='ltr' id='par_1_83' title="bbox 372 5448 1984 5535">
     <span class='ocr_line' id='line_1_84' title="bbox 372 5448 1984 5535; baseline -0.001 -30"><span class='ocrx_word' id='word_1_794' title='bbox 372 5448 587 5535; x_wconf 75' lang='lat' dir='ltr'><strong>viribus</strong></span> <span class='ocrx_word' id='word_1_795' title='bbox 616 5452 819 5535; x_wconf 76' lang='lat' dir='ltr'><strong>absqne</strong></span> <span class='ocrx_word' id='word_1_796' title='bbox 847 5448 1064 5523; x_wconf 81' lang='lat' dir='ltr'><strong>Speciali</strong></span> <span class='ocrx_word' id='word_1_797' title='bbox 1103 5458 1162 5535; x_wconf 79' lang='lat' dir='ltr'><strong>_e_t</strong></span> <span class='ocrx_word' id='word_1_798' title='bbox 1194 5448 1596 5535; x_wconf 78' lang='lat' dir='ltr'><strong>supernaturali</strong></span> <span class='ocrx_word' id='word_1_799' title='bbox 1640 5450 1739 5507; x_wconf 88' lang='lat' dir='ltr'><strong>Dei</strong></span> <span class='ocrx_word' id='word_1_800' title='bbox 1782 5448 1984 5533; x_wconf 80' lang='lat' dir='ltr'><strong>auxilio</strong></span> 
     </span>
    </p>
   </div>
   <div class='ocr_carea' id='block_1_84' title="bbox 375 5520 1987 5595">
    <p class='ocr_par' dir='ltr' id='par_1_84' title="bbox 375 5520 1987 5595">
     <span class='ocr_line' id='line_1_85' title="bbox 375 5520 1987 5595; baseline -0.002 -16"><span class='ocrx_word' id='word_1_801' title='bbox 375 5524 676 5595; x_wconf 13' lang='lat' dir='ltr'><strong>possimus,</strong></span> <span class='ocrx_word' id='word_1_802' title='bbox 700 5520 890 5579; x_wconf 79' lang='lat' dir='ltr'><strong>eidem</strong></span> <span class='ocrx_word' id='word_1_803' title='bbox 931 5521 1139 5578; x_wconf 89' lang='lat' dir='ltr'><strong>vocanti</strong></span> <span class='ocrx_word' id='word_1_804' title='bbox 1185 5520 1434 5595; x_wconf 76' lang='lat' dir='ltr'><strong>assentiri</strong></span> <span class='ocrx_word' id='word_1_805' title='bbox 1478 5522 1869 5595; x_wconf 74' lang='lat' dir='ltr'><strong>etcooperari,</strong></span> <span class='ocrx_word' id='word_1_806' title='bbox 1892 5535 1987 5595; x_wconf 89' lang='lat' dir='ltr'><strong>_ac</strong></span> 
     </span>
    </p>
   </div>
   <div class='ocr_carea' id='block_1_85' title="bbox 456 5591 1989 5665">
    <p class='ocr_par' dir='ltr' id='par_1_85' title="bbox 456 5591 1989 5665">
     <span class='ocr_line' id='line_1_86' title="bbox 456 5591 1989 5665; baseline -0.004 -13"><span class='ocrx_word' id='word_1_807' title='bbox 456 5609 485 5665; x_wconf 59' lang='grc' dir='ltr'><strong>ιε</strong></span> <span class='ocrx_word' id='word_1_808' title='bbox 506 5594 610 5652; x_wconf 87' lang='lat' dir='ltr'><strong>hoc</strong></span> <span class='ocrx_word' id='word_1_809' title='bbox 629 5594 800 5651; x_wconf 89' lang='lat' dir='ltr'><strong>vitam</strong></span> <span class='ocrx_word' id='word_1_810' title='bbox 827 5601 1086 5665; x_wconf 64' lang='lat' dir='ltr'><strong>aeternam</strong></span> <span class='ocrx_word' id='word_1_811' title='bbox 1116 5593 1440 5665; x_wconf 84' lang='lat' dir='ltr'><strong>promereri,</strong></span> <span class='ocrx_word' id='word_1_812' title='bbox 1466 5593 1559 5665; x_wconf 92' lang='lat' dir='ltr'><strong>qui</strong></span> <span class='ocrx_word' id='word_1_813' title='bbox 1581 5591 1694 5650; x_wconf 80' lang='lat' dir='ltr'><strong>fuit</strong></span> <span class='ocrx_word' id='word_1_814' title='bbox 1705 5608 1861 5651; x_wconf 88' lang='lat' dir='ltr'><strong>error</strong></span> <span class='ocrx_word' id='word_1_815' title='bbox 1890 5593 1989 5647; x_wconf 87' lang='lat' dir='ltr'><strong>Pe-</strong></span> 
     </span>
    </p>
   </div>
   <div class='ocr_carea' id='block_1_86' title="bbox 402 5663 1988 5739">
    <p class='ocr_par' dir='ltr' id='par_1_86' title="bbox 402 5663 1988 5739">
     <span class='ocr_line' id='line_1_87' title="bbox 402 5663 1988 5739; baseline -0.001 -19"><span class='ocrx_word' id='word_1_816' title='bbox 402 5664 724 5739; x_wconf 76' lang='lat' dir='ltr'><strong>agianorum</strong></span> <span class='ocrx_word' id='word_1_817' title='bbox 772 5672 867 5739; x_wconf 89' lang='lat' dir='ltr'><strong>aut</strong></span> <span class='ocrx_word' id='word_1_818' title='bbox 920 5663 1515 5739; x_wconf 48' lang='lat' dir='ltr'><strong>Semipélagianorum‘;</strong></span> <span class='ocrx_word' id='word_1_819' title='bbox 1581 5664 1676 5721; x_wconf 90' lang='lat' dir='ltr'><strong>sed</strong></span> <span class='ocrx_word' id='word_1_820' title='bbox 1734 5672 1988 5720; x_wconf 88' lang='lat' dir='ltr'><strong>nostrum</strong></span> 
     </span>
    </p>
   </div>
   <div class='ocr_carea' id='block_1_87' title="bbox 373 5734 1988 5821">
    <p class='ocr_par' dir='ltr' id='par_1_87' title="bbox 373 5734 1988 5821">
     <span class='ocr_line' id='line_1_88' title="bbox 373 5734 1988 5821; baseline -0.001 -29"><span class='ocrx_word' id='word_1_821' title='bbox 373 5734 705 5821; x_wconf 73' lang='lat' dir='ltr'><strong>intelligitur</strong></span> <span class='ocrx_word' id='word_1_822' title='bbox 741 5737 867 5809; x_wconf 89' lang='lat' dir='ltr'><strong>quia</strong></span> <span class='ocrx_word' id='word_1_823' title='bbox 914 5734 1217 5821; x_wconf 55' lang='lat' dir='ltr'><strong>ernesti-9&#39;</strong></span> <span class='ocrx_word' id='word_1_824' title='bbox 1242 5734 1447 5809; x_wconf 88' lang='lat' dir='ltr'><strong>pendet</strong></span> <span class='ocrx_word' id='word_1_825' title='bbox 1490 5751 1758 5793; x_wconf 89' lang='lat' dir='ltr'><strong>consensu</strong></span> <span class='ocrx_word' id='word_1_826' title='bbox 1806 5742 1862 5792; x_wconf 88' lang='lat' dir='ltr'><strong>et</strong></span> <span class='ocrx_word' id='word_1_827' title='bbox 1888 5749 1988 5791; x_wconf 93' lang='lat' dir='ltr'><strong>co-</strong></span> 
     </span>
    </p>
   </div>
   <div class='ocr_carea' id='block_1_88' title="bbox 377 5806 1299 5881">
    <p class='ocr_par' dir='ltr' id='par_1_88' title="bbox 377 5806 1299 5881">
     <span class='ocr_line' id='line_1_89' title="bbox 377 5806 1299 5881; baseline -0.003 -16"><span class='ocrx_word' id='word_1_828' title='bbox 377 5806 701 5881; x_wconf 72' lang='lat' dir='ltr'><strong>operatione</strong></span> <span class='ocrx_word' id='word_1_829' title='bbox 736 5806 863 5867; x_wconf 76' lang='lat' dir='ltr'><strong>cum</strong></span> <span class='ocrx_word' id='word_1_830' title='bbox 892 5807 1063 5881; x_wconf 85' lang='lat' dir='ltr'><strong>gratia</strong></span> <span class='ocrx_word' id='word_1_831' title='bbox 1091 5806 1299 5865; x_wconf 77' lang='lat' dir='ltr'><strong>divina.</strong></span> 
     </span>
    </p>
   </div>
   <div class='ocr_carea' id='block_1_89' title="bbox 1588 5178 1977 5237">
    <p class='ocr_par' dir='ltr' id='par_1_89' title="bbox 1588 5178 1977 5237">
     <span class='ocr_line' id='line_1_90' title="bbox 1588 5178 1977 5237; baseline -0.005 -16"><span class='ocrx_word' id='word_1_832' title='bbox 1588 5181 1654 5221; x_wconf 93' lang='lat' dir='ltr'><strong>oc</strong></span> <span class='ocrx_word' id='word_1_833' title='bbox 1682 5178 1977 5237; x_wconf 84' lang='lat' dir='ltr'><strong>argumen-</strong></span> 
     </span>
    </p>
   </div>
   <div class='ocr_carea' id='block_1_90' title="bbox 2085 4803 3691 4878">
    <p class='ocr_par' dir='ltr' id='par_1_90' title="bbox 2085 4803 3691 4878">
     <span class='ocr_line' id='line_1_91' title="bbox 2085 4803 3691 4878; baseline -0.008 -15"><span class='ocrx_word' id='word_1_834' title='bbox 2085 4803 2284 4865; x_wconf 68' lang='lat' dir='ltr'><strong>semine</strong></span> <span class='ocrx_word' id='word_1_835' title='bbox 2305 4803 2538 4878; x_wconf 72' lang='lat' dir='ltr'><strong>concepit</strong></span> <span class='ocrx_word' id='word_1_836' title='bbox 2565 4808 2639 4862; x_wconf 88' lang='lat' dir='ltr'><strong>ad</strong></span> <span class='ocrx_word' id='word_1_837' title='bbox 2663 4808 2901 4878; x_wconf 81' lang='lat' dir='ltr'><strong>studium</strong></span> <span class='ocrx_word' id='word_1_838' title='bbox 2918 4822 2948 4878; x_wconf 87' lang='lat'><strong>_;_</strong></span> <span class='ocrx_word' id='word_1_839' title='bbox 2966 4804 3033 4878; x_wconf 71' lang='lat' dir='ltr'><strong>de</strong></span> <span class='ocrx_word' id='word_1_840' title='bbox 3060 4818 3161 4878; x_wconf 77' lang='lat' dir='ltr'><strong>sua</strong></span> <span class='ocrx_word' id='word_1_841' title='bbox 3189 4803 3386 4878; x_wconf 80' lang='lat' dir='ltr'><strong>habens</strong></span> <span class='ocrx_word' id='word_1_842' title='bbox 3414 4803 3691 4863; x_wconf 74' lang='lat' dir='ltr'><strong>mutabili.</strong></span> 
     </span>
    </p>
   </div>
   <div class='ocr_carea' id='block_1_91' title="bbox 2089 4873 3685 4950">
    <p class='ocr_par' dir='ltr' id='par_1_91' title="bbox 2089 4873 3685 4950">
     <span class='ocr_line' id='line_1_92' title="bbox 2089 4873 3685 4950; baseline 0 -16"><span class='ocrx_word' id='word_1_843' title='bbox 2089 4884 2201 4934; x_wconf 87' lang='lat' dir='ltr'><strong>tate</strong></span> <span class='ocrx_word' id='word_1_844' title='bbox 2224 4882 2275 4950; x_wconf 81' lang='lat' dir='ltr'><strong>si</strong></span> <span class='ocrx_word' id='word_1_845' title='bbox 2301 4873 2497 4946; x_wconf 74' lang='lat' dir='ltr'><strong>deﬁcit,</strong></span> <span class='ocrx_word' id='word_1_846' title='bbox 2528 4878 2595 4950; x_wconf 82' lang='lat' dir='ltr'><strong>de</strong></span> <span class='ocrx_word' id='word_1_847' title='bbox 2621 4876 2813 4944; x_wconf 63' lang='lat' dir='ltr'><strong>gratim</strong></span> <span class='ocrx_word' id='word_1_848' title='bbox 2834 4873 3189 4950; x_wconf 76' lang='lat' dir='ltr'><strong>opitulatione</strong></span> <span class='ocrx_word' id='word_1_849' title='bbox 3210 4876 3263 4929; x_wconf 88' lang='lat' dir='ltr'><strong>si</strong></span> <span class='ocrx_word' id='word_1_850' title='bbox 3289 4879 3536 4950; x_wconf 80' lang='lat' dir='ltr'><strong>proﬁcit;</strong></span> <span class='ocrx_word' id='word_1_851' title='bbox 3566 4896 3685 4950; x_wconf 76' lang='lat' dir='ltr'><strong>qua:</strong></span> 
     </span>
    </p>
   </div>
   <div class='ocr_carea' id='block_1_92' title="bbox 2090 4943 3689 5020">
    <p class='ocr_par' dir='ltr' id='par_1_92' title="bbox 2090 4943 3689 5020">
     <span class='ocr_line' id='line_1_93' title="bbox 2090 4943 3689 5020; baseline 0.002 -17"><span class='ocrx_word' id='word_1_852' title='bbox 2090 4943 2376 5020; x_wconf 78' lang='lat' dir='ltr'><strong>opitulatio</strong></span> <span class='ocrx_word' id='word_1_853' title='bbox 2391 4962 2490 5017; x_wconf 89' lang='lat' dir='ltr'><strong>per</strong></span> <span class='ocrx_word' id='word_1_854' title='bbox 2516 4943 2823 5020; x_wconf 77' lang='lat' dir='ltr'><strong>innumeros</strong></span> <span class='ocrx_word' id='word_1_855' title='bbox 2842 4943 3026 5020; x_wconf 83' lang='lat' dir='ltr'><strong>modos</strong></span> <span class='ocrx_word' id='word_1_856' title='bbox 3054 4945 3163 4999; x_wconf 81' lang='lat' dir='ltr'><strong>sive</strong></span> <span class='ocrx_word' id='word_1_857' title='bbox 3175 4943 3430 5020; x_wconf 72' lang='lat' dir='ltr'><strong>occultos,</strong></span> <span class='ocrx_word' id='word_1_858' title='bbox 3454 4943 3564 5006; x_wconf 77' lang='lat' dir='ltr'><strong>sive</strong></span> <span class='ocrx_word' id='word_1_859' title='bbox 3574 4943 3689 5007; x_wconf 55' lang='lat' dir='ltr'><strong>ina-</strong></span> 
     </span>
    </p>
   </div>
   <div class='ocr_carea' id='block_1_93' title="bbox 2088 5017 3690 5089">
    <p class='ocr_par' dir='ltr' id='par_1_93' title="bbox 2088 5017 3690 5089">
     <span class='ocr_line' id='line_1_94' title="bbox 2088 5017 3690 5089; baseline 0.003 -16"><span class='ocrx_word' id='word_1_860' title='bbox 2088 5017 2338 5087; x_wconf 78' lang='lat' dir='ltr'><strong>nifestos,</strong></span> <span class='ocrx_word' id='word_1_861' title='bbox 2365 5017 2607 5072; x_wconf 87' lang='lat' dir='ltr'><strong>omnibus</strong></span> <span class='ocrx_word' id='word_1_862' title='bbox 2630 5017 2942 5082; x_wconf 82' lang='lat' dir='ltr'><strong>adhibetur;</strong></span> <span class='ocrx_word' id='word_1_863' title='bbox 2972 5020 3024 5071; x_wconf 87' lang='lat' dir='ltr'><strong>et</strong></span> <span class='ocrx_word' id='word_1_864' title='bbox 3046 5017 3191 5089; x_wconf 88' lang='lat' dir='ltr'><strong>quod</strong></span> <span class='ocrx_word' id='word_1_865' title='bbox 3214 5034 3249 5072; x_wconf 89' lang='lat' dir='ltr'><strong>a</strong></span> <span class='ocrx_word' id='word_1_866' title='bbox 3272 5021 3459 5075; x_wconf 84' lang='lat' dir='ltr'><strong>multis</strong></span> <span class='ocrx_word' id='word_1_867' title='bbox 3477 5024 3690 5089; x_wconf 83' lang='lat' dir='ltr'><strong>refuta-</strong></span> 
     </span>
    </p>
   </div>
   <div class='ocr_carea' id='block_1_94' title="bbox 2090 5090 3689 5159">
    <p class='ocr_par' dir='ltr' id='par_1_94' title="bbox 2090 5090 3689 5159">
     <span class='ocr_line' id='line_1_95' title="bbox 2090 5090 3689 5159; baseline 0.003 -13"><span class='ocrx_word' id='word_1_868' title='bbox 2090 5096 2199 5153; x_wconf 85' lang='lat' dir='ltr'><strong>tur,</strong></span> <span class='ocrx_word' id='word_1_869' title='bbox 2227 5091 2472 5159; x_wconf 88' lang='lat' dir='ltr'><strong>ipsorum</strong></span> <span class='ocrx_word' id='word_1_870' title='bbox 2509 5093 2586 5144; x_wconf 83' lang='lat' dir='ltr'><strong>est</strong></span> <span class='ocrx_word' id='word_1_871' title='bbox 2619 5090 2908 5158; x_wconf 64' lang='lat' dir='ltr'><strong>nequitiis;</strong></span> <span class='ocrx_word' id='word_1_872' title='bbox 2929 5090 3076 5158; x_wconf 85' lang='lat' dir='ltr'><strong>quod</strong></span> <span class='ocrx_word' id='word_1_873' title='bbox 3092 5092 3271 5143; x_wconf 86' lang='lat' dir='ltr'><strong>autem</strong></span> <span class='ocrx_word' id='word_1_874' title='bbox 3294 5106 3330 5143; x_wconf 91' lang='lat' dir='ltr'><strong>a</strong></span> <span class='ocrx_word' id='word_1_875' title='bbox 3362 5093 3549 5147; x_wconf 84' lang='lat' dir='ltr'><strong>multis</strong></span> <span class='ocrx_word' id='word_1_876' title='bbox 3570 5109 3689 5150; x_wconf 88' lang='lat' dir='ltr'><strong>sus-</strong></span> 
     </span>
    </p>
   </div>
   <div class='ocr_carea' id='block_1_95' title="bbox 2089 5163 2390 5223">
    <p class='ocr_par' dir='ltr' id='par_1_95' title="bbox 2089 5163 2390 5223">
     <span class='ocr_line' id='line_1_96' title="bbox 2089 5163 2390 5223; baseline -0.01 -6"><span class='ocrx_word' id='word_1_877' title='bbox 2089 5163 2311 5223; x_wconf 78' lang='lat' dir='ltr'><strong>cipitur,</strong></span> <span class='ocrx_word' id='word_1_878' title='bbox 2340 5165 2390 5215; x_wconf 87' lang='lat' dir='ltr'><strong>et</strong></span> 
     </span>
    </p>
   </div>
   <div class='ocr_carea' id='block_1_96' title="bbox 2134 5177 3696 5310">
    <p class='ocr_par' dir='ltr' id='par_1_96' title="bbox 2134 5177 3696 5310">
     <span class='ocr_line' id='line_1_97' title="bbox 2134 5177 3687 5287; baseline 0.004 -71"><span class='ocrx_word' id='word_1_879' title='bbox 2134 5177 2311 5233; x_wconf 77' lang='lat' dir='ltr'><strong>pitur,</strong></span> <span class='ocrx_word' id='word_1_880' title='bbox 2340 5177 2390 5215; x_wconf 74' lang='lat' dir='ltr'><strong>et</strong></span> <span class='ocrx_word' id='word_1_881' title='bbox 2428 5177 2619 5287; x_wconf 61' lang='lat' dir='ltr'><strong>gratus</strong></span> <span class='ocrx_word' id='word_1_882' title='bbox 2656 5177 2734 5216; x_wconf 79' lang='lat' dir='ltr'><strong>est</strong></span> <span class='ocrx_word' id='word_1_883' title='bbox 2762 5177 2960 5215; x_wconf 64' lang='grc' dir='ltr'>αιυιιηω</span> <span class='ocrx_word' id='word_1_884' title='bbox 2998 5177 3049 5215; x_wconf 76' lang='lat' dir='ltr'><strong>et</strong></span> <span class='ocrx_word' id='word_1_885' title='bbox 3083 5177 3379 5217; x_wconf 81' lang='lat' dir='ltr'><strong>vomntaus</strong></span> <span class='ocrx_word' id='word_1_886' title='bbox 3418 5177 3687 5222; x_wconf 72' lang='lat' dir='ltr'><strong>nummus.</strong></span> 
     </span>
     <span class='ocr_line' id='line_1_98' title="bbox 2151 5231 3696 5310; baseline 0.003 -20"><span class='ocrx_word' id='word_1_887' title='bbox 2151 5232 2188 5310; x_wconf 73' lang='lat' dir='ltr'><strong>f‘</strong></span> <span class='ocrx_word' id='word_1_888' title='bbox 2233 5234 2357 5310; x_wconf 72' lang='lat' dir='ltr'><strong>Neu</strong></span> <span class='ocrx_word' id='word_1_889' title='bbox 2397 5231 2556 5288; x_wconf 89' lang='lat' dir='ltr'><strong>aiter</strong></span> <span class='ocrx_word' id='word_1_890' title='bbox 2584 5246 2752 5310; x_wconf 77' lang='lat' dir='ltr'><strong>quam</strong></span> <span class='ocrx_word' id='word_1_891' title='bbox 2798 5237 3126 5310; x_wconf 70' lang='lat' dir='ltr'><strong>cooperante</strong></span> <span class='ocrx_word' id='word_1_892' title='bbox 3168 5231 3336 5310; x_wconf 80' lang='lat' dir='ltr'><strong>gratia</strong></span> <span class='ocrx_word' id='word_1_893' title='bbox 3384 5235 3508 5310; x_wconf 84' lang='lat' dir='ltr'><strong>Dei,</strong></span> <span class='ocrx_word' id='word_1_894' title='bbox 3537 5236 3696 5310; x_wconf 89' lang='lat' dir='ltr'><strong>cujus</strong></span> 
     </span>
    </p>
   </div>
   <div class='ocr_carea' id='block_1_97' title="bbox 2092 5300 3691 5377">
    <p class='ocr_par' dir='ltr' id='par_1_97' title="bbox 2092 5300 3691 5377">
     <span class='ocr_line' id='line_1_99' title="bbox 2092 5300 3691 5377; baseline 0.002 -16"><span class='ocrx_word' id='word_1_895' title='bbox 2092 5303 2256 5377; x_wconf 83' lang='lat' dir='ltr'><strong>etiam</strong></span> <span class='ocrx_word' id='word_1_896' title='bbox 2285 5302 2493 5377; x_wconf 86' lang='lat' dir='ltr'><strong>donum</strong></span> <span class='ocrx_word' id='word_1_897' title='bbox 2530 5300 2616 5377; x_wconf 81' lang='lat' dir='ltr'><strong>est</strong></span> <span class='ocrx_word' id='word_1_898' title='bbox 2651 5303 2766 5377; x_wconf 80' lang='lat' dir='ltr'><strong>ipsa</strong></span> <span class='ocrx_word' id='word_1_899' title='bbox 2801 5300 3056 5377; x_wconf 76' lang='lat' dir='ltr'><strong>ﬁdes,.nt</strong></span> <span class='ocrx_word' id='word_1_900' title='bbox 3082 5300 3327 5377; x_wconf 73' lang='lat' dir='ltr'><strong>superius</strong></span> <span class='ocrx_word' id='word_1_901' title='bbox 3365 5300 3544 5364; x_wconf 85' lang='lat' dir='ltr'><strong>visum</strong></span> <span class='ocrx_word' id='word_1_902' title='bbox 3570 5300 3691 5377; x_wconf 61' lang='lat' dir='ltr'><strong>aest.</strong></span> 
     </span>
    </p>
   </div>
   <div class='ocr_carea' id='block_1_98' title="bbox 2092 5371 3692 5449">
    <p class='ocr_par' dir='ltr' id='par_1_98' title="bbox 2092 5371 3692 5449">
     <span class='ocr_line' id='line_1_100' title="bbox 2092 5371 3692 5449; baseline 0.001 -17"><span class='ocrx_word' id='word_1_903' title='bbox 2092 5375 2249 5446; x_wconf 89' lang='lat' dir='ltr'><strong>Quod</strong></span> <span class='ocrx_word' id='word_1_904' title='bbox 2289 5375 2435 5431; x_wconf 90' lang='lat' dir='ltr'><strong>enim</strong></span> <span class='ocrx_word' id='word_1_905' title='bbox 2476 5371 2752 5449; x_wconf 21' lang='lat' dir='ltr'><strong>velﬂcaici,</strong></span> <span class='ocrx_word' id='word_1_906' title='bbox 2799 5380 2859 5430; x_wconf 89' lang='lat' dir='ltr'><strong>ut</strong></span> <span class='ocrx_word' id='word_1_907' title='bbox 2901 5388 2931 5449; x_wconf 85' lang='lat' dir='ltr'><strong>a</strong></span> <span class='ocrx_word' id='word_1_908' title='bbox 2977 5371 3190 5449; x_wconf 68' lang='lat' dir='ltr'><strong>Christo</strong></span> <span class='ocrx_word' id='word_1_909' title='bbox 3231 5371 3692 5449; x_wconf 53' lang='lat' dir='ltr'><strong>illuminaren&#39;tur,</strong></span> 
     </span>
    </p>
   </div>
   <div class='ocr_carea' id='block_1_99' title="bbox 2092 5446 3694 5520">
    <p class='ocr_par' dir='ltr' id='par_1_99' title="bbox 2092 5446 3694 5520">
     <span class='ocr_line' id='line_1_101' title="bbox 2092 5446 3694 5520; baseline 0 -17"><span class='ocrx_word' id='word_1_910' title='bbox 2092 5448 2765 5520; x_wconf 73' lang='lat' dir='ltr'><strong>clamaverunt,_Miserere</strong></span> <span class='ocrx_word' id='word_1_911' title='bbox 2808 5447 3005 5520; x_wconf 77' lang='lat' dir='ltr'><strong>nostri,</strong></span> <span class='ocrx_word' id='word_1_912' title='bbox 3035 5446 3118 5520; x_wconf 71' lang='lat' dir='ltr'><strong>{ili</strong></span> <span class='ocrx_word' id='word_1_913' title='bbox 3144 5447 3342 5509; x_wconf 79' lang='lat' dir='ltr'><strong>Darid,</strong></span> <span class='ocrx_word' id='word_1_914' title='bbox 3374 5448 3637 5520; x_wconf 10' lang='lat' dir='ltr'><strong>veliquod</strong></span> <span class='ocrx_word' id='word_1_915' title='bbox 3662 5446 3694 5506; x_wconf 83' lang='lat' dir='ltr'><strong>e</strong></span> 
     </span>
    </p>
   </div>
   <div class='ocr_carea' id='block_1_100' title="bbox 2093 5515 3697 5587">
    <p class='ocr_par' dir='ltr' id='par_1_100' title="bbox 2093 5515 3697 5587">
     <span class='ocr_line' id='line_1_102' title="bbox 2093 5515 3697 5587; baseline 0.001 -12"><span class='ocrx_word' id='word_1_916' title='bbox 2093 5518 2283 5575; x_wconf 90' lang='lat' dir='ltr'><strong>decem</strong></span> <span class='ocrx_word' id='word_1_917' title='bbox 2313 5516 2542 5582; x_wconf 86' lang='lat' dir='ltr'><strong>Icprosis</strong></span> <span class='ocrx_word' id='word_1_918' title='bbox 2569 5515 2852 5573; x_wconf 89' lang='lat' dir='ltr'><strong>mundatis</strong></span> <span class='ocrx_word' id='word_1_919' title='bbox 2884 5529 3026 5572; x_wconf 88' lang='lat' dir='ltr'><strong>unus</strong></span> <span class='ocrx_word' id='word_1_920' title='bbox 3049 5518 3336 5587; x_wconf 80' lang='lat' dir='ltr'><strong>dumtaxat</strong></span> <span class='ocrx_word' id='word_1_921' title='bbox 3365 5515 3604 5587; x_wconf 78' lang='lat' dir='ltr'><strong>redierit,</strong></span> <span class='ocrx_word' id='word_1_922' title='bbox 3634 5528 3697 5576; x_wconf 89' lang='lat' dir='ltr'><strong>ut</strong></span> 
     </span>
    </p>
   </div>
   <div class='ocr_carea' id='block_1_101' title="bbox 2096 5586 3693 5662">
    <p class='ocr_par' dir='ltr' id='par_1_101' title="bbox 2096 5586 3693 5662">
     <span class='ocr_line' id='line_1_103' title="bbox 2096 5586 3693 5662; baseline 0 -16"><span class='ocrx_word' id='word_1_923' title='bbox 2096 5588 2248 5662; x_wconf 85' lang='lat' dir='ltr'><strong>daret</strong></span> <span class='ocrx_word' id='word_1_924' title='bbox 2297 5589 2542 5662; x_wconf 11' lang='lat' dir='ltr'><strong>gloriam,</strong></span> <span class='ocrx_word' id='word_1_925' title='bbox 2563 5592 2703 5662; x_wconf 84' lang='lat' dir='ltr'><strong>Deo,</strong></span> <span class='ocrx_word' id='word_1_926' title='bbox 2751 5602 2865 5662; x_wconf 80' lang='lat' dir='ltr'><strong>non</strong></span> <span class='ocrx_word' id='word_1_927' title='bbox 2910 5587 3025 5643; x_wconf 92' lang='lat' dir='ltr'><strong>sine</strong></span> <span class='ocrx_word' id='word_1_928' title='bbox 3068 5586 3291 5662; x_wconf 73' lang='lat' dir='ltr'><strong>speciali</strong></span> <span class='ocrx_word' id='word_1_929' title='bbox 3331 5589 3433 5662; x_wconf 87' lang='lat' dir='ltr'><strong>Dei</strong></span> <span class='ocrx_word' id='word_1_930' title='bbox 3469 5586 3693 5662; x_wconf 82' lang='lat' dir='ltr'><strong>auxilio,</strong></span> 
     </span>
    </p>
   </div>
   <div class='ocr_carea' id='block_1_102' title="bbox 2098 5658 3696 5733">
    <p class='ocr_par' dir='ltr' id='par_1_102' title="bbox 2098 5658 3696 5733">
     <span class='ocr_line' id='line_1_104' title="bbox 2098 5658 3696 5733; baseline -0.003 -17"><span class='ocrx_word' id='word_1_931' title='bbox 2098 5658 2360 5733; x_wconf 73' lang='lat' dir='ltr'><strong>motione,</strong></span> <span class='ocrx_word' id='word_1_932' title='bbox 2404 5659 2760 5733; x_wconf 83' lang='lat' dir='ltr'><strong>inspiratione</strong></span> <span class='ocrx_word' id='word_1_933' title='bbox 2803 5658 3008 5733; x_wconf 82' lang='lat' dir='ltr'><strong>factum</strong></span> <span class='ocrx_word' id='word_1_934' title='bbox 3046 5665 3150 5715; x_wconf 89' lang='lat' dir='ltr'><strong>est.</strong></span> <span class='ocrx_word' id='word_1_935' title='bbox 3180 5660 3384 5733; x_wconf 83' lang='lat' dir='ltr'><strong>Verum</strong></span> <span class='ocrx_word' id='word_1_936' title='bbox 3422 5661 3585 5733; x_wconf 72' lang='lat' dir='ltr'><strong>hujus</strong></span> <span class='ocrx_word' id='word_1_937' title='bbox 3618 5659 3696 5713; x_wconf 92' lang='lat' dir='ltr'><strong>rei</strong></span> 
     </span>
    </p>
   </div>
   <div class='ocr_carea' id='block_1_103' title="bbox 2099 5729 3696 5860">
    <p class='ocr_par' dir='ltr' id='par_1_103' title="bbox 2099 5729 3696 5860">
     <span class='ocr_line' id='line_1_105' title="bbox 2099 5729 3696 5805; baseline -0.004 -17"><span class='ocrx_word' id='word_1_938' title='bbox 2099 5731 2311 5805; x_wconf 88' lang='lat' dir='ltr'><strong>plenior</strong></span> <span class='ocrx_word' id='word_1_939' title='bbox 2356 5729 2607 5790; x_wconf 77' lang='lat' dir='ltr'><strong>tractatio</strong></span> <span class='ocrx_word' id='word_1_940' title='bbox 2649 5730 2720 5789; x_wconf 89' lang='lat' dir='ltr'><strong>ad</strong></span> <span class='ocrx_word' id='word_1_941' title='bbox 2768 5729 3115 5789; x_wconf 85' lang='lat' dir='ltr'><strong>collationem</strong></span> <span class='ocrx_word' id='word_1_942' title='bbox 3164 5730 3384 5786; x_wconf 89' lang='lat' dir='ltr'><strong>tertiam</strong></span> <span class='ocrx_word' id='word_1_943' title='bbox 3429 5729 3696 5786; x_wconf 79' lang='lat' dir='ltr'><strong>decimam</strong></span> 
     </span>
     <span class='ocr_line' id='line_1_106' title="bbox 2099 5801 2513 5860; baseline -0.002 -1"><span class='ocrx_word' id='word_1_944' title='bbox 2099 5801 2387 5860; x_wconf 73' lang='lat' dir='ltr'><strong>referenda</strong></span> <span class='ocrx_word' id='word_1_945' title='bbox 2412 5810 2513 5860; x_wconf 89' lang='lat' dir='ltr'><strong>est.</strong></span> 
     </span>
    </p>
   </div>
   <div class='ocr_carea' id='block_1_104' title="bbox 2099 5810 2513 5861">
    <p class='ocr_par' dir='ltr' id='par_1_104' title="bbox 2099 5810 2513 5861">
     <span class='ocr_line' id='line_1_107' title="bbox 2099 5810 2513 5861; baseline -0.002 -2"><span class='ocrx_word' id='word_1_946' title='bbox 2099 5810 2387 5861; x_wconf 68' lang='lat' dir='ltr'><strong>referenda</strong></span> <span class='ocrx_word' id='word_1_947' title='bbox 2412 5810 2513 5861; x_wconf 72' lang='grc' dir='ltr'><strong>ρετ.</strong></span> 
     </span>
    </p>
   </div>
   <div class='ocr_carea' id='block_1_105' title="bbox 2492 5160 3687 5222">
    <p class='ocr_par' dir='ltr' id='par_1_105' title="bbox 2492 5160 3687 5222">
     <span class='ocr_line' id='line_1_108' title="bbox 2492 5160 3687 5222; baseline 0.007 -8"><span class='ocrx_word' id='word_1_948' title='bbox 2492 5162 2619 5215; x_wconf 77' lang='lat' dir='ltr'><strong>atice</strong></span> <span class='ocrx_word' id='word_1_949' title='bbox 2656 5165 2734 5216; x_wconf 89' lang='lat' dir='ltr'><strong>est</strong></span> <span class='ocrx_word' id='word_1_950' title='bbox 2762 5160 2960 5215; x_wconf 67' lang='lat' dir='ltr'><strong>divina</strong></span> <span class='ocrx_word' id='word_1_951' title='bbox 2998 5164 3049 5215; x_wconf 85' lang='lat' dir='ltr'><strong>et</strong></span> <span class='ocrx_word' id='word_1_952' title='bbox 3083 5161 3379 5217; x_wconf 80' lang='lat' dir='ltr'><strong>voluntatis</strong></span> <span class='ocrx_word' id='word_1_953' title='bbox 3418 5164 3687 5222; x_wconf 65' lang='lat' dir='ltr'><strong>humanae.</strong></span> 
     </span>
    </p>
   </div>
  </div>
