3982 6202
381 316 483 372 583

1456 302 1741 360 JOANNIS
1776 301 2077 358 CASSIANI
2114 297 2610 357 COLLATIONES.

3587 301 3694 356 584

370 436 646 498 Dominus
673 448 768 508 per
787 431 1119 506 Prophetam
1145 430 1255 489 ait:
1282 433 1354 487 Et
1379 443 1486 485 non
1513 428 1731 484 audivit
1747 429 1981 499 populus
2007 432 2061 495 Α
2090 425 2255 484 modo
2285 434 2342 484 et
2364 424 2659 483 ‘monentis
2685 422 3009 481 ostenditur.
3055 423 3195 479 Cum
3234 422 3385 479 enim
3429 421 3599 480 dicit:
3631 427 3701 484 Si

372 546 521 589 meus
536 545 709 587 uocem
735 524 929 591 meam,
953 531 1005 581 et
1023 524 1192 585 Israel
1208 538 1312 578 non
1324 521 1556 578 intendit
1573 523 1731 577 mihi.
1748 524 1975 592 Propter

369 629 515 702 quod
531 629 719 686 dimisi
728 641 833 690 eos,
859 622 1053 695 inquit,
1077 620 1362 678 secundum
1384 619 1784 676 admuentiones
1802 620 1975 676 cordis

374 719 933 789 eorum,ambulabunt
945 720 1002 772 in
1009 715 1479 772 adinventiom'bus
1487 712 1950 787 suis(Psal.Lxxx)
1960 754 1973 768 .

949 815 1195 872 CAPUT
1231 814 1396 868 XXI.
1585 821 1589 825 ’

542 925 555 939 ‘
584 911 818 982 Objectio
850 924 1011 979 super
1041 908 1198 963 liberi
1235 906 1460 963 arbitrii
1476 908 1756 976 potestate.

441 1012 751 1069 Germanus
778 1026 792 1062 :
824 1008 946 1081 Hoc
970 1004 1348 1062 testimonium
1375 1001 1711 1074 apertissime
1738 1000 1976 1058 liberum

365 1103 713 1162 demonstrat
730 1097 1040 1165 arbitrium,
1071 1112 1181 1169 quo
1204 1095 1441 1153 dicitur:
1478 1097 1541 1152 Si
1564 1096 1799 1166 populus
1835 1108 1982 1150 meus

364 1197 604 1253 audisset
617 1210 700 1250 me
715 1213 732 1263 ;
746 1198 818 1260 et,
831 1207 936 1247 non
950 1184 1165 1246 audiuit
1171 1190 1406 1261 populus
1428 1204 1573 1245 meus
1585 1204 1758 1244 vocem
1773 1203 1966 1245 meam.

371 1292 514 1348 Cum
553 1288 704 1344 enim
729 1284 861 1341 dicit
891 1286 945 1340 si
969 1284 1230 1347 audisset,
1253 1281 1496 1340 ostendit
1522 1282 1580 1338 in
1610 1288 1878 1354 potestate
1906 1279 1970 1336 il-

369 1384 472 1441 lius
495 1381 661 1439 fuisse
691 1380 777 1439 vel
819 1376 1190 1451 acquiescendi
1218 1377 1298 1433 vel
1339 1392 1453 1433 non
1481 1374 1856 1448 acquiescendi
1880 1375 1970 1448 ju-

369 1478 595 1536 dicium.
612 1472 920 1546 ’Quomodo
942 1472 1109 1546 igitur
1127 1487 1242 1528 non
1266 1471 1321 1528 in
1333 1470 1497 1528 nobis
1517 1478 1707 1528 nostra
1724 1470 1871 1527 salus
1889 1477 1973 1527 est

369 1567 706 1633 collocanda,
747 1583 878 1625 cum
904 1566 987 1623 vel
1027 1565 1279 1647 audiendi
1312 1563 1394 1620 vel
1422 1578 1537 1620 non
1563 1562 1820 1621 audiendi
1849 1564 1971 1637 ipse

367 1662 525 1720 nobis
546 1658 876 1718 concesserit
900 1657 1215 1714 facultatem
1235 1660 1260 1711 Ρ

933 1754 1173 1811 CAPUT
1210 1754 1400 1809 XXII.
1426 1748 1431 1751 ’

2076 520 2311 591 populus
2332 535 2481 576 meus
2502 519 2749 576 audisset
2769 532 2871 582 me,
2896 516 3138 590 priorem
3161 513 3345 588 utique
3363 529 3423 572 se
3442 514 3697 576 locutum

2082 613 2163 670 eis
2198 611 2471 670 evidenter
2509 610 2768 681 ostendit,
2797 608 2950 684 quod
2985 607 3101 666 ﬁeri
3135 624 3167 665 a
3193 608 3434 666 Domino
3462 625 3578 668 non
3603 626 3695 670 so-

2086 707 2201 764 lum
2226 722 2324 779 per
2346 707 2522 780 legem
2547 707 2805 780 scriptam
2838 704 3053 774 litteris,
3085 718 3275 761 verum
3308 703 3480 761 etiam
3506 707 3692 778 quoti-

2077 799 2255 858 dianis
2279 799 2504 856 monitis
2525 800 2683 868 solet,
2713 796 3011 857 secundum
3036 795 3167 854 illud
3189 794 3339 868 quod
3368 811 3466 869 per
3490 800 3693 857 Isaiam

2080 893 2314 951 dicitur:
2351 896 2479 951 Tota
2504 894 2594 949 die
2610 894 2851 964 eapandi
2866 906 3058 948 manus
3087 890 3162 945 ad
3181 891 3447 962 populum
3465 909 3570 949 non
3586 910 3690 951 cre-

2085 988 2296 1044 dentem
2311 988 2469 1057 mihi,
2498 988 2592 1043 sed
2606 987 3054 1043 contradicentem
3072 986 3250 1055 (Isaia
3276 984 3442 1057 va).
3464 988 3690 1044 Utrum.

2090 1097 2197 1155 que
2224 1097 2355 1156 ergo
2379 1088 2559 1155 potest
2582 1080 2689 1138 hoc
2709 1079 3019 1139 testimonio
3042 1077 3389 1152 comprobari
3417 1081 3567 1154 quod
3592 1082 3687 1141 di-

2093 1179 2274 1236 citur:
2301 1181 2365 1237 Si
2378 1179 2609 1250 populus
2637 1194 2785 1234 meus
2810 1178 3050 1233 audisset
3078 1193 3180 1241 me,
3204 1176 3376 1232 Israel
3410 1180 3461 1233 si
3497 1181 3556 1234 in
3579 1183 3689 1236 uiis

2079 1274 2210 1329 meis
2229 1272 2572 1336 ambulasset,
2585 1287 2687 1343 pro
2706 1271 2877 1327 nihilo
2891 1273 3076 1341 utique
3092 1272 3341 1326 inimicos
3365 1274 3547 1328 eorum
3584 1274 3687 1329 hu-

2077 1368 2391 1431 miliassem,
2425 1371 2478 1423 et
2508 1382 2670 1438 super
2697 1366 3013 1422 tribulantes
3047 1380 3134 1421 eos
3173 1366 3438 1422 misissem
3465 1382 3685 1423 mnum

2077 1476 2271 1516 meam.
2296 1462 2440 1516 Nam
2464 1459 2607 1516 sicut
2647 1457 2879 1515 liberum
2907 1456 3196 1514 arbitrium
3227 1473 3325 1529 per
3360 1457 3684 1517 inobedien-

2075 1552 2211 1609 tiam
2260 1551 2447 1625 populi
2491 1550 2921 1619 demonstratur,
2967 1550 3044 1608 ita
3089 1550 3429 1624 dispensatio
3476 1553 3578 1610 Dei
3626 1563 3684 1611 et

2078 1644 2338 1702 auxilium
2388 1644 2506 1718 ejus
2555 1642 2807 1701 versiculi
2857 1642 3026 1716 ipsius
3063 1642 3217 1700 initio
3264 1643 3575 1704 declarauit
3615 1663 3683 1703 ac

2079 1740 2208 1809 line,
2238 1755 2366 1797 cum
2406 1754 2467 1796 se
2492 1746 2549 1795 et
2573 1738 2815 1811 priorem
2854 1737 3101 1795 locutum
3128 1737 3296 1796 fuisse
3322 1747 3575 1809 testatur,
3622 1749 3684 1798 et

266 1818 277 1825 .
364 1859 668 1929 Responsio,
692 1856 835 1928 quod
860 1855 1089 1929 liberum
1107 1854 1405 1929 arbitrium
1428 1856 1675 1929 nostrum
1696 1851 1966 1922 adij
1996 1858 2045 1922 Β
2078 1833 2545 1929 posteainimicos
2565 1834 2684 1929 ejus
2707 1832 3143 1929 humiliaturum,
3166 1834 3211 1889 si
3235 1832 3305 1890 ab
3325 1835 3519 1929 eodem
3539 1834 3677 1893 fuis-

804 1926 1024 1983 Domini
1042 1940 1250 1995 semper
1276 1924 1537 1994 indigeat.

434 2024 804 2099 Paphnutius:
831 2027 1007 2079 Acute
1034 2020 1254 2093 quidem
1278 2018 1665 2076 considerastis
1683 2017 1790 2075 hoc
1818 2019 1969 2091 quod

363 2120 583 2188 dicitur,
613 2122 676 2176 Si
703 2119 937 2174 audisset
964 2132 1078 2184 me;
1116 2114 1215 2172 sed
1243 2128 1589 2186 nequaquam
1619 2113 1743 2185 quis
1777 2115 1852 2171 sit
1872 2116 1967 2187 qui

363 2211 434 2268 ad
451 2210 761 2268 audientem
779 2207 864 2264 vel
882 2223 992 2264 non
1019 2206 1333 2265 audientem
1357 2206 1633 2280 loquatur,
1655 2207 1959 2276 attenditis;

364 2318 468 2359 nec
494 2301 629 2358 illud
673 2300 826 2373 quod
867 2299 1139 2372 sequitur,
1166 2316 1269 2371 pro
1313 2301 1484 2355 nihilo
1511 2303 1698 2371 utique
1724 2304 1965 2358 inimicos

364 2394 480 2465 ejus
519 2394 902 2456 humiliassem,
934 2396 985 2447 et
1014 2408 1177 2463 super
1218 2393 1543 2448 tribulantes
1575 2408 1659 2449 eos
1704 2396 1965 2451 misissem

365 2504 585 2545 manum
612 2503 800 2547 meam.
823 2489 999 2544 Nemo
1029 2486 1192 2559 igitur
1226 2485 1367 2559 haec,
1395 2502 1522 2559 quae
1542 2489 1877 2559 protulimus
1906 2498 1966 2546 ut

367 2582 502 2639 nihil
522 2582 638 2654 geri
670 2582 787 2639 sine
815 2581 1055 2639 Domino
1101 2579 1479 2651 probaremus,
1509 2597 1672 2653 prava
1702 2582 1989 2656 interpre-

365 2676 571 2733 tatione
599 2674 948 2746 detorquens,
977 2673 1046 2730 ad
1073 2672 1446 2730 defensionem
1470 2673 1626 2731 liberi
1648 2675 1860 2735 arbitrii
1888 2677 1960 2734 ita

359 2776 586 2826 conetur
621 2783 920 2838 assumere,
948 2774 1008 2824 ut
1031 2766 1103 2824 ab
1126 2765 1348 2824 homine
1377 2767 1608 2841 gratiam
1639 2769 1741 2826 Dei
1773 2770 1952 2841 provi-

358 2863 676 2935 sionemque
701 2861 1076 2934 quotidianam
1101 2868 1279 2917 tentet
1301 2859 1536 2930 auferre,
1562 2878 1660 2935 per
1678 2863 1786 2921 hoc
1807 2863 1959 2936 quod

359 2958 577 3026 dicitur,
603 2961 675 3015 Et
701 2974 809 3013 non
827 2957 1041 3012 audivit
1061 2958 1289 3027 populus
1308 2973 1454 3013 meus
1480 2973 1653 3014 vocem
1671 2974 1876 3027 meam;
1902 2966 1959 3015 et

358 3051 580 3118 iterum,
600 3051 663 3108 Si
673 3051 908 3120 populus
929 3064 1077 3105 meus
1106 3050 1345 3107 audisset
1368 3066 1469 3115 me,
1501 3052 1668 3108 Israel
1701 3054 1755 3107 si
1777 3054 1833 3107 in
1857 3054 1961 3108 viis

359 3147 488 3200 meis
510 3144 853 3206 ambulasset,
882 3150 1021 3211 etc.;
1050 3142 1147 3199 sed
1175 3143 1423 3215 respiciat
1447 3143 1614 3216 quod,
1642 3144 1782 3202 sicut
1806 3145 1963 3203 liberi

2073 1935 2159 1984 set
2179 1926 2416 1983 auditus.
2446 1929 2559 2007 Nqs
2575 1925 2724 1983 enim
2748 1938 2844 1999 per
2878 1925 2999 1982 haec
3023 1933 3147 1998 quae.
3173 1926 3515 1998 protulimus,
3552 1943 3675 1985 non

2072 2019 2308 2076 liberum
2336 2017 2624 2074 arbitrium
2646 2016 2885 2074 hominis
2921 2016 3173 2075 volumus
3209 2017 3531 2076 submovere
3570 2020 3677 2077 sed

2073 2111 2201 2169 huic
2220 2110 2561 2184 adjutorium
2584 2118 2641 2168 et
2664 2111 2897 2183 gratiam
2924 2110 3019 2167 Dei
3050 2126 3145 2183 per
3181 2111 3425 2184 singulos
3465 2112 3583 2170 dies
3612 2128 3682 2169 ac

2073 2214 2353 2263 momenta
2379 2203 2741 2263 necessariam
2769 2204 3145 2277 comprobare.
3188 2204 3292 2262 His
3328 2218 3433 2263 nos
3459 2220 3679 2263 sermo-

2072 2300 2232 2357 nibus
2258 2298 2507 2356 eruditos
2527 2298 2696 2357 abbas
2721 2298 3057 2371 Paphnutius
3084 2313 3114 2355 e
3134 2313 3234 2355 sua
3255 2298 3391 2356 cella
3420 2314 3532 2355 non
3561 2308 3677 2358 tam

2071 2395 2278 2451 alacres
2305 2408 2471 2465 quam
2493 2397 2853 2465 comp‘unctos
2876 2392 3041 2450 corde
3067 2400 3193 2449 ante
3217 2392 3463 2450 medium
3490 2394 3674 2452 noctis

2073 2487 2273 2557 emisit,
2312 2486 2419 2544 hoc
2445 2486 2602 2544 nobis
2629 2487 2967 2559 praecipuum
3011 2501 3110 2544 sua
3147 2485 3438 2544 collatione
3475 2486 3675 2544 confe-

2070 2598 2218 2648 rens,
2245 2589 2308 2638 ut
2328 2596 2458 2639 cum
2477 2595 2575 2654 per
2596 2580 3093 2638 abrenuntiationis
3112 2581 3308 2655 prima:
3328 2597 3677 2640 consumma-

2068 2674 2296 2743 tionem,
2323 2689 2488 2747 quam
2517 2682 2634 2731 toto
2662 2674 2874 2731 virtutis
2890 2674 3014 2731 nisu
3040 2673 3401 2731 studebamus
3422 2675 3671 2747 implere,

2069 2766 2380 2840 attingenda
2418 2766 2578 2825 nobis
2624 2766 2965 2847 perfectionis
3009 2768 3254 2826 culmina
3282 2769 3672 2840 crederemus,

2064 2861 2428 2935 inciperemus
2464 2876 2759 2934 agnoscere
2793 2861 3032 2920 necdum
3081 2879 3184 2920 nos
3221 2863 3449 2937 cmpisse
3485 2880 3675 2922 mona-

2064 2957 2296 3014 chorum
2341 2955 2552 3030 fastigia
2593 2956 2905 3014 somniare:
2942 2959 3144 3031 quippe
3184 2959 3279 3031 qui
3317 2959 3388 3017 de
3428 2959 3673 3017 secunda

2058 3050 2544 3109 .ahrenuntiatione
2570 3053 2797 3108 Patrum
2822 3052 2880 3108 in
2911 3052 3180 3110 coenobiis
3201 3053 3416 3123 eruditi,
3448 3054 3672 3111 tertiam

2072 3144 2129 3201 in
2162 3160 2270 3218 qua
2298 3144 2478 3203 omnis
2514 3143 2773 3218 perfectio
2809 3145 3139 3213 continetur,
3176 3160 3404 3218 quaeque
3430 3145 3547 3203 illas
3578 3146 3668 3203 in-

356 3236 565 3294 arbitrii
589 3234 813 3295 facultas
844 3236 1026 3308 populi
1058 3235 1421 3293 inobedientia
1445 3237 1854 3310 comprobatur,
1889 3239 1963 3295 ita
1994 3247 2039 3310 ο
2073 3236 2297 3295 feriores
2324 3236 2461 3295 duas
2487 3236 2675 3295 multis
2698 3236 2878 3294 modis
2905 3236 3183 3310 praecedit,
3213 3253 3284 3296 ne
3324 3238 3511 3296 auditu
3536 3240 3669 3312 qui-

356 3330 672 3403 quotidiana
690 3330 833 3387 circa
855 3344 980 3386 eum
1006 3330 1245 3403 provisio
1264 3330 1365 3387 Dei
1388 3330 1674 3393 clamantis
1694 3331 1958 3404 quodam-

2061 3330 2190 3388 dem
2211 3346 2313 3389 nos
2332 3340 2490 3413 antea
2520 3330 2820 3403 percepisse
2844 3345 3149 3388 nossemus.

1227 3570 1734 3671 COLLA
1750 3572 2006 3673 T10
2081 3574 2179 3715 Q
2194 3574 2511 3674 ΗΑΒ
2524 3576 2781 3699 ΤΑ,

1536 3739 1691 3812 Quae
1723 3743 1823 3803 est
1854 3737 2114 3806 abbatis
2150 3740 2466 3805 Danielis.

1309 3867 1389 3917 DE
1425 3865 1974 3921 CONCUPISCENTIA
2013 3872 2241 3922 CARNIS
2276 3872 2357 3922 ET
2394 3871 2700 3923 SPIRITUS.
2757 3887 2764 3894 '

856 4088 1099 4146 CAPUT
1127 4090 1440 4147 PRIMUM.

419 4189 567 4241 Inter
589 4189 818 4242 caeteros
844 4182 1169 4241 Christianae
1205 4184 1559 4259 philosophiae
1589 4186 1754 4255 viros,
1789 4190 1814 4218 λ
1844 4184 1945 4242 ab-

349 4278 529 4336 batem
557 4293 773 4352 quoque
811 4276 1039 4337 vidimus
1070 4280 1378 4351 Danielem,
1416 4281 1682 4354 aequalem
1722 4281 1946 4354 quidem

352 4377 413 4434 in
450 4378 602 4434 omni
636 4377 900 4431 virtutum
943 4392 1142 4450 genere
1180 4377 1267 4433 his
1306 4378 1400 4449 qui
1443 4378 1498 4433 in
1542 4394 1729 4435 eremo
1765 4378 1945 4451 Scythi

2059 4096 2502 4166 commanebant,
2568 4096 2664 4153 sed
2733 4095 3054 4167 peculiarius
3108 4096 3285 4170 gratia
3337 4095 3661 4169 humilitatis

2057 4198 2334 4259 ornatum,
2366 4189 2457 4261 qui
2485 4189 2681 4261 merito
2711 4189 2960 4261 puritatis
3000 4205 3062 4245 ac
3087 4188 3523 4247 mansuetudinis
3544 4205 3661 4246 suae

2052 4284 2077 4317 ι’
2096 4298 2127 4339 a
2174 4283 2332 4339 beato
2374 4281 2680 4354 Paphnutio
2710 4281 3015 4340 solitudinis
3043 4283 3283 4356 ejusdem
3319 4283 3656 4357 presbytero,

2054 4384 2110 4432 et
2143 4375 2364 4446 quidem
2386 4390 2513 4431 cum
2541 4375 2728 4432 multis
2749 4376 2938 4449 junior
2972 4385 3116 4434 esset
3149 4385 3328 4445 aetate,
3356 4375 3428 4433 ad
3467 4376 3658 4434 diaco-

778 4550 787 4561 I
1444 4488 1698 4545 ALARDI
1738 4488 1962 4543 GAZEI
2000 4483 2555 4541 COMMENTARIUS.

418 4585 604 4657 a{Non
639 4583 819 4657 illum,
848 4583 1081 4657 _opinor,
1117 4582 1702 4657 BanielchStyliten,
1734 4584 1792 4640 id
1838 4591 1943 4654 est,
1972 4589 2023 4650 D
2050 4581 2241 4657 fertur.

348 4654 808 4724 Columnicolam,
833 4653 1029 4724 de‘quo
1049 4655 1389 4712 Sozomenus
1414 4653 1606 4711 libim
1630 4670 1748 4724 cap.
1779 4658 1865 4719 l3,
1891 4653 1948 4710 et

348 4670 808 4724 uorumnicoiam,
833 4670 901 4711 ne
921 4670 1029 4781 (ἓ)υο
1049 4670 1389 4712 δοῑοιηθιιιιε
1414 4670 1506 4711 ιω.
1530 4670 1606 4711 ιιι
1630 4670 1748 4724 cap.
1779 4670 1865 4719 ia,
1891 4670 1944 4710 et

344 4743 411 4784 ex
437 4743 506 4800 eo
533 4726 872 4800 Nicephorus
897 4725 985 4800 Ii
1014 4741 1099 4783 xv
1120 4740 1240 4800 cap.
1273 4732 1365 4794 22,
1391 4735 1449 4800 et
1473 4726 1562 4782 lib.
1581 4739 1708 4800 rxvr
1731 4740 1852 4795 cap.
1889 4730 1944 4794 6,

344 4798 699 4871 Cedrenuset
731 4798 819 4871 alii
858 4798 928 4871 ίι]Δ
943 4799 1132 4871 Leone
1156 4799 1354 4871 Magno
1386 4798 1947 4871 imp.,WDamascenus

346 4870 566 4942 in-orat.
600 4877 632 4926 3
669 4870 739 4927 de
766 4868 1095 4942 imaginibus
1115 4868 1331 4940 (Barca.
1363 4873 1493 4942 tom.
1518 4870 1591 4942 ){I
1618 4868 1822 4942 Annal.
1852 4884 1941 4923 an.

340 4934 479 5007 46'0;
526 4946 577 4997 et
617 4945 676 4996 in
713 4934 1003 5011 Ma‘rtjrol.
1064 4934 1132 4995 ll"
1171 4938 1466 5011 Decembr.)
1500 4937 1799 5011 _Nam__ille
1837 4953 1946 5011 non

343 5010 658 5083 Paphnutii,
707 5008 1122 5083 sedSimeonis
1162 5010 1364 5083 itidem
1400 5008 1608 5083 St’ylitis
1652 5008 1948 5083 discipulus

341 5080 578 5165 exstitit;
609 5080 789 5165 neque
818 5082 876 5138 in
899 5097 1109 5165 “eremo
1152 5080 1383 5165 Scythi,_
1402 5080 1513 5137 sive
1544 5080 1817 5164 Scythica,
1849 5081 1949 5165 sed

342 5155 485 5236 apud
512 5152 868 5238 Antiochiam
896 5153 1089 5235 Syriae,
1121 5152 1629 5279 supercolumnam'
1653 5154 1810 5210 annis
1834 5154 1948 5235 cir-

337 5234 473 5306 citer
506 5235 691 5306 viginti
721 5240 935 5306 ngvem
959 5238 1166 5306 VIXISSB.
1192 5234 1410 5306 ﬁgitur.
1444 5228 1783 5306 Memoratur
1820 5240 1940 5306 qui-

337 5296 465 5354 dem
503 5293 721 5355 et'alter
746 5296 964 5367 Daniel,
994 5296 1091 5352 sed
1119 5293 1333 5353 abbatis
1358 5298 1578 5353 Arsenii
1617 5293 1935 5367 discipulus,

338 5371 495 5438 cujus
539 5371 797 5441 praeclara
843 5363 983 5441 dicta
1024 5375 1103 5441 eti
1119 5367 1324 5441 actarin
1348 5367 1498 5441 ‘Yitis
1536 5363 1939 5441 Patrum—refe-

336 5433 559 5497 runtur:
605 5440 824 5508 Tertius
884 5438 1015 5493 item
1045 5438 1261 5508 Daniel
1312 5437 1483 5494 abbas
1544 5444 1600 5493 et
1664 5433 1943 5508 presbyter

336 5512 643 5585 Egyptius,
686 5505 754 5567 de
788 5506 1268 5585 quo_§ophronius
1308 5508 1365 5585 in
1393 5510 1558 5585 Prato
1600 5505 1785 5577 Spirit.

339 5590 373 5659 ι
378 5578 462 5649 12',
478 5578 549 5637 ‘et
572 5578 767 5659 Petrus
788 5578 1073 5659 Equilinus
1096 5578 1432 5659 inCatalogo
1453 5578 1546 5659 lib.
1575 5591 1640 5659 γι
1665 5591 1781 5659 cap.
1810 5583 1936 5659 Q3.

334 5647 570 5732 Quartus
602 5647 868 5732 denique,
884 5649 951 5707 de
978 5666 1087 5722 quo
1114 5650 1207 5732 hic
1229 5647 1428 5732 agitur,
1461 5647 1746 5732 Paphnutii
1775 5647 1939 5732 abba-

334 5718 406 5776 tis
435 5718 762 5790 discipulus,
777 5718 1031 5792 idemque
1071 5718 1370 5792 presbyter,
1409 5718 1576 5791 qnem
1595 5719 1940 5792 Paphnutius

335 5805 717 5865 successorem
740 5807 902 5865 suum
932 5790 1245 5865 delegerat}
1279 5790 1374 5865 sed
1401 5790 1522 5865 Deo
1558 5790 1727 5865 aliter
1751 5790 1935 5865 dispo-

337 5870 529 5933 nente,
576 5862 663 5918 ille
714 5864 866 5934 prior
913 5878 976 5920 ex
1027 5861 1130 5919 hac
1165 5861 1269 5918 vita
1313 5862 1561 5936 decessit,
1606 5871 1666 5921 ut
1712 5863 1805 5921 hic
1835 5861 1941 5921 ἰε-

2124 4655 2149 4688 ι)
2173 4654 2280 4727 Hic
2298 4669 2499 4727 rursus
2539 4653 2824 4727 Paphnutii
2854 4654 3078 4723 mentio,
3118 4653 3187 4712 de
3215 4670 3327 4727 quo
3362 4656 3420 4727 in
3446 4668 3655 4727 prisce:

2052 4724 2199 4782 denti
2227 4724 2514 4799 collatione
2547 4735 2603 4782 et
2616 4724 2753 4783 alias
2778 4727 2999 4799 saepius,
3018 4734 3203 4799 actum
3231 4724 3342 4783 est.
3382 4724 3653 4799 suspicari

2052 4804 2236 4861 autem
2258 4797 2377 4869 quis
2405 4806 2609 4870 posset
2627 4795 2883 4870 eumdem
2924 4797 3093 4870 fuisse
3119 4798 3435 4870 episcopum
3457 4795 3527 4853 ei
3569 4795 3653 4870 his

2051 4883 2174 4941 qua:
2199 4862 2527 4941 sequuntur,
2560 4868 2650 4941 ubi
2706 4868 2915 4941 dicitur;
2944 4862 3228 4941 Danielém
3271 4862 3458 4941 istum,
3499 4868 3655 4939 cuius

2054 4937 2173 4996 haec
2196 4937 2441 5009 collatio,
2464 4939 2535 4996 ad
2564 4939 2794 4997 diaconii
2830 4939 3077 4997 ofﬁcium
3109 4955 3173 4996 ac
3200 4937 3325 4996 inde
3364 4938 3436 4996 ad
3465 4937 3651 4995 sacer-

2055 5010 2188 5084 dotii
2202 5011 2463 5084 ordinem
2491 5018 2547 5084 et
2572 5010 2839 5084 honorem
2879 5012 3216 5084 provexisse;
3262 5026 3393 5067 cum
3428 5024 3544 5084 non
3578 5010 3650 5084 sit

2054 5081 2318 5155 simplicis
2370 5082 2694 5155 presbyteri,
2740 5083 2836 5140 sed
2879 5080 3139 5155 'cpiscopi
3198 5097 3296 5139 seu
3348 5080 3646 5153 pontiﬁcis,

2054 5151 2312 5226 diaconos
2362 5151 2426 5226 ac
2480 5151 2822 5226 presbyteros
2877 5151 3153 5226 ordinare.
3187 5158 3291 5226 _At
3339 5151 3483 5226 certe
3538 5167 3651 5208 non

2054 5221 2251 5280 dicitur
2288 5221 2619 5294 Paphnutius
2641 5221 2961 5292 ordinasse,
3001 5224 3096 5281 sed
3141 5223 3211 5280 ad
3260 5222 3511 5280 ordinem
3549 5238 3648 5294 seu

2049 5294 2291 5351 ofﬁcium
2313 5293 2621 5368 huiusmodi
2654 5296 2983 5368 provexisse,
3027 5312 3141 5368 non
3173 5294 3472 5368 ordinando
3497 5293 3643 5368 scili-

2048 5374 2155 5438 cet,
2197 5380 2293 5438 seu
2320 5362 2539 5438 ordines
2577 5362 2733 5438 ips—os
2765 5365 3118 5435 conferendo,
3147 5366 3247 5424 sed
3279 5362 3645 5438 ordinandum

2049 5435 2428 5507 adgepiscopos
2455 5433 2800 5503 destinando,
2833 5454 2929 5495 seu
2960 5438 3036 5495 eis
3069 5433 3527 5507 commendando,
3554 5434 3645 5491 vel

2049 5504 2355 5582 offerendo,
2406 5515 2468 5563 ut
2491 5508 2671 5582 solent
2709 5509 2932 5582 abbates
2970 5516 3032 5582 et
3055 5509 3143 5567 alii
3174 5504 3645 5582 praelatiepisco-

2049 5577 2130 5649 pis
2159 5577 2460 5653 inferiores,
2489 5579 2894 5653 religiosossibi
2916 5577 3191 5653 subjectos
3221 5581 3292 5638 ad
3326 5578 3645 5653 episcopum

2048 5663 2181 5724 cum
2197 5649 2396 5724 litteris
2417 5649 2878 5724 commendatitiis
2907 5649 3153 5723 mittere;
3179 5649 3647 5724 quemadmodum

2047 5723 2118 5796 D.
2148 5721 2477 5796 Benedictus
2502 5723 2690 5779 statuit
2716 5739 2833 5795 cap.
2866 5727 2900 5777 6
2937 5721 3164 5796 Regula:
3187 5721 3210 5778 ἶ
3230 5725 3295 5780 Si
3326 5725 3450 5794 quis
3480 5722 3647 5796 abbas

2046 5794 2156 5848 sibi
2177 5794 2544 5864 presbyterum
2581 5800 2678 5850 aut
2709 5793 2991 5850 diaconum
3021 5793 3268 5850 ordinari
3296 5793 3538 5865 petierit,
3579 5793 3644 5848 de

2046 5865 2159 5920 suis
2184 5866 2348 5935 eligat
2365 5868 2461 5936 qui
2486 5866 2682 5937 dignus
2709 5867 2780 5923 sit
2794 5867 3092 5924 sacerdotio
3113 5868 3298 5937 fungi.
