3982 6202
334 221 424 276 535

922 219 1262 284 COLLATIO
1303 223 1395 276 IV.
1434 252 1506 262 —
1543 223 1632 277 DE
1668 221 2252 278 CONCUPISCENTIA
2289 221 2534 278 CARle
2569 221 2658 276 ET
2695 221 3025 278 SPIRITUS.

3530 229 3633 285 586
3647 241 3669 278 ἓ

331 343 398 401 nii
444 352 528 402 est
559 344 812 417 praelatus
867 343 1132 402 ofﬁcium.
1177 349 1238 402 In
1270 354 1483 404 tantum
1530 347 1679 403 enim
1719 347 1912 405 beatus
1938 350 1992 412 A
2019 345 2139 401 nire
2182 345 2444 400 sentiret:
2495 360 2559 400 ac
2602 359 2822 401 rursum
2849 345 3012 402 nullis
3061 346 3419 404 existentibus
3455 351 3680 408 causis.

331 437 656 510 Paphnutius
710 437 1004 495 virtutibus
1049 439 1216 509 ipsius
1264 439 1628 512 adgaudebat,
1659 447 1721 496 ut
1745 455 1916 512 quem

227 521 240 530 ’
331 528 444 586 vitae
471 529 674 586 meritis
697 529 805 586 sibi
843 539 899 586 et
931 531 1102 600 gratia
1141 547 1327 603 parem
1350 540 1600 598 noverat,
1631 547 1917 605 coaequare

326 619 415 676 sibi
450 621 647 684 ,etiam
699 621 986 678 sacerdotii
1035 623 1224 679 ordine
1285 621 1596 693 festinaret;
1645 625 1916 696 siquidem

324 728 658 786 nequaquam
693 713 871 770 ferens
897 714 950 770 in
986 715 1243 774 inferiore
1285 733 1417 774 eum
1452 717 1762 774 ministerio
1790 718 1918 774 diu-

323 807 424 864 tius
465 809 790 876 immorari,
839 811 864 842 ³
916 818 1219 884 optansque
1265 811 1490 868 sibimet
1547 827 1916 869 successorem

321 899 698 974 dignissimum
741 903 1022 975 providere
1039 945 1056 973 ,
1105 913 1383 977 superstes
1423 921 1552 962 eum
1617 905 1916 978 presbyteri

321 991 521 1050 honore
538 994 810 1066 provexit.
855 994 958 1068 Qui
989 1003 1178 1053 tamen
1203 997 1402 1069 prioris
1427 996 1747 1055 humilitatis
1773 1013 1915 1055 con-

319 1088 656 1148 suetudinem
699 1106 814 1149 non
865 1091 1145 1157 omittens,
1201 1093 1334 1148 nihil
1383 1109 1648 1166 umquam
1690 1094 1795 1150 sibi
1823 1093 1915 1150 illo

321 1191 578 1253 praesente
619 1183 686 1240 de
726 1183 1067 1241 sublimioris
1092 1185 1299 1242 ordinis
1328 1185 1631 1259 adjectione
1673 1187 1914 1257 donavit,

317 1273 411 1331 sed
459 1291 674 1350 semper
721 1276 918 1333 abbate
975 1276 1282 1350 Paphnutio
1322 1273 1349 1312 δ
1397 1279 1664 1350 spiritales
1713 1279 1921 1338 hostias

317 1364 598 1433 offerente,
644 1367 730 1424 hic
781 1368 927 1424 velut
972 1369 1236 1426 diaconus
1271 1369 1327 1425 in
1371 1371 1568 1442 prioris
1637 1368 1922 1428 ministerii

319 1457 610 1530 permansit
623 1457 823 1516 ofﬁcio.
852 1463 916 1516 In
941 1475 1050 1532 quo
1075 1469 1263 1516 tamen
1285 1460 1504 1517 beatum
1526 1446 1920 1534 Paphnutium,

2024 446 2174 494 tanta
2215 437 2401 494 subito
2441 438 2715 496 anxietate
2753 440 3134 510 repleremur,
3177 449 3233 497 et
3275 441 3631 501 irrationabili

2025 531 2266 603 quodam
2283 547 2528 588 maerore
2559 547 2956 604 premeremur,
2975 541 3038 588 ut
3052 549 3166 589 non
3187 534 3366 591 solum
3381 545 3633 593 nosmet-

2026 624 2175 697 ipsos
2210 624 2528 698 hujusmodi
2557 623 2806 681 sensibus
2854 639 3096 680 arescere
3141 625 3490 696 sentiremus,
3536 645 3636 686 ve-

2025 734 2148 774 rum
2177 718 2346 775 etiam
2373 717 2620 775 horreret
2647 717 2804 785 cella,
2847 715 3097 774 sorderet
3131 717 3446 790 Iectio,ipsa
3489 736 3633 792 quo—

2024 827 2129 882 que
2158 811 2426 868 instabilis
2452 827 2517 868 ac
2553 810 2896 880 nutabunda,
2944 819 3001 868 et
3040 811 3457 884 quodammodo
3485 814 3634 874 ebria

2024 897 2364 962 emitteretur
2402 903 2598 975 oratio,
2633 904 2704 960 ita
2734 915 2793 961 ut
2831 905 3311 978 ingemiscentibus
3339 915 3394 962 et
3420 923 3632 965 conan-

2023 997 2169 1057 tibus
2205 998 2384 1066 nobis,
2413 997 2484 1054 ad
2519 997 2878 1054 directionem
2925 997 3214 1070 pristinam
3265 999 3450 1056 reduci
3478 1017 3634 1059 mens

2024 1101 2212 1148 nostra
2241 1107 2354 1147 non
2381 1101 2587 1164 posset,
2619 1097 2932 1162 quantoque
2953 1090 3216 1146 intentius
3235 1091 3306 1146 ad
3345 1093 3445 1148 Dei
3470 1093 3636 1151 redu-

2023 1192 2238 1241 ceretur
2277 1183 2561 1252 intuitum,
2602 1191 2756 1238 tanto
2801 1181 3180 1238 vehementius
3229 1183 3301 1239 ad
3355 1183 3635 1245 discursus

2028 1279 2308 1336 instabiles
2361 1279 2568 1336 lubrico
2626 1286 2910 1350 raperetur
2961 1293 3209 1347 excessu,
3263 1286 3319 1334 et
3363 1279 3438 1335 ita
3479 1265 3632 1338 omni

2027 1372 2261 1446 apiritali
2313 1371 2495 1429 fructu
2544 1370 2864 1428 redderetur
2902 1367 3067 1426 effeta
3089 1411 3105 1442 ,
3135 1379 3200 1427 ut
3235 1387 3336 1428 nec
3364 1371 3636 1431 desiderio

2023 1465 2180 1538 regni
2228 1465 2522 1534 cmlorum,
2569 1479 2668 1520 nec
2717 1471 2871 1519 metu
2917 1463 3181 1536 gehennae
3231 1465 3508 1538 pr0posito
3563 1467 3662 1527 ab.

319 1567 437 1609 cum
487 1552 610 1608 talis
651 1553 731 1610 vir
779 1563 921 1612 esset
951 1571 1016 1612 ac
1057 1563 1262 1622 tantus,
1295 1563 1358 1612 ut
1401 1555 1458 1612 in
1503 1557 1694 1612 multis
1741 1557 1913 1613 etiam
2019 1557 2124 1614 hoc
2189 1557 2370 1614 lethali
2427 1556 2669 1630 quodam
2715 1571 2916 1613 somno
2968 1557 3172 1613 valeret
3217 1559 3500 1626 suscitari;
3561 1561 3635 1618 ita

317 1643 659 1716 praescientia:
695 1648 928 1720 gratiam
971 1648 1295 1719 possideret,
1334 1648 1454 1706 haec
1501 1663 1625 1722 spes
1649 1649 1913 1705 substitu-

319 1737 477 1794 tionis
511 1745 566 1794 et
593 1738 784 1796 electio
809 1738 1070 1796 frustrata
1110 1749 1214 1798 est.
1247 1743 1388 1798 Nam
1428 1757 1543 1804 non
1582 1742 1759 1798 multo
1789 1749 1915 1814 post
1939 1749 1987 1811 Β

315 1838 558 1904 tempore
612 1831 757 1889 hunc
811 1849 977 1907 quem
1024 1835 1128 1892 sibi
1183 1844 1464 1908 paraverat
1515 1850 1910 1902 successorem,

317 1925 576 1996 prmmisit
598 1925 667 1982 ad
692 1929 894 1983 Deum.

937 2025 1185 2081 CAPUT
1216 2025 1288 2080 ΙΙ.

314 2115 520 2182 Ουωνὶι
541 2117 683 2172 unde
727 2119 942 2172 oriatur
982 2119 1260 2187 repentina
1282 2120 1619 2172 commutatio
1662 2120 1920 2172 mentium

386 2186 452 2240 ab
473 2189 759 2255 ineffabili
784 2189 980 2243 latitia
1000 2186 1058 2241 in
1076 2190 1456 2242 mazstissiman
1483 2190 1654 2242 animi
1669 2187 1921 2258 deiectio-

387 2272 522 2312 nem.

385 2351 490 2406 Hic
520 2349 686 2424 igitur
714 2350 908 2407 beatus
939 2351 1157 2418 Daniel,
1185 2351 1584 2424 inquirentibus
1611 2351 1788 2420 nobis,
1819 2368 1918 2409 cur

313 2441 594 2500 interdum
637 2441 942 2500 residentes
974 2443 1032 2499 in
1063 2437 1253 2500 cellula
1281 2451 1439 2500 tanta
1487 2443 1760 2501 alacritate
1788 2459 1919 2502 cor-

319 2535 426 2604 dis,
470 2551 600 2591 cum
629 2532 900 2592 ineffabili
947 2537 1188 2608 quodam
1215 2535 1416 2609 gaudio
1462 2543 1518 2592 et
1566 2537 1916 2594 exuberantia

313 2629 813 2686 secretissimorum
853 2645 1114 2686 sensuum
1157 2629 1518 2702 repleremur,
1547 2637 1611 2684 ut
1654 2645 1778 2708 eam
1804 2646 1920 2686 non

215 2789 238 2802 .
315 2720 497 2779 dicam
543 2737 726 2779 sermo
769 2723 1066 2796 subsequi,
1101 2722 1198 2781 sed
1235 2739 1306 2780 ne
1347 2723 1464 2795 ipse
1494 2721 1715 2796 quidem
1754 2737 1920 2780 sensu

311 2823 664 2883 occurreret;
689 2817 865 2873 oratio
891 2833 1112 2889 quoque
1136 2833 1271 2888 pura
1297 2831 1360 2873 ac
1389 2823 1663 2888 prompta,
1689 2823 1745 2872 et
1764 2829 1922 2871 mens

311 2909 470 2980 plena
502 2909 835 2982 spiritalibus
867 2909 1134 2966 fructibus
1173 2903 1364 2982 preces
1405 2923 1533 2966 suas
1567 2907 1816 2966 efﬁcaces
1859 2925 1923 2965 ac

308 3001 462 3058 leves
488 3003 652 3062 etiam
684 3018 779 3074 per
811 3018 1071 3074 soporem
1100 3001 1410 3075 supplicans
1433 3002 1502 3059 ad
1523 3005 1700 3058 Deum
1729 3017 1926 3074 perve-

2022 1649 2303 1723 respondit
2333 1669 2347 1704 :
2623 1703 2646 1732 κ

2635 1759 2880 1816 CAPUT
2917 1760 3018 1814 lII.

2273 1873 2558 1942 Responsio
2569 1886 2733 1942 super
2757 1873 3039 1942 proposita
3067 1873 3378 1941 quastione.

2095 1989 2117 2018 °
2141 1979 2428 2052 Tripartita
2469 1978 2628 2036 nobis
2663 1994 2695 2034 a
2748 1979 3046 2052 majoribus
3088 1993 3252 2050 super
3297 1979 3420 2049 hac,
3465 1996 3634 2054 quam

2023 2073 2219 2140 dicitis,
2249 2071 2530 2128 sterilitate
2563 2071 2768 2127 mentis
2805 2071 3003 2127 tradita
3027 2071 3167 2127 ratio
3201 2081 3304 2128 est.
3349 2079 3464 2128 Aut
3483 2074 3632 2131 enim

2025 2167 2093 2223 de
2116 2165 2435 2239 negligentia
2475 2171 2682 2234 nostra,
2713 2171 2812 2220 aut
2845 2163 2915 2220 de
2953 2163 3365 2236 impugnatione
3407 2166 3643 2246 diaboli,

2021 2270 2117 2316 aut
2151 2261 2218 2316 de
2247 2259 2649 2330 dispensatione
2675 2257 2902 2314 Domini
2939 2273 3005 2314 ac
3049 2257 3372 2330 probatione
3399 2258 3633 2316 descen-

2022 2353 2124 2412 dit.
2162 2354 2188 2389 ἀ
2231 2355 2300 2409 Et
2339 2353 2409 2410 de
2453 2351 2781 2425 negligentia
2821 2350 3066 2424 quidem,
3105 2367 3232 2408 cum
3267 2360 3456 2408 nostro
3495 2353 3632 2411 vitio

2025 2455 2213 2519 tepore
2274 2445 2616 2519 praecedente
2661 2445 3114 2516 incircumspecte
3163 2445 3532 2517 nosmetipsos
3579 2455 3634 2504 et

2023 2538 2305 2596 remissius
2343 2537 2680 2605 exhibentes,
2715 2545 2774 2592 et
2810 2553 2906 2608 per
2951 2536 3224 2608 ignaviam
3273 2545 3330 2592 et
3367 2538 3635 2596 desidiam

2027 2632 2209 2688 noxiis
2263 2629 2694 2702 cogitationibus
2747 2628 2906 2698 pasti,
2963 2636 3168 2684 terram
3219 2627 3402 2689 cordis
3462 2630 3636 2686 nostri

2027 2724 2211 2796 spinas
2243 2732 2299 2780 et
2343 2722 2574 2780 tribulos
2614 2720 2846 2778 facimus
2881 2721 3208 2794 germinare,
3237 2720 3442 2792 quibus
3485 2722 3546 2776 in
3573 2737 3638 2778 ea

2029 2815 2416 2889 pullulantibus
2457 2823 2855 2887 consequenter
2881 2813 3156 2881 efﬁcimur
3199 2813 3428 2878 steriles,
3475 2821 3638 2886 atque

2029 2909 2100 2966 ab
2137 2908 2287 2965 omni
2308 2907 2590 2964 reddimur
2616 2907 2845 2980 spiritali
2873 2907 3052 2964 fructu
3079 2915 3134 2962 et
3169 2905 3636 2978 contemplatione

2025 3002 2217 3076 jejuni.
2255 3009 2278 3033 °
2321 3004 2403 3057 De
2431 3001 2842 3074 impugnatione
2883 3015 3013 3057 vero
3041 2999 3266 3069 diaboli,
3300 3014 3428 3056 cum
3465 2997 3636 3057 etiam

1420 3103 1674 3157 ALARDI
1711 3103 1937 3159 GAZzEI
1974 3102 2535 3160 COMMENTARIUS.

393 3210 420 3237 ⁸
453 3199 632 3257 Simili
659 3199 910 3273 exemplo
937 3198 1109 3255 abbas
1125 3200 1388 3273 Joannes,
1425 3209 1489 3256 ut
1511 3197 1684 3273 refert
1711 3204 1918 3273 Auctor
1948 3210 1992 3273 ο

309 3271 416 3329 lib.
450 3287 516 3328 Iv
543 3271 782 3326 Institut.
803 3269 922 3341 cap.
963 3276 1056 3341 3f),
1086 3269 1333 3341 Mucium
1364 3269 1696 3341 monachum
1719 3270 1796 3341 ob
1816 3271 1924 3325 sin-

308 3342 568 3422 gularem
633 3349 689 3397 et
751 3338 1076 3422 stupendam
1125 3339 1465 3422 obedientim
1516 3338 1920 3422 probationem,

309 3411 488 3488 quam
537 3413 592 3468 in
633 3427 700 3468 eo
737 3411 1094 3488 exercuerat,_
1132 3411 1299 3466 morti
1322 3411 1440 3482 jam
1473 3411 1774 3488 proximus,
1805 3427 1925 3488 eum

303 3482 629 3558 ﬁrmponens
656 3486 856 3538 cunctis
891 3483 1170 3558 fratribus
1216 3497 1557 3558 successorem
1587 3482 1712 3548 sibi,
1761 3487 1925 3558 atque

291 3552 566 3612 'abbatem
606 3557 926 3610 monasterio
969 3554 1278 3624 dereliquit.
1329 3554 1578 3622 Quorum
1609 3552 1922 3624 occasione

309 3626 683 3700 quastiouhic
721 3624 929 3680 moveri
959 3623 1179 3700 posset,
1221 3639 1291 3678 an
1327 3625 1496 3700 abbas
1541 3623 1623 3700 vel
1666 3623 1922 3700 praelatus

311 3694 490 3770 possit
531 3697 636 3753 sibi
679 3694 1415 3770 successoremdiligereet
1441 3694 1765 3770 instituere}
1797 3695 1918 3770 Ye-

309 3763 459 3850 ἱέιῐιιΔ
478 3767 597 3850 haec
622 3767 850 3850 quaestio
886 3767 1113 3850 majoris
1148 3763 1549 3850 disquisitionis
1565 3773 1620 3821 et
1644 3763 1919 3850 difﬁcilio=~

309 3840 401 3894 ris
444 3835 795 3908 tractationis
815 3852 935 3892 esse
966 3835 1230 3908 videtur,‘
1252 3835 1420 3908 quam
1445 3845 1507 3890 ut
1535 3835 1642 3908 hoc
1669 3836 1918 3908 locopro

309 3909 536 3966 ratione
571 3907 800 3962 instituti
836 3905 1136 3975 commode
1159 3904 1393 3975 expediri
1435 3904 1605 3975 possit
1638 3925 1650 3960 :
1694 3904 1920 3975 proinde

308 3995 444 4036 eam
465 3978 591 4034 alibi
621 3975 1016 4032 discutiendam
1045 3974 1292 4046 relinquo
1319 3974 1476 4046 (Vide
1499 3977 1638 4028 inter
1659 3974 1796 4028 alias
1819 3978 1918 4030 ad-

307 4051 552 4114 ditiones
575 4047 648 4100 ad
675 4047 866 4100 calcem
893 4043 1114 4114 operis).
1202 4043 1219 4114 ί
1245 4113 1255 4114 7
1330 4043 1336 4046 ⁷
1698 4095 1702 4098 .

397 4112 424 4148 ⁸³
464 4118 613 4172 Nota
639 4115 904 4185 Spiritales
919 4112 1170 4180 hostias,
1206 4113 1261 4170 id
1289 4121 1382 4185 est
1398 4115 1677 4184 mysticam
1703 4113 1922 4170 Eucha-

302 4187 491 4266 ristiac
523 4184 880 4266 oblationem,
895 4200 990 4241 seu
1011 4185 1194 4266 Missa:
1221 4184 1545 4266 sacriﬁcium
1581 4185 1748 4266 etiam
1777 4185 1922 4266 apud

303 4259 677 4318 anachoretas
701 4257 819 4312 illos
849 4255 1262 4328 frequentatum.
1287 4255 1508 4328 Dicitur
1542 4264 1725 4328 autem
1751 4255 1921 4328 spiri-

305 4329 483 4388 tualis
513 4328 712 4396 hostia,
739 4335 860 4382 tum
898 4326 1021 4398 quia
1057 4327 1318 4398 spirituali
1363 4335 1418 4398 et
1448 4326 1706 4383 ineffabili
1750 4326 1916 4383 modo

306 4400 564 4458 Christus
593 4400 705 4470 ipse
726 4397 979 4470 sacerdos
999 4406 1050 4454 et
1073 4398 1289 4454 victima
1319 4397 1549 4470 offertur
1573 4407 1626 4456 et
1653 4399 1916 4466 sumitur,

308 4481 440 4528 tum
468 4471 597 4542 quia
614 4467 920 4541 spirituales
953 4467 1081 4542 facit
1102 4485 1181 4542 ex
1219 4469 1545 4542 carnalibus.

389 4546 414 4576 θ
454 4537 671 4612 Triplex
723 4555 883 4612 causa
911 4541 1163 4612 spiritalis
1209 4539 1581 4612 desolationis,
1609 4555 1788 4612 Aquam
1833 4537 1923 4594 hic

2101 3211 2123 3237 ο
2174 3199 2358 3271 Hujus
2406 3199 2486 3255 rei
2549 3199 2774 3271 insigne
2811 3199 3130 3271 exemplum
3178 3196 3348 3271 babes
3389 3197 3444 3252 in
3499 3196 3640 3271 Vitis

2031 3267 2420 3342 Patrum'(Lib.
2456 3284 2504 3324 tt
2528 3285 2570 3324 c.
2605 3267 2700 3339 29)
2725 3267 3008 3342 hisverbis
3027 3269 3259 3342 relatum
3283 3267 3340 3342 in
3361 3268 3637 3342 Macario.

2031 3337 2299 3412 Quodam
2328 3337 2867 3412 tempore_nocte__in
2901 3337 3076 3412 specie
3119 3337 3374 3412 monachi
3416 3338 3636 3412 daemon

2029 3407 2098 3468 ad
2127 3412 2246 3484 ejus
2273 3407 2478 3484 ostium
2508 3409 2736 3484 pulsavit
2761 3407 2958 3484 dicens
2973 3425 2987 3462 :
3017 3410 3222 3484 Surge,
3241 3407 3632 3484 abbablacari,

2029 3491 2086 3538 et
2113 3477 2300 3538 eamus
2339 3481 2408 3538 ad
2450 3477 2758 3549 collectam,
2801 3481 2893 3552 ubi
2928 3477 3226 3552 fratres'ad
3265 3477 3464 3552 vigilias
3490 3493 3640 3552 con-

2027 3559 2342 3680 gregantur.
2397 3551 2493 3634 Ille
2539 3567 2668 3608 vero
2694 3551 2883 3633 .gratia
2937 3550 3036 3606 Dei
3085 3549 3357 3632 repletus'_
3375 3549 3638 3634 intellexit

2067 3624 2232 3680 iaholt
2255 3620 2546 3680 fallaciam.
2576 3631 2632 3678 et
2659 3631 2732 3678 ait
2767 3641 2779 3677 :
2813 3625 2862 3679 Ο
2893 3621 3129 3678 mendax
3170 3628 3224 3676 et
3251 3629 3490 3677 veritatis
3531 3637 3638 3676 Inl-

2067 3620 2232 3680 ianli
2255 3620 2546 3690 fallaciam,
2576 3631 2632 3678 et
2659 3620 2739 3678 ait
2767 3641 2779 3677 :
2813 3625 2862 3679 Ο
2893 3621 3129 3678 mendax
3148 3620 3224 3676 'et
3251 3621 3490 3677 veritatis
3531 3621 3640 3676 ini-

2029 3695 2190 3762 mice,
2238 3693 2366 3766 quid
2409 3693 2508 3748 tibi
2547 3693 2825 3766 consortii.
2870 3692 3004 3764 quid
3032 3691 3306 3766 societatis
3337 3691 3636 3766 cum_col-

2027 3761 2683 3838 lectaet'congregatione
2697 3761 3054 3838 sanctorum?
3081 3765 3155 3838 ᾼς
3179 3761 3268 3815 ille
3304 3761 3382 3838 ait
3416 3781 3428 3816 :
3474 3763 3641 3838 {latet

2025 3852 2161 3917 ergo
2207 3845 2294 3902 te,
2331 3829 2639 3917 c'MEcari,
2681 3833 2830 3917 quod
2865 3833 2996 3917 sine.
3021 3830 3179 3886 nobis
3198 3829 3638 3917 .nu'lla‘ccllecta

2026 3898 2224 3989 agitur,
2255 3898 2402 3989 nulla
2416 3898 2762 3989 congregatio
2784 3901 3223 3989 monachorum?
3249 3899 3401 3989 leni
3449 3898 3639 3989 trude:

2026 3972 2226 4048 nique,
2275 3983 2346 4048 etc
2379 3972 2586 4030 videbis
2621 3972 2710 4030 ibi
2764 3989 2953 4048 opera
2974 3979 3183 4048 nostra.
3249 3972 3403 4048 Dixit
3448 3976 3635 4048 autem

2030 4041 2117 4104 S.'
2149 4045 2416 4101 Macarius
2464 4065 2477 4100 :
2515 4041 2879 4116 lmperet_tibi
2920 4041 3216 4116 Dominus,
3249 4041 3470 4116 daemon
3525 4041 3638 4116 im-

2030 4116 2259 4174 muude.
2293 4117 2361 4170 Et
2385 4109 2678 4170 conversus
2703 4113 2776 4170 ad
2803 4109 3132 4176 orationem,
3155 4110 3308 4181 petiit
3330 4127 3362 4165 a
3396 4109 3638 4181 Domino

2029 4197 2092 4245 ut
2114 4187 2218 4244 sibi
2253 4184 2567 4240 ostenderet
2593 4184 2639 4238 si
2679 4184 2809 4254 hoc‘
2829 4197 3018 4254 verum
3057 4179 3200 4237 esset
3223 4179 3638 4254 quod‘dazmon

2027 4256 2380 4332 gloriabatur.
2407 4254 2554 4332 Abiit
2579 4270 2709 4326 ergo
2747 4252 2814 4332 a_d
2843 4253 3150 4332 collectam,
3179 4249 3276 4332 ubi
3297 4249 3636 4332 a_fratribus

2025 4323 2220 4402 {igiliaa
2243 4323 2675 4402 celebrabantur]
2695 4333 2750 4402 et
2773 4324 2970 4402 iterum
2990 4326 3043 4380 in
3059 4323 3302 4402 oratione
3318 4324 3640 4402 -Dominum

2026 4394 2414 4472 deprecabatur
2453 4407 2515 4454 ut
2536 4407 2619 4472 _c_t
2659 4394 2708 4454 ei
2750 4397 3031 4454 veritatem
3057 4394 3208 4472 verbi
3239 4396 3412 4467 hujus
3439 4405 3634 4472 osten-

2026 4468 2199 4528 deret.
2238 4473 2311 4526 Et
2352 4485 2476 4526 ecce
2500 4469 2632 4535 vidit
2681 4484 2776 4542 per
2803 4477 2976 4542 totan
3005 4468 3286 4542 ecclesiam
3317 4469 3471 4542 quasi
3507 4483 3636 4540 par-

2029 4485 2199 4528 ceret.
2240 4485 2311 4526 bl
2352 4485 2476 4526 ecce
2500 4485 2632 4535 νιαιῑ
2681 4485 2776 4542 per
2803 4485 2976 4525 toram
3005 4485 3286 4524 eccuesnam
3317 4485 3471 4594 quas:
3507 4485 3636 4540 par-

2029 4543 2185 4599 vulos
2223 4542 2490 4614 quosdam
2532 4556 2736 4614 pueros
2781 4540 3066 4614 Ethi‘opes
3110 4540 3296 4614 nigros
3336 4539 3637 4614 Aiscurrere

308 4589 671 4686 ειρτίιῑίειξέξιῑ
711 4589 1175 4666 siié'iﬁ'diiéiéi}.
1212 4589 1922 4680 “satis;"struma
1953 4589 2001 4652 ι)
2034 4589 2149 4670 in“;
2159 4589 2502 4686 statariae;
2515 4589 3640 4686 figi'iéiuﬁéiiﬁﬁaofEafa-ri?cisia}:

307 4684 432 4754 sive
455 4683 793 4754 tepiditatem
822 4689 998 4736 vocat.

387 4743 418 4787 ἀ
447 4743 601 4810 Hanc
637 4767 865 4822 causam
899 4749 1179 4822 annotavit
1206 4751 1275 4822 D.
1310 4748 1612 4822 Gregorius
1655 4764 1698 4822 χ
1727 4750 1924 4822 Mora].

307 4841 444 4897 cap.
475 4833 527 4881 7.
578 4817 964 4894 Saepe,inq’uit,
986 4821 1294 4897 immunda
1323 4817 1574 4890 quidam
1615 4821 1929 4897 vel_il_licita

307 4891 505 4953 animo
524 4891 821 4961 versamus,
845 4891 1046 4963 quoties
1067 4909 1101 4946 a
1124 4892 1370 4962 precibus
1389 4905 1665 4945 vacamus.
1689 4891 1792 4946 Sed
1811 4906 1930 4946 cum

305 4985 366 5024 se
392 4983 545 5024 mens
573 4967 647 5020 ad
669 4963 910 5020 studium
941 4965 1196 5018 orationis
1244 4965 1499 5030 erexerit,
1541 4976 1726 5015 earum
1753 4977 1932 5015 rerum

309 5042 585 5108 imagines
631 5037 969 5092 reverberata
1015 5036 1248 5108 patitur,
1284 5033 1493 5108 quibus
1518 5032 1742 5108 libenter
1778 5034 1930 5108 prius

305 5104 491 5166 otiosa
498 5109 872 5180 premebatur;
893 5110 943 5160 et
963 5107 1121 5180 quasi
1126 5104 1249 5180 jam
1263 5105 1456 5180 faciem
1468 5104 1552 5180 ad
1573 5107 1737 5180 Deum
1749 5105 1930 5180 anima

303 5175 618 5237 levare-non
639 5180 866 5246 sufﬁcit,
883 5179 1016 5247 quia
1035 5178 1092 5230 in
1110 5191 1164 5229 se
1183 5177 1440 5230 nimirum
1455 5175 1746 5244 inquinata
1759 5177 1932 5228 mente

305 5253 566 5307 maculas
605 5251 828 5320 polluite
892 5249 1224 5317 cogitationis
1275 5247 1550 5302 erubescit.
1586 5247 1738 5320 Saepe
1788 5247 1931 5320 curis

305 5324 517 5378 mundi
550 5317 776 5376 libenter
819 5334 1166 5390 occupamur,
1205 5333 1428 5388 cumque
1475 5318 1697 5390 posthac
1753 5317 1932 5390 studio

302 5395 580 5450 orationis
619 5386 965 5454 intendimus,
988 5386 1410 5459 nequaquam—se
1435 5386 1580 5444 "iens
1601 5388 1674 5442 ad
1696 5386 1932 5444 cmlestia

302 5467 500 5530 erigit,
531 5465 658 5534 quia
678 5463 888 5532 pondus
913 5463 1050 5516 hanc
1077 5466 1300 5516 terrenae
1327 5460 1704 5534 sollicitudinis
1727 5462 1782 5514 in
1807 5476 1932 5534 pro

299 5534 562 5602 fundum
588 5536 778 5588 mersit
787 5554 807 5600 ,-
835 5539 885 5587 et
910 5534 964 5586 in
987 5547 1141 5602 prece
1158 5534 1324 5600 facies
1350 5533 1556 5587 munda
1582 5547 1686 5586 non
1702 5533 1934 5586 ostendi-

304 5611 442 5667 tur,
488 5609 620 5675 quia
663 5605 1006 5675 cogitationis
1030 5606 1228 5673 inﬁma:
1263 5606 1375 5658 luto
1427 5604 1751 5658 maculatur.
1801 5605 1934 5675 Haec

297 5679 643 5806 Erigonus.
673 5674 811 5732 Vide
832 5675 1096 5730 Joannem
1122 5675 1424 5732 Climacum
1445 5675 1612 5748 gradu
1633 5680 1724 5741 28,
1739 5674 1833 5746 qui
1853 5681 1935 5729 est

347 5764 385 5804 e
469 5759 702 5804 ratione.

347 5764 385 5804 e
414 5749 702 5805 Oratione.

549 5835 810 5891 Ρλτιιοι.
851 5833 1063 5890 XLIX.

2031 4695 2212 4741 rentes
2240 4675 2428 4740 autem
2471 4675 2546 4737 illi
2583 4683 2866 4753 Ethiopes
2883 4681 3036 4752 pueri
3076 4677 3306 4753 singulis
3333 4675 3640 4753 quibusque

2034 4755 2293 4822 fratribus
2321 4756 2375 4809 in
2421 4753 2667 4822 oratione
2694 4743 2902 4822 positis
2923 4743 3466 4822 atquepsallentibus
3496 4743 3640 4798 allu-

2035 4813 2270 4889 debant;
2293 4832 2348 4878 et
2386 4822 2432 4877 si
2457 4821 2544 4876 cui
2581 4838 2644 4876 ex
2667 4811 2736 4876 iis
2766 4818 2954 4889 oculos
2975 4811 3192 4889 duobus
3215 4811 3452 4889 digitulis
3476 4827 3640 4889 com-

2039 4883 2400 4977 Ρτθεδίδέςητν
2417 4891 2603 4977 ἓῖὲἒξλὶἶι
2649 4887 2982 4977 έοτέηἶξίὲΡὲἒ
3003 4884 3134 4977 ius:
3159 4883 3440 4977 “31.19.51
3471 4884 3641 4977 i913?

2039 4954 2438 5020 immersissent
2461 4959 2716 5030 digitum,
2745 4957 2978 5030 oscitare
3010 4971 3140 5014 eum
3171 4954 3459 5030 faciebant.
3496 4960 3639 5030 Item

2040 5041 2168 5107 post
2192 5031 2482 5107 psalmum_
2502 5027 2731 5107 c—um‘ad
2761 5028 3129 5107 orandum_se
3155 5027 3640 5107 projecissent__fra-

2039 5098 2170 5172 ires,
2193 5098 2602 5175 'percurrebant
2629 5102 2855 5175 iterum
2885 5099 3127 5172 singulos
3144 5098 3264 5175 {et
3299 5105 3423 5152 ante
3449 5098 3634 5175 alium

1980 5167 1995 5180 ’
2041 5167 2260 5248 quidem
2301 5173 2575 5248 jacentem
2623 5174 2678 5228 in
2719 5167 3002 5248 oratione:
3042 5168 3298 5248 quasi_in
3348 5168 3640 5248 mulierum

2039 5240 2217 5320 s'pecie
2266 5240 2644 5320 vertebantur;
2681 5253 2808 5320 ante
2855 5243 3020 5320 alium
3057 5240 3222 5313 ’quasi
3280 5240 3636 5314 aediﬁcantes,

2040 5315 2135 5374 aut
2169 5325 2515 5389 apportantes
2541 5315 2771 5387 aliquid,
2805 5323 2898 5370 aut
2927 5315 3134 5389 diversa
3165 5327 3404 5389 quaeque
3420 5322 3643 5389 agentes

2039 5383 2387 5469 apparebant.
2420 5389 2498 5469 _Et
2525 5383 2885 5469 quaecumque
2902 5383 3195 5469 desultorios
3211 5383 3360 5466 quasi
3397 5383 3644 5469 ludentes

2042 5456 2393 5523 formassent,
2420 5456 2773 5514 haec—orantes
2799 5456 2875 5512 illi
2901 5456 2952 5510 in
2983 5457 3164 5514 cordis
3199 5457 3280 5509 sui
3317 5456 3644 5522 cogitatione

2043 5532 2347 5588 versabant.
2380 5531 2466 5585 Ab
2491 5529 2780 5602 aliquantis
2801 5537 2980 5584 tamen
3007 5525 3285 5602 fratribus,
3318 5524 3405 5577 ubi
3440 5524 3644 5602 aliquid

2041 5604 2240 5659 horum
2285 5617 2446 5674 agerc
2477 5595 2820 5674 ,cm'pissent,
2871 5599 3028 5674 quasi
3088 5597 3350 5652 violenter
3413 5595 3642 5668 repulsi,

2042 5671 2361 5747 praecipitati
2404 5671 2849 5747 dejicie‘bantur,”
2860 5671 2939 5747 ita
2973 5677 3044 5747 _ut
3073 5683 3176 5723 nec
3205 5677 3348 5724 stare
3387 5675 3512 5746 ante
3549 5679 3646 5747 eos

2044 5739 2139 5803 aut
2177 5739 2404 5801 transire
2433 5739 2712 5802 auderent.
2761 5743 2872 5798 Alii
2915 5742 3080 5798 etiam
3123 5753 3283 5809 supra
3329 5739 3560 5790 cervices
3589 5739 3646 5786 et
