3982 6202
340 319 441 372 587

1418 304 1698 363 JOANNIS
1733 303 2038 360 CASSIANI
2074 296 2566 357 COLLATIONES.

3549 296 3669 352 588

342 441 501 499 bonis
543 453 957 511 nonnumquam
983 434 1184 493 studiis
1210 432 1401 502 dediti,
1434 429 1630 487 callida
1650 429 1952 486 subtilitate
1977 431 2031 494 Α
2057 435 2117 483 ut
2146 421 2540 498 perseverantia
2569 426 2781 484 nostra,
2813 416 2894 474 vel
2917 416 3119 511 mentis
3145 414 3453 511 constantia
3471 418 3657 511 etde-

340 544 583 593 mentem
616 543 864 591 nostram
906 529 1216 588 adversario
1261 533 1609 599 penetrante,
1655 523 1737 579 vel
1788 524 1947 596 igno-

339 638 525 687 rantes
590 628 657 684 ab
702 624 926 699 optimis
996 620 1385 678 intentionibus
1438 616 1812 674 abstrahimur
1863 616 1946 672 vel

341 721 511 777 inviti.

972 808 1214 863 CAPUT
1240 808 1333 863 IV.

416 914 566 983 Quod
592 912 1009 983 dispensationis
1038 927 1101 965 ac
1116 909 1511 981 probationatis
1538 908 1639 963 Dei
1663 904 1867 975 duplex

999 997 1163 1037 causa
1197 983 1291 1035 sit.

414 1100 441 1127 ι
478 1088 913 1162 Dispensationis
958 1096 1166 1155 autem,
1221 1086 1304 1140 vel
1353 1084 1694 1156 probationis
1720 1081 1947 1138 Domini

345 1185 543 1257 duplex
574 1198 737 1239 causa
760 1189 845 1237 est
874 1201 888 1236 :
920 1174 947 1213 δ
976 1181 1172 1252 prima,
1198 1187 1260 1234 ut
1290 1177 1559 1249 paulisper
1587 1177 1657 1232 ab
1680 1177 1800 1247 ipso
1845 1174 1947 1230 de-

345 1277 543 1343 relicti,
567 1285 622 1331 et
645 1274 847 1329 mentis
873 1281 1075 1328 nostrae
1101 1270 1379 1327 humiliter
1401 1268 1675 1325 intuentes
1711 1266 1947 1323 inﬁrmi-

345 1377 542 1437 tatem,
589 1375 643 1421 et
678 1380 1026 1437 nequaquam
1073 1379 1235 1435 super
1295 1361 1633 1433 praecedente
1713 1361 1947 1432 puritate

346 1460 552 1532 cordis,
577 1474 699 1532 qua
738 1459 900 1515 nobis
927 1457 1068 1513 illius
1098 1464 1181 1513 est
1211 1455 1517 1511 visitatione
1570 1454 1791 1521 donata,
1821 1453 1951 1509 nul-

346 1555 558 1610 latenus
588 1551 935 1619 extollamur,
962 1550 1362 1622 probantesque
1396 1563 1499 1602 nos
1523 1546 1591 1602 ab
1623 1545 1813 1602 eodem
1850 1543 1953 1601 de-

347 1645 586 1709 relictos,
621 1643 920 1716 gemitibus
952 1641 1152 1697 nostris
1180 1648 1235 1695 et
1263 1639 1535 1695 industria
1569 1638 1722 1694 illum
1749 1637 1953 1693 latitia?

347 1754 410 1794 ac
425 1736 678 1809 puritatis
698 1743 902 1791 statum
913 1749 1231 1806 recuperare
1255 1749 1369 1788 non
1388 1747 1547 1803 posse
1565 1731 1952 1802 intelligamus,

2052 519 2310 578 siderium
2342 513 2763 587 comprobatur,
2803 524 3018 583 quaque
3065 507 3362 564 intentione
3390 508 3575 565 cordis
3602 519 3658 568 et
3746 568 3759 575 _

2053 612 2370 670 orationum
2421 607 2674 665 instantia
2728 604 3069 661 deserentem
3128 616 3230 657 nos
3286 601 3657 661 visitationem

2052 705 2225 763 sancti
2270 703 2507 775 Spiritus
2528 699 2895 773 requiramus,
2924 692 3308 751 manifestatur
3343 693 3399 750 in
3440 695 3602 753 nobis
3638 717 3665 754 :7

2054 815 2118 856 ac
2142 797 2341 870 pariter
2362 801 2719 867 agnoscentes
2758 797 2964 863 quanto
3001 788 3191 844 labore
3217 787 3487 844 amissum
3511 788 3659 848 istud

2052 890 2292 966 Spiritale
2351 887 2613 963 gaudium
2658 893 2714 942 et
2764 883 3010 956 puritatis
3043 881 3229 939 laetitia
3279 882 3657 955 conquiratur,

2053 985 2338 1043 sollicitius
2360 985 2639 1039 inventam
2683 978 2993 1043 custodire,
3037 993 3102 1033 ac
3152 986 3338 1033 tenere
3396 977 3661 1038 intentius

2053 1080 2387 1137 studeamus.
2438 1072 2862 1145 Quodammodo
2891 1072 3040 1128 enim
3070 1070 3430 1144 negligentius
3469 1081 3659 1130 custo-

2054 1174 2157 1231 diri
2194 1174 2363 1242 solet,
2394 1167 2662 1244 quidquid
2700 1166 2939 1224 creditur
2983 1164 3142 1222 facile
3187 1181 3349 1238 posse
3397 1167 3655 1239 reparari.

2292 1255 2309 1263 '
2682 1271 2925 1327 CAPUT
2947 1270 3016 1323 ν.

2057 1371 2207 1439 Quod
2233 1371 2473 1426 studium
2505 1373 2557 1424 et
2576 1369 2852 1439 industria
2877 1371 3062 1421 nostra
3084 1366 3226 1421 nihil
3250 1368 3369 1420 sine
3394 1366 3671 1436 adjutorio

2644 1441 2745 1495 Dei
2766 1438 3085 1508 praevaleat.
3440 1449 3451 1459 ο

2129 1546 2236 1600 Per
2257 1558 2381 1616 quae
2408 1542 2689 1600 evidenter
2722 1540 3011 1613 probatur,
3041 1539 3275 1612 gratiam
3312 1539 3412 1595 Dei
3453 1555 3515 1595 ac
3550 1539 3664 1596 mi-

2061 1635 2416 1693 sericordiam
2470 1651 2686 1707 semper
2714 1633 2925 1705 operari
2956 1633 3014 1689 in
3055 1632 3216 1687 nobis
3257 1646 3321 1688 ea
3350 1647 3475 1705 quae
3519 1631 3663 1689 bona

2062 1737 2206 1786 sunt.
2238 1731 2353 1800 Qua
2378 1728 2678 1791 deserente,
2704 1726 2840 1783 nihil
2867 1726 3051 1783 valere
3079 1724 3321 1781 studium
3346 1725 3660 1792 laborantis,

347 1839 404 1889 et
429 1830 762 1903 praeteritam
791 1827 972 1884 cordis
1008 1827 1344 1884 alacritatem
1367 1841 1479 1881 non
1519 1833 1710 1881 nostro
1743 1823 1952 1890 studio,
1987 1834 2035 1897 Β
2063 1830 2115 1878 et
2167 1821 2567 1893 quantumlibet
2632 1820 2803 1876 animi
2875 1818 3098 1874 nitentis
3161 1818 3480 1874 industriam
3539 1819 3665 1874 sine

347 1923 605 1980 sedillius
629 1921 937 1995 dignatione
982 1919 1141 1975 nobis
1178 1918 1346 1974 fuisse
1385 1917 1665 1984 collatam,
1716 1924 1771 1972 et
1809 1931 1955 1986 prte-

346 2027 558 2075 sentem
585 2016 655 2072 de
682 2017 849 2087 ipsius
876 2029 1097 2070 rursum
1135 2012 1309 2085 gratia
1337 2020 1389 2066 et
1419 2009 1819 2067 illuminatione
1835 2025 1954 2065 esse

351 2109 700 2183 poscendam.
737 2111 761 2140 °
799 2106 1051 2163 Secunda
1084 2120 1211 2161 vero
1255 2103 1596 2176 probationis
1637 2110 1720 2159 est
1767 2118 1953 2174 causa,

2060 1916 2226 1987 ipsius
2265 1917 2463 1972 iterum
2491 1914 2764 1987 adjutorio
2789 1921 2992 1969 statum
3034 1911 3313 1984 pristinum
3342 1927 3661 1982 recuperare

2062 2024 2170 2064 non
2199 2026 2376 2081 posse,
2404 2009 2642 2079 illudque
2665 2007 2867 2080 jugiter
2892 2006 2949 2061 in
2989 2006 3150 2062 nobis
3178 2005 3407 2076 impleri,
3427 2020 3533 2059 non
3559 2020 3673 2058 vo-

2063 2104 2239 2165 lentis,
2270 2119 2439 2172 neque
2479 2102 2767 2169 currentis,
2796 2100 2891 2155 sed
2930 2101 3230 2155 miserentis
3259 2103 3336 2153 est
3367 2100 3462 2153 Dei
3484 2101 3677 2165 (Rom-

1448 2250 1708 2306 ALARDI
1745 2250 1971 2305 GAZEI
1990 2249 2570 2305 COMMENTARIUS.

349 2375 512 2434 dorsa
535 2375 810 2432 ludebant.
856 2377 991 2431 Haec
1015 2389 1141 2430 cum
1171 2374 1476 2446 vidissctS.
1510 2378 1598 2429 Ma
1622 2375 1800 2444 arius,
1825 2391 1954 2446 gra-

348 2447 486 2527 viter
512 2446 794 2527 ingemuit,
821 2446 1155 2527 etlaerymas
1181 2444 1537 2527 profundens,
1557 2446 1626 2500 ad
1653 2444 1951 2527 Dominum

351 2517 492 2574 dixit
524 2542 536 2572 ;
570 2517 821 2589 Respice,
857 2516 1121 2589 Domine,
1138 2533 1207 2589 ne
1230 2517 1410 2582 sileas,
1445 2531 1621 2589 neque.
1651 2516 1947 2589 Amitigeris,

351 2591 525 2654 Deus,
557 2587 949 2659 sedg'exsurge,
991 2596 1046 2643 et
1093 2587 1472 2659 dispergantur
1506 2587 1713 2642 inimici
1744 2587 1844 2654 tui,
1901 2595 1955 2643 et

352 2660 618 2740 fugiant_a
650 2657 790 2740 facie
815 2657 931 2740 tua,
957 2667 1077 2738 etc._
1092 2660 1221 2712 Post
1255 2657 1563 2738 orationem
1593 2667 1800 2740 autem,
1824 2673 1950 2740 exa-

352 2727 628 2785 minandae
669 2728 905 2800 veritatis
944 2727 1135 2800 gratia,
1176 2728 1427 2800 seorsimr
1461 2728 1699 2800 evomtis
1726 2728 1953 2799 singulis

345 2800 652 2870 quibusque
695 2798 1013 2870 fratribus,
1037 2798 1264 2870 inquirit
1291 2798 1358 2854 ab
1386 2799 1462 2853 eis
1515 2799 1559 2853 si
1588 2799 1642 2854 in
1686 2798 1948 2867 oratiOne,

345 2868 438 2941 vel
460 2868 772 2941 aediﬁcandi
797 2868 1154 2941 cogitationes
1168 2868 1475 2941 habuerint,
1506 2871 1585 2923 vel
1611 2870 1715 2924 iter
1736 2871 1949 2941 agendi,

343 2940 426 2996 vel
456 2940 556 2996 alia
590 2941 823 3004 diversa,
853 2940 975 3012 qua:
1005 2940 1294 3012 unicuique
1329 2956 1424 3010 per
1446 2940 1728 3012 damones
1759 2940 1950 3012 imagi-

343 3020 474 3083 nata
521 3012 745 3067 viderat.
778 3015 848 3083 Et
871 3010 1086 3083 isinguli
1111 3026 1302 3083 eorum
1347 3012 1419 3083 ita
1456 3010 1856 3083 confitebantur
1893 3010 1950 3066 in

345 3082 511 3159 gogde
538 3098 647 3159 suo
680 3081 942 3159 ita__fuisse
969 3080 1324 3159 cogitationes
1370 3081 1513 3135 sicut
1553 3081 1639 3159 i_l_|_e
1667 3081 1945 3151 arguebat.

341 3150 429 3208 Et
458 3162 588 3208 tunc
634 3154 965 3207 intellectum
1011 3150 1093 3206 est
1129 3151 1276 3221 quod
1325 3165 1519 3205 omnes
1565 3150 1672 3207 illa:
1716 3150 1866 3208 vana!
1896 3159 1952 3207 et

2059 2376 2403 2436 credidimus,
2429 2378 2640 2443 repente
2674 2376 2869 2428 intima
2891 2374 3196 2438 confusione
3236 2375 3529 2443 vastamur.
3558 2371 3685 2427 Sed

2061 2451 2237 2500 tamen
2264 2442 2499 2514 ejusdem
2538 2446 2848 2511 confusione
2870 2444 3126 2500 discimus
3149 2458 3216 2497 ne
3238 2442 3669 2514 vir‘ibusnostns

2058 2522 2241 2571 nostra
2262 2513 2483 2570 consilia
2506 2516 2809 2569 tribuamus
2828 2534 2843 2579 ;
2864 2521 2914 2570 et
2934 2520 3085 2569 tanto
3104 2516 3374 2567 maturius
3393 2513 3468 2566 ad
3487 2514 3673 2580 gravi-

2060 2592 2223 2643 tatem
2250 2589 2650 2655 restringimur,
2682 2591 2881 2655 quanto
2909 2586 2985 2641 ad
3008 2586 3148 2639 hanc
3208 2586 3371 2654 quasi
3408 2585 3671 2655 amissam

2056 2659 2311 2713 redimus.
2351 2654 2666 2726 Aliquando
2690 2654 2827 2711 dum
2862 2672 3062 2725 magna
3084 2670 3177 2709 nos
3196 2658 3331 2709 scire
3354 2654 3678 2726 gaudemus,

2055 2730 2346 2799 repentina:
2387 2725 2708 2797 ignorantia.
2736 2730 2965 2782 excitate
3003 2728 3344 2799 torpescimus
3390 2725 3538 2799 :_sed
3564 2740 3679 2794 quo

2057 2797 2367 2868 ignorantia
2409 2801 2605 2853 mentis
2632 2800 2799 2853 oculis
2821 2799 2893 2852 ad
2917 2803 3239 2852 momentum
3280 2797 3568 2859 clauditur,
3599 2811 3675 2868 eo

2054 2866 2178 2941 post
2202 2870 2277 2923 ad
2297 2872 2579 2924 scientiam
2599 2873 2779 2925 verius
2801 2872 3078 2939 aperitur;
3099 2873 3162 2922 ut
3184 2870 3440 2941 nimirum
3455 2866 3677 2941 flagello

2058 2939 2171 2996 sua:
2183 2942 2437 2995 caecitatis
2458 2941 2722 3003 eruditus,
2748 2943 2884 2996 scire
2898 2943 3074 3011 ipsum
3093 2957 3129 2994 a
3148 2955 3252 3009 quo
3271 2940 3480 3011 habeat,
3504 2939 3677 3011 sciat-

2059 3015 2193 3067 Hmc
2212 3021 2263 3064 et
2291 3011 2396 3065 alia
2416 3012 2487 3065 D.
2521 3011 2833 3081 Gregorius.
2863 3006 2967 3067 Sed
2992 3023 3046 3065 et
3082 3006 3488 3064 Dan-rnardus
3513 3006 3673 3081 idem

2059 3092 2442 3151 argumentum
2487 3077 2863 3153 c0pi6sissime
2909 3090 3192 3137 tractans:
3236 3081 3520 3149 Superbia,
3556 3077 3672 3153 Vin-

2059 3156 2178 3217 quit
2203 3154 2401 3221 (Serm.
2422 3155 2490 3208 54
2512 3152 2573 3207 in
2598 3154 2857 3217 Cantica),
2905 3155 3125 3207 inventa
3144 3154 3317 3213 inme,
3343 3157 3396 3204 et
3408 3152 3673 3206 Dominus

341 3224 635 3305 superﬂua
658 3222 1028 3295 cogitationes,
1060 3220 1196 3303 quas
1226 3220 1673 3305 velpsalmprum
1704 3223 1783 3276 vel
1814 3239 1941 3304 ora-
1978 3242 2022 3305 ρ
2052 3220 2341 3305 declinauit
2359 3226 2420 3277 in
2434 3226 2869 3305 irauservosuo.
2896 3226 3032 3279 Hinc
3045 3226 3155 3305 ista
3183 3224 3443 3305 steiilitas
3468 3222 3676 3304 anime

343 3293 564 3364 tionum
615 3293 862 3363 tempore
894 3293 1261 3364 unusquisque
1306 3293 1559 3364 inﬁcorde
1588 3293 1945 3364 conceperit,

347 3362 597 3421 illusione
625 3376 683 3420 et
718 3362 974 3419 instinctu
999 3362 1314 3419 damio‘uum
1355 3363 1522 3431 (iant;
1549 3363 1619 3418 ab
1650 3364 1736 3419 liis
1763 3362 1947 3420 autem

344 3436 437 3506 qui
466 3436 613 3490 omni
655 3436 900 3491 custodia
926 3450 1024 3506 cor
1048 3450 1207 3489 suum
1227 3442 1471 3506 servant,
1503 3435 1625 3489 tetri
1648 3437 1949 3506 ‘repellun-

345 3504 436 3558 tur
478 3506 772 3576 Ethiopes.
800 3510 914 3560 Deo
941 3504 1086 3576 enim
1116 3504 1404 3576 conjuncta
1457 3519 1630 3576 mens.
1660 3515 1714 3560 et
1736 3504 1803 3559 'in
1835 3508 1950 3576 ipso

348 3575 615 3645 praecipue
655 3574 901 3645 tempore
930 3575 1193 3645 orationis
1230 3574 1453 3645 intenta,
1503 3575 1638 3645 nihil
1685 3574 1948 3643 alienum,

242 3661 248 3666 ”
344 3643 483 3699 nihil
517 3643 851 3714 superﬂuum
899 3644 1105 3714 recipit.
1154 3644 1412 3714 Haecihi.
1466 3644 1674 3699 Similia
1706 3647 1951 3714 exempla

345 3722 563 3787 essetaut
588 3713 656 3770 in
683 3717 797 3769 Vita
821 3717 875 3771 S.
919 3714 1140 3787 Antonii
1165 3713 1309 3787 apud
1343 3715 1718 3781 Athanasium,
1740 3716 1796 3770 in
1824 3713 1952 3772 Vita

342 3784 638 3859 Hilarionis
664 3787 813 3859 apud
842 3788 926 3859 VD.
964 3784 1383 3859 Hieronymum,
1416 3786 1653 3859 itemque
1678 3787 1778 3841 alia
1809 3788 1953 3859 apud

344 3857 410 3912 Β.
444 3857 772 3923 Gregorium
801 3858 893 3913 lib.
924 3872 972 3912 ιι
993 3856 1134 3927 Dial.
1171 3871 1289 3927 cap.
1318 3863 1374 3922 4,
1406 3866 1459 3911 et
1482 3857 1626 3927 apud
1652 3856 1950 3914 Caesarium

345 3926 694 3999 Cisterciens.
728 3928 820 3983 lib.
856 3945 886 3976 v
914 3927 981 3983 de
1013 3926 1288 3999 Miraeulis
1320 3944 1437 3999 cap.
1468 3933 1522 3981 5.

415 3998 531 4069 Fid
575 4008 690 4063 est,
741 3998 1097 4069 providentia
1143 3997 1545 4069 diviuze,’quae
1584 3998 1744 4054 tertia
1790 4015 1951 4057 causa

344 4067 605 4141 spiritalis
637 4067 991 4125 desalationis
1030 4068 1278 4139 superius
1309 4078 1391 4123 est
1423 4067 1714 4151 assignato.

413 4132 442 4172 δ
480 4142 635 4195 Hanc
679 4157 898 4197 causam
928 4139 1186 4197 sniritalis
1230 4141 1578 4195 desolationls
1606 4158 1671 4195 ex
1720 4141 1919 4197 disnosi

533 4157 635 4195 anc
679 4157 898 4197 causam
928 4155 1186 4197 SDll'llﬂllS
1230 4155 1578 4195 (1880131101118
1606 4158 1671 4195 ex
1720 4155 1953 4197 (1130081-

414 4157 442 4172 ·’
480 4157 635 4195 nanc
679 4157 898 4197 causam
928 4157 1186 4211 spumans
1230 4157 1578 4195 aesonauoms
1606 4158 1671 4195 ex
1720 4157 1953 4210 dispOSI-

342 4210 493 4284 tione
526 4220 581 4267 et
620 4213 936 4282 probatione
979 4211 1163 4284 divina
1194 4212 1577 4284 provenientis,
1607 4213 1877 4284 eleganter
1900 4221 1954 4284 et

343 4282 561 4354 copiose
606 4284 835 4350 explicat
880 4286 947 4338 D.
990 4282 1303 4354 Gregorius,
1349 4282 1465 4337 haec
1505 4283 1642 4337 inter
1686 4282 1786 4339 alia
1817 4283 1947 4338 scri-

342 4353 478 4424 bens
504 4354 636 4415 (Lib.
667 4368 708 4406 n
760 4354 950 4408 Moral.
1002 4353 1123 4420 cap.
1158 4357 1245 4417 27)
1279 4373 1290 4406 :
1327 4356 1413 4409 Fit
1450 4358 1513 4407 ut
1557 4355 1851 4424 aliquando
1898 4370 1955 4408 se

345 4423 456 4477 haec
498 4425 682 4490 gratia
711 4425 923 4477 utiliter
961 4424 1268 4484 subtrahat,
1300 4429 1350 4477 et
1375 4423 1728 4490 prxsumenti
1760 4427 1947 4488 menti,

345 4500 609 4562 quantum
654 4495 714 4546 in
751 4508 806 4547 se
854 4494 1176 4562 inﬁrmetur,
1206 4494 1455 4549 ostendit.
1493 4499 1637 4551 Tune
1664 4498 1805 4550 enim
1832 4511 1951 4551 vere

342 4565 696 4635 cognoscimus
724 4564 858 4618 bona
884 4568 1063 4618 nostra
1092 4564 1236 4618 unde
1261 4566 1392 4632 sint,
1420 4568 1633 4635 quando
1660 4567 1768 4620 hxc
1789 4568 1954 4635 quasi

2052 3311 2201 3357 mete,
2224 3300 2273 3349 et
2293 3295 2583 3350 devotionis
2606 3297 2808 3364 inopia,
2835 3309 2999 3363 quam
3016 3296 3218 3363 patior.
3246 3294 3363 3350 Non
3383 3293 3679 3364 compungi

2054 3368 2127 3421 ad
2157 3368 2423 3435 lacrymas
2453 3382 2601 3435 queo,
2626 3363 2728 3419 non
2747 3367 2892 3435 sapit
2905 3366 3170 3435 psalmus,
3198 3380 3301 3417 non
3331 3364 3499 3431 legere
3518 3363 3673 3435 libet,

2055 3454 2162 3492 non
2180 3434 2333 3491 orare
2352 3434 2595 3498 delectat,
2616 3434 2986 3490 meditationes
3000 3437 3186 3491 solitas
3204 3451 3307 3488 non
3328 3437 3553 3499 iiwenio;
3570 3434 3681 3488 ubi

2057 3515 2136 3563 est
2149 3508 2246 3561 illa
2266 3508 2549 3561 inebriatio
2569 3509 2792 3576 spiritus
2805 3511 2833 3561 ?
2850 3508 2946 3561 ubi
2956 3509 3147 3561 mentis
3164 3506 3436 3565 serenitas,
3463 3510 3515 3557 et
3529 3519 3677 3572 gau-

2060 3580 2237 3647 dium,
2263 3583 2314 3631 et
2338 3593 2457 3647 pax
2484 3580 2545 3630 in
2573 3579 2785 3647 Spiritu
2814 3583 2993 3633 sancto
3016 3581 3044 3632 ?
3075 3583 3137 3632 Et
3166 3576 3304 3631 intra
3333 3593 3345 3627 :
3373 3577 3678 3644 Argumen-

2059 3655 2194 3710 tum,
2225 3646 2422 3719 inquit,
2445 3646 2707 3717 superbice
2734 3656 2810 3703 est
2827 3651 3061 3719 privatio
3088 3650 3299 3718 gratia.
3333 3648 3678 3715 Quamquam

2060 3718 2334 3773 interdum
2352 3719 2697 3773 subtrahitur
2718 3718 2925 3788 gratia,
2956 3722 3068 3774 sive
3087 3719 3404 3779 retrahitur,
3438 3733 3542 3770 non
3562 3732 3677 3785 pro

2057 3790 2328 3859 superbia,
2346 3805 2463 3857 qua:
2480 3789 2601 3858 jam
2629 3795 2726 3852 est,
2753 3791 2847 3845 sed
2874 3806 2995 3860 quae
3016 3792 3213 3857 futura
3229 3790 3428 3843 estnisi
3444 3788 3673 3841 subtra-

2059 3861 2241 3915 hatur.
2284 3860 2457 3914 Habes
2494 3861 2658 3928 hujus
2684 3863 2765 3916 rei
2791 3862 3004 3916 evidens
3034 3861 3407 3915 documentum
3435 3860 3492 3911 in
3514 3858 3675 3927 Apo-

2058 3932 2211 3993 stolo,
2242 3933 2340 4000 qui
2362 3932 2607 3985 stimulos
2635 3934 2811 3986 carnis
2839 3948 2951 3987 sua:
2979 3932 3278 3986 sustinebat
3307 3933 3527 3995 invitus,
3557 3944 3673 4000 non

2059 4005 2190 4073 quia
2217 3999 2578 4064 extolleretur,
2605 4003 2698 4057 sed
2732 4019 2798 4058 ne
2846 4003 3206 4057 extolleretur.
3257 4001 3361 4057 Sed
3396 4004 3504 4054 sive
3545 3999 3673 4069 jam

2059 4076 2316 4137 existens,
2367 4076 2476 4128 sive
2511 4074 2764 4137 nondum,
2796 4074 3048 4143 superbia
3078 4079 3256 4128 tamen
3278 4087 3480 4142 semper
3505 4086 3671 4126 causa

2060 4148 2163 4200 erit
2190 4146 2472 4199 subtracta:
2497 4146 2709 4212 gratiae.

2132 4224 2152 4250 ο
2208 4220 2265 4269 In
2312 4231 2411 4269 suo
2455 4223 2508 4267 et
2552 4215 2788 4269 aliorum
2830 4213 3206 4283 experimento
3251 4213 3539 4267 conﬁrmat
3589 4215 3666 4267 D.

2058 4284 2368 4341 Bernardus
2396 4286 2659 4351 (Serm.x9
2687 4287 2743 4339 in
2776 4286 3013 4353 Cantica)
3047 4304 3064 4340 :
3097 4286 3300 4352 Quibus
3327 4286 3567 4339 studium
3590 4289 3671 4338 est

2057 4356 2257 4426 inquit,
2284 4370 2460 4417 orare,
2488 4357 2801 4423 frequenter
2820 4359 3033 4426 experti
3053 4362 3179 4412 sunt
3198 4356 3344 4425 quod
3367 4357 3501 4410 dico.
3516 4357 3672 4424 Stepe

2063 4426 2215 4481 corde
2242 4426 2421 4494 tepido
2448 4431 2499 4479 et
2519 4426 2673 4480 arido
2692 4427 2988 4482 accedimus
3009 4429 3084 4482 ad
3107 4428 3301 4486 altare.
3323 4428 3558 4481 orationi
3582 4429 3669 4479 in-

2057 4496 2385 4561 cumbimus;
2423 4499 2834 4565 persistentibus
2879 4504 3056 4554 autem
3098 4502 3308 4567 repente
3348 4497 3672 4563 infunditur

2060 4569 2263 4636 gratia,
2280 4570 2580 4636 pinguescit
2599 4574 2800 4637 pectus,
2831 4571 3000 4639 replet
3019 4572 3220 4624 viscera
3246 4569 3531 4622 inundatio
3546 4569 3670 4639 pie-

342 4628 639 4710 amittendo
662 4637 938 4710 sentimus,
972 4637 1102 4710 quia
1132 4652 1167 4710 ᾳ
1185 4637 1336 4710 nobis
1356 4628 1564 4691 servari
1581 4652 1687 4690 non
1705 4628 1946 4705 possunt.
1973 4628 2023 4690 D
2061 4628 2223 4703 tatis;
2247 4628 2306 4693 et
2350 4628 2406 4692 si
2444 4641 2515 4693 sit
2542 4628 2640 4708 qui
2680 4628 2913 4710 premat:
2947 4641 3027 4696 lac
3060 4644 3320 4709 concepta?
3372 4628 3669 4693 dulcedinis

343 4706 435 4761 Ad
461 4706 557 4761 hoc
583 4709 768 4776 itaque
793 4706 1111 4761 intimanda:
1134 4707 1461 4761 humilitatis
1488 4710 1948 4776 magisteriumjit

335 4779 658 4847 plerumque
683 4783 744 4832 ut
764 4780 1017 4833 irruentis
1034 4781 1348 4833 tentationis
1369 4779 1616 4843 articulo,
1645 4783 1801 4832 tanta
1818 4784 1867 4833 st
1876 4780 1949 4833 ul-

343 4851 472 4921 titia
501 4852 823 4919 sapientiam
851 4854 1088 4905 nostram
1113 4852 1299 4917 feriat,
1330 4853 1392 4902 ut
1414 4850 1638 4904 turbata
1656 4865 1801 4904 mens
1822 4866 1950 4921 qua—

343 4920 465 4974 liter
484 4921 594 4973 mal
600 4924 643 4975 is
662 4922 1060 4976 imminentibus
1088 4922 1281 4983 obviet,
1308 4921 1389 4977 vel
1407 4926 1591 4975 contra
1612 4920 1950 4977 tentationem

342 4990 603 5063 quomodo
627 5007 681 5046 se
703 4997 990 5061 prxparet,
1018 4995 1240 5059 ignoret.
1264 4991 1388 5063 Sed
1420 4993 1520 5047 hac
1540 4995 1663 5063 ipsa
1710 4994 1951 5048 stultitia

343 5076 429 5116 cor
438 5062 736 5133 prudenter
753 5063 1153 5132 eruditur,th
1163 5062 1304 5117 unde
1313 5063 1386 5117 ad
1398 5062 1717 5119 momentum
1731 5066 1948 5135 desipit,

341 5148 398 5187 eo
408 5140 529 5203 post
544 5136 719 5189 verius
739 5150 841 5203 quo
856 5139 906 5189 et
941 5135 1198 5189 humilius
1208 5137 1384 5206 sapit;
1404 5141 1455 5190 et
1469 5139 1740 5206 sapientia
1798 5137 1957 5205 quasi

343 5206 485 5260 unde
504 5208 793 5268 amittitur,
805 5206 931 5260 inde
945 5208 1141 5259 certius
1148 5220 1270 5273 poss
1278 5205 1469 5260 idetur.
1497 5207 1809 5276 Aliquando
1825 5207 1953 5260 dum

341 5276 597 5330 sublimia
624 5276 966 5344 intelligendo
1004 5278 1064 5329 in
1089 5276 1312 5330 elatione
1338 5291 1393 5332 se
1429 5280 1643 5331 animus
1671 5279 1853 5343 erigit,
1892 5278 1950 5329 in

337 5346 640 5402 rebus'imis
664 5354 714 5403 et
739 5348 935 5403 vilibus
953 5349 1109 5416 gravi
1125 5347 1437 5402 hebetudine
1460 5349 1738 5417 pigrescit,
1764 5352 1826 5399 ut
1845 5346 1954 5400 sibi

339 5419 503 5473 etiam
531 5425 747 5488 repente
776 5422 885 5472 ima
916 5420 1101 5472 clausa
1142 5418 1347 5480 videat,
1378 5422 1476 5487 qui
1508 5418 1709 5487 pernix
1739 5432 1950 5471 summa

338 5492 677 5558 penetrabat.
706 5490 812 5546 Sed
850 5490 961 5543 hxc
988 5491 1108 5559 ipsa
1154 5489 1415 5543 hebetudo
1441 5488 1769 5541 intellectum
1801 5489 1951 5544 nobis

340 5560 469 5614 dum
512 5561 804 5622 subtrahit,
847 5565 1026 5614 servat
1050 5578 1066 5624 ;
1095 5562 1227 5629 quia
1255 5560 1384 5613 dum
1412 5559 1485 5613 ad
1512 5562 1832 5613 momentum
1869 5576 1952 5615 cor

340 5630 614 5691 humiliat,
657 5633 837 5685 terius
883 5630 958 5684 ad
987 5632 1246 5685 sublimia
1265 5629 1619 5697 intelligenda
1646 5632 1941 5699 conﬁrmat.

338 5700 657 5769 Aliquando
673 5701 802 5754 dum
820 5705 1009 5755 cuncta
1019 5717 1112 5756 nos
1134 5717 1288 5770 agere
1304 5702 1470 5755 consil
1476 5703 1518 5754 ii
1524 5703 1792 5769 gravitate
1806 5718 1942 5771 gau-

339 5771 544 5833 demus,
567 5771 820 5844 pulsante
845 5787 1018 5826 causa:
1038 5774 1348 5840 emergentis
1366 5773 1613 5840 articulo,
1629 5777 1945 5844 praecipita-

340 5844 478 5900 tione
493 5841 674 5898 subita
696 5845 965 5912 rapimur,
982 5849 1033 5898 et
1047 5845 1146 5911 qui
1157 5857 1252 5897 nos
1261 5857 1465 5915 semper
1478 5841 1735 5915 disposite
1747 5841 1949 5901 vixisse

2054 4710 2284 4765 ubertim
2320 4710 2553 4777 fundere
2587 4727 2694 4765 non
2739 4712 3045 4767 tardabant.
3082 4713 3233 4764 I-tem
3285 4710 3417 4765 alibi
3449 4718 3671 4779 (nempe

2053 4783 2206 4854 Serm
2245 4784 2334 4835 22.
2366 4783 2425 4835 in
2451 4783 2687 4845 Cantica)
2719 4781 2774 4854 in
2818 4782 3085 4854 ejusmodi
3113 4781 3381 4835 anxietate
3405 4779 3673 4854 coknstitu:

2057 4852 2146 4915 tis,
2178 4852 2281 4906 hoc
2316 4854 2519 4919 praebet
2550 4851 2879 4909 consilium}
2912 4855 2976 4911 Si
3015 4859 3065 4909 te
3094 4858 3323 4923 torpore,
3350 4852 3561 4923 acedia,
3591 4851 3675 4905 uel

2059 4924 2219 4978 taedio
2246 4925 2399 4993 afﬁci
2417 4926 2600 4985 sentis,
2625 4925 2761 4978 nolis
2774 4930 3057 4995 propterea
3084 4924 3358 4993 difﬁdere,
3399 4928 3499 4977 aut
3524 4922 3670 4976 desi-

2059 4999 2194 5049 stere
2219 5011 2253 5048 a
2270 4995 2452 5050 studio
2479 4997 2792 5063 spirituali;
2820 4997 2912 5050 sed
2921 4996 3166 5065 juvantis
3194 4997 3408 5063 require
3426 5008 3667 5053 manum,

2062 5066 2214 5119 trahi
2241 5071 2290 5120 te
2309 5067 2581 5121 obsecrans
2602 5082 2806 5135 sponsa:
2846 5068 3118 5137 exemplo;
3141 5066 3303 5120 donec
3326 5067 3498 5119 denuo
3510 5068 3678 5118 susci~

2064 5141 2207 5190 tante
2251 5142 2433 5205 gratia
2464 5138 2645 5203 factus
2688 5140 2988 5207 promptior
3011 5138 3348 5205 alacriorque
3366 5139 3677 5207 curras,“

2061 5207 2207 5262 dicas
2235 5226 2251 5261 :
2294 5210 2445 5262 Viam
2474 5205 2860 5263 mandatorum
2879 5213 3090 5263 tuorum
3113 5210 3341 5268 cucurri.
3371 5223 3493 5261 cum
3518 5205 3681 5259 dila-

2058 5281 2192 5350 tasti
2228 5294 2315 5332 cor
2361 5295 2552 5333 meum.
2594 5280 2683 5335 Sic
2719 5284 2896 5334 autem
2943 5281 3205 5350 quamdiu
3256 5279 3407 5333 adest
3461 5277 3674 5350 gratia,

2060 5347 2319 5402 delectare
2343 5351 2404 5402 in
2445 5365 2525 5412 ea,
2573 5355 2635 5405 ut
2662 5367 2768 5406 non
2813 5356 2862 5406 te
2902 5347 3175 5406 existimes
3204 5351 3401 5405 donum
3427 5349 3528 5404 Dei
3539 5348 3681 5416 jure

2060 5420 2405 5474 haereditario
2449 5422 2724 5489 possidere
2740 5464 2755 5485 ,
2808 5424 2889 5476 ita
2933 5422 3180 5477 videlicet
3228 5434 3441 5476 securus
3478 5418 3546 5471 de
3586 5433 3675 5482 eo.

2059 5492 2225 5560 quasi
2261 5505 2557 5560 numquam
2582 5493 2804 5563 perdere
2823 5496 3031 5563 possis;
3058 5509 3122 5548 ne
3162 5493 3333 5548 subito
3376 5505 3495 5544 cum
3520 5490 3681 5557 forte

2057 5565 2351 5616 retraxerit
2401 5579 2653 5625 manum,
2700 5565 3036 5620 subtraxerit
3082 5565 3281 5619 donum
3305 5606 3320 5627 ,
3374 5568 3431 5615 tu
3486 5563 3676 5615 animo

2058 5633 2325 5701 concidas,
2380 5640 2433 5689 et
2474 5638 2684 5691 tristior
2730 5652 2892 5705 quam
2916 5641 3140 5706 oportet,
3188 5640 3303 5704 ﬁas.
3337 5638 3479 5702 Ergo
3499 5634 3559 5686 in
3581 5631 3676 5686 die

2057 5708 2274 5760 virtutis
2299 5711 2405 5763 tute
2432 5707 2547 5761 noli
2580 5722 2688 5761 esse
2719 5722 2954 5774 securus,
2995 5708 3169 5761 clama
3217 5706 3292 5759 ad
3358 5710 3530 5761 Deum
3552 5717 3672 5759 cum

2052 5777 2318 5846 Propheta
2351 5795 2364 5831 :
2422 5779 2551 5834 Cum
2581 5778 2838 5845 defecerit
2863 5782 3035 5835 virtus
3058 5794 3193 5841 mea,
3226 5793 3293 5831 ne
3320 5777 3671 5845 derelinquas

2052 5863 2136 5902 me
2167 5848 2327 5919 (Psal.
2358 5853 2520 5916 Lxx).
