3982 6202
218 362 224 366 ’
320 365 426 420 589

924 363 1264 422 COLLATIO
1303 366 1396 422 IV.
1435 348 1510 408 —.-
1548 367 1636 422 DE
1672 365 2260 424 CONCUPISCENTIA
2298 368 2544 426 CARle
2582 371 2667 427 ET
2706 372 3033 431 SPIRITUS.

3529 382 3644 437 590

320 492 432 556 lx).
459 490 593 561 Quae
603 488 782 560 gratia
807 503 1228 562 nonnumquam
1255 491 1562 548 econtrario
1587 491 1922 565 negligentes
1949 496 2001 560 Α
2031 493 2347 551 ﬁrmitatem
2376 496 2616 552 sentiens
2650 495 2826 559 dicam
2858 515 2874 552 :
2901 503 3102 556 Bonum
3131 501 3271 556 mihi
3296 505 3426 573 quia
3453 505 3638 560 humi-

311 597 377 638 ac
399 581 666 638 resolutos
693 582 1054 654 inspiratione
1081 581 1216 652 hac,
1241 599 1346 656 qua
1385 584 1568 642 dicitis
1585 626 1600 655 ,
1630 597 1844 655 sancta,
1867 594 1924 642 et

319 675 652 732 abundantia
699 675 1031 748 spiritalium
1082 676 1483 750 cogitationum
1534 678 1758 741 visitare
1807 694 1922 736 non

315 769 521 836 renuit,
547 768 645 826 sed
671 769 900 841 inspirat
925 769 1203 844 indignos,
1233 772 1535 828 exsuscitat
1560 773 1920 844 dormientes,

313 871 372 919 et
415 863 691 919 illuminat
725 863 975 921 obsessos
1020 864 1340 938 ignorantia!
1377 865 1644 935 caecitate,
1688 867 1921 924 clemen-

311 965 508 1031 terque
533 972 636 1015 nos
672 960 854 1033 arguit
876 969 1040 1033 atque
1084 961 1316 1036 castigat
1335 1003 1350 1029 ,
1381 960 1676 1019 infundens
1700 978 1760 1019 se
1805 977 1919 1020 cor-

307 1051 475 1109 dibus
503 1053 732 1122 nostris,
771 1061 834 1109 ut
858 1053 938 1110 vel
975 1055 1058 1110 sic
1082 1053 1153 1111 de
1177 1055 1394 1112 inertia
1417 1070 1615 1112 somno
1639 1071 1915 1128 compun-

305 1145 495 1201 ctione
568 1144 737 1218 ipsius
811 1145 1050 1215 instigati
1115 1161 1444 1219 consurgere
1535 1163 1912 1218 provocemur.

307 1237 560 1310 Denique
603 1247 629 1273 ⁸
661 1237 973 1310 frequenter
996 1238 1165 1296 etiam
1207 1238 1476 1298 odoribus
1513 1240 1658 1302 ultra
1686 1255 1913 1298 omnem

308 1333 634 1390 suavitatem
662 1335 1071 1407 compositionis
1100 1335 1387 1404 humanae,
1434 1335 1490 1391 in
1518 1335 1607 1392 bis
1635 1337 1766 1407 ipsis
1812 1352 1912 1393 su-

306 1427 427 1483 bito
476 1428 874 1485 visitationibus
926 1429 1312 1502 adimplemur,
1362 1429 1437 1484 ita
1483 1437 1548 1486 ut
1596 1445 1755 1491 meus
1804 1429 1910 1488 hac

305 1521 667 1579 oblectatione
695 1524 940 1590 resoluta
975 1524 1028 1578 in
1067 1521 1362 1594 quemdam
1400 1523 1623 1595 spiritus
1664 1525 1909 1596 rapiatur

302 1630 607 1688 excessum,
649 1632 817 1690 seque
863 1617 1198 1674 commorari
1236 1615 1587 1675 obliviscatur
1617 1617 1675 1674 in
1719 1634 1903 1677 carne.

908 1749 1145 1806 CAPUT
1195 1751 1288 1805 Vl.

303 1863 456 1932 Quod
491 1863 625 1918 utile
663 1864 813 1920 nobis
829 1866 910 1919 sit
949 1864 1228 1918 interdum
1253 1879 1288 1919 a
1313 1865 1540 1922 Domino
1577 1865 1900 1936 derelinqui.

373 1994 440 2047 In
465 1998 680 2046 tantum
723 2005 853 2046 vero
873 1989 1050 2058 illum,
1077 2005 1240 2062 quem
1269 1989 1529 2060 diximus,
1559 1993 1900 2062 abscessum,

304 2092 379 2152 et,
406 2092 466 2140 ut
489 2084 562 2140 ita
589 2083 806 2156 loquar,
832 2081 1202 2140 desertionem
1233 2085 1358 2153 Dei,
1386 2084 1578 2142 beatus
1608 2086 1786 2143 David
1805 2086 1904 2142 uti-

304 2177 412 2236 lem
431 2194 551 2235 esse
579 2178 858 2252 cognovit,
891 2185 951 2234 ut
970 2193 1318 2251 nequaquam
1359 2178 1611 2235 maluerit
1651 2195 1810 2236 orare
1837 2195 1906 2236 ne

301 2289 335 2331 a
363 2277 486 2330 Deo
516 2276 730 2346 penitus
747 2271 804 2328 in
831 2273 986 2329 nullo
1003 2271 1430 2344 relinqueretur.
1461 2275 1583 2329 Hoc
1600 2273 1747 2330 enim
1770 2274 1904 2330 scie-

299 2367 396 2425 bat
439 2367 805 2440 incongruum
849 2380 966 2422 esse
992 2365 1074 2421 vel
1115 2365 1254 2434 sibi,
1281 2366 1362 2422 vel
1405 2365 1660 2423 humanae
1693 2376 1906 2424 natura:

298 2457 372 2516 ad
399 2459 700 2532 quamlibet
729 2458 1066 2531 pervenienti
1111 2456 1499 2531 perfectionem
1526 2477 1542 2528 ;
1572 2458 1668 2516 sed
1694 2467 1899 2532 tempe-

297 2554 408 2612 rari
449 2569 573 2610 eam
610 2553 794 2626 potius
835 2553 1158 2626 deprecatus
1183 2553 1292 2622 sit,
1331 2553 1518 2611 dicens
1566 2572 1580 2610 :
1613 2546 1640 2586 δ
1673 2556 1791 2612 Non
1817 2571 1902 2610 me

293 2647 643 2718 derelinquas
665 2662 1050 2718 usquequaque
1075 2645 1240 2718 (Psal.
1270 2647 1506 2718 cxvm).
1533 2651 1615 2704 Ac
1635 2647 1682 2703 si
1695 2647 1901 2705 diceret

290 2743 418 2800 aliis
465 2743 642 2800 verbis
675 2761 688 2798 :
720 2743 844 2799 Scio
881 2741 1030 2816 quod
1076 2741 1456 2815 derelinquere
1491 2743 1669 2798 soleas
1700 2742 1903 2798 utiliter

291 2848 423 2898 tuos
460 2848 708 2908 sanctos,
734 2846 796 2894 ut
833 2853 928 2895 eos
958 2837 1176 2910 probes.
1205 2837 1384 2893 Aliter
1407 2837 1553 2893 enim
1586 2837 1657 2894 ab
1701 2837 1898 2894 adver-

291 2935 443 2994 sario
473 2933 670 2990 tentari
703 2949 814 2989 non
843 2941 1094 3006 possunt,
1120 2932 1227 2988 nisi
1259 2948 1291 2988 a
1309 2939 1364 2987 te
1390 2931 1664 3004 paulisper
1697 2929 1899 2988 fuerint

291 3028 577 3095 derelicti;
605 3037 660 3084 et
677 3027 801 3084 ideo
829 3043 940 3083 non
967 3007 1105 3099 rogo
1129 3035 1190 3082 ut
1210 3042 1514 3098 numquam
1542 3041 1635 3081 me
1661 3024 1895 3080 derelin-

291 3138 474 3196 quas,
500 3120 624 3193 quia
649 3136 764 3176 non
790 3119 1012 3192 expedit
1042 3118 1207 3187 mihi,
1248 3126 1311 3175 ut
1336 3135 1447 3174 non
1479 3118 1557 3173 vel
1599 3133 1776 3172 meam
1811 3117 1898 3172 in-

2029 586 2182 642 liasti
2200 604 2284 644 me
2306 589 2476 655 (Psal.
2511 589 2756 672 cxvm);
2789 590 2870 648 vel
2900 583 3222 650 exercitium
3248 611 3358 651 non
3400 595 3636 654 habeam

2031 679 2313 752 prmliandi
2334 723 2350 750 ,
2383 680 2532 753 quod
2569 682 2688 739 sine
2716 683 2885 740 dubio
2914 684 3112 743 habere
3149 703 3262 744 non
3292 697 3482 760 potero
3508 731 3524 757 ,
3577 691 3625 748 si

2028 774 2162 831 mihi
2179 791 2394 847 semper
2420 786 2477 832 et
2492 760 2797 850 indisrupte
2827 780 3115 837 colueserit
3141 783 3406 853 protectio
3427 784 3629 842 divina.

2027 867 2327 926 Suffultum
2344 886 2581 942 namque
2605 887 2696 928 me
2714 880 2808 928 tua
2823 871 3141 930 defensione
3158 884 3368 932 tentare
3387 877 3636 936 diabolus

2026 977 2139 1017 non
2153 962 2400 1028 audebit,
2429 963 2562 1020 illud
2594 965 2861 1038 objiciens
2885 975 2939 1022 et
2963 969 3322 1040 exprobrans,
3352 971 3434 1026 vel
3461 972 3632 1040 mihi,

2025 1055 2108 1110 vel
2135 1055 2269 1122 tibi,
2296 1056 2443 1127 quod
2471 1057 2734 1114 adversus
2774 1059 3006 1116 athletas
3031 1069 3164 1118 tuos
3189 1111 3214 1139 ε
3243 1065 3382 1119 solet
3419 1065 3627 1122 calum-

2021 1147 2172 1205 niosa
2199 1165 2331 1206 voce
2352 1149 2614 1216 proferre.
2642 1152 2922 1224 Numquid
2935 1153 3107 1224 gratis
3122 1154 3229 1209 Job
3252 1156 3386 1211 colit
3413 1159 3626 1214 Deum:

2020 1244 2204 1299 Nonne
2229 1247 2290 1297 tu
2308 1243 2535 1298 vallasti
2559 1259 2677 1298 eum
2704 1261 2768 1299 ac
2794 1245 3012 1299 domum
3041 1246 3178 1315 ejus,
3208 1248 3624 1318 universumque

2018 1337 2378 1391 substantiam
2405 1337 2520 1406 ejus
2546 1353 2650 1408 per
2676 1340 2961 1393 circuitum
3006 1338 3158 1410 (Job.
3185 1353 3204 1394 ι
3229 1339 3293 1411 )?
3321 1340 3427 1396 Sed
3453 1343 3631 1414 magis

2018 1439 2223 1502 petone
2236 1447 2327 1487 me
2353 1443 2741 1506 usquequaque
2769 1433 3014 1502 deseras,
3043 1434 3191 1506 quod
3220 1437 3414 1493 Graece
3428 1435 3630 1494 dicitur

2017 1511 2046 1555 δ
2071 1524 2223 1594 μεχρὶ
2247 1524 2367 1594 πρὸς
2395 1523 2658 1596 ἂγαντεῖον
2682 1567 2696 1589 ,
2731 1526 2787 1583 id
2813 1535 2897 1582 est
2916 1569 2934 1596 ,
2965 1543 3136 1598 usque
3157 1529 3232 1583 ad
3266 1533 3623 1587 nimietatem.

2017 1615 2293 1685 Quantum
2312 1617 2458 1672 enim
2485 1618 2618 1673 mihi
2649 1618 2781 1673 utile
2805 1628 2889 1675 est
2924 1621 2972 1675 si
2998 1634 3086 1674 me
3126 1621 3407 1691 paululum
3431 1623 3620 1679 subre-

2015 1710 2268 1783 linquas,
2310 1721 2375 1768 ut
2418 1711 2671 1769 desiderii
2721 1715 2829 1770 mei
2857 1715 3167 1772 constantia
3207 1716 3621 1787 comprobetur,

2013 1811 2226 1860 tantum
2271 1805 2497 1861 noxium
2545 1813 2629 1861 est
2674 1806 2721 1862 si
2770 1823 2867 1877 pro
2897 1806 3108 1862 meritis
3141 1824 3206 1864 ac
3235 1808 3445 1866 delictis
3485 1811 3621 1868 meis

1933 1907 1980 1970 Β
2011 1897 2245 1952 nimium
2268 1913 2356 1952 me
2379 1897 2552 1954 deseri
2578 1898 2800 1970 patiaris
2825 1917 2841 1963 ς
2876 1901 3002 1971 quia
3041 1900 3187 1956 nulla
3222 1901 3396 1958 virtus
3423 1902 3625 1961 huma-

2008 2006 2099 2056 na,
2135 1991 2179 2046 si
2204 1991 2409 2048 diutius
2428 1991 2483 2047 in
2513 1993 2814 2049 tentatione
2833 2001 2930 2048 tuo
2962 1993 3246 2051 deseratur
3265 1996 3620 2065 auxilio,sua

2007 2084 2206 2156 poterit
2231 2085 2536 2141 constantia
2559 2084 2872 2157 perdurare,
2914 2094 2968 2142 et
2993 2101 3105 2142 non
3137 2089 3388 2159 protinus
3415 2091 3614 2146 adver-

2010 2178 2135 2234 sarii
2176 2179 2256 2234 vel
2291 2179 2528 2251 potentia
2567 2179 2646 2235 vel
2686 2177 2925 2236 factione
2961 2181 3355 2250 succumbere,
3401 2183 3507 2239 nisi
3550 2189 3611 2240 tu

2010 2271 2155 2342 ipse,
2188 2271 2279 2344 qui
2301 2287 2359 2326 es
2384 2270 2751 2330 humanarum
2787 2271 2986 2328 virium
3025 2274 3310 2338 conscius,
3345 2290 3410 2330 ac
3437 2275 3607 2332 lucta-

2012 2362 2224 2418 minum
2257 2363 2594 2432 moderator,
2624 2381 2730 2420 non
2753 2368 3063 2437 permiseris
3105 2369 3306 2422 tentari
3331 2383 3425 2423 nos
3449 2385 3617 2440 super

2007 2457 2070 2512 id
2093 2458 2237 2527 quod
2241 2473 2542 2528 possumus,
2562 2458 2656 2514 sed
2665 2460 2855 2527 feceris
2873 2475 2992 2514 cum
3014 2462 3308 2516 tentatione
3317 2464 3481 2517 etiam
3499 2465 3608 2518 exi.

2009 2557 2144 2616 tum,
2172 2559 2237 2610 ut
2253 2556 2519 2610 sustinere
2538 2557 2808 2624 possimus
2835 2555 2880 2626 (Ι
2909 2557 3028 2613 Cor.
3065 2556 3150 2628 χ).
3171 2557 3304 2612 Tale
3328 2558 3456 2628 quid
3469 2567 3525 2614 et
3552 2560 3609 2616 in

2008 2649 2269 2706 Iudicum
2297 2649 2458 2716 libro,
2479 2664 2597 2718 cap.
2628 2663 2728 2712 Ill,
2760 2663 2924 2719 super
2953 2649 3448 2704 exterminatione'
3474 2665 3610 2721 gen-

2006 2743 2148 2799 tium
2186 2732 2551 2814 spiritalium,
2581 2755 2704 2814 quae
2747 2739 3104 2796 adversantur
3131 2739 3340 2804 lsraeli,
3387 2742 3617 2812 mystice

2008 2837 2245 2908 legimus
2272 2836 2617 2906 designatum
2650 2855 2663 2891 :
2694 2827 2816 2891 Ἧω
2834 2840 2961 2890 sunt
2983 2839 3164 2904 gentes
3192 2849 3326 2904 quas
3352 2838 3615 2891 Dominus

2007 2931 2316 3000 dereliquit,
2339 2934 2400 2984 ut
2428 2930 2664 2984 erudiret
2679 2931 2738 2983 in
2757 2931 2832 2984 eis
2858 2929 3134 2991 Israelem,
3164 2932 3216 2982 et
3236 2929 3486 2983 haberent
3496 2944 3616 2983 con-

2005 3025 2341 3080 suetudinem
2363 3040 2480 3079 cum
2527 3024 2768 3078 hostibus
2793 3021 3110 3093 proeliandi.
3144 3025 3209 3076 Et
3238 3021 3441 3077 iterum
3485 3031 3610 3093 post

2008 3133 2174 3188 pauca
2209 3138 2224 3174 :
2252 3125 2279 3162 κ
2308 3118 2634 3187 Dimisitque
2660 3131 2743 3171 eos
2763 3119 2924 3178 Deus,
2947 3119 3008 3170 ut
3029 3117 3087 3170 in
3108 3115 3246 3186 ipsis
3278 3117 3616 3186 experiretur

1401 3241 1654 3296 ALARDI
1693 3241 1915 3296 ΟΑΖᾸΞΙ
1952 3242 2508 3298 COMMENTARIUS.

376 3375 402 3402 ι
431 3362 767 3420 Suavissime
809 3363 865 3419 id
907 3363 1135 3435 explicat
1177 3362 1537 3435 suavissimus
1588 3363 1737 3420 idem
1769 3368 1898 3420 Ber-

291 3437 509 3497 nardus
538 3451 790 3491 sermone
817 3435 910 3492 illo
939 3434 1086 3490 nano
1120 3443 1174 3490 et
1201 3434 1414 3492 decimo
1443 3434 1496 3490 in
1525 3435 1780 3504 Cantica,
1811 3436 1900 3492 ubi

295 3510 374 3568 de
395 3507 586 3564 osculo
615 3506 866 3578 spiritali,
897 3506 966 3563 de
985 3505 1238 3578 uberibus
1260 3503 1446 3578 sponsi
1476 3515 1532 3561 et
1557 3522 1804 3578 sponsae,
1832 3507 1904 3564 de

295 3579 485 3650 odore
499 3577 902 3650 unguentorum
928 3577 1275 3650 spiritalium,
1294 3577 1360 3633 et
1387 3577 1723 3650 hujusmodi.

377 3652 402 3686 δ
432 3649 494 3706 ld
513 3648 628 3721 est,
649 3650 883 3721 penitus,
915 3648 1376 3721 oinnino,Graace
1405 3648 1497 3710 ἕως
1523 3651 1731 3720 σφόδρα,
1771 3664 1814 3705 ι.
1849 3665 1896 3706 e.

298 3737 474 3792 usque
494 3719 664 3792 nimis
675 3761 688 3780 .
716 3730 776 3776 ut
799 3719 938 3776 infra
963 3720 1092 3792 legit
1113 3720 1427 3778 Ciaconius.
1461 3719 1742 3791 Quanmm
1775 3736 1902 3784 vero

296 3791 526 3863 differat
548 3791 776 3863 relinqui
802 3808 831 3846 a
862 3791 1110 3863 Deo,fet
1137 3792 1348 3863 penitus
1385 3808 1480 3848 seu
1513 3807 1904 3863 usquequaque

295 3862 601 3934 derelinqui
627 3862 872 3934 apposite
910 3862 1000 3934 ad_
1021 3862 1168 3934 hunc
1191 3862 1372 3918 locum
1405 3862 1634 3934 explicat
1664 3862 1728 3918 D.
1773 3866 1902 3917 Am-

293 3931 768 3990 brosius‘Davidis
792 3931 1042 4000 exemplo
1059 3931 1086 3984 ':
1110 3933 1268 3997 Quia,
1299 3931 1498 3999 inquit,
1527 3934 1712 3986 nullus
1737 3938 1908 4002 potest

286 4006 578 4077 perfectus
606 4018 714 4056 esse
738 4006 852 4056 sine
877 4004 1062 4077 favore
1098 4003 1225 4077 Dei,_
1254 4017 1423 4077 neque
1447 4005 1596 4077 tutus
1615 4044 1631 4064 ,
1665 4003 1908 4077 ideouro-

295 4071 446 4147 'gare
483 4073 638 4127 debet
670 4088 734 4147 ne
767 4074 986 4147 penitus
1027 4086 1146 4147 eum
1183 4071 1524 4147 derelinquat
1571 4076 1729 4147 Deus.
1773 4075 1911 4147 Nam

291 4141 481 4212 Eupra
511 4144 722 4209 rogavit
757 4141 936 4198 David
962 4155 1026 4194 ne
1053 4142 1332 4212 derelinqu

294 4213 657 4281 derelinquas
686 4229 788 4274 me,
835 4213 1052 4266 Domine
1105 4215 1244 4268 Deus
1289 4229 1462 4279 meus;
1512 4214 1597 4269 hic
1635 4216 1720 4269 ait
1776 4233 1794 4268 :
1837 4216 1914 4271 Ne

291 4284 657 4353 derelinquas
672 4299 753 4338 me
775 4298 1190 4353 usquequaque;
1214 4285 1310 4340 hoc
1337 4290 1434 4348 est,
1457 4287 1701 4340 multum.
1731 4287 1914 4355 Supra

295 4357 641 4428 forteiquasi
655 4355 832 4409 adhuc
855 4357 1218 4428 imperfectus,
1235 4361 1286 4410 et
1312 4358 1370 4410 in
1395 4359 1610 4427 magnis
1623 4358 1913 4428 perturba-

300 4425 552 4486 tionibus
572 4428 782 4496 positus
801 4441 856 4480 se
882 4425 1191 4498 derelinqui
1215 4429 1470 4493 timebat;
1493 4425 1582 4483 hic
1599 4425 1779 4484 autem
1790 4429 1913 4498 jam

301 4500 530 4567 fortior,
560 4513 666 4570 non
684 4499 833 4570 timet
855 4497 1173 4570 derelmqui,
1203 4503 1265 4552 ut
1278 4504 1510 4554 tentetur
1526 4518 1542 4566 ;
1560 4501 1653 4555 sed
1679 4497 1915 4570 rogatne

291 4571 526 4642 penitus
555 4569 984 4642 derelinquatur.
1017 4569 1337 4642 Plerumque
1374 4575 1554 4624 autem
1588 4569 1917 4642 derelinquit

303 4639 473 4702 Deus,
511 4655 640 4709 quos
678 4641 795 4694 vult
820 4639 1046 4710 probari
1079 4643 1332 4707 :pem’tus
1356 4646 1540 4710 autem
1569 4639 1914 4710 derelinquit,

303 4725 450 4782 quos
465 4709 682 4782 deserit.
705 4709 1000 4782 Dereliquit
1024 4711 1240 4782 penitus
1261 4709 1479 4782 ludam;
1505 4725 1610 4782 non
1631 4709 1920 4782 dereliquit

302 4779 496 4838 autem
542 4781 598 4837 S.
642 4781 758 4843 Job,
801 4783 858 4834 in
885 4779 1038 4849 cujus
1059 4780 1452 4849 patrimonium
1485 4779 1582 4848 jus
1610 4779 1918 4848 tyrannidis

305 4853 632 4909 adversario
656 4852 870 4914 tribuit,
899 4853 958 4904 in
970 4850 1124 4920 cujus
1148 4865 1338 4920 corpus
1369 4855 1690 4920 potestatem
1709 4850 1920 4904 diabolo

307 4923 493 4990 dedit;
523 4925 582 4977 in
601 4925 842 4977 animam
867 4925 1044 4976 autem
1067 4936 1174 4978 non
1198 4921 1386 4976 dedit:
1407 4936 1535 4974 nam
1554 4923 1606 4975 si
1622 4921 1922 4975 dedissetin

307 4997 586 5056 animum,
611 4996 833 5065 penitus
853 4991 1228 5065 dereliquisset
1247 5008 1386 5065 eum,
1418 5003 1523 5046 etc.

381 5069 408 5098 ε
444 5059 692 5121 Unde—et
725 5059 1094 5130 diabolus,'i.
1121 5079 1172 5118 e.
1215 5061 1569 5127 criminator,
1601 5059 1699 5116 sed
1727 5059 1926 5116 calum.

305 5136 536 5203 niator,
587 5135 789 5191 dicitur
823 5140 992 5204 Apoc.
1032 5147 1126 5189 χιι
1163 5153 1176 5188 :
1219 5133 1489 5203 Projectus
1536 5137 1614 5188 est
1650 5136 1928 5187 accusator

301 5209 562 5276 fratrum
571 5213 900 5268 nostrorum,
916 5207 1012 5276 qui
1025 5205 1306 5276 accusabat
1317 5205 1437 5258 illos
1446 5210 1576 5260 ante
1593 5207 1928 5276 conspectum

309 5275 418 5336 Dei
457 5280 635 5334 nostri
675 5279 762 5332 die
801 5293 864 5331 ac
891 5275 1056 5331 nacte.
1097 5279 1158 5332 In
1199 5275 1286 5330 die
1325 5281 1564 5338 accusat,
1609 5275 1769 5330 verba
1799 5281 1932 5328 sunt

306 5352 378 5406 Β.
426 5349 684 5422 Gregorii
717 5347 927 5420 (Moral.
975 5363 1016 5410 1,
1048 5364 1166 5417 cap.
1216 5352 1296 5411 9),
1339 5362 1458 5401 cum
1483 5350 1762 5422 prosperis
1789 5347 1932 5422 male

305 5437 428 5476 non
448 5425 534 5476 uti
549 5419 812 5485 insinuat;
844 5422 902 5472 in
919 5423 1065 5474 nocte
1091 5422 1322 5482 accusat,
1352 5435 1471 5474 cum
1493 5422 1551 5474 in
1579 5419 1821 5474 adversis
1834 5432 1930 5472 nos

303 5507 428 5562 non
449 5492 646 5547 habere
661 5492 985 5562 patientiam
1005 5490 1348 5545 demonstrat.

390 5549 438 5634 ἦ
481 5549 775 5620 Ciaconius
841 5571 896 5634 et
937 5563 1115 5634 nostri
1153 5561 1514 5632 ma‘uscripti
1563 5561 1790 5634 legunt,
1840 5560 1932 5634 ἕῳς

305 5632 533 5705 σφόδρα.
567 5637 641 5690 Ex
666 5642 816 5688 textu
845 5632 1036 5689 Graeco
1063 5631 1208 5688 illius
1233 5631 1506 5705 versiculi,
1537 5631 1684 5704 quod
1713 5633 1932 5705 proprie

303 5703 507 5774 sonat,
531 5721 698 5776 usque
719 5706 898 5766 nimis,
932 5720 1030 5776 pro
1057 5719 1167 5776 quo
1193 5703 1422 5776 Latinus
1450 5703 1723 5776 interpres
1742 5703 1928 5776 vertit,

303 5774 726 5849 usquequaqun
755 5784 824 5830 At
849 5774 998 5849 pribr
1019 5775 1180 5849 lectio
1205 5775 1418 5830 Latinae
1439 5774 1786 5849 expositioni,
1807 5787 1932 5844 qua:

303 5844 711 5919 subiungitur,
743 5844 912 5919 magis
943 5844 1254 5919 respondet,
1273 5861 1444 5919 usque
1465 5845 1542 5919 ad
1564 5849 1930 5919 nimietatem;

1335 4147 1516 4196 eretur
1534 4185 1549 4206 ,
1575 4143 1754 4198 dicens
1785 4162 1802 4197 :
1833 4146 1941 4200 Ne.

1947 4752 1997 4814 D

1934 3371 1979 3434 C
2011 3366 2160 3436 apud
2209 3364 2532 3438 Dionysium
2574 3365 2689 3438 sola
2743 3364 3047 3429 habentur,
3101 3366 3310 3438 Graecis
3363 3365 3608 3422 omissis.
3657 3363 3672 3382 ‘

2012 3441 2185 3493 Porro
2212 3453 2278 3491 ex
2315 3437 2419 3492 hoc
2453 3437 2614 3492 etiam
2647 3437 2762 3492 loco
2788 3451 2952 3492 nemo
2976 3451 3088 3491 non
3119 3437 3263 3492 videt
3303 3438 3403 3494 has
3430 3438 3604 3494 colla-

2009 3509 2188 3564 tiones
2217 3507 2428 3574 Latine,
2457 3523 2569 3563 non
2607 3507 2794 3564 Graece
2821 3506 2985 3563 fuisse
3013 3508 3240 3576 scriptas

2084 3584 2108 3612 ⁸
2133 3580 2342 3636 Gentes
2368 3580 2482 3634 illas
2525 3579 2794 3649 spiritales
2824 3587 2998 3642 vocat,
3034 3579 3178 3649 quod
3211 3595 3397 3636 earum
3422 3581 3608 3636 nomi-

2011 3650 2168 3721 nibus
2193 3651 2247 3706 in
2290 3651 2566 3721 Scriptura
2607 3651 2876 3720 expressis
2911 3649 3173 3721 spiritalia
3218 3651 3341 3706 vilia
3363 3691 3378 3716 ,
3410 3652 3612 3721 quibus

2013 3720 2258 3777 ﬁdelium
2291 3720 2952 3794 mentesimpugnantuf,
2974 3722 3206 3794 mystice
3237 3720 3610 3794 designentur.

2015 3795 2096 3864 De
2120 3793 2315 3863 quibus
2343 3793 2464 3849 vide
2498 3793 2558 3847 D.
2584 3791 3012 3864 Hieronymum,
3039 3791 3094 3846 et
3118 3791 3255 3846 alios
3280 3791 3474 3846 vocum
3497 3793 3616 3846 ﬂe-

2015 3863 2324 3919 braicarum
2378 3866 2717 3933 interpretes.

2088 3933 2106 3968 '
2133 3937 2198 3989 D.
2233 3927 2560 3998 Gregorius,
2587 3933 2680 3988 lib.
2709 3948 2774 3988 ιγ
2813 3931 3110 3988 Moralium
3143 3945 3261 4000 cap.
3292 3933 3385 3996 25,
3408 3927 3618 3998 produ-

2017 4013 2109 4058 cto
2140 4004 2243 4058 hoc
2266 4004 2584 4058 testimonio
2613 4004 2797 4057 subdit
2821 4022 2835 4058 :
2863 4003 2954 4058 Ad
2991 4003 3085 4056 hoc
3112 4017 3340 4069 namque
3367 4000 3616 4070 quadam

2017 4077 2156 4128 vitia
2167 4080 2352 4128 nostra
2373 4079 2686 4134 retinentur.
2701 4079 2762 4127 ut
2773 4089 2884 4128 sese
2893 4077 3073 4126 nostra
3092 4073 3319 4124 intentio
3329 4072 3616 4126 sollicitam

2021 4148 2080 4199 in
2098 4147 2385 4199 certamine
2403 4159 2609 4212 semper
2633 4148 2889 4204 exerceat,
2913 4147 2964 4195 et
2983 4155 3040 4194 eo
3065 4141 3131 4194 de
3148 4143 3376 4195 victoria
3400 4157 3505 4196 non
3527 4158 3618 4197 su-

2014 4216 2260 4287 perbiat,
2285 4230 2389 4287 quo
2399 4216 2575 4268 vivere
2585 4216 2705 4287 inse
2715 4215 2884 4268 hostes
2894 4213 3170 4287 conspicit,
3183 4213 3424 4287 aquibus
3445 4213 3622 4287 adhuc

2021 4284 2168 4341 vinci
2183 4285 2464 4354 formidat.
2490 4285 2654 4340 Israel
2665 4300 2787 4354 ergo
2801 4285 3078 4339 reservatis
3093 4284 3333 4338 hostibus
3348 4284 3617 4348 eruditur,

2023 4358 2240 4428 quando
2282 4359 2341 4410 in
2377 4355 2703 4426 quibusdam
2733 4357 2886 4411 vitiis
2933 4357 3174 4410 minimis
3201 4357 3361 4411 elatio
3403 4358 3623 4413 virtutis

2022 4434 2222 4482 nostrae
2239 4430 2634 4498 comprimitur,
2654 4431 2715 4483 ut
2737 4430 2795 4482 in
2808 4429 2996 4499 parvis
3015 4429 3126 4482 sibi
3144 4429 3516 4484 resistentibus
3541 4429 3626 4485 di-

2023 4504 2161 4572 scat,
2185 4499 2331 4570 quod
2351 4515 2422 4572 ea:
2444 4515 2498 4555 se
2517 4501 2730 4570 majora
2757 4516 2862 4572 non
2887 4500 3114 4568 subiget.
3149 4500 3282 4556 Hac
3301 4499 3622 4572 Gregorius,

2027 4579 2082 4626 et
2111 4571 2196 4630 his
2235 4571 2434 4626 similia
2471 4571 2563 4626 lib.
2598 4587 2674 4626 ιιι
2713 4571 2922 4641 Dialog.
2950 4587 3071 4641 cap.
3111 4576 3196 4624 14.

2096 4643 2124 4681 ⁸
2149 4645 2266 4700 Non
2287 4648 2349 4698 ut
2376 4645 2538 4698 sciret
2565 4647 2704 4699 Deus
2733 4645 2970 4696 omnium
2995 4643 3256 4708 cognitor,
3285 4642 3449 4692 etiam
3478 4641 3630 4704 futu-

2026 4728 2206 4768 rorum
2225 4733 2241 4779 ;
2263 4715 2358 4770 sed
2389 4719 2451 4786 ut
2479 4715 2678 4767 scirent
2696 4715 2825 4782 ipsi,
2853 4718 2904 4765 et
2933 4721 3033 4786 sua
3057 4709 3374 4786 conscientia
3398 4708 3482 4758 vel
3509 4708 3628 4786 glo-

2025 4776 2326 4845 riarentur,
2337 4784 2419 4836 vel
2433 4799 2558 4837 conv
2565 4776 2886 4842 iacerentur,
2899 4785 3088 4832 utrum
3103 4776 3358 4828 audirent
3368 4776 3630 4830 mandata

2029 4856 2145 4915 Dei,
2171 4865 2302 4914 etc.,
2331 4853 2409 4906 ait
2437 4853 2502 4905 D.
2526 4850 2866 4916 Augustinus
2887 4847 2972 4918 (Ο.
3006 4853 3097 4918 I7,
3110 4859 3271 4918 super
3287 4845 3463 4916 Jud.).
3484 4847 3640 4902 Deus

2032 4923 2181 4978 enim
2207 4923 2298 4990 qui
2327 4923 2478 4974 novit
2505 4922 2689 4974 omnia
2709 4959 2724 4982 ,
2756 4934 2869 4990 non
2905 4924 3025 4990 eget
3047 4917 3231 4990 aliquo
3259 4919 3639 4989 experimento

2033 5000 2130 5048 aut
2160 4987 2586 5060 probationeﬂad
2611 4989 2815 5058 aliquid
2859 4987 3272 5059 praevidendum
3303 4987 3398 5044 aut
3431 5005 3638 5060 perno-

2034 5059 2324 5127 scendum;
2350 5059 2442 5114 sed
2470 5059 2666 5116 dicitur
2691 5067 2924 5126 tentare,
2952 5060 3204 5130 probare,
3240 5059 3486 5130 experiri,
3519 5075 3646 5115 me—-

2035 5130 2616 5204 taphorice_nimirum
2647 5140 2700 5186 et
2725 5131 2904 5201 quoad
2934 5128 3197 5187 etl‘ectum
3241 5149 3253 5184 :
3289 5128 3470 5204 primo
3501 5131 3649 5204 quia.

2038 5201 2112 5259 ita
2145 5219 2202 5258 se
2232 5201 2395 5274 gerit,
2419 5202 2836 5275 quasitentaret
2861 5211 2952 5257 aut
2977 5205 3285 5275 exploraret
3309 5201 3634 5275 aliquid’in-

2037 5272 2323 5346 cognitum
2349 5293 2366 5338 ;
2397 5289 2437 5327 st
2456 5273 2639 5329 eundo
2671 5272 2797 5346 quia
2811 5276 2956 5344 quod
2971 5272 3067 5344 per
3086 5274 3337 5346 seipsum
3364 5272 3536 5346 novit,
3561 5273 3638 5343 id,

2038 5344 2253 5403 ut'aliis
2274 5345 2606 5412 innotescat,
2633 5344 2806 5400 efﬁcit
2848 5365 2861 5400 :
2893 5344 3363 5416 quemadmodum
3409 5345 3641 5403 Abrahae

2038 5418 2174 5474 dixit
2206 5439 2219 5474 :
2247 5419 2401 5475 Nunc
2443 5421 2658 5488 cognovi
2683 5417 2829 5488 quod
2858 5419 3048 5488 timeas
3079 5418 3360 5472 Dominum
3409 5416 3427 5487 (
3453 5418 3640 5488 Genes.

2041 5489 2213 5561 χχιι),
2238 5489 2294 5544 id
2311 5498 2414 5549 est,
2431 5487 2834 5561 cognoscerete
2865 5487 2989 5561 feci.
3021 5489 3354 5561 Porroquotl
3371 5487 3642 5561 adlocum

2041 5558 2186 5642 [tunc
2215 5563 2427 5642 attinet,
2443 5558 2628 5642 .siinile
2650 5559 2935 5642 quidpiam
2951 5559 3010 5642 in
3032 5558 3279 5642 profanis
3304 5558 3548 5642 histgriis
3575 5559 3646 5641 de

2039 5631 2296 5702 Scipione
2333 5631 2523 5687 Nasica
2575 5629 2793 5695 lenitur,
2845 5630 2936 5701 qui
2969 5629 3360 5702 Carthaginem
3408 5630 3643 5686 Romani

2041 5701 2253 5773 imperii
2287 5704 2544 5758 mmulam
2570 5702 2794 5760 nolebat
2819 5701 3026 5770 everti,
3055 5718 3128 5756 ne
3161 5701 3392 5772 populus
3435 5703 3648 5755 R’oma-

2038 5789 2143 5828 nus
2173 5774 2262 5846 tali
2293 5773 2449 5829 hoste
2487 5773 2778 5846 liberatus.
2803 5774 2914 5846 otio
2929 5788 3003 5846 ac
3048 5773 3253 5846 desidia
3289 5773 3644 5846 torpqeeret.

2042 5847 2159 5917 Qua
2199 5844 2267 5899 de
2295 5860 2356 5899 re
2390 5849 2454 5900 l).
2489 5845 2848 5917 _Aug'ustinus
2888 5843 3026 5898 libro
3081 5843 3255 5917 primo
3301 5837 3390 5917 de
3418 5837 3652 5917 civitate

307 5907 448 5992 qué
491 5907 660 5975 verba
681 5907 754 5973 vin
780 5907 1106 5990 quibusdam
1135 5907 1416 5973 codicibus
1456 5915 1786 5986 (Basilecns.
1814 5914 1831 5986 )
1881 5907 1935 5970 et
2043 5907 2146 5971 Dei
2163 5931 2284 5988 cap.
2315 5920 2406 5986 30,
2435 5907 2699 5972 adversus
2737 5920 3026 5972 Romanos
3057 5907 3285 5983 gentiles
3312 5907 3598 5973 disputans
3637 5918 3652 5954 :
