3982 6202
336 2094 340 2098 ’
420 2108 606 2162 genere

418 371 513 424 591
1493 365 1778 422 JOANNIS
1813 364 2117 420 CASSIANI
2153 363 2536 420 COLLATION
2546 363 2644 420 ES.
3630 365 3736 419 592

417 493 686 555 Israelem,
705 496 886 547 utrum
909 491 1166 546 audirent
1179 490 1442 544 mandata
1466 491 1701 552 Domini,
1733 505 1855 559 qua:
1875 505 2022 560 prte-
2048 492 2102 554 Α
2130 487 2417 556 insertam,
2447 487 2611 544 etiam
2641 487 2697 544 in
2724 485 2992 559 Apostolo
3019 485 3093 541 ita
3107 485 3376 559 legimus(
3400 486 3476 540 ad
3509 487 3634 543 Gal.
3661 502 3722 542 v.

421 592 629 658 ceperat
647 587 896 657 patribus
924 600 1102 641 eorum
1135 601 1236 655 per
1276 599 1493 638 manum
1530 585 1750 652 Moysis,
1790 601 1863 638 an
1889 600 2012 639 non.
2121 591 2147 625 δ
2169 591 2302 647 Caro
2323 593 2465 645 enim
2483 592 2805 661 concupiscit
2823 590 3078 645 adversus
3097 590 3371 659 spiritum,
3392 590 3617 658 spiritus
3631 606 3737 644 αα-

421 684 600 752 Quam
647 681 836 750 utique
892 694 1130 750 pugnam
1181 693 1293 732 non
1347 676 1596 732 inviden
1647 679 1797 733 Deus
1841 677 2011 750 quieti

2128 697 2224 748 tem
2253 692 2510 748 adversus
2537 708 2768 748 carnem.
2791 695 2916 749 Hcce
2929 696 3106 747 mrtem
3126 693 3352 745 invicem
3372 690 3734 748 adversantur

425 775 660 839 lsraelis,
688 789 789 829 nec
815 773 961 830 male
998 771 1178 866 eidem
1203 773 1532 866 consulens,
1564 771 1662 829 sed
1690 773 1868 828 sciens
1895 787 2012 866 esse
2089 787 2093 791 ’
2117 797 2246 864 sibi,
2273 794 3561 866 “mquwmquulm,iuarmm.Habes
3579 802 3636 850 et
3648 793 3735 852 hic

413 866 786 945 utilissimam,
808 865 1120 933 reservavit,
1145 874 1206 920 ut
1223 864 1356 921 dum
1379 865 1625 938 gentium
1648 881 1864 936 semper
1891 865 2016 920 ista-
2121 909 2357 966 pugnam
2384 903 2406 929 ο
2432 864 2804 950 ill—visceran
2825 891 3238 965 quodammodo
3267 892 3482 964 conari
3513 901 3730 949 nostra,

569 959 1434 1062 imPPEDa§°“°_dFP’immm'v
1461 974 1766 1062 Pu'qu'fm
1800 973 1859 1014 se
1891 973 2014 1062 sel.”
2123 959 2522 1062 dispensatione
2573 990 2801 1047 Domini
2841 959 3196 1062 procurante.
3260 959 3538 1060 Quidquid
3587 989 3732 1046 enim

419 1053 549 1159 ti}th
583 1053 804 1162 δυξξξίίξ,
833 1053 1058 1162 omnii“
1087 1067 1425 1162 99933”?
1447 1060 1507 1157 et,
1531 1053 1689 1162 (fbid
1715 1051 2018 1162 si”???
2124 1051 2441 1162 generaliter
2467 1097 2521 1145 et
2557 1087 2676 1145 sine
2695 1051 2927 1160 alicuju
2975 1087 3298 1159 exceptione
3349 1087 3608 1144 omnibus
3648 1089 3732 1144 in-

419 1147 537 1258 ei‘fs
560 1147 2018 1258 ωεξάίιθιίοιξθξιέηνῗξεδιίοηθρθτῗίειεοετξξθοίξιῗτξξδ
2124 1147 2229 1253 ζει,
2274 1185 2410 1257 quid
2451 1185 2596 1242 aliud
2628 1147 2871 1258 judicari
2931 1147 3129 1255 potest:
3178 1183 3282 1239 nisi
3333 1182 3432 1255 ipsi
3474 1182 3734 1243 humanae

419 1241 742 1307 solveretur,
778 1234 881 1295 nec
924 1238 1159 1294 bellandi
1213 1255 1376 1296 usum
1424 1247 1480 1295 et
1523 1239 1778 1294 exercitia
1808 1238 2022 1294 virtutis
2125 1234 2596 1354 ἐᾷξειξᾶξωῖὲῐ

421 1336 712 1390 amitteret.
752 1336 1086 1404 Frequenter
1124 1336 1272 1389 enim
1307 1349 1444 1405 quos
1485 1348 1744 1405 superare
1767 1348 1878 1388 non
1917 1348 2017 1404 po-

421 1432 648 1450 n-_-_--_r
669 1425 889 1450 -.1-.---..
954 1426 1213 1450 -.υ-..-ζι....
1247 1435 1296 1450 ..ι
1326 1427 1659 1450 ...μυ----ἔιηυ-
1692 1425 1998 1450 ΔΑζ----..-ι

2129 1380 2312 1437 raliter
2351 1379 2703 1446 attributum,
2757 1385 2812 1434 et
2862 1377 3012 1450 quod
3064 1377 3332 1434 universis
3382 1379 3773 1450 congenitum'

341 1492 345 1498 _
421 1432 648 1483 tuerunt
667 1425 924 1494 adversa,
954 1426 1215 1481 securitas
1243 1435 1300 1482 et
1325 1427 1660 1498 prosperitas
1688 1425 2016 1497 deiecerunt.
2130 1425 2304 1437 ““”’“’“
2351 1425 2703 1446 “”“’”“’““”⁷
2759 1425 2812 1434 ⁷⁷
2864 1425 3012 1488 “¹,“““
3069 1425 3330 1434 “““’””“”
3386 1425 3732 1450 ’“”⁰“’“““““

1021 1518 1265 1548 mn"...
1307 1521 1408 1548 ιη,
2129 1486 2552 1548 concretumque
2571 1475 3024 1548 deprehenditur,
3057 1474 3339 1548 quomodo
3352 1490 3465 1531 non
3507 1475 3733 1534 creden-

1073 1519 1265 1573 APUT
1307 1521 1430 1573 VII.

1073 1519 1160 1572 ΑΡ
1359 1521 1380 1573 1
1417 1561 1430 1572 .
2129 1518 2552 1548 νυυν.ν.......,..ν
2573 1518 3024 1548 ..νιηυηυυυηυη
3058 1518 3337 1548 .,.............
3353 1518 3465 1531 μ-..
3508 1518 3732 1534 ,πηνα-

422 1615 497 1667 De
520 1614 758 1668 utilitate
775 1612 888 1682 ejus
904 1518 1106 1681 puggae
1132 1521 1295 1680 qurm
1307 1521 1620 1681 apostolus
1645 1614 1798 1680 ponit
1818 1613 1876 1666 in
1911 1611 2024 1666 col-
2282 1571 2352 1682 Si?
2386 1571 2630 1682 θφίωο,
2641 1571 2866 1682 ΒΣ)ωωὶ
2913 1588 3026 1628 non
3079 1572 3356 1682 n?°e_nﬁs’.
3402 1574 3499 1682 id
3523 1591 3733 1682 fons“.

789 1669 1074 1736 luctdtibne
1101 1669 1287 1737 cdrnis
1321 1688 1368 1736 et
1383 1669 1665 1751 ‘spiritus.’
2129 1670 2294 1726 lentis
2329 1670 2633 1728 insertum?
2673 1670 2910 1726 Causam
2951 1685 3079 1726 vero
3131 1669 3294 1742 hujus
3341 1669 3493 1740 belli,
3519 1672 3577 1728 id
3629 1682 3731 1745 est,

493 1778 518 1807 ³
559 1775 718 1830 Hanc
745 1790 984 1848 pugnam
1025 1773 1226 1829 utiliter
1265 1774 1470 1830 nostris
1496 1787 1716 1845 quoque
1758 1772 2025 1829 membris
2129 1771 2306 1828 carnis
2332 1779 2390 1827 et
2423 1770 2664 1842 spiritus,
2716 1770 2856 1826 hanc
2898 1785 3016 1826 esse
3067 1769 3322 1828 describit
3364 1772 3432 1826 τά
3491 1775 3562 1828 Ut
3605 1789 3730 1844 non,

1508 1899 1764 1955 ALARDI
1803 1899 2026 1954 ϐΑΖᾸ-ΣΙ
2066 1895 2626 1953 COMMENTARIUS.

417 2023 534 2078 Non
552 2025 858 2091 propterea,
893 2019 1090 2089 inquit,
1118 2020 1319 2091 cupitis
1337 2020 1532 2091 habere
1554 2034 1760 2091 pacem,
1792 2025 1844 2072 et
1868 2021 2016 2073 omni
2123 2015 2420 2091 desiderat,
2461 2023 2518 2071 et
2543 2013 2614 2071 ad
2654 2029 2718 2070 ea
2763 2014 3112 2091 vebementer
3149 2013 3480 2091 accenditur;
3533 2022 3730 2091 contra

639 2085 917 2170 copiarum
945 2085 1233 2170 abundare
1262 2095 1324 2170 ut
1347 2091 1433 2170 his
1473 2085 1621 2143 bonis
1645 2090 1859 2170 honeste
1885 2095 2014 2170 uta-_
2125 2103 2252 2170 vero
2287 2087 2530 2170 spiritus,
2560 2100 2684 2170 qua:
2711 2085 3144 2170 spiritaliasunt,
3171 2093 3228 2140 et
3265 2086 3467 2141 veritati
3488 2101 3577 2167 _ac
3623 2085 3734 2170 bo-_

419 2156 576 2222 mini,
605 2156 714 2215 hoc—
729 2165 827 2222 est,
855 2161 1110 2221 modeste,
1142 2159 1334 2220 sobrie,
1369 2163 1744 2228 temperanter,
1769 2161 1892 2229 pie;
1920 2160 2014 2214 sed
2123 2156 2758 2229 nestaticonsentenea,'
2791 2156 3013 2227 expetit.
3073 2157 3275 2211 Verum
3332 2156 3501 2229 quaeri
3532 2163 3736 2229 potest

421 2237 480 2285 ut
500 2233 718 2300 inﬁnita
734 2231 967 2283 varietas
981 2231 1319 2299 voluptatum
1333 2226 1537 2284 insanis
1558 2226 2015 2296 effusionibus-ex-
2123 2228 2404 2300 quomodo
2427 2228 2590 2300 carni
2619 2226 2894 2300 tribuatur
2938 2235 3093 2300 actus
3145 2226 3598 2300 concupiscendi,
3639 2228 3732 2298 qui

421 2297 700 2372 quiratur,
721 2301 1071 2372 secundisque
1085 2297 1260 2372 rebus,
1277 2315 1340 2353 ea
1363 2301 1774 2372 malaioriantur
1790 2304 2016 2356 inmori-
2122 2297 2374 2372 proprius
2395 2308 2479 2372 est
2505 2297 2701 2372 animae
2719 2299 2748 2352 τ
2796 2297 3110 2368 Respondet
3161 2299 3222 2352 D.
3243 2297 3512 2372 _Thomas_
3549 2297 3730 2368 (Com-

423 2367 538 2435 bus,
561 2367 1227 2441 quwswvientibuspejora
1240 2373 1350 2424 sint
1365 2371 1620 2425 hostibus.
1638 2373 1716 2427 At
1733 2373 2012 2441 illeScipio
2049 2429 2089 2441 ﬁ
2118 2367 2281 2426 ment.
2307 2367 2434 2440 ejus'
2451 2371 2554 2425 loci
2578 2373 2629 2423 et
2676 2374 2780 2437 1-2,
2807 2387 2864 2440 q.
2892 2367 2980 2436 το,
3013 2373 3120 2424 art.
3162 2368 3286 2440 41),
3313 2367 3613 2425 secundum
3653 2372 3724 2425 D.

2046 2429 2094 2491 Β
2121 2429 2510 2512 Augustinum,
2541 2441 2686 2512 quod
2710 2429 2835 2495 care
2851 2429 3056 2494 dicitur
3077 2429 3456 2510 concupiscere.
3480 2443 3536 2494 in
3557 2456 3728 2510 quan-

2138 2511 2251 2567 tum
2267 2515 2454 2566 anima
2473 2511 2762 2567 secundum
2781 2527 2992 2566 carnem
3006 2512 3214 2578 affecta
3227 2513 3543 2580 concupiscit
3562 2529 3579 2564 :
3595 2513 3730 2566 sicut

2135 2585 2312 2638 oculus
2330 2584 2533 2638 dicitur
2554 2582 2754 2645 videre,
2779 2597 2900 2636 cum
2915 2584 3098 2652 potius
3123 2584 3315 2636 anima
3333 2584 3417 2636 vel
3440 2585 3553 2652 ipse
3580 2583 3729 2637 homo

2127 2670 2226 2724 per
2251 2656 2422 2710 oculos
2448 2653 2649 2708 videat.
2682 2654 2770 2709 Sic
2790 2669 2918 2720 ergo
2934 2654 3120 2706 anima
3136 2669 3238 2724 per
3263 2669 3474 2708 carnem
3493 2656 3730 2724 concupi-

2130 2728 2252 2788 scit,
2283 2726 2502 2796 quando
2543 2741 2605 2779 ea
2641 2739 2762 2794 qua:
2787 2724 3120 2778 delectabilia
3147 2727 3272 2778 sunt
3299 2724 3590 2779 secundum
3622 2739 3730 2796 car-

2130 2812 2252 2850 nem
2276 2793 2498 2866 expetit.
2529 2793 2709 2850 Perse
2736 2809 2858 2850 vero
2895 2797 3080 2849 anima
3124 2797 3464 2865 concupiscit,
3516 2793 3729 2866 quando

2129 2867 2422 2922 delectatur
2447 2869 2508 2920 in
2531 2867 2615 2920 his
2632 2881 2755 2935 qua:
2767 2870 2896 2920 sunt
2917 2867 3207 2921 secundum
3223 2869 3494 2936 spiritum,
3522 2871 3587 2920 ut
3602 2872 3730 2922 sunt

2130 2953 2289 3006 opera
2321 2939 2609 3000 virtutum,
2639 2938 3009 3006 contemplatio
3025 2937 3350 3000 divinorum,
3381 2943 3433 2992 et
3455 2939 3733 2993 meditatio

2129 3010 2425 3077 sapientia},
2446 3009 2618 3077 juxta
2647 3007 2786 3061 illud
2826 3009 2955 3078 Sap.
3003 3024 3056 3062 vr
3105 3009 3576 3078 :Concupiscentia
3628 3011 3732 3063 ita-

2129 3095 2230 3148 que
2253 3081 2535 3206 sagientia:
2561 3078 2786 3134 deducet
2809 3079 2892 3134 ad
2933 3095 3156 3149 regnum
3174 3084 3510 3160 perpetuum.
3558 3083 3634 3134 At
3657 3079 3732 3135 di-

2129 3164 2217 3205 ces
2257 3167 2271 3204 :
2357 3166 2372 3204 ι
2412 3165 2538 3204 caro
2587 3149 2923 3206 concupiscit
2963 3165 3060 3206 per
3117 3160 3393 3206 smmum.
3447 3148 3730 3206 auomodo

2126 3164 2217 3205 ces
2257 3167 2271 3204 :
2318 3148 2372 3222 Si
2412 3165 2561 3222 caro_
2587 3149 2923 3220 concupiscit
2963 3148 3060 3220 per
3117 3148 3393 3222 spiritum,
3447 3148 3730 3222 quomodo

2122 3221 2458 3292 concupiscit
2495 3218 2981 3276 adversus—eum?
3008 3218 3319 3290 Respondet,
3365 3223 3426 3275 in
3462 3218 3544 3284 eo,
3585 3221 3732 3290 quod

2123 3294 2547 3362 concupiscentia
2557 3294 2736 3346 carnis
2745 3292 2974 3361 impedit
2986 3293 3456 3362 concupiscentiam
3467 3294 3702 3362 spiritus
3715 3310 3730 3358 ;

2123 3379 2240 3418 cum
2255 3366 2395 3418 enim
2418 3365 2608 3428 anima
2621 3365 2765 3418 circa
2782 3363 3060 3417 sensibilia
3088 3367 3138 3418 et
3155 3365 3438 3430 inferiora,
3464 3379 3587 3432 quia
3606 3368 3734 3418 sunt

2125 3436 2321 3497 carnis,
2348 3437 2637 3503 occupatur
2662 3438 2712 3489 et
2737 3435 3000 3502 afﬁcitur,
3028 3435 3328 3488 retrahitur
3354 3451 3390 3488 a
3426 3437 3734 3504 superiori-

2128 3505 2244 3572 bus,
2262 3520 2382 3578 qua:
2397 3511 2521 3578 sunt
2539 3506 2796 3578 θρὰ-ἱέμε(
2819 3505 2952 3578 Vide
2966 3509 3152 3578 notata
3171 3506 3325 3578 infra
3344 3505 3416 3559 ad
3441 3521 3556 3574 cap.
3603 3505 3730 3578 13).

2195 3583 2217 3610 θ
2245 3574 2539 3646 Quomodo
2567 3574 2828 3646 intelligat
2860 3574 3030 3646 abbas
3081 3575 3268 3646 Daniel
3294 3577 3431 3630 hanc
3476 3574 3752 3646 pugnam'

2122 3645 2232 3700 sive
2281 3645 2776 3717 concupiscentiam
2819 3645 3286 3717 carnis‘adversus
3326 3645 3597 3717 spiritum,
3645 3647 3735 3704 in—

2123 3725 2325 3772 sertam
2349 3724 2404 3772 et
2431 3715 2806 3789 invisceratarn
2851 3715 3116 3789 membris
3159 3715 3370 3789 nostris
3409 3725 3462 3771 et
3507 3717 3732 3789 corpori

2047 3811 2092 3875 ο
2131 3795 2319 3875 nostra
2349 3785 2727 3858 procuratione
2753 3786 2958 3854 divina,
2989 3787 3148 3875 dpcte
3175 3787 3398 3875 esplicat
3431 3789 3528 3842 Do.
3571 3785 3735 3862 Cuy-

415 2447 678 2514 pontiﬁea;
700 2444 1174 2514 maximusivester,
1192 2442 1282 2496 ille
1303 2443 1466 2514 totius
1478 2447 1698 2496 senatus
1703 2443 1918 2512 judicio
1929 2445 2015 2496 vir

420 2518 674 2584 optimus,
707 2516 870 2568 istam
903 2513 1065 2574 vobis,
1095 2516 1345 2582 ,metuens
1377 2513 1762 2576 calamitatem,
1811 2514 2022 2568 nolebat

420 2587 670 2640 aemulam
717 2589 840 2638 tunc
876 2585 1090 2652 imperii
1110 2585 1340 2639 Romani
1363 2585 1745 2652 Carthaginem
1770 2585 1944 2648 dirui,
1971 2589 2024 2640 et

420 2656 720 2709 decernenti
741 2659 800 2709 ut
827 2655 1154 2715 dirueretur,
1181 2654 1576 2709 contradicebat
1604 2657 1812 2718 Catoni,
1834 2658 2022 2710 timens

418 2727 650 2794 infirmis
661 2727 860 2778 animis
871 2726 1070 2778 hostem
1082 2726 1438 2786 securitatem,
1451 2729 1502 2780 et
1513 2730 1790 2795 tamquam
1797 2727 2024 2796 pupillis

417 2798 614 2852 civibus
629 2796 875 2850 idoneum
889 2800 1138 2862 tutorem,
1155 2797 1510 2849 necessarium
1527 2797 1712 2850 videns
1729 2811 1838 2850 esse
1847 2801 2021 2852 terro-

420 2884 548 2922 rem.
583 2869 686 2923 Nec
715 2883 834 2923 eum
859 2868 1124 2921 sententia
1151 2866 1355 2933 fefellit
1387 2884 1402 2920 :
1427 2868 1607 2936 reipsa
1625 2867 1916 2937 probatum
1945 2875 2024 2922 est

419 2955 584 3008 quam
608 2954 792 2992 verum
819 2938 1033 2999 diceret,
1061 2945 1167 2992 etc.

489 3011 514 3040 ³
543 3011 686 3079 Lege
706 3015 916 3064 sextam
941 3015 1184 3062 annotat
1216 3008 1278 3062 Ι).
1297 3005 1520 3079 Cuychii
1541 3006 1610 3062 ad
1627 3006 1792 3062 linem
1816 3009 2015 3080 operis.

489 3070 518 3110 δ
549 3078 698 3133 Idem
737 3077 852 3133 aliis
880 3077 1054 3132 verbis
1086 3078 1380 3148 Apostolus
1425 3078 1496 3134 ad
1526 3081 1687 3133 Rom.
1721 3092 1809 3134 vn
1836 3097 1848 3132 :
1881 3080 2015 3136 Con-

421 3149 648 3203 delector
678 3151 782 3218 legi
817 3151 916 3204 Dei
931 3149 1217 3203 secundum
1264 3151 1573 3204 interiorem
1601 3150 1865 3204 hominem
1896 3169 1913 3204 :
1935 3153 2020 3204 vi-

419 3221 516 3274 deo
537 3225 716 3274 autem
735 3221 905 3274 aliam
933 3221 1096 3288 legem
1121 3221 1180 3272 in
1204 3221 1452 3274 membris
1475 3222 1604 3276 meis
1629 3226 2018 3291 repugnantem

421 3291 530 3360 legi
549 3293 742 3345 mentis
765 3306 902 3362 meae
921 3296 972 3344 et
1011 3293 1368 3362 captivantem
1404 3307 1486 3346 me
1535 3293 1596 3344 in
1635 3293 1744 3361 lege
1779 3295 2014 3362 peccati,

419 3377 539 3431 qua:
567 3366 645 3416 est
667 3363 723 3416 in
746 3361 996 3416 membris
1023 3363 1172 3416 meis.
1223 3361 1426 3416 Eodem
1471 3370 1680 3431 spectat
1713 3361 1842 3418 illud
1882 3364 2016 3418 Mat-

419 3431 544 3487 thaai
571 3447 714 3504 xxvi
752 3451 764 3486 :
787 3433 1024 3504 Spiritus
1045 3432 1261 3504 quidem
1267 3437 1548 3504 promptus
1561 3438 1672 3504 est;
1696 3449 1819 3488 caro
1838 3439 2019 3489 autem

419 3505 652 3577 inﬁrma.
681 3502 842 3577 Quod
867 3512 922 3558 et
949 3502 1150 3577 ethnici
1184 3518 1284 3558 suo
1306 3502 1477 3577 modo
1510 3503 1758 3560 videntur
1791 3505 2014 3577 experti.

423 3573 584 3630 Unde
603 3574 829 3630 Ovidius
853 3587 944 3628 νει
995 3573 1360 3645 Metamorph.
1392 3593 1404 3628 :

543 3691 681 3738 Mens
696 3688 826 3738 aliud
847 3687 1054 3738 suadet:
1079 3687 1224 3737 video
1243 3687 1466 3747 meliora,
1487 3688 1766 3751 proboque;

543 3751 796 3802 Deteriora
815 3763 1014 3813 sequor.

418 3858 583 3932 Quid,
614 3876 778 3932 porro
825 3875 923 3932 per
962 3873 1182 3914 carnem
1210 3856 1564 3932 etspirituin,
1597 3857 1711 3912 sive
1740 3871 1834 3932 per
1849 3857 2024 3930 legem
2049 3856 2092 3875 ν
2131 3856 2361 3932 cbiusin
2386 3873 2484 3913 sua
2509 3873 2953 3932 censuraiquam
2999 3857 3178 3914 videre
3226 3856 3387 3932 lector
3426 3872 3551 3932 meo
3589 3856 3733 3916 coii-

419 3928 800 3988 membrorum
825 3928 882 4002 et
915 3931 1090 4002 legem
1113 3928 1695 4002 mentisintelligatur,
1739 3928 1941 3983 diserte
1969 3939 2022 4002 et

419 4004 696 4059 enucleate
722 3992 1026 4072 explicatur
1048 4000 1105 4072 in
1118 3992 1486 4070 ‘sequentibus
1512 3992 1546 4070 ζ
1542 3992 1688 4068 Cap.
1709 4002 1774 4054 10
1820 4004 1870 4072 et
1901 4001 2018 4072 llr).

416 4076 552 4130 Tota
583 4089 710 4129 vero
736 4070 898 4144 hujus
928 4070 1032 4144 loci
1053 4070 1352 4144 disputatio
1377 4087 1442 4126 eo
1469 4079 1696 4142 spectat,
1725 4078 1786 4144 ut
1829 4070 2021 4144 intelli-

415 4161 609 4218 gamus
636 4145 741 4218 hoc
781 4139 982 4199 bellum
1009 4139 1358 4218 intestinum,
1385 4157 1480 4218 seu
1500 4139 2025 4218 concupiscentiam

419 4211 596 4272 carnis
637 4216 896 4271 adversus
941 4213 1214 4284 spiritum,
1259 4221 1314 4268 et
1345 4213 1565 4284 spiritus
1601 4211 1876 4284 adversus
1905 4229 2022 4269 car-

419 4302 545 4342 nem
581 4287 735 4357 (quae
760 4283 1191 4357 huiccollationi
1223 4293 1280 4357 ut
1307 4283 1644 4357 praecipuum
1675 4283 1909 4357 praabuit
1932 4300 2018 4339 ar-

458 4354 768 4426 umentum,
797 4364 852 4410 et
883 4354 1252 4426 ita_tit_ulum)
1297 4354 1456 4410 nobis
1474 4354 1600 4411 esse
1624 4355 1813 4411 utilem
1847 4370 1913 4426 ac
1929 4369 2016 4410 sa-

440 4424 682 4506 utarem,
703 4425 930 4506 ideoque
957 4424 1140 4506 divina
1165 4424 1568 4506 dispensatione
1601 4441 1699 4506 seu
1728 4425 2016 4506 providen-

420 4496 492 4552 tia
517 4497 570 4551 in
595 4496 752 4551 nobis
771 4495 888 4551 esSe
922 4495 1167 4550 relictam
1194 4495 1683 4552 et’auodammodo
1726 4495 2019 4552 inviscera-

421 4575 556 4622 tam.
586 4565 744 4638 Quod
773 4571 958 4621 tamen
1002 4563 1412 4638 intelligendum
1441 4563 1730 4638 de'carne,
1773 4582 1887 4621 non
1927 4583 2019 4622 se-

417 4635 660 4696 cundum
687 4638 998 4710 primaevam
1024 4635 1414 4698 conditionem.
1438 4638 1492 4693 in
1514 4653 1616 4710 qua
1640 4635 1814 4710 Adam
1834 4645 1889 4693 et
1909 4640 2017 4696 Eva

417 4711 619 4767 conditi
645 4707 794 4773 sunt.
823 4709 919 4766 sed
948 4709 1016 4765 de
1057 4725 1220 4766 carne
1255 4717 1477 4780 peccato
1522 4707 1877 4780 vitiata,.licet
1924 4725 2018 4780 per

416 4782 746 4854 baptismum
765 4780 1022 4838 mundata
1051 4799 1062 4833 :
1093 4779 1306 4837 Manere
1332 4783 1471 4835 enim
1488 4782 1544 4833 in
1573 4779 1862 4848 baptizatis
1894 4779 2017 4854 con-

416 4852 812 4924 cupiscentiam,
851 4869 945 4908 seu
964 4855 1224 4921 fomitem,
1255 4857 1315 4906 ut
1341 4855 1548 4914 vocant,
1574 4855 1760 4924 sancta
1779 4852 2016 4924 synodus

419 4920 822 4990 Tfident.(Sess.
846 4929 876 4979 5
886 4966 898 4978 .
916 4920 970 4979 in
986 4925 1190 4980 decreto
1204 4925 1270 4978 de
1277 4926 1488 4979 Peccato
1502 4920 1720 4992 origin.)
1733 4923 2018 4977 secundum

415 5001 718 5060 sanctorum
739 4999 966 5051 Patrum
995 4997 1297 5050 doctrinam
1323 4995 1563 5064 deﬁnivit
1588 5013 1604 5049 :
1635 5011 1753 5065 qua:
1772 4993 2010 5064 quidem,

413 5067 593 5140 inquit
627 5069 879 5140 (August.
914 5067 1007 5122 lib.
1042 5067 1107 5120 de
1131 5069 1274 5122 Pecc.
1303 5068 1481 5121 Merit.
1531 5082 1648 5136 cap.
1697 5067 1796 5120 ult.
1817 5067 1854 5137 ),
1885 5081 2015 5140 cum

411 5137 506 5194 ad‘
527 5155 746 5209 agonem
795 5139 980 5193 relicta
1021 5140 1114 5200 sit,
1170 5153 1352 5192 nocere
1400 5154 1507 5193 non
1543 5137 2008 5209 consentientibus,

411 5193 507 5264 sed
533 5193 768 5265 viriliter
794 5226 895 5280 per
933 5193 1136 5266 Christi
1167 5211 1290 5280 Jesu
1315 5212 1548 5276 gratiam
1587 5193 2010 5280 repugnantibus
2037 5193 2089 5254 Ῑ)

412 5295 516 5334 ηοη
542 5282 714 5346 valet;
737 5278 1030 5350 quinimmo
1055 5281 1154 5350 qui
1165 5279 1397 5348 legitime
1419 5282 1722 5340 certaverit,
1739 5278 2014 5350 coronabi-

413 5353 523 5422 tur.
549 5355 618 5408 Et
638 5349 774 5406 hanc
792 5349 1462 5422 concupiscentiam,quam
1489 5349 1782 5422 aliquando
1797 5351 2016 5417 Aposto-

411 5421 494 5476 lus
517 5427 696 5490 (Rom.
733 5438 798 5478 vr
825 5427 875 5477 et
898 5418 1016 5478 vin
1035 5427 1053 5486 )
1071 5418 1346 5492 peccatum
1367 5421 1622 5490 appellat,
1655 5418 1838 5473 eadem
1859 5435 2018 5488 syno-

408 5493 511 5548 dus
565 5495 805 5548 declarat
846 5495 1132 5548 Ecclesiam
1172 5493 1483 5548 catholicam
1530 5506 1826 5559 numquam
1859 5492 2006 5544 intel-

407 5563 601 5618 lexisse
630 5569 907 5634 peccatum
947 5565 1235 5634 appellari,
1284 5563 1428 5634 quod
1456 5577 1576 5615 vere
1617 5566 1666 5615 et
1707 5564 1928 5632 proprie
1957 5565 2014 5616 in

407 5637 605 5688 renatis
633 5641 906 5704 peccatum
925 5638 1016 5696 sit.
1039 5636 1132 5690 sed
1149 5638 1276 5705 quia
1297 5651 1364 5688 ea:
1385 5637 1594 5703 peccato
1615 5637 1712 5695 est,
1737 5639 1788 5688 et
1805 5634 1879 5688 ad
1888 5649 2013 5703 pec-

407 5708 587 5776 catum
606 5707 848 5776 inclinat.
873 5707 1008 5762 Haec
1033 5706 1129 5760 ibi.
1169 5711 1243 5760 Ex
1272 5705 1470 5775 quibus
1497 5705 1852 5776 intelligimus
1877 5705 2016 5776 lianc

407 5774 582 5828 carnis
607 5781 661 5828 et
703 5775 920 5844 spiritus
967 5774 1375 5847 repugnantiam
1417 5774 1701 5847 provenire
1729 5792 1791 5831 ex
1825 5774 2014 5831 relicta

411 5851 533 5914 post
559 5853 842 5920 peccatum
891 5848 1252 5920 propensione
1280 5847 1346 5902 ad
1391 5863 1451 5903 ea
1482 5862 1604 5920 quae
1634 5847 1832 5918 cuique
1875 5847 2012 5918 parti

399 5923 531 5970 sunt
553 5915 846 5973 commoda
871 5915 926 5972 e't
971 5916 1162 5972 amica.
1217 5920 1356 5974 Nam
1399 5915 1525 5976 caro
1571 5934 1693 5993 quae
1740 5915 1844 5974 sua
1879 5915 2019 5974 sunt

2130 3927 2253 3984 silio
2293 3945 2414 4000 non
2447 3929 2682 4000 omittet.
2731 3927 3009 4000 Videndus
3065 3945 3228 4000 porro
3268 3930 3424 3984 etiam
3452 3928 3620 3986 locus
3667 3933 3732 4000 ι),

2130 3999 2420 4072 Augustini
2446 4000 2512 4055 ab
2541 4015 2608 4055 eo
2636 3999 2946 4072 citatuslib.
2995 4015 3027 4072 v_
3051 3999 3243 4072 contra
3280 4000 3580 4072 Julianum,
3645 3999 3736 4058 sed

2133 4069 2404 4143 praécipue
2424 4074 2606 4143 (Ἦρηῦ
2631 4072 2744 4142 ejus
2796 4069 2939 4143 libri,
2971 4070 3060 4143 ubi
3085 4071 3226 4126 inter
3263 4071 3366 4127 alia
3411 4070 3579 4126 refert
3628 4075 3734 4129 Au-

2129 4141 2404 4213 gustinus,
2431 4141 2698 4198 exstitisse
2739 4141 3003 4213 quosdam
3038 4141 3342 4208 hmreticos,
3376 4143 3732 4200 Paternianos

2129 4220 2183 4267 et
2209 4212 2565 4269 Venustianos
2587 4213 2786 4270 dictos.
2832 4211 3154 4269 Manicbmis
3187 4213 3531 4270 similes.~aui
3587 4215 3729 4270 dice-

2132 4230 2183 4267 et
2213 4230 2565 4269 venusuanos
2587 4230 2786 4282 uictos,
2832 4230 3154 4269 mamenaus
3187 4230 3531 4284 snmues,~qui
3587 4230 3729 4270 alce-

2132 4282 2283 4357 bant,
2315 4301 2348 4338 a
2376 4284 2570 4338 lumbis
2587 4300 2752 4353 usque
2768 4284 2844 4339 ad
2861 4284 3021 4354 pedes
3046 4285 3315 4340 diabolum
3332 4287 3524 4352 fecisse
3541 4298 3729 4357 corpus

2129 4355 2360 4428 hominis
2370 4373 2405 4428 _;7
2445 4357 2746 4428 superiores
2787 4371 2910 4410 vero
2937 4361 3117 4428 partes
3157 4359 3339 4419 Deum,
3386 4357 3532 4410 velut
3569 4355 3727 4428 supra

2131 4425 2301 4498 basim
2327 4425 2570 4498 aliquam
2597 4426 2900 4492 collocasse;
2933 4427 3180 4498 nihilque
3203 4428 3270 4482 ab
3297 4429 3527 4482 hominis
3547 4425 3724 4483 studio

2127 4497 2351 4574 requiri,
2374 4512 2538 4574 quam
2566 4501 2634 4574 ut
2653 4499 2837 4574 anima
2855 4500 2877 4574 _(
2895 4514 3061 4566 quam
3079 4497 3135 4553 in
3159 4515 3376 4574 corpore
3394 4503 3446 4552 et
3462 4498 3722 4574 stomacho

2127 4567 2368 4640 habitare
2391 4567 2636 4621 dicebant
2655 4574 2673 4633 )
2692 4567 2906 4640 munda
2922 4574 3186 4636 servetur,-
3198 4567 3391 4640 pubem
3410 4585 3532 4623 vero
3559 4572 3616 4624 si
3629 4583 3720 4626 om-

2124 4639 2280 4712 nibus
2306 4640 2640 4712 ﬂagitiorum
2653 4639 2926 4694 oblinatur
2943 4639 3295 4712 sordibus,ad
3319 4657 3470 4696 suam
3495 4656 3609 4695 non
3615 4653 3730 4712 per-

2127 4711 2291 4764 tinere
2314 4725 2496 4764 curam
2529 4730 2540 4764 :
2569 4711 2652 4764 ita
2679 4715 2738 4764 ut
2763 4725 2970 4781 semper
2991 4711 3098 4780 ipsi
3115 4712 3334 4766 libidini
3365 4713 3603 4781 turpiter
3623 4711 3743 4771 lser-

2124 4783 2256 4864 viat,
2285 4781 2510 4864 titulum
2523 4783 2583 4862 ,εἰ
2594 4783 2830 4864 prppria:
2862 4785 3146 4864 potestatis
3187 4783 3548 4864 afﬁngebant.
3600 4785 3744 4864 Haec

2124 4850 2197 4905 illi
2240 4851 2565 4926 impuritatis
2599 4850 2946 4926 defensores;
2995 4853 3193 4926 quibus
3241 4850 3424 4926 ipsum
3438 4860 3738 4926 ⁸Αιιειιεῑεί-

2124 4937 2253 4996 num
2276 4921 2454 4996 (avere
2479 4923 2883 4996 acpatrocinari
2923 4921 3038 4979 suis
3081 4921 3292 4996 scriptis
3330 4921 3600 4996 Juliaan
3646 4927 3735 4983 ille

2124 4991 2464 5064 impudenter
2517 4991 2824 5064 objicieliat.
2878 4996 3058 5064 Quam
3099 4991 3434 5051 calumniam
3485 4993 3732 5053 refutans

2121 5065 2487 5135 Augustinus:
2520 5067 2652 5133 Ego,
2675 5065 2863 5136 inquit,
2891 5067 3183 5121 secundum
3201 5067 3524 5122 catholicam
3546 5067 3725 5135 ﬁdem,

2122 5139 2291 5190 totum
2319 5137 2599 5199 hominem,
2629 5142 2796 5191 totam
2813 5137 3008 5192 scilicet
3025 5141 3288 5201 animam,
3316 5143 3597 5207 totumque
3609 5154 3734 5192 cor-

2117 5224 2220 5276 pus
2249 5207 2364 5276 ejus
2385 5212 2488 5264 Deo
2510 5223 2714 5262 summo
2743 5213 2792 5262 et
2815 5224 2936 5262 vero
2955 5209 3132 5263 tribuo
3157 5211 3418 5272 Creatori,
3450 5209 3736 5263 diabolum

2122 5283 2299 5332 autem
2319 5278 2434 5332 dico
2461 5281 2769 5341 humanam,
2792 5281 2872 5333 vel
2894 5281 3108 5348 aliquid
3129 5281 3242 5350 ejus
3271 5297 3375 5334 non
3393 5295 3618 5341 creasse,
3635 5277 3739 5334 sed

2120 5352 2598 5403 vitiassenaturam
2618 5369 2633 5404 :
2659 5355 2944 5420 contraque
2958 5353 3133 5420 ipsam
3149 5353 3470 5406 diabolicam
3475 5351 3725 5418 plagam.

2121 5435 2242 5490 qua
2271 5423 2369 5474 Dei
2394 5422 2746 5490 opitulatione
2763 5423 3006 5476 sananda
3025 5426 3122 5484 est,
3142 5423 3307 5478 donec
3325 5423 3391 5476 ab
3420 5437 3480 5474 ea
3501 5423 3730 5489 penitus

2123 5490 2423 5552 liberemur,
2448 5492 2596 5545 nobis
2624 5507 2733 5547 esse
2757 5493 3128 5563 pugnandum.
3163 5497 3266 5551 Nec
3310 5495 3572 5563 animam,
3614 5503 3721 5560 qua

2120 5577 2306 5630 corpus
2317 5565 2468 5624 vivit,
2489 5562 2764 5625 mundam,
2786 5569 3048 5633 quantum
3067 5567 3123 5618 in
3140 5566 3240 5619 hac
3253 5567 3366 5619 vita
3385 5562 3621 5617 mundus
3633 5563 3722 5614 ho-

2120 5648 2204 5686 mo
2230 5639 2326 5700 est,
2352 5649 2502 5703 posse
2529 5637 2754 5699 servari,
2785 5638 2836 5689 si
2852 5639 3285 5706 concupiscentiw
3325 5637 3504 5690 carnis
3539 5633 3610 5687 ad
3632 5635 3724 5702 fla'

2119 5706 2258 5770 git-ia
2279 5706 2643 5776 perpetranda
2685 5711 2738 5760 et
2779 5722 3006 5776 quaeque
3051 5709 3335 5762 immunda
3380 5706 3721 5761 consenserit-

2125 5777 2256 5854 Haic
2287 5777 3251 5854 nugiistiinis,_quaa.bieadscribere
3299 5778 3454 5834 libuit
3495 5776 3564 5854 ad
3609 5789 3737 5829 am'

2124 5847 2394 5918 pliandam
2439 5847 2661 5918 Cuychii
2689 5847 3120 5906 elucidationem.

2193 5904 2220 5948 ά
2241 5918 2336 5985 Ul,
2367 5904 2877 5991 conju'nctio,‘sa:pe
2915 5935 3024 5975 non
3055 5934 3299 5988 causam,
3335 5918 3432 5975 sed
3466 5918 3759 5976 eventur)1
3806 5973 3826 5989 _
