4024 6208
288 204 394 256 595

1369 204 1584 258 JOANN
1592 204 1649 257 IS
1686 200 1991 257 CASSIANI
2027 200 2408 257 COLLATION
2418 201 2515 257 ES.
3030 208 3055 264 .'

3493 200 3598 254 596

294 325 393 383 l’rie
425 326 653 399 legimus
681 324 955 382 nominari
1011 343 1180 384 :nam
1222 343 1639 398 nonnumquam
1682 327 1894 400 signill-
1921 332 1974 394 Α
2000 329 2202 400 quitur,
2240 327 2334 385 sed
2365 326 2691 395 actualibus,
2729 341 2854 399 qua:
2892 325 2948 381 in
2987 340 3100 381 uno
3145 324 3451 395 eodemque
3495 324 3605 382 ho-

288 428 378 476 cat
405 420 688 478 hominem
730 420 1023 493 integrum,
1068 421 1124 477 id
1143 429 1246 488 est,
1280 420 1373 490 qui
1397 436 1462 474 ex
1492 436 1720 492 corpore
1759 436 1896 477 con-

292 521 402 570 stat
432 522 487 570 et
520 494 702 570 anima
724 521 819 577 ;ut
847 513 920 568 ibi
951 517 1137 579 (Joan.
1175 514 1240 579 ι)
1273 531 1290 566 :
1320 514 1391 566 Et
1420 513 1638 567 verbum
1669 530 1792 569 caro
1809 517 1899 583 far-

292 613 435 664 ctum
459 614 536 665 est
558 629 574 676 ;
595 615 648 664 et
674 613 693 674 (
710 610 866 663 Isaia:
901 621 980 661 χι.
1008 614 1063 659 et
1113 608 1261 660 Luca:
1285 604 1381 675 ιιι)
1413 624 1424 659 :

296 719 420 760 caro
433 706 677 759 salutare
688 703 787 757 Dei
799 701 990 754 nostri.
1015 701 1443 768 Nonnumquam
1459 698 1708 755 homines
1722 716 1898 772 pecca-

294 806 442 853 tores
473 805 635 867 atque
675 792 950 859 carnales;
982 800 1043 847 ut
1067 791 1140 847 ibi
1171 797 1189 856 (
1214 794 1399 850 Genes.
1428 810 1484 849 vr
1510 801 1528 861 )
1572 797 1724 852 :Non
1767 811 1901 866 per-

298 888 533 943 manebit
549 887 778 956 spiritus
792 900 938 939 meus
964 887 1025 939 in
1052 886 1349 942 hominibus
1368 889 1507 951 istis,
1538 904 1595 943 eo
1623 888 1768 958 quod
1789 890 1904 943 sint

294 996 436 1038 caro.
478 977 762 1034 Interdum
813 994 912 1049 pro
959 978 1088 1051 ipsis
1138 979 1368 1052 peccatis
1417 981 1665 1051 ponitur;
1715 989 1778 1036 ut
1826 979 1902 1036 ibi

295 1078 480 1142 (Rom.
514 1071 651 1143 vni)
686 1091 697 1127 :
734 1075 837 1130 Vos
871 1079 1048 1129 autem
1098 1091 1202 1130 non
1240 1077 1364 1130 estis
1402 1078 1460 1129 in
1488 1091 1672 1139 carne,
1716 1075 1810 1130 sed
1844 1076 1904 1130 in

297 1169 520 1237 spiritu.
570 1168 638 1222 Et
680 1166 879 1223 iterum
912 1168 973 1240 (Ι
1002 1169 1121 1225 Cor.
1154 1168 1264 1240 xv)
1292 1187 1306 1223 :
1340 1170 1474 1226 Caro
1502 1174 1553 1225 et
1574 1171 1801 1239 sanguis
1821 1185 1905 1224 re-

299 1277 466 1331 gnum
490 1264 589 1317 Dei
605 1277 710 1316 non
728 1256 1089 1333 possidebunt.
1141 1263 1386 1334 Denique
1405 1263 1647 1334 sequitur
1679 1282 1691 1317 :
1725 1266 1906 1334 Neque

299 1358 574 1425 corruptio
594 1358 1010 1427 incorruptelam
1020 1357 1334 1427 possidebit.
1358 1358 1785 1429 Nonnumquam
1810 1372 1907 1427 pro

301 1450 623 1523 cognatione
656 1459 709 1505 et
727 1450 1166 1522 propinquitate;
1198 1459 1259 1506 ut
1278 1450 1349 1505 ibi
1385 1450 1461 1520 (II
1486 1453 1615 1520 Reg.
1640 1450 1699 1522 v)
1736 1470 1748 1505 :
1781 1454 1909 1507 Ecce

302 1559 396 1599 nos
426 1559 481 1598 os
512 1548 684 1611 tuum,
711 1548 761 1599 et
781 1560 902 1619 caro
926 1549 1021 1598 tua
1047 1559 1251 1599 sumus.
1282 1546 1349 1598 Et
1392 1544 1688 1614 Apostolus
1720 1543 1903 1615 (Rom.

304 1637 388 1708 χι)
451 1640 550 1694 :Si
567 1639 825 1708 quomodo
866 1642 922 1693 in
962 1640 1357 1693 cemulationem
1398 1640 1650 1694 inducam
1696 1655 1910 1693 carnem

1481 606 1694 662 Videbit
1726 611 1897 663 omnis
1933 613 1945 623 '

2005 424 2152 480 mine
2175 423 2255 479 vel
2286 423 2484 493 pariter
2513 420 2598 478 vel
2636 420 2915 493 sigillatim
2942 435 3071 475 cum
3112 417 3351 492 quadam
3391 426 3606 491 tempo-

2004 516 2077 572 ris
2106 514 2470 572 vicissitudine
2488 522 2544 570 et
2562 513 2865 569 mutatione
2892 512 3185 569 luctantur.

2618 619 2864 675 CAPUT
2890 619 2996 673 XI.

2008 717 2150 787 Quid
2172 719 2232 771 in
2260 718 2354 772 hoc
2382 716 2490 771 loco
2517 731 2640 771 caro
2664 716 2733 769 ab
2758 715 3009 785 Apostolo
3036 716 3360 778 nominetur,
3391 717 3444 769 et
3474 717 3611 785 quid

2448 788 2499 842 si
2522 788 2942 857 concupiscentia
2968 787 3161 839 carnis.

2082 886 2456 961 Quamobrem
2481 888 2537 945 in
2556 887 2663 944 hoc
2699 888 2820 944 loco
2851 898 2877 923 ι
2904 902 3125 943 carnem
3168 902 3279 942 non
3302 884 3610 955 hominem,

2009 985 2063 1042 id
2091 994 2195 1053 est,
2232 984 2475 1040 hominis
2502 981 2883 1049 substantiam,
2911 979 3007 1036 sed
3051 980 3389 1035 voluntatem
3436 980 3616 1037 carnis

2010 1089 2064 1135 et
2102 1077 2362 1135 desideria
2402 1076 2668 1133 debemus
2706 1074 2936 1147 pessima
2991 1072 3233 1146 accipere
3288 1074 3475 1158 :sicut
3516 1090 3617 1131 nec

2012 1172 2264 1245 spiritum
2309 1170 2528 1244 quidem
2565 1170 2807 1242 aliquam
2865 1184 2983 1224 rem
3028 1166 3468 1232 substantialem,
3518 1166 3617 1223 sed

2013 1265 2212 1321 animae
2254 1262 2523 1320 desideria
2560 1262 2704 1318 bona
2725 1269 2779 1317 et
2804 1259 3059 1332 spiritalia
3096 1258 3403 1332 designare.
3437 1261 3621 1332 Quem

2013 1372 2235 1412 sensum
2277 1355 2421 1412 idem
2472 1354 2665 1410 beatus
2702 1349 3291 1424 Apostolus’superius
3339 1351 3624 1407 evidenter

2016 1451 2297 1522 expressit,
2329 1449 2401 1505 ita
2437 1448 2623 1505 dicens
2656 1469 2669 1502 :
2709 1450 2834 1502 Dico
2857 1450 3057 1508 autem,
3096 1448 3298 1516 spiritu
3325 1446 3622 1511 ambulate,

2016 1549 2067 1599 et
2096 1545 2367 1600 desideria
2385 1546 2564 1599 carnis
2582 1558 2687 1597 non
2728 1543 3034 1613 perﬁcietis.
3060 1542 3195 1597 Caro
3236 1544 3382 1595 enim
3423 1558 3623 1597 concu-

2011 1640 2173 1708 piscit
2197 1637 2449 1691 adversus
2470 1637 2741 1705 spiritum,
2767 1636 2997 1704 spiritus
3035 1648 3154 1687 vero
3193 1633 3450 1689 adversus
3496 1651 3623 1689 oar-

305 1749 501 1795 meam,
528 1737 579 1788 et
598 1735 772 1788 salvos
790 1735 994 1801 faciam
1029 1734 1242 1803 aliquos
1270 1750 1338 1787 ea:
1361 1735 1491 1788 illis.
1541 1732 1910 1802 Quaerendum
1933 1722 1993 1793 ’Β
2020 1748 2161 1787 nem.
2186 1732 2212 1766 ι’
2235 1734 2360 1787 Haec
2381 1736 2561 1785 autem
2584 1731 2805 1784 invicem
2836 1728 3194 1783 adversantur
3234 1729 3359 1796 sibi,
3401 1734 3464 1783 ut
3512 1745 3625 1784 non
3656 1788 3667 1797 ,

306 1841 436 1899 ergo
480 1826 641 1882 nobis
664 1835 768 1894 est,
806 1826 1109 1882 secundum
1148 1842 1311 1898 quam
1355 1825 1804 1899 signiﬁcationem
1847 1841 1911 1880 ex

307 1917 393 1974 his
422 1927 677 1990 quatuor,
720 1934 938 1974 carnem
967 1918 1055 1974 hic
1079 1918 1376 1975 debeamus
1419 1919 1683 1990 accipere.
1728 1917 1915 1973 Mani-

307 2008 511 2066 festum
556 2025 796 2081 namque
825 2019 909 2066 est
950 2010 1252 2067 secundum
1303 2011 1437 2067 illud
1483 2010 1630 2082 quod
1673 2010 1912 2081 positum

311 2113 415 2173 est,
442 2109 513 2161 Et
539 2106 757 2159 verbum
788 2121 910 2160 caro
938 2107 1146 2173 factum
1173 2109 1281 2171 est;
1323 2105 1410 2159 vel
1440 2103 1590 2167 illud,
1621 2107 1692 2160 Et
1713 2103 1915 2158 videbit

313 2200 483 2253 omnis
515 2213 640 2251 caro
683 2198 923 2253 salutare
964 2201 1079 2260 Dei,
1126 2199 1337 2269 penitus
1382 2206 1526 2253 stare
1566 2213 1679 2253 non
1723 2212 1912 2269 posse;

317 2290 415 2347 sed
456 2306 629 2361 neque
671 2290 974 2347 secundum
1006 2290 1137 2347 illud
1176 2290 1322 2362 quod
1364 2290 1583 2356 dicitur,
1631 2294 1748 2350 Non
1781 2308 1917 2363 per-

317 2386 549 2441 manebit
563 2388 788 2457 spiritus
803 2402 948 2441 meus
966 2388 1026 2441 in
1052 2386 1352 2441 hominibus
1378 2388 1517 2448 istis,
1540 2402 1598 2440 eo
1625 2386 1769 2456 quod
1791 2391 1917 2440 sunt

314 2495 468 2548 caro;
501 2481 625 2553 quia
653 2496 786 2549 non,
818 2481 960 2537 sicut
999 2481 1074 2537 ibi
1125 2479 1355 2552 abrupte
1381 2479 1448 2535 de
1478 2479 1701 2534 homine
1726 2495 1916 2549 pecca-

324 2580 469 2642 tore,
497 2574 570 2630 ita
595 2583 649 2630 et
674 2574 761 2629 hic
795 2575 1015 2645 ponitur
1036 2590 1185 2642 caro,
1216 2589 1342 2630 cum
1383 2574 1582 2630 dicitur
1608 2573 1759 2646 (Gal.
1792 2573 1915 2644 tv);

327 2668 462 2725 Caro
481 2671 801 2741 concupiscit
824 2669 1077 2726 adversus
1116 2673 1389 2741 spiritum,
1419 2673 1471 2724 et
1495 2670 1720 2738 spiritus
1740 2665 1930 2721 adver-

326 2779 420 2821 sus
438 2783 671 2822 carnem.
699 2768 886 2839 Neque
913 2766 1058 2822 enim
1084 2766 1153 2823 de
1181 2764 1345 2822 rebus
1373 2762 1818 2820 substantialibus
1845 2760 1933 2816 lo-

2019 1841 2367 1896 qucecumque
2392 1824 2577 1886 vultis,
2603 1823 2701 1877 illa
2747 1823 2966 1890 faciatis
2989 1821 3145 1885 (Gal.
3173 1821 3263 1892 v).
3310 1821 3445 1889 Quae
3481 1836 3615 1877 cum

2024 1928 2253 1991 utraque
2280 1916 2569 1985 desideria,
2609 1914 2664 1970 id
2709 1922 2808 1982 est,
2858 1913 3034 1969 carnis
3075 1922 3130 1968 et
3162 1913 3373 1985 spiritus
3399 1914 3454 1968 in
3495 1928 3614 1969 uno

2022 2012 2320 2082 eodemque
2360 2010 2470 2066 sint
2518 2008 2761 2077 homine,
2808 2007 3128 2063 intestinum
3178 2007 3412 2080 quotidie
3468 2007 3619 2063 intra

2021 2122 2121 2161 nos
2147 2104 2349 2177 geritur
2374 2104 2605 2171 bellum,
2636 2102 2769 2159 dum
2809 2101 3242 2172 concupiscentia
3286 2100 3464 2157 carnis
3500 2116 3628 2172 quae

2024 2197 2420 2271 praecipitanter
2440 2194 2609 2252 fertur
2631 2195 2701 2251 ad
2732 2194 2880 2264 vitia,
2902 2194 2998 2266 .his
3025 2209 3149 2266 qua
3182 2193 3251 2248 ad
3298 2202 3625 2265 praesentem

2023 2293 2263 2363 requiem
2309 2289 2601 2363 pertinent,
2645 2287 2858 2345 deliciis
2886 2286 3108 2359 gaudet.
3149 2287 3362 2355 Quibus
3403 2295 3625 2343 econtra

2024 2384 2466 2456 concupiscentia
2486 2382 2710 2455 spiritus
2734 2381 3035 2447 adversata,
3082 2381 3156 2437 ita
3198 2380 3477 2437 desiderat
3515 2388 3624 2437 tota

2025 2479 2355 2552 spiritalibus
2402 2476 2597 2534 studiis
2647 2475 2931 2545 inhaerere,
2976 2484 3040 2532 ut
3083 2477 3246 2532 etiam
3295 2478 3631 2533 necessarios

2033 2573 2214 2628 carnis
2237 2586 2368 2627 usus
2412 2578 2565 2642 optet
2609 2569 2915 2636 excludere,
2955 2571 3036 2626 sic
3081 2570 3189 2626 illis
3218 2570 3416 2643 iugiter
3471 2587 3638 2627 occu-

2038 2665 2150 2736 pari
2185 2663 2444 2735 icupiens,
2472 2670 2531 2718 ut
2558 2662 2763 2718 nullam
2801 2663 3020 2735 penitus
3073 2662 3345 2734 fragilitati
3383 2664 3502 2735 eius
3543 2680 3638 2720 cu-

2042 2774 2157 2813 ram
2187 2757 2369 2830 cupiat
2389 2757 2675 2829 impertiri.
2707 2758 2849 2813 Caro
2877 2758 3115 2814 luxuriis
3139 2774 3204 2813 ac
3232 2758 3458 2814 libidine
3493 2757 3639 2815 dele-

1423 2922 1679 2976 ALARDI
1718 2920 1941 2973 GAZzEl
1981 2916 2542 2972 COMMENTARIUS.

322 3064 649 3133 quandoque
689 3065 827 3116 enim
852 3063 938 3133 de,
965 3067 1165 3133 natura
1222 3061 1562 3133 intelligitur,
1611 3057 1936 3133 quandoque
1961 3060 2005 3123 C
2036 3072 2101 3112 ex
2141 3055 2382 3133 pondere
2402 3054 2809 3133 vero__carna_li_s
2850 3055 3260 3133 consuetudinis
3298 3054 3423 3133 vult
3469 3053 3646 3133 adhuc

324 3130 502 3187 autem
524 3130 588 3185 de
606 3134 817 3198 affectu
841 3136 891 3183 et
921 3132 1054 3184 labe.
1079 3133 1287 3185 Prioris
1326 3130 1732 3197 significationis
1758 3144 1934 3183 eicem-

321 3204 477 3273 plum
503 3204 594 3256 hoc
619 3207 695 3261 est
718 3220 733 3254 :

326 3271 409 3328 me
431 3273 624 3327 videtis
653 3274 842 3326 habere
867 3274 1024 3338 (Luc.
1063 3287 1213 3327 xxu'
1242 3271 1280 3342 ).
1312 3273 1623 3326 Posterioris
1654 3289 1666 3325 :
1712 3272 1844 3327 Caro
1882 3275 1932 3325 et

322 3346 541 3413 sanguis
559 3360 781 3413 regnum
810 3346 906 3397 Dei
929 3344 1241 3398 hereditate
1260 3344 1533 3412 possidere
1556 3358 1661 3396 non
1683 3348 1930 3413 possunt.

326 3417 405 3471 Ita
438 3417 548 3470 ille.
570 3424 645 3470 At
665 3415 871 3484 plenior
894 3421 976 3469 est
995 3414 1303 3470 accuratior
1328 3424 1410 3469 est
1437 3413 1627 3470 divisio
1654 3430 1717 3468 ac
1741 3414 1934 3469 distin-

326 3488 438 3541 ctio
463 3502 585 3554 quae
613 3487 698 3541 hic
718 3486 964 3541 habetur.

399 3566 424 3591 ⁸
448 3558 525 3610 Ex
555 3557 654 3610 illis
689 3556 867 3611 verbis
907 3555 1153 3624 Apostoli
1182 3575 1195 3610 :
1231 3556 1363 3612 Caro
1390 3557 1709 3624 concupiscit
1743 3555 1932 3608 adver-

326 3642 419 3681 sus
460 3629 733 3696 spiritum,
780 3634 883 3679 etc.
927 3625 1234 3696 Manichazri
1285 3627 1417 3696 rolim
1466 3624 1930 3696 statuere‘conati

328 3705 456 3753 sunt
474 3693 608 3751 duas
646 3711 765 3750 esse
797 3704 1019 3750 naturas
1046 3696 1099 3749 in
1145 3695 1397 3749 homine:
1451 3696 1675 3749 alteram
1724 3693 1929 3749 bonam

328 3784 361 3823 a
394 3772 508 3822 Deo
534 3767 831 3832 conditam,
857 3766 1082 3821 alteram
1112 3767 1311 3820 malam
1352 3782 1382 3820 a
1412 3766 1663 3821 daemone
1706 3774 1931 3821 auctore

330 3838 653 3911 proiectam,
711 3853 834 3911 qua:
888 3838 944 3892 in
989 3852 1165 3911 came
1205 3835 1537 3911 inhabitans
1568 3852 1663 3906 per
1713 3851 1933 3911 carnem

329 3906 668 3982 concupiscit
719 3906 975 3982 adversus
1037 3907 1309 3982 spiritum.
1364 3913 1436 3962 At
1489 3906 1563 3982 id_
1593 3920 1703 3961 non
1755 3906 1935 3982 solum

331 3977 527 4052 impie;
546 3980 641 4036 sed
670 3980 832 4035 etiam
883 3979 1132 4050 imperite
1156 3979 1222 4033 ab
1257 3978 1334 4052 eis
1377 3977 1766 4049 excogitatum.
1822 3981 1931 4032 Ea-

329 4048 462 4107 dem
506 4067 740 4122 namque
785 4048 1007 4122 prorsus
1058 4058 1139 4104 est
1179 4048 1364 4104 anima
1413 4048 1545 4122 quae:
1582 4064 1677 4118 per
1714 4063 1932 4103 carnem

330 4118 686 4192 concupiscit,
729 4118 1026 4178 secundum
1055 4123 1328 4175 carnalem
1370 4118 1691 4192 appetitum,
1732 4128 1935 4192 etquae

333 4208 429 4265 per
452 4190 703 4265 spiritum
730 4192 1059 4265 concupiscit
1076 4193 1234 4265 juxta
1268 4191 1564 4265 appetitum
1587 4190 1930 4265 rationalem.

335 4261 561 4319 Constat
597 4265 739 4318 enim
773 4266 826 4319 in
856 4261 1036 4319 anima
1075 4262 1309 4317 hominis
1342 4261 1612 4331 duplicem
1656 4277 1774 4316 esse
1821 4261 1934 4316 vim

334 4334 682 4413 appetitivam
710 4335 977 4413 ralteram
1005 4333 1228 4413 rationis
1253 4341 1550 4413 expertem,
1574 4347 1738 4413 quam
1755 4331 1936 4413 appel-

336 4402 514 4473 lamus
566 4404 866 4473 appetitum
921 4402 1258 4468 sensitivnm,
1314 4403 1438 4473 quia
1496 4410 1739 4457 versatur
1793 4402 1936 4457 circa

2040 3125 2266 3184 terrenis
2294 3125 2601 3183 commodis
2629 3135 2682 3183 et
2714 3126 3164 3183 delectationibus
3207 3125 3333 3182 frui.
3364 3126 3457 3181 Sic
3498 3126 3643 3181 enim

760 3203 1000 3270 Spiritus
1025 3216 1237 3255 carnem
1267 3206 1317 3255 et
1331 3196 1448 3254 ossa
1466 3196 1571 3254 non
1595 3199 1773 3262 habet,
1794 3203 1933 3255 sicut
2038 3199 2155 3270 ipse
2181 3214 2317 3272 quas
2365 3198 2536 3272 initio
2565 3213 2680 3253 suae
2708 3197 3085 3272 conversionis
3109 3205 3381 3272 pateretur
3405 3196 3645 3272 difﬁcul-

2036 3267 2180 3343 tates
2199 3267 2264 3326 ‘et
2296 3269 2679 3343 ambiguitates
2705 3269 2925 3343 exponit
2957 3268 3047 3324 lib.
3082 3267 3190 3343 vttt
3219 3267 3643 3343 Confessionum

2043 3342 2143 3396 vel.
2175 3345 2205 3395 5
2240 3360 2252 3394 :
2293 3341 2662 3398 Velle'meum
2697 3342 2908 3395 tenebat
2949 3342 3218 3402 inimicus,
3257 3344 3309 3394 et
3353 3341 3482 3394 inde
3514 3341 3650 3393 mihi

2040 3417 2284 3467 catenam
2310 3416 2533 3480 fecerat,
2561 3417 2611 3466 et
2629 3415 3024 3466 constrinxerat
3039 3428 3139 3465 me.
3164 3412 3645 3481 Quippeemvolun—

2042 3487 2153 3537 tate
2164 3499 2419 3553 perversa
2444 3486 2597 3551 facta
2621 3488 2699 3537 est
2713 3483 2881 3537 libido
2900 3502 2915 3548 ;
2938 3488 2988 3537 et
3001 3483 3131 3536 dum
3149 3486 3380 3536 servitur
3399 3481 3635 3543 libidini,

2038 3554 2190 3619 facta
2218 3560 2296 3609 est
2323 3554 2673 3619 consuetudo;
2704 3559 2755 3608 et
2787 3554 2918 3609 dum
2957 3554 3329 3607 consuetudini
3372 3568 3477 3605 non
3506 3554 3642 3605 resi-

2036 3626 2221 3697 stitur,
2252 3628 2404 3697 facta
2423 3630 2500 3678 est
2526 3627 2823 3697 necessitas.
2868 3625 3089 3697 Quibus,
3105 3627 3266 3693 quasi
3292 3624 3498 3697 ansulis
3517 3624 3646 3697 qui-

2037 3695 2259 3748 busdam
2308 3696 2518 3749 sibimet
2546 3695 2803 3765 in'nea-is(
2840 3696 2984 3749 unde
3024 3700 3267 3750 catenam
3307 3695 3648 3764 appellavi),

2038 3766 2248 3819 tenebat
2273 3781 2355 3820 me
2378 3766 2519 3819 dura
2538 3769 2784 3821 servitus.
2829 3768 3093 3822 Voluntas
3121 3772 3300 3821 autem
3326 3782 3483 3828 nova,
3528 3781 3646 3834 qua:

2040 3837 2180 3889 mihi
2221 3852 2328 3892 esse
2364 3842 2612 3906 cceperat,
2632 3841 2693 3891 ut
2739 3843 2788 3891 te
2831 3840 3003 3906 gratis
3049 3837 3289 3905 colerem,
3331 3838 3557 3906 fruique
3602 3841 3651 3891 te

2041 3907 2248 3973 vellem,
2299 3911 2455 3971 Deus,
2511 3907 2623 3962 sola
2675 3913 2817 3962 certa
2860 3908 3203 3977 jucunditas,
3253 3908 3491 3962 nondum
3531 3913 3652 3962 erat

2042 3978 2233 4049 idonea
2244 3978 2318 4032 ad
2326 3979 2689 4049 superandam
2694 3981 2929 4048 priorem
2938 3984 3197 4033 vetustate
3210 3981 3538 4033 roboratam.
3565 3980 3651 4032 Ita

2042 4047 2165 4102 duce
2193 4047 2491 4105 voluntates
2511 4066 2658 4113 mete,
2696 4047 2807 4104 una
2828 4055 2995 4117 vetus,
3029 4051 3144 4104 alia
3184 4066 3346 4117 nova,
3389 4051 3487 4103 illa
3524 4066 3651 4103 car-

2042 4120 2205 4191 nalis,
2250 4123 2357 4175 ista
2392 4122 2716 4191 spiritualis,
2767 4122 3115 4189 conﬂigebant
3156 4124 3295 4176 inter
3362 4136 3436 4183 se,
3488 4126 3654 4190 atque

2042 4190 2399 4246 discordando
2418 4190 2767 4261 dissipabunt
2789 4194 3028 4246 animam
3056 4208 3244 4246 meam.
3275 4194 3361 4249 Sic
3380 4193 3653 4261 intellige-

2046 4263 2169 4315 bam
2194 4279 2307 4317 meo
2338 4265 2507 4333 ipsius
2549 4265 2909 4331 experimento
2944 4263 3004 4316 id
3040 4264 3184 4331 quod
3221 4264 3474 4332 legeram,
3520 4280 3652 4333 quo-

2042 4334 2195 4386 modo
2210 4348 2330 4387 caro
2357 4335 2743 4402 concupisceret
2771 4334 3024 4388 adversus
3053 4336 3331 4403 spiritum,
3359 4336 3651 4403 etspiritus

2045 4404 2303 4457 adversus
2331 4419 2565 4457 carnem.
2598 4406 2732 4460 Haec
2752 4404 3117 4475 (Augustinus,
3145 4405 3345 4475 quibus
3388 4406 3647 4459 illustrari

334 4468 718 4547 delectationes
767 4487 1059 4547 sensuum;
1112 4468 1374 4547 alteram-ﬂ
1406 4489 1528 4543 qua:
1579 4484 1661 4547 est
1710 4473 1938 4547 rationis
1969 4468 2020 4529 D
2047 4481 2299 4547 poterunt
2344 4489 2466 4547 quae
2516 4473 2763 4545 sequenti
2806 4468 2978 4545 capite
3038 4468 3113 4547 de
3162 4468 3355 4530 "media
3409 4476 3649 4547 quadam

338 4541 814 4614 parti_ceps,_quam
842 4543 1173 4614 voluntatem
1203 4541 1541 4612 appellamus
1573 4543 1835 4614 (August.
1865 4545 1938 4598 ad

336 4612 799 4679 Quodvultdeum;
830 4612 1043 4681 Gregor.
1072 4628 1248 4668 χχχιι
1274 4615 1465 4669 Moral.
1506 4612 1624 4683 cap.
1671 4615 1771 4684 ιο).
1805 4616 1939 4684 Haec

337 4699 433 4755 per
461 4684 687 4755 gratiam
720 4693 905 4738 sanata
927 4694 979 4737 et
1008 4693 1265 4739 renovata
1318 4685 1648 4755 concupiscit
1693 4683 1752 4739 ex
1789 4683 1937 4738 dire-

335 4756 512 4812 ctione
550 4755 775 4827 spiritus
812 4755 1065 4826 Spiritalia
1094 4755 1488 4827 bona.t.adem
1520 4755 1685 4823 igitur
1712 4762 1795 4827 est
1817 4755 1937 4809 ani-

290 4878 303 4886 .
336 4842 424 4882 ma
455 4826 902 4899 quaesecundum
950 4827 1191 4899 diversas
1221 4826 1370 4899 rvires
1411 4826 1667 4881 adversus
1705 4826 1938 4899 seipsam

336 4897 556 4969 pugnat.
600 4899 834 4969 Proinde
863 4915 991 4954 cum
1018 4898 1104 4954 hic
1124 4898 1260 4953 dicit
1282 4898 1450 4953 abbas
1470 4912 1693 4969 carnem
1706 4897 1939 4969 etSpiri-

342 4968 460 5023 tum
507 4984 615 5021 non
659 4968 965 5041 signiﬁcare
1004 4969 1246 5041 hominis
1283 4968 1666 5035 substantiam,
1701 4968 1936 5041 intellige

334 5047 605 5111 quatenus
629 5039 930 5111 substantia
969 5048 1071 5105 est,
1112 5039 1207 5095 sed
1243 5049 1507 5111 quatenus
1548 5040 1802 5107 carnalis,
1853 5039 1936 5095 vel

336 5108 612 5179 Spiritalis,
681 5108 733 5163 id
781 5116 888 5180 est,
924 5120 1215 5180 quatenus
1260 5108 1522 5180 appetitui
1570 5113 1832 5167 sensitivo
1883 5119 1937 5165 et

336 5182 557 5254 carnali,
590 5180 678 5254 vel
711 5179 953 5254 spiritali,
990 5179 1046 5254 id
1080 5188 1182 5245 est,
1226 5179 1489 5254 ratiOnali
1528 5181 1935 5254 obtemperans.

336 5248 487 5303 Idem
517 5251 663 5304 enim
707 5248 809 5317 eIst,
846 5251 960 5305 sive
996 5249 1206 5305 dicatur
1243 5267 1391 5318 caro,
1449 5252 1561 5306 sive
1596 5248 1804 5317 anima,
1853 5251 1934 5306 vel

336 5318 503 5373 homo
550 5333 816 5393 quatenus
850 5321 1098 5393 carnalis.
1154 5322 1424 5377 Caeterum
1476 5324 1569 5393 D.7
1602 5323 1937 5393 Augustinus

332 5405 447 5443 non
468 5389 634 5444 modo
659 5390 907 5446 eamdem
928 5392 1172 5447 animam
1193 5393 1418 5447 diversis
1437 5392 1677 5446 motibus
1690 5389 1935 5446 Eestuan-

335 5461 1145 5545 tgm_s_e.cundum.diversosget
1189 5464 1491 5545 contrarios
1526 5464 1794 5545 appetitus
1832 5462 1934 5516 hoc

334 5530 627 5588 dissidium
664 5534 861 5590 sentire
889 5534 1099 5600 scribit,
1145 5550 1333 5589 verum
1363 5534 1527 5589 etiam
1561 5530 1669 5588 vim
1696 5532 1932 5588 rationa-

336 5602 468 5657 lem.
500 5607 673 5659 Docet
718 5607 861 5660 enim
894 5605 1138 5661 eamdem
1172 5605 1413 5661 hominis
1445 5604 1778 5659 voluntatem
1823 5603 1936 5659 liti-

334 5675 716 5748 gare,_rixari,
759 5693 825 5748 ac
868 5692 1105 5748 pugnare
1148 5691 1376 5748 secum,
1409 5676 1540 5748 dum
1567 5691 1651 5748 (ex;
1699 5675 1937 5748 Spiritus

328 5745 509 5801 sancti
532 5745 884 5818 inspiratione
900 5745 1014 5803 tota
1042 5748 1157 5802 vult
1192 5747 1413 5805 aeternis
1450 5746 1933 5816 bonisinluercre,

2047 4543 2484 4617 voluntateinter
2516 4543 2808 4617 utramque
2843 4543 3339 4617 concupiscentiam
3387 4543 3570 4602 carnis
3598 4555 3654 4602 et

2045 4615 2268 4686 Spiritus
2289 4613 2649 4671 disseruntur.

2117 4687 2142 4720 δ
2169 4685 2305 4755 Quia
2335 4695 2515 4742 motus
2544 4687 2764 4756 spiritus
2800 4687 3060 4743 contrarii
3087 4696 3217 4743 sunt
3257 4688 3501 4743 motibus
3525 4702 3652 4742 car-

2045 4756 2156 4824 nis,
2194 4764 2255 4811 ut
2286 4756 2492 4813 dictum
2525 4766 2625 4813 est.
2663 4759 2802 4813 Caro
2840 4760 2988 4815 enim
3034 4759 3281 4814 sollicitat
3325 4759 3394 4814 ad
3445 4758 3651 4827 turpia,
3748 4776 3769 4791 κ

2045 4828 2267 4901 spiritus
2295 4844 2422 4901 vero
2473 4828 3056 4901 invitatadhonesta,
3101 4829 3248 4901 quod
3292 4828 3652 4901 postmodum

2050 4900 2209 4982 longa
2240 4907 2294 4954 et
2321 4899 2795 4982 disertaantithesi
2813 4899 3150 4982 explicatur;
3190 4899 3305 4982 nec
3328 4900 3651 4982 refertlsive

2044 4969 2291 5051 spiritus“
2320 4970 2613 5051 accipiatur
2652 4986 2755 5051 pro
2806 4969 3027 5051 $piritu_
3054 4980 3265 5051 sancto,
3325 4981 3388 5027 ut
3436 4972 3651 5051 videtur

2045 5040 2363 5114 Apostolico
2390 5040 2669 5097 contextui
2691 5040 2864 5114 magis
2889 5043 3194 5114 quadrare;
3222 5043 3333 5097 sive
3382 5059 3481 5112 pro
3534 5043 3649 5110 spi-

2043 5111 2154 5165 ritu
2183 5113 2450 5185 humano,
2478 5119 2749 5185 quatenus
2785 5111 2966 5185 tamen
2996 5130 3025 5169 a
3047 5114 3247 5185 Spiritu
3274 5111 3462 5168 sancto
3491 5129 3653 5169 sana-

2044 5188 2133 5236 tus
2161 5181 2228 5236 ab
2253 5182 2449 5255 eodem
2492 5181 2698 5255 regitur
2725 5192 2779 5239 et
2822 5181 3171 5255 gubernatur.
3221 5187 3363 5242 Nam
3409 5187 3650 5255 Spiritus

2043 5257 2279 5326 sanctus,
2315 5253 2391 5308 ait
2436 5256 2505 5309 D.
2547 5253 2791 5310 Thomas
2813 5253 2955 5325 (Vl-2,
2985 5272 3038 5324 g.
3091 5262 3178 5311 70.
3230 5253 3651 5326 art,4)_movet

2043 5324 2333 5377 humanam
2364 5330 2587 5380 mentem
2614 5326 2689 5379 ad
2708 5326 2766 5379 id
2784 5324 2928 5395 quod
2954 5332 3032 5381 est
3053 5328 3338 5382 secundum
3362 5324 3645 5390 rationem,

2042 5396 2124 5447 vel
2146 5396 2329 5463 potius
2355 5395 2427 5448 ad
2457 5396 2516 5449 id
2547 5397 2691 5466 quod
2718 5403 2797 5452 est
2823 5412 2987 5467 supra
3030 5401 3332 5465 rationem;
3374 5401 3647 5468 appetitus

2041 5471 2218 5538 {tutam
2246 5468 2441 5538 carnis,
2465 5469 2564 5536 qui
2585 5474 2663 5522 est
2689 5471 2961 5538 appetitus
3006 5472 3314 5532 sensitivus,
3353 5470 3518 5524 trahit
3568 5471 3650 5525 ad

2044 5536 2180 5589 bona
2207 5536 2503 5605 sensibilia,
2530 5554 2651 5607 qua:
2674 5536 2801 5593 sunt
2826 5541 2980 5606 infra
3008 5541 3269 5595 hominem
3301 5560 3317 5595 :
3346 5540 3485 5595 unde
3511 5543 3653 5597 sicut

2042 5612 2213 5660 motus
2230 5622 2445 5662 sursum
2462 5614 2512 5664 et
2530 5610 2770 5664 deorsum
2780 5614 3180 5666 contrariantur
3192 5615 3247 5666 in
3266 5613 3650 5678 naturalibus;

2042 5680 2120 5753 ita
2150 5679 2470 5753 inoperibus
2515 5681 2784 5743 humanis,
2836 5685 3237 5737 contrariantur
3263 5698 3425 5753 opera
3471 5687 3651 5738 carnis

2040 5750 2310 5816 fructibus
2326 5752 2436 5806 sive
2454 5753 2700 5821 operibus
2713 5754 2959 5823 spiritus.
