3982 6202
310 264 417 318 597

917 263 1256 320 COLLATlO
1296 263 1385 319 ιν.
1425 293 1495 304 -
1535 261 1622 316 DE
1657 258 2242 318 CONCUPISCENTIA
2277 259 2526 318 CARNIS
2562 263 2652 317 ET
2687 261 3016 318 SPIBITUS.
3121 339 3130 345 _

3525 269 3632 325 598

319 393 516 455 ctatur,
531 386 756 458 spiritus
771 402 842 444 ne
866 387 998 460 ipsis
1025 387 1246 460 quidem
1271 385 1612 458 naturalibus
1631 383 1918 442 deideriis
1943 388 1998 452 Α
2025 392 2306 457 nequeunt
2351 384 2638 458 possideri,
2668 385 2874 458 absque
2915 385 3270 458 castigatione
3314 387 3497 447 carnis
3538 406 3629 448 ca.

317 479 622 552 acquiescit.
665 479 760 536 Illa
809 479 1150 552 concupiscit
1222 479 1404 537 satiari
1445 493 1666 546 somno,
1712 477 1912 550 repleri

308 570 472 640 cibo;
515 571 604 628 hic
639 571 842 646 vigiliis
869 580 924 629 et
973 572 1196 646 jejuniis
1230 573 1302 629 ita
1329 572 1628 646 saginatur,
1655 579 1717 628 ut
1747 586 1818 628 ne
1844 570 1916 627 ad

319 663 494 736 ipsum
518 664 744 738 quidem
787 667 1157 723 necessarium
1188 666 1316 724 vita:
1355 683 1522 724 usum
1545 681 1808 724 somnum
1833 665 1915 722 ci-

319 755 559 830 bumque
597 759 732 814 velit
752 757 1061 817 admittere.
1094 753 1190 816 Illa
1223 760 1380 832 cupit
1423 759 1723 816 exuberare
1749 759 1919 830 copiis

317 850 600 916 universis,
634 851 723 907 hic
757 867 828 908 ne
867 852 1036 925 ipsius
1073 853 1299 926 quidem
1334 852 1512 926 exigui
1548 851 1703 924 panis
1741 851 1919 934 quoti-

321 943 540 1000 dianam
578 943 940 1002 substantiam
964 946 1168 1004 habere
1207 955 1502 1004 contentus
1530 955 1629 1002 est.
1659 945 1914 1002 Lavacris

319 1035 407 1092 illa
432 1037 693 1094 nitescere
716 1045 772 1094 et
793 1038 1125 1110 quotidianis
1151 1039 1486 1096 adulantium
1525 1037 1709 1094 cuneis
1744 1053 1914 1118 appe-

319 1127 382 1186 tit
420 1130 735 1203 constipari,
760 1129 850 1187 hic
890 1133 1146 1205 squalore
1171 1133 1417 1190 sordium
1441 1139 1498 1188 et
1521 1129 1913 1188 inaccessibilis

317 1222 482 1278 eremi
509 1223 758 1280 vastitate
779 1224 1108 1298 congaudet,
1140 1233 1578 1298 cunctorumque
1596 1224 1915 1280 mortalium

318 1316 661 1387 prasentiam
685 1317 1070 1388 perhorrescit.
1095 1319 1413 1374 Honoribus
1443 1319 1535 1374 illa
1572 1327 1628 1374 et
1661 1317 1914 1374 laudibus

315 1407 602 1466 hominum
642 1410 980 1480 confovetur,
1027 1411 1115 1468 hic
1153 1413 1402 1486 irrogatis
1436 1411 1542 1468 sibi
1583 1411 1914 1483 persecutio-

315 1500 470 1557 nibus
496 1501 811 1575 injuriisque
856 1503 1090 1560 laetatur.

913 1604 1158 1662 CAPUT
1195 1604 1316 1660 VII.

313 1700 439 1768 Quae
472 1702 548 1756 sit
584 1699 831 1756 voluntas
856 1707 1063 1764 nostra,
1107 1717 1230 1772 qua:
1259 1703 1402 1757 inter
1429 1703 1910 1772 concupiscentiam

559 1829 566 1846 ι
731 1774 906 1828 carnis
929 1777 982 1828 et
1005 1775 1236 1844 spiritus
1258 1775 1506 1843 ponitur.

381 1875 532 1928 Inter
553 1871 652 1929 has
673 1873 837 1946 igitur
855 1882 1115 1948 utrasque
1147 1875 1638 1946 concupiscentias,
1665 1884 1691 1912 ⁸
1713 1875 1914 1932 animae

312 1967 563 2023 voluntas
607 1967 664 2024 in
692 1969 1000 2026 meditullio
1026 1969 1271 2040 quodam
1316 1969 1758 2040 vituperabiliore
1783 1985 1916 2026 con-

307 2058 526 2127 sistens,
565 2076 672 2116 nec
701 2061 960 2118 vitiorum
988 2061 1205 2134 ﬂagitiis
1234 2061 1558 2132 oblectatur,
1597 2077 1704 2118 nec
1736 2062 1914 2118 virtu-

307 2159 431 2209 tum
461 2152 746 2212 doloribus
772 2155 1082 2228 acquiescit,
1119 2156 1200 2212 sic
1227 2169 1481 2227 quaerens
1511 2170 1542 2210 a
1571 2154 1916 2226 passionibus

305 2247 620 2305 carnalibus
659 2249 976 2320 temperari,
1033 2257 1095 2305 ut
1138 2264 1486 2322 nequaquam
1528 2247 1660 2304 velit
1699 2247 1916 2304 dolores

306 2339 649 2395 necessarios
681 2338 970 2405 sustinere,
1013 2339 1130 2396 sine
1171 2337 1372 2411 quibus
1401 2337 1666 2394 desideria
1696 2336 1916 2408 spiritus

2023 479 2342 536 stimoniam
2387 479 2612 551 cupiens
2651 480 2898 553 corporis
2941 480 3209 551 obtinere,
3257 481 3377 538 sine
3415 483 3630 556 vigilia-

2022 587 2150 628 rum
2181 571 2372 630 labore
2398 571 2580 630 cordis
2622 573 2901 647 acquirere
2939 574 3255 646 puritatem,
3281 590 3408 632 cum
3439 576 3628 650 requie

2023 667 2207 723 carnis
2273 667 2609 740 spiritalibus
2687 668 2980 726 virtutibus
3041 669 3366 738 exuberare,
3420 669 3628 742 absque

2025 760 2194 818 ullius
2221 763 2635 834 exasperatione
2675 763 2907 819 convicii
2934 762 3207 834 patientiae
3235 765 3468 834 gratiam
3505 782 3629 838 pos-

2023 854 2222 926 sidere,
2270 855 2638 913 humilitatem
2683 855 2882 913 Christi
2925 855 3044 913 sine
3104 855 3330 913 honoris
3365 859 3632 916 mundani

2023 963 2280 1006 exercere
2313 949 2551 1030 jactura,
2586 949 2865 1022 religionis
2915 949 3328 1021 simplicitatem
3362 965 3488 1006 cum
3524 965 3633 1008 sae-

2021 1040 2130 1096 culi
2159 1041 2458 1097 ambitione
2483 1041 2699 1108 sectari,
2723 1041 2940 1098 Christo
2975 1057 3105 1098 cum
3143 1041 3435 1100 hominum
3474 1043 3632 1101 laude

2021 1148 2087 1190 ac
2122 1133 2304 1196 favore
2329 1135 2552 1202 servire,
2588 1134 2988 1192 districtionem
3015 1135 3259 1194 veritatis
3289 1138 3404 1195 sine
3447 1139 3630 1212 cujus-

2021 1227 2169 1298 piam
2212 1226 2294 1282 vel
2313 1217 2481 1282 'tenui
2525 1225 2836 1283 offensione
2885 1226 3153 1298 proferre.
3197 1231 3496 1302 Postremo
3543 1231 3622 1288 sic

2023 1317 2140 1374 vult
2165 1317 2349 1376 futura
2366 1320 2627 1392 consequi
2657 1321 2820 1390 bona,
2851 1328 2914 1376 ut
2935 1321 3224 1393 praesentia
3252 1337 3366 1378 non
3387 1322 3626 1380 amittat.

2023 1413 2160 1482 Quae
2182 1414 2437 1471 voluntas
2459 1430 2760 1486 numquam
2798 1430 2900 1472 nos
2923 1415 2992 1471 ad
3015 1413 3408 1488 perfectionem
3433 1433 3620 1474 veram

2022 1504 2225 1560 faceret
2256 1507 2556 1577 pervenire,
2595 1507 2692 1562 sed
2737 1507 2794 1562 in
2821 1515 3008 1579 tepore
3045 1507 3290 1580 quodam
3341 1509 3626 1569 teterrima

2023 1598 2336 1667 collocaret,
2379 1599 2625 1672 talesque
2670 1599 2877 1657 faceret
2910 1602 3102 1672 quales
3138 1601 3212 1658 illi
3253 1611 3386 1660 sunt
3431 1605 3526 1676 qui
3567 1605 3623 1663 in

2018 1691 2347 1763 Apocalypsi
2385 1691 2755 1764 increpatione
2795 1692 3020 1750 Domini
3072 1694 3413 1765 castigantur
3447 1715 3460 1748 :
3500 1699 3618 1754 Scio

1941 1799 1991 1862 Β
2021 1797 2186 1853 opera
2217 1787 2331 1846 tua,
2371 1785 2503 1853 quia
2543 1799 2714 1854 neque
2755 1785 2966 1840 calidus
3011 1800 3084 1849 es,
3123 1801 3292 1855 neque
3327 1788 3614 1857 frigidus;

2021 1867 2049 1904 δ
2067 1874 2284 1927 utinam
2303 1873 2547 1942 frigidus
2575 1889 2708 1930 esses
2728 1877 2828 1929 aut
2855 1875 3063 1930 calidus
3085 1893 3103 1929 :
3127 1891 3271 1930 nunc
3297 1881 3480 1932 autem
3497 1881 3629 1948 quia

2023 1965 2238 2036 tepidus
2261 1980 2335 2029 es,
2353 1968 2612 2036 incipiam
2637 1971 2689 2022 te
2703 1983 2940 2022 evomere
2967 1967 3034 2023 de
3051 1983 3142 2022 ore
3158 1983 3271 2023 meo
3287 1967 3474 2040 (Apoc.
3500 1972 3625 2044 In);

2020 2057 2123 2113 nisi
2149 2056 2295 2113 hunc
2330 2057 2731 2128 tepidissimum
2771 2067 2982 2116 statum
3017 2059 3338 2117 altrinsecus
3380 2060 3499 2118 haec
3540 2063 3624 2118 in-

2020 2150 2292 2222 surgentia
2344 2149 2486 2207 bella
2527 2151 2876 2224 disruperint.
2928 2155 3074 2214 Nam
3121 2169 3250 2209 cum
3297 2153 3680 2234 famulantes"

2020 2242 2148 2300 huic
2172 2244 2434 2301 voluntati
2463 2254 2669 2302 nostrae
2702 2245 2772 2301 ad
2805 2245 2944 2302 hanc
2967 2243 3348 2303 remissionem
3381 2247 3622 2305 volueri-

2021 2352 2148 2393 mus
2179 2339 2544 2409 nosmetipsos
2565 2337 2850 2411 paululum
2874 2338 3146 2410 relaxare,
3168 2339 3463 2396 confestim
3492 2355 3622 2396 acu-

1411 2489 1666 2544 ALARDI
1701 2488 1928 2543 GAZASI
1965 2486 2521 2544 COMMENTARIUS.

379 2615 404 2645 ³
437 2611 788 2684 voluntatem
830 2613 1150 2684 quamdam,
1192 2612 1306 2668 sive
1330 2619 1537 2668 statum
1565 2611 1789 2684 animae,
1813 2626 1908 2682 po-

305 2682 413 2748 nit,
444 2683 604 2756 veiuti
635 2681 882 2756 medium
907 2683 1049 2740 inter
1067 2693 1358 2756 utramque
1392 2681 1910 2756 concupiscentiam,

309 2754 490 2810 carnis
514 2751 766 2827 Videlicet
790 2763 846 2810 et
879 2756 1124 2827 spiritus,
1155 2751 1283 2827 quo'
1299 2755 1378 2827 sic
1422 2751 1658 2809 affectus
1685 2753 1754 2827 sit
1794 2753 1910 2807 ani-

310 2839 464 2898 mus,
488 2833 574 2898 _ut
600 2825 818 2898 utrique
856 2823 925 2898 ei
957 2842 1119 2898 aequo
1161 2823 1498 2891 satisfacere,
1530 2833 1594 2898 ut
1630 2823 1912 2898 utriusque

310 2893 607 2968 affectibus
645 2893 870 2968 obsequi
901 2893 1046 2968 velit,
1098 2896 1204 2952 hoc
1253 2905 1354 2961 est,
1393 2895 1622 2951 terrenis
1653 2893 1913 2968 simulet

310 2965 752 3038 mternis_bonis
792 2965 1020 3038 perfrui,
1053 2969 1182 3023 etin
1229 2973 1637 3038 utramque,_ut
1685 2965 1906 3038 dicitur,

311 3051 512 3092 aurem
544 3035 819 3104 dormire;
837 3045 892 3093 et
913 3054 1060 3094 nunc
1085 3039 1252 3103 carni,
1294 3035 1443 3092 nunc
1483 3036 1694 3107 spiritui
1727 3037 1909 3092 deser-

312 3108 451 3162 vire.
517 3107 698 3179 Quam
741 3123 966 3179 pravam
1016 3107 1384 3173 affectionem,
1439 3116 1498 3179 et
1545 3107 1908 3179 dimidiatam,

309 3192 418 3233 seu
463 3175 721 3247 partitam
745 3175 1099 3232 'voluntatem
1151 3185 1309 3232 vocat
1337 3177 1616 3300 Scriptura
1660 3177 1912 3247 tepidita-

313 3255 466 3300 tem:
497 3246 646 3300 quod
675 3247 818 3300 inter
859 3261 1060 3300 aauam
1088 3247 1316 3300 calidam
1349 3255 1401 3300 et
1469 3246 1696 3300 rigidam
1735 3247 1912 3300 media

313 3246 646 3326 terniquod
675 3247 818 3302 inter
859 3261 1060 3326 aquam
1083 3247 1316 3326 calidam
1349 3255 1401 3326 et
1443 3246 1696 3326 frigidam
1723 3246 1914 3326 media

2019 2614 2120 2692 Dei
2138 2614 2498 2692 vimpatitur,
2516 2615 2572 2692 et
2592 2611 2813 2692 violenti
2831 2613 3054 2692 rqpiunt
3088 2611 3228 2692 illud
3254 2611 3466 2692 (Matth.
3503 2615 3612 2692 ag).

2092 2675 2118 2752 Ρ
2145 2684 2216 2735 Ι).
2240 2675 2535 2751 Gregorius
2559 2682 2612 2734 in
2649 2675 3020 2752 Pastoralimt
3044 2685 3191 2752 part.
3216 2675 3335 2750 cap.
3355 2683 3442 2752 35)
3477 2701 3490 2736 :
3514 2675 3614 2740 Ca-

2021 2751 2166 2806 lidus
2182 2756 2260 2807 est
2285 2754 2382 2822 qui
2400 2752 2536 2806 bona
2556 2751 2741 2804 studia
2758 2757 2810 2806 et
2833 2753 3037 2820 arripit
3050 2751 3113 2805 et
3129 2751 3480 2822 consummat,
3506 2754 3616 2818 fri-

2020 2823 2180 2891 gidus
2207 2821 2328 2877 vero
2349 2824 2448 2892 qui
2473 2822 2892 2876 consummando
2919 2837 3012 2876 nec
3060 2821 3292 2876 inchoat.
3326 2823 3397 2876 Et
3415 2823 3556 2876 sicut
3581 2839 3617 2877 a

2019 2894 2228 2962 Γνίσονθ
2248 2909 2349 2962 per
2365 2900 2596 2962 ιθΡονθπι
2636 2895 2904 2947 transitur
2918 2893 2994 2947 ad
3011 2893 3360 2954 calorem,.ita
3391 2908 3427 2946 a
3447 2893 3618 2948 calore

2021 2979 2335 3034 quoqueper
2357 2968 2586 3033 teporem
2614 2963 2824 3018 reditur
2843 2963 2919 3018 ad
2953 2965 3152 3032 frigus.
3182 2963 3288 3018 Sed
3317 2965 3456 3016 sicut
3491 2967 3618 3018 ante

2021 3038 2253 3104 teporem
2285 3037 2470 3104 frigus
2502 3035 2600 3088 sub
2636 3049 2730 3104 spe
2755 3038 2853 3095 est,
2883 3035 2967 3088 ita
3002 3038 3126 3104 post
3158 3034 3342 3101 frigus
3371 3037 3522 3102 tepor
3557 3035 3613 3088 in

2021 3105 2400 3175 desperatione.
2436 3106 2544 3172 Qui
2563 3107 2704 3159 enim
2749 3105 2926 3158 adhuc
2977 3107 3038 3158 in
3077 3107 3306 3174 peccatis
3355 3108 3452 3166 est,
3497 3119 3608 3158 con-

2020 3179 2276 3230 versionis
2289 3177 2544 3244 ﬁduciam
2565 3177 2936 3242 non'amittit;
2969 3177 3069 3244 qui
3094 3190 3216 3230 vero
3239 3178 3363 3244 post
3388 3189 3606 3230 conver-

2021 3247 2220 3300 sionem
2247 3249 2438 3316 tepuit,
2479 3251 2530 3300 et
2561 3261 2710 3316 spem
2746 3261 2868 3315 qua
2897 3261 3007 3300 esse
3038 3247 3215 3316 potuit
3240 3245 3306 3300 de
3336 3249 3610 3316 peccatore

421 3311 888 3406 tepida,'eamque
912 3311 996 3372 "ut
1023 3311 1632 3406 inIilquam,jabsui‘dam,
1663 3315 1913 3406 impgssi-
1949 3344 1999 3406 C
2020 3311 2314 3406 subtra‘mit'.
2337 3319 2453 3406 Aut
2475 3311 2680 3406 calidus
2707 3311 2833 3384 ergo
2852 3311 3083 3406 quiqu
3099 3311 3358 3406 esse'aui—

314 3385 493 3442 bilem
531 3386 718 3443 multis
745 3385 881 3444 locis
917 3385 1167 3460 suggillat
1207 3403 1272 3442 ac
1291 3385 1620 3442 detestatur.
1667 3389 1743 3441 ill
1775 3389 1910 3454 Reg.

2021 3389 2312 3454 quaeritur,
2341 3403 2406 3440 ne
2425 3387 2645 3456 tepidus
2668 3391 2960 3449 evomatur,
2988 3392 3050 3442 ut
3087 3387 3334 3440 videlicet
3362 3391 3460 3441 aut
3484 3402 3607 3441 nec-

261 3455 266 3462 ’
314 3472 508 3530 xvur:
548 3460 830 3530 Usquequo
848 3455 1164 3514 claudicatis
1192 3460 1248 3512 in
1271 3463 1557 3526 utramque
1589 3461 1839 3526 partem?
1857 3460 1920 3530 Si
2024 3457 2157 3530 dum
2197 3472 2470 3530 conversus
2516 3457 2692 3511 adhuc
2725 3457 2792 3530 de
2825 3472 2879 3512 se
2913 3459 3436 3530 spemiconversiqnis
3461 3471 3609 3527 pra:-

315 3529 579 3584 Dominus
625 3535 705 3584 est
740 3529 901 3594 Deus,
931 3531 1220 3600 sequimini
1263 3545 1418 3594 eum;
1451 3530 1502 3583 si
1538 3534 1718 3582 autem
1758 3529 1912 3592 Baal,

312 3601 606 3669 sequimini
627 3601 802 3656 illum.
825 3603 988 3656 Prov.
1029 3615 1136 3660 xm
1170 3618 1183 3654 :
1209 3601 1358 3661 Vult,
1390 3604 1441 3654 et
1459 3615 1563 3654 non
1594 3600 1712 3654 vult
1731 3601 1910 3668 piger.

314 3669 512 3742 Matth.
545 3685 598 3726 v1
627 3690 639 3725 :
675 3673 792 3728 Non
825 3673 1053 3742 potestis
1101 3675 1206 3727 Deo
1249 3673 1449 3724 servire
1488 3674 1538 3725 et
1575 3685 1910 3724 mammona.

312 3741 482 3798 Lucae
506 3756 604 3796 v1:
634 3745 795 3800 Nemo
821 3741 996 3814 potest
1021 3742 1226 3814 duobus
1253 3742 1484 3796 dominis
1501 3744 1716 3796 servire.
1745 3743 1913 3796 Lucae

311 3825 371 3866 Ix
401 3833 413 3868 :
446 3815 608 3871 Nemo
638 3813 852 3870 mittens
883 3829 1108 3868 manum
1135 3813 1210 3867 ad
1239 3817 1514 3874 aratrum,
1547 3817 1600 3866 et
1619 3813 1908 3882 respiciens

311 3887 482 3964 retro,
506 3887 769 3964 aptusnest
801 3901 966 3964 regno
991 3883 1449 3964 Deii‘IiCAoriu‘th.
1473 3897 1551 3937 vr.
1583 3883 1710 3964 Quce
1735 3886 1909 3964 pa_rti-_

310 3955 508 4022 cipatio
527 3955 760 4021 justitiee
795 3971 914 4009 cum
934 3955 1264 4022 iniquitate?
1285 3958 1382 4006 aut
1408 3968 1529 4020 qua:
1550 3955 1769 4006 societas
1797 3955 1908 4007 luci

310 4024 389 4077 ad
427 4024 706 4078 tenebras?
735 4025 864 4090 Quae
883 4029 1062 4076 autem
1089 4023 1355 4075 conventio
1386 4023 1586 4076 Christi
1608 4022 1682 4075 ad
1703 4023 1905 4078 Belial?

311 4094 450 4160 Quis
461 4096 645 4145 autem
659 4108 932 4147 consensus
947 4091 1140 4161 templo
1161 4093 1258 4147 Dei
1272 4107 1390 4144 cum
1405 4091 1562 4145 idolis
1573 4093 1635 4145 ?I
1655 4092 1834 4146 'l‘imot
1845 4092 1877 4148 h
1887 4135 1899 4148 .

309 4177 391 4216 Ir.
427 4163 591 4218 Nemo
627 4163 872 4218 militum
913 4167 1019 4218 Deo
1059 4163 1307 4232 implicat
1341 4176 1398 4216 se
1429 4163 1652 4231 negotiis
1678 4165 1906 4218 scenda-

307 4232 498 4313 ribus';
516 4233 684 4313 ᾼροο.
709 4247 789 4288 ιιι
823 4251 836 4288 :
859 4235 1076 4313 Utinam
1101 4233 1516 4313 frigidusesses,
1551 4237 1652 4287 aut
1674 4235 1902 4298 calidus,

305 4310 422 4382 etc.
441 4303 607 4382 _Talis
628 4319 791 4374 porro
817 4313 936 4382 erat
973 4303 1492 4382 Augustinusipitio
1532 4319 1647 4360 suae
1675 4321 1903 4382 conver-r

304 4373 504 4448 sionis,
555 4373 635 4428 ut
665 4375 916 4448 superius
962 4373 1132 4431 visu'm
1182 4376 1468 4448 εει-(ϐαρ.
1519 4381 1621 4442 ll),
1673 4376 1898 4448 ancipiti

301 4445 591 4518 voluntate
610 4445 820 4502 nuncin
850 4446 1009 4518 hanc,
1037 4445 1418 4518 nugnciuillaim
1449 4456 1656 4518 partem
1683 4445 1900 4503 abstra-

301 4523 448 4570 ctus.
475 4515 598 4588 Tali
621 4517 785 4572 etiam
807 4517 971 4574 modo
991 4517 1297 4588 spiritaliter
1318 4515 1576 4572 affectum
1606 4519 1900 4576 Zachaaum

301 4585 632 4658 venerabilis
691 4588 836 4645 Beda
903 4585 1286 4658 interpretatur
1337 4607 1350 4641 :
1418 4589 1525 4654 Qui
1585 4591 1897 4652 intrantem,

2027 3527 2166 3589 beat,
2197 3532 2296 3582 aut
2305 3527 2427 3597 jam
2463 3542 2739 3582 conversus
2768 3529 2827 3582 in
2863 3529 3154 3583 virtutibus
3177 3527 3514 3594 inardescat;
3540 3543 3608 3582 ne

2023 3603 2292 3670 evomat-ur
2315 3599 2544 3668 tepidus,
2585 3601 2684 3667 qui
2709 3615 2743 3652 a
2773 3598 2946 3653 calore
2985 3615 3139 3669 quem
3175 3600 3460 3670 proposuit
3493 3602 3608 3670 tor-

2015 3683 2149 3740 pore
2165 3669 2242 3728 ad
2263 3672 2488 3724 noxium
2505 3671 2689 3737 frigus
2709 3669 2868 3725 redit.
2902 3671 2981 3725 Ita
3005 3671 3232 3740 Gregor.
3265 3669 3436 3725 Porro
3473 3669 3608 3740 tepi-

2020 3737 2204 3795 ditatis
2261 3741 2454 3796 vitium
2503 3748 2559 3794 et
2595 3740 2902 3810 tepidorum
2953 3737 3351 3796 monachorum
3388 3737 3600 3810 mores,

2022 3819 2208 3882 contra
2237 3825 2374 3881 quos
2403 3808 2676 3882 pracipue
2727 3811 2813 3866 hic
2839 3811 3036 3878 agitur,
3067 3810 3321 3882 graphice
3367 3808 3608 3882 depingit

2015 3879 2308 3938 Cassianus
2337 3879 2428 3936 lib.
2452 3899 2486 3936 x
2517 3879 2692 3936 In’stit.
2727 3897 2847 3950 cap.
2874 3885 2909 3935 2
2928 3889 2983 3935 et
3002 3879 3183 3936 3.His
3209 3879 3348 3950 adde
3375 3881 3448 3932 D.
3477 3881 3606 3932 Ber-

2011 3951 2244 4022 nardum
2273 3967 2438 4008 serm.
2473 3957 2529 4018 6,
2563 3951 2654 4006 ubi
2698 3947 2815 4007 haec
2855 3951 3137 4022 utriusque
3169 3947 3383 4022 generis
3416 3961 3604 4022 mona-

2011 4020 2240 4076 chorum
2278 4021 2497 4077 collatio
2531 4042 2543 4076 :
2598 4019 3072 4090 Adverterepotes,
3111 4019 3306 4090 inquit,
3333 4021 3392 4072 in
3441 4019 3610 4072 omni-

2015 4091 2112 4145 bus
2139 4093 2258 4157 fere
2284 4093 2552 4159 religiosis
2571 4093 3066 4160 congregationibus
3087 4093 3231 4144 viros
3247 4090 3472 4160 repletos
3489 4104 3608 4142 con-

2009 4163 2285 4223 solatione,
2309 4159 2809 4230 superabundantes
2829 4161 3050 4229 gaudio,
3081 4159 3350 4229 jucundos
3373 4173 3603 4228 semper,

2011 4236 2063 4286 et
2091 4232 2312 4294 hilares,
2343 4229 2607 4298 ferventes
2631 4232 2850 4300 spiritu,
2891 4230 2978 4284 die
3012 4245 3076 4285 ac
3102 4234 3248 4285 nocte
3289 4229 3608 4285 meditantes

2013 4304 2071 4356 in
2105 4303 2215 4371 lege
2253 4304 2370 4368 Dei,
2411 4303 2594 4356 crebro
2633 4303 2973 4371 suspicientes
3010 4303 3068 4356 in
3097 4302 3298 4364 caelum,
3345 4305 3396 4356 et
3426 4316 3604 4371 puras

2009 4388 2199 4428 manus
2224 4375 2282 4428 in
2309 4375 2544 4428 oratione
2566 4373 2813 4437 levantes,
2837 4373 3087 4429 sollicitos
3109 4373 3463 4428 observatores
3479 4387 3604 4427 con-

2009 4446 2260 4516 scientia,
2291 4449 2344 4499 et
2359 4445 2568 4500 devotos
2603 4449 2888 4500 sectatores
2915 4445 3168 4500 bonorum
3209 4460 3446 4516 operum,
3477 4446 3603 4514 qui-

2010 4515 2104 4569 bus
2129 4518 2382 4572 amabilis
2419 4517 2727 4588 disciplina,
2759 4517 2910 4572 dulce
2940 4515 3456 4587 jejunium,rvigiliee
3494 4515 3606 4572 bre-

2007 4601 2124 4655 ves,
2175 4589 2328 4644 labor
2372 4604 2634 4644 manuum
2679 4589 3034 4656 delectabilis,
3073 4591 3323 4644 universa
3375 4588 3605 4658 denique

302 4656 506 4730 inquit,
541 4659 744 4714 Iericho
789 4656 1118 4717 Salvatorem
1137 4657 1318 4730 videre
1351 4658 1645 4730 quaerebat,
1669 4661 1762 4713 sed
1781 4675 1900 4730 prce
1931 4726 1966 4730 _
2007 4663 2419 4730 conversationis
2452 4661 2615 4730 hujus
2638 4663 2929 4715 austeritas
2952 4661 3298 4730 refrigerium
3328 4656 3600 4711 videatur.

300 4726 473 4800 turba
495 4743 601 4783 non
626 4735 842 4800 poterat
866 4733 1010 4799 (Luc.
1043 4734 1169 4794 XV);
1199 4729 1330 4800 quia
1354 4729 1546 4795 gratia:
1737 4726 1901 4798 quam
1931 4726 1981 4788 Ι)
2011 4729 2207 4786 Contra
2228 4749 2358 4786 sane
2393 4726 2630 4786 inveni-re
2667 4735 2742 4785 est
2767 4731 3001 4784 homines
3029 4726 3422 4800 pusillanimes,
3451 4730 3502 4800 et
3526 4739 3608 4800 re-

235 4805 246 4810 ‘
299 4799 505 4852 mundo
558 4799 804 4856 Salvator
843 4801 1052 4862 attulit,
1113 4799 1448 4866 participare
1499 4799 1767 4866 cupiebat,
1811 4801 1904 4854 sed

297 4870 502 4924 inclita
545 4873 802 4926 vitiorum
839 4867 1160 4926 consuetudo
1194 4883 1260 4922 ne
1287 4867 1360 4922 ad
1385 4871 1567 4921 votum
1606 4871 1906 4937 perveniret

287 4940 570 5012 obstabat.
594 4944 752 4998 Tales
773 4941 1012 5012 denique
1039 4939 1178 5012 servi
1207 4937 1448 5012 inutiies,
1485 4953 1625 5012 quos
1655 4940 1722 5012 ρ.
1767 4939 1905 4994 Gre-

293 5010 496 5084 gorius
527 5011 822 5084 depingens
855 5008 1046 5074 :Sunt,
1100 5009 1274 5084 inquit
1295 5008 1472 5084 (Hom.
1503 5013 1537 5063 9
1559 5011 1624 5084 in
1649 5011 1904 5084 Evang.),

289 5078 553 5151 plerique
579 5078 734 5139 intra
757 5087 996 5138 sanctam
1019 5078 1311 5138 Ecclesium
1335 5078 1701 5151 (quorumiste
1725 5095 1904 5135 servus

292 5150 598 5221 imaginem
611 5154 770 5227 tenet)
783 5157 881 5224 qui
891 5154 1125 5208 melioris
1134 5154 1262 5227 vita:
1273 5153 1389 5227 vias
1401 5150 1607 5227 aggred
1612 5153 1633 5204 i
1638 5155 1900 5227 metuunt,

292 5229 352 5278 et
378 5228 580 5282 tamam
597 5222 778 5296 jacere
792 5222 866 5279 in
899 5227 986 5280 sui
1015 5225 1249 5296 torporis
1273 5225 1492 5296 ignavia
1515 5237 1620 5276 non
1650 5222 1902 5296 pertime-

289 5298 498 5363 scunt;
525 5306 584 5354 et
597 5291 738 5370 'quae
760 5291 1117 5370 sequunturf
1133 5294 1215 5350 Ad
1237 5291 1385 5370 hunc
1412 5293 1574 5364 igitur
1607 5291 1906 5370 voluntatis

296 5362 650 5436 torporemf
679 5362 1027 5424 medietatem
1091 5373 1146 5421 et
1219 5362 1562 5436 tepidita‘tem
1618 5362 1902 5436 excutien-

293 5434 458 5516 daljl,
499 5434 665 5516 docet
689 5447 994 5516 opportune
1029 5445 1086 5492 et
1125 5434 1324 5516 magno
1369 5444 1558 5492 nostro
1607 5434 1901 5516 commodo

299 5505 474 5586 ης)ρἱ
501 5505 782 5586 insectam:
806 5510 1142 5586 ac_relictam
1188 5505 1330 5586 hanc
1356 5522 1598 5586 pugnam
1639 5507 1818 5586 carnis
1846 5514 1903 5562 et

301 5577 533 5651 pii-itus,
563 5589 626 5637 ut
638 5580 857 5638 assiduo
881 5580 986 5637 hoc
1010 5579 1308 5636 certamine
1343 5577 1399 5635 et
1417 5577 1682 5651 conﬂictu
1710 5579 1902 5633 utrius-

301 5660 422 5719 que
450 5648 618 5721 partis
662 5651 925 5709 excitatus
963 5652 1179 5707 animus
1209 5651 1315 5706 vim
1360 5650 1460 5707 sibi
1487 5648 1706 5715 afferat,
1737 5664 1900 5720 seque

297 5724 766 5804 supra_seips_um.
783 5723 976 5804 erigat,
1003 5731 1055 5804 et
1085 5729 1204 5777 toto
1241 5731 1443 5804 agnata
1471 5731 1636 5804 atque
1665 5721 1897 5804 instan-

297 5793 392 5849 tia
430 5794 502 5852 ad
542 5792 894 5868 perfectionis
935 5793 1143 5866 apicem
1178 5792 1433 5861 enitatur,
1478 5792 1602 5865 quia
1659 5797 1906 5862 Regnum

2008 4803 2214 4864 missos,
2239 4803 2532 4870 deﬁcientes
2557 4802 2658 4854 sub
2675 4815 2861 4870 onere,
2876 4791 3118 4870 virga-et
3121 4793 3425 4870 calcaribus
3447 4791 3606 4870 ind-i-

2007 4875 2206 4936 gentes,
2241 4864 2468 4938 quorum
2503 4872 2728 4923 remissa
2751 4868 2966 4926 laetitia,
2989 4864 3351 4938 pusillanimis
3379 4864 3608 4938 tristitia

2011 4934 2108 5000 est,
2140 4934 2367 5008 quorum
2413 4941 2584 4992 brevis
2616 4942 2667 4992 et
2697 4951 2832 4990 rara
2861 4935 3220 5008 compunctio,_
3247 4934 3498 5008 animalis
3528 4947 3610 5008 co-

2013 5005 2229 5076 gitatio,
2276 5008 2460 5076 tepida
2505 5007 2852 5069 conversatio,
2905 5020 3131 5074 quorum
3169 5005 3468 5061 obedientia
3494 5007 3610 5062 sine

2011 5079 2303 5140 devotione,
2360 5093 2530 5132 sermo
2583 5081 2700 5134 sine
2741 5079 3222 5147 circumspectione,
3267 5079 3438 5132 oratio
3491 5077 3612 5132 sine

2011 5149 2190 5203 cordis
2219 5150 2528 5212 intentione,
2556 5150 2708 5204 lectio
2734 5150 2847 5204 sine
2881 5149 3252 5218 aediﬁcatione,
3285 5163 3417 5218 quos
3460 5148 3612 5202 deni-

2010 5235 2131 5290 que,
2157 5223 2218 5274 ut
2255 5220 2515 5282 videmus,
2544 5223 2641 5275 vin
2668 5221 2918 5288 gehennae
2946 5226 3116 5276 motus
3141 5219 3364 5282 inhibet,
3393 5220 3489 5274 via:
3511 5233 3616 5290 pu-

2009 5292 2110 5346 dor
2136 5292 2358 5354 cohibet,
2406 5293 2502 5346 via:
2540 5293 2728 5358 frenat
2753 5293 2913 5355 ratio,
2950 5293 3046 5346 via:
3081 5291 3371 5362 disciplina
3398 5294 3610 5347 coercet.

2009 5365 2128 5420 Non
2157 5363 2260 5417 tibi
2282 5363 2474 5418 horum
2513 5365 2630 5417 vita
2667 5364 2882 5430 inferno
2920 5365 3138 5434 penitus
3174 5364 3616 5434 appropinquare

2008 5435 2238 5498 videtur,
2261 5435 2412 5502 dum,
2431 5435 2702 5490 intellectu
2725 5436 2964 5502 affectui
2989 5438 3043 5488 et
3075 5435 3287 5502 affectu
3321 5435 3622 5489 intellectui

2009 5511 2356 5576 repugnante,
2383 5521 2588 5562 necesse
2623 5506 2824 5561 habent
2851 5507 3060 5561 mittere
3101 5520 3323 5560 manum
3347 5505 3422 5558 ad
3461 5519 3621 5576 opera

2007 5575 2258 5646 fortium,
2285 5579 2383 5648 qui
2416 5578 2530 5632 cibo
2554 5579 2794 5646 fortium
2831 5579 3048 5630 minime
3074 5579 3466 5640 sustentantur,
3493 5575 3624 5648 socii

2003 5644 2165 5720 plane
2195 5644 2588 5710 tribulationis.
2618 5649 2712 5714 sed
2736 5664 2840 5720 non
2884 5649 3278 5715 consolationis,
3322 5655 3427 5702 etc.
3467 5644 3602 5704 Vide

2005 5719 2262 5778 eumdem
2283 5737 2447 5778 serm.
2472 5726 2542 5776 63
2565 5721 2623 5776 in
2651 5719 2898 5777 Cantica.
