3982 6202
309 264 327 285 -'
365 254 469 307 599

1445 234 1730 297 JOANNIS
1766 231 2075 288 CASSIANI
2113 230 2599 290 COLLATIONES.

3570 235 3676 289 600

362 374 431 431 lei
473 360 653 431 carnis
688 324 998 445 insurgunt,
1019 370 1265 444 [suisque
1302 382 1403 424 nos
1429 365 1570 420 vitiis
1612 370 1668 418 et
1706 357 1962 432 passioni-
1991 362 2044 423 Α
2070 373 2246 430 neque
2282 359 2349 415 ad
2383 358 2647 417 effrenata
2674 359 2807 416 vitia
2847 368 3090 415 mentem
3131 356 3371 431 pertrahi
3408 359 3674 430 concupi-

294 474 301 479 ’
362 468 468 525 bus
506 468 826 538 sauciantes,
858 480 1211 539 nequaquam
1242 464 1299 518 in
1322 462 1429 528 illa,
1463 473 1569 531 qua
1610 455 1959 519 delectamur,

367 562 619 635 puritatis
663 561 927 634 qualitate
971 567 1115 614 stare
1139 556 1485 628 permittunt,
1516 550 1678 621 atque
1714 546 1783 603 ad
1812 547 1963 602 illam

367 669 532 725 quam
592 655 879 710 horremus
923 649 1179 722 frigidam
1231 648 1590 719 voluptatem,
1637 642 1965 715 plenamque

368 745 611 821 sentibus
627 744 952 817 pertrahunt
978 743 1139 798 viam.
1167 745 1385 797 Rursus
1413 738 1456 795 si
1493 736 1717 805 spiritus
1752 732 1971 789 fervore

374 838 638 906 succensi,
679 852 842 909 opera
894 837 1076 892 carnis
1132 834 1374 891 volentes
1431 831 1794 902 exstinguere,
1858 827 1971 882 sine

376 929 486 986 ullo
515 937 766 1001 respectu
781 928 1083 1001 fragilitatis
1112 930 1393 993 humanae,
1434 932 1581 979 totos
1605 920 1974 990 nosmetipsos

369 1024 761 1080 tentaverimus
790 1023 857 1080 ad
883 1022 1244 1078 immoderata
1274 1019 1538 1073 virtutum
1580 1014 1759 1071 studia
1795 1011 1975 1068 cordis

368 1118 602 1175 elatione
656 1117 928 1184 conferre,
988 1115 1338 1187 interpellans
1390 1110 1735 1167 imbecillitas
1792 1106 1974 1187 carnis

368 1210 439 1267 ab
490 1211 580 1266 illa
612 1208 1022 1281 reprehensibili
1067 1208 1344 1263 nimietate
1392 1203 1613 1276 spiritus
1649 1208 1871 1257 revocat
1910 1215 1974 1255 ac

367 1304 639 1372 retardat;
667 1314 723 1361 et
769 1304 840 1360 ita
882 1304 944 1358 ﬁt
991 1311 1073 1370 ut,
1126 1311 1358 1373 utraque
1399 1296 1833 1369 concupiscentia
1877 1294 1974 1350 tali

367 1396 759 1453 colluctatione
787 1397 997 1452 alterna
1027 1394 1248 1452 sibimet
1276 1399 1629 1464 repugnante,
1656 1390 1855 1445 animae
1877 1402 1972 1443 vo-

374 1489 578 1561 luntas,
607 1505 732 1562 quae
770 1505 871 1546 nec
896 1498 1073 1545 totam
1123 1504 1182 1543 se
1230 1486 1540 1541 carnalibus
1567 1482 1848 1539 desideriis
1875 1480 1967 1537 de-

370 1584 520 1651 dere,
536 1601 639 1640 nec
662 1587 927 1641 virtutum
948 1584 1063 1639 vult
1090 1582 1366 1637 laboribus
1389 1579 1678 1644 desudare,
1706 1576 1973 1648 quodam-

369 1680 540 1736 modo
563 1679 715 1751 justo
739 1678 1113 1734 moderamine
1141 1683 1496 1747 temperetur,
1519 1672 1653 1728 dum
1685 1670 1801 1726 hac
1828 1670 1971 1723 inter

2071 451 2276 507 scentia
2305 453 2531 523 spiritus
2560 453 2727 521 sinat,
2749 468 2852 509 nec
2886 468 3105 508 rursum
3134 452 3203 508 ad
3228 453 3495 507 virtutum
3538 451 3670 507 irra-

2070 543 2359 601 tionabiles
2406 546 2682 618 appetitus
2720 546 2981 620 fragilitas
3005 545 3187 601 carnis
3214 545 3468 618 spiritum
3498 546 3680 617 patia-

2076 644 2169 692 tur
2187 638 2401 711 extolli;
2428 655 2496 695 ne
2522 641 2604 696 vel
2634 640 2758 697 inde
2781 640 3137 712 omnigenum
3165 638 3430 710 pullulent
3459 636 3678 693 fomites

2083 728 2357 800 vitiorum,
2407 732 2485 788 vel
2538 732 2667 788 hinc
2707 733 2868 789 elatio
2909 732 3087 788 morbi
3133 730 3449 804 principalis
3495 745 3678 786 emer-

2080 842 2235 899 gens,
2270 825 2380 882 telo
2423 841 2527 882 nos
2561 826 2830 897 superbiae
2867 826 3118 897 graviore
3172 823 3460 880 confodiat
3511 843 3525 879 :
3583 824 3675 881 sed

2083 932 2276 990 pugnae
2302 916 2656 988 horumjusta
2688 915 3383 988 aequilibratio-succedens
3406 931 3598 971 sanam
3626 925 3678 972 et

2081 1011 2422 1067 moderatam
2453 1013 2595 1067 inter
2625 1020 2914 1083 utramque
2960 1012 3218 1068 virtutem
3255 1020 3495 1067 reservet
3513 1012 3674 1082 viam,

2084 1106 2277 1162 itinere
2331 1106 2478 1178 regio
2518 1105 2721 1162 docens
2750 1105 2976 1161 militem
3032 1104 3236 1161 Christi
3279 1120 3500 1177 semper
3536 1106 3677 1162 ince-

2081 1201 2230 1267 dere.
2265 1204 2442 1272 Atque
2471 1199 2543 1255 ita
2569 1199 2649 1267 ﬁt,
2688 1209 2751 1255 ut
2788 1215 2915 1254 cum
2945 1215 3043 1271 pro
3072 1208 3261 1270 tepore
3275 1197 3480 1270 ,hujus,
3511 1213 3677 1269 quam

2081 1294 2339 1360 diximus,
2398 1294 2762 1365 ignavissima:
2801 1293 3091 1349 voluntatis
3135 1292 3466 1364 propensius
3518 1307 3676 1349 mens

2082 1388 2149 1444 ad
2187 1387 2450 1444 desideria
2485 1386 2660 1443 carnis
2696 1385 2858 1443 fuerit
2885 1386 3160 1454 devoluta,
3208 1386 3432 1458 spiritus
3473 1400 3677 1442 concu-

2085 1480 2345 1551 piscentia
2399 1478 2727 1548 refrenetur,
2766 1494 3113 1552 nequaquam
3171 1494 3237 1535 eo
3286 1478 3430 1535 vitiis
3470 1479 3680 1551 acquie-

2078 1581 2261 1628 scente
2304 1572 2558 1637 terrenis;
2599 1587 2926 1643 rursumque
2972 1572 3019 1626 si
3049 1571 3429 1628 immoderato
3465 1570 3678 1629 fervore

2079 1682 2176 1738 per
2206 1681 2486 1722 excessum
2532 1664 2712 1721 cordis
2751 1665 2821 1720 ad
2854 1663 3207 1737 impossibilia
3254 1664 3421 1720 fuerit
3448 1666 3677 1737 spiritus

370 1781 605 1845 utraque
649 1773 951 1840 contentio,
1001 1770 1152 1826 illam
1195 1767 1636 1841 perniciosiorem
1679 1761 1973 1819 excludens
2009 1774 2057 1837 Β
2082 1768 2272 1817 noster
2306 1767 2358 1815 et
2394 1759 2790 1815 inconsiderata
2830 1766 3148 1831 praereptus,
3193 1757 3507 1815 inﬁrmitate
3552 1774 3675 1814 car-

369 1866 570 1922 animae
592 1866 948 1932 voluntatem,
990 1872 1051 1920 ut
1085 1862 1379 1935 quamdam
1403 1858 1677 1931 aequitatis
1705 1856 1899 1911 libram
1920 1855 1979 1909 in

365 1968 571 2017 statera
620 1961 792 2017 nostri
838 1959 1085 2031 corporis
1130 1957 1379 2023 collocat,
1426 1970 1550 2024 quae
1586 1952 1808 2023 spiritus
1865 1964 1983 2003 car-

372 2053 563 2126 nisque
587 2054 822 2109 conﬁnia
842 2053 995 2124 justo
1021 2050 1277 2107 discernit
1303 2046 1572 2112 examine,
1594 2061 1694 2100 nec
1722 2060 1752 2099 a
1777 2042 1981 2098 dextris

370 2154 613 2201 mentem
651 2146 873 2215 spiritus
897 2143 1091 2198 ardore
1128 2140 1471 2207 succensum,
1502 2154 1601 2193 nec
1622 2153 1652 2192 a
1694 2138 1826 2192 laeva
1857 2152 1974 2192 car-

373 2251 503 2291 nem
531 2235 787 2290 vitiorum
835 2218 1034 2289 aculeis
1067 2230 1481 2303 prmponderare
1507 2229 1789 2301 permittit.
1820 2231 1972 2284 Dum

374 2326 494 2383 haec
529 2342 707 2398 pugna
738 2320 1070 2397 quotidianis
1110 2324 1300 2380 diebus
1332 2324 1541 2379 utiliter
1580 2322 1879 2393 exagitatur
1919 2322 1974 2376 in

374 2420 556 2487 nobis,
587 2418 655 2475 ad
686 2417 822 2474 illud
868 2426 1129 2489 quartum
1178 2415 1326 2488 quod
1363 2417 1624 2471 nolumus
1682 2414 1976 2469 salubriter

377 2511 558 2566 venire
600 2510 1002 2582 compellimur,
1043 2518 1106 2566 ut
1146 2510 1437 2581 puritatem
1483 2507 1664 2564 cordis
1709 2524 1817 2563 non
1862 2509 1973 2564 otio

374 2619 478 2659 nec
523 2602 828 2670 securitate,
858 2601 957 2659 sed
978 2601 1093 2674 jugi
1130 2601 1330 2657 sudore
1364 2610 1419 2657 et
1460 2602 1790 2656 contritione
1818 2602 1972 2672 spiri-

375 2703 465 2752 tus
501 2697 870 2768 acquiramus,
890 2696 1307 2766 castitatemque
1337 2694 1513 2749 carnis
1536 2693 1797 2750 districtis
1831 2694 1970 2766 jeju-

375 2789 502 2857 niis,
528 2789 692 2858 fame,
720 2789 802 2844 siti
827 2804 890 2844 ac
929 2789 1198 2861 vigilantia
1238 2788 1597 2855 retineamus;
1625 2787 1978 2843 directionem

379 2882 544 2938 etiam
582 2883 784 2950 cordis,
828 2882 1082 2950 lectione,
1128 2881 1342 2953 vigiliis,
1387 2882 1638 2937 oratione
1693 2882 1973 2948 continua,

379 2984 434 3031 et
454 2975 764 3031 solitudinis
798 2977 1055 3047 squalore
1093 2976 1402 3046 capiamus;
1452 2975 1774 3045 patientiam
1801 2973 1974 3029 tribu-

379 3067 645 3123 lationum
680 3067 949 3123 exercitiis
990 3076 1344 3135 retentemus,
1384 3083 1510 3122 cum
1542 3067 1889 3138 blasphemiis
1925 3077 1979 3124 et

2089 1843 2265 1910 nis'ad
2295 1854 2506 1927 justum
2548 1852 2856 1908 retrahatur
2884 1867 3134 1921 examen,
3179 1861 3232 1908 et
3270 1850 3659 1909 transcendens

2090 1948 2378 2003 voluntatis
2388 1955 2594 2003 nostras
2605 1946 3001 2018 tepidissimum
3013 1954 3215 2002 statum
3233 1944 3673 2002 commodissima

2087 2041 2349 2113 temperie
2388 2042 2658 2113 planoque
2695 2041 2913 2096 tramite
2962 2055 3090 2095 cum
3145 2039 3360 2096 sudoris
3408 2038 3677 2094 industria

2087 2136 2234 2190 viam
2271 2134 2621 2206 perfectionis
2662 2133 2891 2189 incedat.
2927 2133 3119 2189 Simile
3158 2131 3297 2204 quid
3323 2131 3487 2189 etiam
3536 2132 3596 2186 in
3622 2131 3679 2186 il-

2085 2229 2187 2284 lius
2212 2229 2375 2285 turris
2406 2227 2777 2284 exstructione
2816 2227 3047 2300 legimus
3069 2242 3100 2281 a
3127 2224 3365 2281 Domino
3393 2223 3669 2295 dispensa-

2080 2332 2232 2391 tum.
2266 2325 2321 2378 in
2384 2323 2519 2378 libro
2584 2324 2882 2387 Geneseos,
2949 2320 3040 2375 ubi
3093 2320 3407 2390 linguarum
3480 2318 3673 2372 oborta

2081 2423 2304 2486 repente
2341 2414 2588 2470 confusio
2630 2413 2923 2481 sacrilegos
2950 2427 3113 2467 ausus
3145 2410 3433 2466 hominum
3480 2408 3673 2465 nefan-

2081 2508 2289 2578 dosque
2315 2507 2654 2578 compescuit
2681 2506 2883 2575 (Genes.
2917 2504 3019 2576 χι).
3053 2508 3078 2536 ⁸
3106 2501 3503 2560 Permansisset
3529 2501 3670 2556 enim

2082 2599 2245 2655 etiam
2260 2599 2600 2654 ibiadversus
2616 2601 2815 2665 Deum,
2841 2598 3012 2652 immo
3029 2596 3289 2654 adversus
3312 2610 3407 2651 eos
3434 2595 3525 2667 qui
3549 2593 3675 2650 divi-

2086 2709 2217 2749 nam
2245 2693 2360 2765 ejus
2387 2698 2653 2748 attentare
2680 2700 2958 2762 coeperant
2995 2690 3367 2762 majestatem,
3389 2703 3680 2744 consensus

2084 2790 2300 2858 noxius,
2328 2792 2430 2847 nisi
2469 2807 2563 2847 eos
2611 2790 3010 2863 dispensatione
3048 2789 3151 2845 Dei
3198 2802 3509 2860 repugnans
3538 2787 3671 2842 inter

2085 2899 2143 2938 se
2172 2883 2454 2939 diversitas
2502 2884 2704 2956 linguae
2734 2900 2830 2955 per
2871 2882 3264 2940 dissonantiam
3301 2882 3452 2937 vocis
3483 2882 3539 2936 in
3568 2894 3675 2935 me-

2086 2976 2282 3031 liorem
2332 2985 2535 3032 statum
2580 2976 2843 3048 proﬁcere
2899 2976 3271 3046 compulisset,
3324 2982 3379 3030 et
3419 2989 3559 3046 quos
3605 2972 3669 3029 ad

2086 3070 2354 3126 excidium
2397 3069 2481 3125 sui
2527 3070 2857 3126 animaverat
2904 3068 3205 3140 perniciosa
3261 3066 3572 3133 consensio,
3613 3066 3677 3123 ad

381 3159 803 3231 opprobriorum
847 3160 1136 3215 saturitate
1164 3168 1354 3215 nostro
1389 3159 1689 3215 serviamus
1721 3161 1975 3229 Auctori;
2008 3163 2053 3226 C
2083 3166 2314 3220 salutem
2344 3172 2651 3219 revocasset
2697 3163 2841 3218 bona
2888 3162 3142 3232 utilisque
3199 3159 3495 3227 discordia,
3549 3159 3675 3215 inci-

381 3251 664 3308 veritatem
704 3244 839 3308 cum
872 3251 1068 3307 invidia
1103 3252 1291 3309 mundi
1331 3253 1489 3322 istius
1512 3260 1566 3308 et
1602 3254 1915 3322 inimicitiis,
1935 3254 1979 3310 si

382 3360 603 3401 necesse
647 3344 833 3415 fuerit,
873 3362 1264 3417 exsequamur;
1295 3355 1347 3402 et
1373 3346 1464 3402 tali
1498 3347 1877 3402 colluctatione
1922 3350 1978 3404 in

379 3444 571 3495 nostro
617 3455 844 3512 corpore
891 3440 1183 3511 militante,
1229 3442 1517 3513 protractis
1567 3441 1727 3497 nobis
1770 3441 1839 3498 ab
1880 3443 1980 3498 hac

382 3533 577 3605 ignava
602 3533 912 3601 securitate,
937 3543 1097 3605 atque
1125 3534 1193 3591 ad
1225 3535 1389 3590 istum
1423 3551 1590 3606 quem
1622 3536 1873 3591 volumus
1911 3538 1983 3592 la-

379 3624 573 3681 borem
600 3641 666 3681 ac
680 3626 938 3681 virtutem
959 3625 1141 3681 studia
1170 3626 1495 3697 provocatis,
1526 3628 1752 3699 aequitas
1779 3630 1984 3700 optime

382 3719 563 3775 media
584 3721 900 3786 retineatur,
936 3727 992 3774 et
1028 3720 1271 3790 tepidum
1323 3728 1527 3775 nostrae
1572 3721 1865 3776 voluntatis
1895 3740 1983 3779 ar-

381 3815 633 3881 bitrium,
679 3815 809 3870 hinc
830 3815 1050 3885 spiritus
1079 3813 1282 3881 fervor,
1326 3815 1474 3870 illinc
1510 3816 1689 3871 carnis
1718 3818 1984 3888 gelidissi-

382 3924 506 3966 mus
538 3910 701 3983 rigor
743 3909 1181 3966 moderatissimo
1227 3910 1405 3965 calore
1461 3918 1889 3981 contemperent,
1919 3928 1983 3969 ac

2087 3258 2290 3328 pientes
2328 3257 2535 3312 scilicet
2568 3256 2864 3312 humanam
2897 3254 3249 3325 fragilitatem
3295 3251 3664 3308 intercedente

2087 3348 2352 3404 divisione
2387 3350 2605 3410 sentire,
2634 3364 2797 3419 quam
2837 3363 2932 3418 per
2959 3348 3179 3402 noxiam
3219 3345 3675 3417 conSpirationem

2087 3444 2213 3500 elati
2240 3452 2400 3499 antea
2430 3443 2759 3498 nesciebant.

2661 3583 2900 3637 CAPUT
2940 3581 3098 3636 XIII.

2242 3717 2315 3767 De
2336 3712 2931 3766 utilitatecunctationis
2954 3726 3073 3778 qum
3094 3726 3161 3763 ex
3189 3710 3547 3764 colluctatione

2532 3784 2709 3836 oritur
2737 3783 2913 3835 carnis
2937 3786 2987 3835 et
3014 3783 3257 3850 spiritus.

2166 3917 2226 3969 In
2253 3920 2466 3967 tantum
2495 3926 2622 3966 vero
2650 3903 2677 3940 ¹³
2712 3898 2853 3965 utilis
2892 3908 3049 3964 nobis
3071 3923 3135 3961 ex
3176 3905 3338 3979 hujus
3364 3919 3557 3978 pugna:
3596 3903 3676 3960 di-

1476 4034 1729 4087 ALARDI
1769 4035 1993 4091 GAZJZI
2032 4036 2589 4094 COMMENTARIUS.

456 4154 477 4177 ⁸
502 4149 701 4205 Genes.
725 4163 792 4204 x1
829 4166 841 4203 :
876 4149 1154 4204 Descendit
1179 4150 1453 4209 Dominus,
1485 4153 1546 4201 ut
1572 4149 1773 4201 rideret
1802 4151 1988 4203 civita-

385 4225 489 4275 tem
512 4225 563 4274 et
582 4223 778 4274 turrim
801 4236 961 4288 quam
991 4219 1329 4288 aediﬁcabant
1347 4220 1454 4287 [iiii
1480 4220 1680 4281 Adam,
1714 4224 1765 4273 et
1794 4222 1943 4273 dixit
1967 4241 1983 4275 :

384 4294 513 4346 Ecce
542 4306 679 4344 unus
702 4295 778 4343 est
804 4291 1053 4357 populus,
1090 4295 1141 4343 et
1175 4307 1341 4343 unum
1371 4295 1447 4343 est
1474 4291 1674 4343 labium
1716 4293 1980 4354 omnibus,

384 4365 752 4429 cccperuntque
781 4361 873 4412 hoc
886 4362 1097 4425 facere;
1122 4376 1212 4413 nec
1234 4361 1489 4414 desistant
1513 4377 1547 4413 α
1572 4363 1981 4429 cogitationibus

384 4433 520 4495 suis,
551 4432 709 4483 donec
752 4444 841 4483 eas
882 4445 1037 4497 opere
1064 4432 1378 4498 compleant.
1430 4433 1615 4484 Venite
1652 4434 1841 4498 igitur,
1889 4434 1980 4486 dc-

385 4500 720 4563 sccndamus,
748 4503 800 4552 et
833 4501 1225 4566 con/‘undamus
1270 4502 1349 4553 ibi
1390 4502 1630 4569 linguam
1677 4518 1876 4564 eorum,
1921 4508 1982 4557 ut

2093 4168 2203 4218 n33,
2234 4153 2391 4223 cujus
2431 4151 2656 4204 obtentu
2684 4150 2845 4223 toties
2876 4146 3433 4223 Ps_almista__divinam
3450 4142 3681 4223 _r_r_iiseri-

2093 4217 2334 4279 cordiam
2382 4228 2693 4276 commovet
2733 4226 2785 4274 et
2811 4219 3089 4290 implorat,
3139 4217 3327 4272 dicens
3373 4238 3384 4272 :
3444 4219 3680 4290 Miserere

2094 4298 2215 4356 mei,
2283 4295 2520 4353 Domine,
2577 4292 2830 4359 quoniam
2870 4284 3115 4359 infirmus
3168 4304 3307 4351 sum,
3373 4284 3682 4359 etc.,_quod

2090 4364 2264 4435 angeli
2303 4363 2483 4435 dicere
2516 4357 2626 4415 non
2660 4357 3313 4435 plossunt,'quibus,Acum_
3366 4359 3474 4435 sint
3511 4357 3681 4435 incor-

2092 4426 2262 4503 porei,
2293 4432 2438 4486 nulla
2478 4426 2731 4503 suppetit
2780 4426 3054 4486 excusatio
3101 4430 3463 4503 inﬁrmitatis,
3501 4435 3564 4483 ut
3599 4426 3682 4503 hic

2088 4497 2300 4558 dicitur.
2338 4497 2754 4573 Tertia,'major
2794 4506 3001 4557 cautela
3047 4511 3102 4556 et
3136 4500 3576 4573 sollicitudo,_ut
3618 4497 3684 4552 de

384 4569 700 4645 nonnuth
712 4565 1083 4645 unusquisque
1101 4587 1273 4645 uocem
1296 4565 1543 4641 promiini
1568 4574 1671 4645 sui.
1699 4573 1881 4640 Atque
1905 4576 1982 4626 ita
2011 4565 2058 4625 D
2090 4573 2265 4639 hoste,
2298 4565 2600 4645 praesertim
2634 4565 2959 4637 domestico,
2995 4587 3297 4645 numquam
3326 4565 3520 4645 securi,
3552 4584 3685 4645 cau—

384 4642 573 4696 divisit
598 4656 681 4695 eos
705 4643 962 4695 Dominus
1005 4658 1072 4695 ca:
1099 4643 1191 4696 illo
1208 4644 1315 4696 loco
1341 4646 1397 4696 in
1425 4644 1686 4696 universis
1718 4646 1911 4712 terras,
1937 4649 1987 4698 et

383 4712 1017 4783 cessaveruntiwdiﬁcare
1043 4714 1328 4767 civitatem.
1371 4713 1460 4768 Sic
1499 4711 1988 4783 igiturlinguarum

384 4784 580 4839 oborta
609 4782 880 4850 confusio,
911 4792 967 4838 et
995 4798 1191 4838 vocum
1222 4783 1489 4839 discordia
1534 4782 1857 4838 temerarios
1884 4800 1984 4839 au-

383 4869 477 4909 sus
500 4854 802 4926 hominum
849 4853 1200 4926 nefariosque
1244 4854 1599 4926 compescuit.
1650 4854 1771 4922 Quo
1818 4855 1984 4910 etiam

383 4925 552 4996 modo
580 4924 741 4979 nobis
770 4924 989 4996 prodest
1014 4924 1227 4980 interna
1263 4924 1499 4996 partium
1532 4934 1846 4981 nostrarum
1879 4927 1989 4982 dis-

383 4994 589 5062 cordia,
618 5003 737 5050 tum
773 4994 842 5050 ad
887 4994 1299 5066 deprimendam
1332 4996 1533 5050 mentis
1563 5006 1768 5053 nostrae
1794 4997 1983 5053 elatio-

381 5082 534 5137 nem,
563 5075 685 5121 tum
711 5066 780 5121 ad
802 5066 939 5123 alios
967 5066 1196 5122 effectus
1213 5082 1377 5137 supra
1408 5068 1665 5137 signatos.

454 5132 480 5169 ³³
502 5138 717 5210 Colligit
751 5153 817 5210 ex
869 5132 1301 5210 dictisaliquot'
1331 5132 1612 5210 utilitates,
1662 5154 1783 5209 quas
1821 5138 1985 5192 nobis

383 5224 447 5263 ex
491 5208 874 5265 colluctatione
908 5225 972 5264 ac
1004 5208 1229 5265 dissidio
1278 5209 1455 5263 carnis
1501 5217 1555 5262 et
1596 5208 1815 5277 spiritus
1854 5223 1980 5277 pro-

382 5280 625 5335 veniunt.
657 5280 835 5335 Prima
868 5280 1070 5334 utilitas
1100 5286 1182 5334 est
1217 5279 1475 5333 salutaris
1510 5276 1786 5332 cunetatio
1816 5276 1871 5331 et
1898 5276 1979 5330 di-

380 5350 510 5405 latio
535 5365 640 5421 qua
676 5350 738 5405 ﬁt
766 5357 829 5405 ut
849 5350 987 5405 mala
1026 5365 1148 5421 quae
1185 5350 1367 5421 animo
1383 5348 1731 5421 concepimus
1770 5346 1982 5421 tardius

382 5417 766 5494 exsequamur,
810 5417 1073 5494 corporis
1110 5420 1254 5494 mole
1295 5417 1611 5494 praepediti,
1637 5425 1718 5494 _et
1768 5417 1978 5473 faciiius

382 5493 453 5547 ab
477 5490 556 5549 eis
584 5490 1246 5563 revocemur'paanitentia
1276 5491 1443 5547 ducti.
1472 5490 1613 5543 Hinc
1635 5490 1799 5543 Poeta
1822 5506 1836 5543 :

551 5598 725 5659 Differ,
766 5595 956 5648 habent
976 5611 1146 5661 parva:
1167 5596 1431 5647 commoda
1448 5607 1624 5656 magna
1650 5580 1818 5643 morae.

380 5703 660 5777 Secunda,
701 5703 918 5777 facilior
959 5705 1103 5777 apud
1168 5710 1341 5760 Deum
1384 5703 1658 5777 excusatio
1706 5711 1759 5777 et
1784 5704 1979 5777 venite

382 5775 720 5845 consecutio,
744 5776 954 5832 ratione
996 5774 1337 5831 inﬁrmitatis
1366 5784 1417 5832 et
1446 5775 1751 5849 fragilitatis
1784 5774 1978 5831 huma-

2096 4645 2204 4716 tius
2246 4639 2405 4699 nobis
2450 4645 2787 4716 inviligemus
2835 4652 2889 4716 et
2923 4639 3336 4716 prospici—amus.
3364 4639 3684 4716 Qui__enim,

2095 4715 2249 4771 hoste
2292 4724 2578 4786 praesente,
2601 4710 2798 4785 'eoque
2860 4710 3238 4786 infestissimo,
3291 4710 3411 4786 non
3437 4710 3539 4786 sibi
3587 4725 3689 4781 ca-

2096 4796 2238 4852 veat,
2293 4782 2522 4856 seseque
2584 4782 2825 4840 muniat?
2894 4786 3126 4856 Quarta,
3182 4782 3512 4856 humiliatio,
3581 4796 3687 4856 qua

2093 4859 2258 4912 etiam
2289 4858 2383 4911 viri
2432 4852 2692 4926 spiritales
2720 4865 2773 4911 et
2809 4852 3029 4926 perfecti
3080 4855 3151 4910 ob
3179 4856 3357 4910 carnis
3397 4852 3687 4926 inﬁrmita-

2093 4936 2204 4982 tem
2234 4937 2285 4982 et
2323 4923 2753 4992 immunditiam,
2793 4923 2959 4997 quam
2994 4926 3293 4997 patiuntur
3322 4923 3690 4997 inviti,__salu-

2092 4997 2260 5053 briter
2294 4999 2667 5065 humiliantur,
2715 5014 2784 5053 ne
2810 4993 2885 5052 'de
2921 4993 3032 5051 suis
3075 4996 3366 5052 virtutibus
3389 5011 3454 5050 ac
3488 4993 3693 5049 divinis

2093 5067 2365 5124 beneﬁciis
2394 5069 2747 5124 extollantur.
2784 5069 2839 5123 Si
2889 5068 3033 5122 enim
3068 5068 3337 5139 Apostolo
3375 5066 3570 5139 Paulo,
3620 5079 3695 5120 ne

2090 5140 2406 5211 magnitudo
2456 5140 2849 5195 revelationum
2883 5153 3009 5211 eum
3038 5137 3343 5211 extolleret,
3382 5137 3561 5211 datus
3608 5143 3695 5191 est

2088 5208 2346 5280 stimulus
2398 5212 2570 5265 carnis
2603 5226 2737 5273 suae,
2768 5210 2988 5276 angelus
3026 5210 3264 5277 Satanae,
3302 5208 3395 5280 qui
3414 5222 3563 5280 eum_
3588 5222 3694 5280 co_-

2089 5279 2387 5349 lapliizaret
2417 5283 2576 5351 (Vide
2598 5272 2746 5335 Joan.
2780 5272 3072 5337 Climacum
3086 5272 3263 5349 gradu
3290 5272 3412 5348 13);
3435 5272 3569 5350 quid
3587 5278 3697 5332 mi-

2088 5366 2214 5404 rum
2243 5351 2287 5404 si
2317 5352 2467 5405 aliis?
2496 5355 2606 5406 Has
2631 5354 2765 5407 duas
2807 5352 3067 5407 utilitates
3086 5352 3692 5422 prosequitur_cap._175

2087 5430 2139 5475 et
2164 5422 2509 5493 sequentibus
2532 5425 2603 5491 (ll
2634 5425 2751 5479 Cor.
2786 5423 2885 5493 12).
2920 5419 3218 5491 Caeterum,
3242 5419 3489 5492 quamvis
3506 5435 3575 5475 ex
3599 5420 3694 5493 his

2090 5500 2236 5547 recte
2275 5492 2575 5565 colligatur,
2619 5502 2679 5548 ut
2706 5492 2911 5565 colligit
2958 5499 3187 5565 Auctor,
3229 5501 3531 5565 utcumque
3581 5492 3692 5546 sal-

2088 5571 2202 5618 tem
2239 5571 2293 5618 et
2319 5563 2620 5619 secundum
2650 5565 2804 5634 quid,
2841 5563 2953 5619 sive
3005 5563 3449 5629 occasionaliter,’
3473 5564 3689 5618 bonam

2089 5649 2207 5689 esse
2230 5643 2283 5689 ct
2321 5635 2389 5691 ad
2415 5635 2585 5689 multa
2616 5636 2773 5691 nobis
2802 5636 2992 5691 utilem
3026 5636 3203 5691 carnis
3239 5642 3294 5690 et
3322 5634 3545 5705 Spiritus
3574 5636 3692 5705 eol-

2091 5706 2466 5774 luctationem,
2512 5705 2743 5777 ideoque
2764 5706 2942 5761 divina
2975 5703 3376 5776 dispensatione
3419 5720 3518 5760 seu
3567 5703 3681 5759 dis-

2089 5776 2356 5848 positione
2388 5777 2444 5832 in
2479 5776 2636 5832 nobis
2656 5776 2825 5832 etiam
2859 5783 2979 5849 post
3015 5778 3348 5848 baptismum
3395 5789 3686 5832 remanere
