3982 6202
324 256 416 309 601

923 251 1265 309 COLLATIO
1307 255 1395 309 IV.
1435 283 1507 295 —
1544 255 1633 310 DE
1671 251 2258 309 CONCUPISCENTIA
2294 252 2544 309 CARle
2579 254 2666 309 ET
2704 255 3034 311 SPIRITUS.

3526 262 3629 317 602

326 377 574 433 versitate
598 377 870 433 cunctatio
897 378 1163 446 nasriitur,
1194 386 1249 433 et
1280 378 1529 433 salutaris
1561 393 1626 433 ex
1652 377 1751 433 hac
1780 368 1917 432 con-
1946 382 1999 444 Α
2023 384 2108 431 est
2149 375 2371 431 animus
2405 392 2598 433 eorum
2643 377 2801 434 velox
2848 377 2915 433 ad
2945 378 3398 452 excogitandum;
3444 384 3525 463 sic
3559 383 3629 439 ad

325 472 619 527 certatione
656 471 869 539 dilatio,
893 478 976 539 ut,
1001 471 1285 527 resistente
1322 470 1591 527 soliditate
1630 485 1915 543 corporea,

324 563 455 620 dum
482 563 552 618 ab
578 578 771 620 eorum
802 562 1006 620 effectu
1051 580 1154 636 que
1188 564 1441 635 nequiter
1467 573 1650 620 mente
1677 563 1918 635 concipi-

322 671 446 712 mus
469 656 823 725 retrahimur,
864 672 1277 728 nonnumquam
1297 658 1355 713 in
1380 659 1664 714 meliorem
1692 666 1917 726 statum,

320 759 415 800 seu
441 744 778 816 paenitudine
822 745 1202 817 subsequente,
1231 758 1329 802 seu
1369 736 1749 803 emendatione
1783 762 1921 818 qua-

319 838 469 907 dam,
503 854 611 911 que
647 838 786 894 solet
825 839 1309 911 procrastinatione
1347 840 1529 912 operis
1564 848 1619 896 et
1659 840 1924 912 recogita-

315 932 467 989 tione
514 933 902 989 interveniente
950 932 1298 1003 descendere,
1338 935 1697 1008 corrigamur.
1747 935 1921 991 Deni-

317 1040 423 1097 que
465 1022 567 1080 hos
597 1040 737 1097 quos
786 1025 1138 1098 intelligimus
1193 1025 1264 1082 ad
1307 1027 1645 1084 voluntatum
1687 1043 1912 1083 suarum

315 1116 585 1173 desideria
638 1117 963 1189 perﬁcienda
1003 1119 1152 1174 nullo
1193 1114 1373 1176 carnis
1410 1120 1688 1177 obstaculo
1744 1128 1916 1176 retar-

314 1209 453 1279 dari,
515 1210 793 1267 daemones
840 1212 1042 1268 scilicet
1095 1228 1156 1267 ac
1197 1213 1471 1284 spiritales
1523 1214 1808 1286 nequitias,
1858 1222 1916 1281 et

311 1303 539 1374 quidem
567 1320 694 1360 cum
736 1306 842 1360 sint
869 1305 1330 1363 de‘eminentiore
1374 1309 1692 1381 angelorum
1720 1306 1913 1365 ordine

310 1394 594 1460 devoluti,
653 1396 1083 1453 detestabiliores
1138 1413 1255 1454 esse
1301 1398 1612 1457 hominibus
1660 1409 1912 1457 contem-

311 1488 543 1559 plamur,
603 1502 670 1545 eo
716 1489 895 1561 quod,
960 1491 1317 1562 possibilitate
1371 1508 1563 1549 eorum
1629 1493 1911 1552 desideriis

310 1582 623 1655 adjacente,
668 1587 694 1615 ⁸
742 1583 798 1639 id
850 1584 997 1656 quod
1048 1585 1299 1656 nequiter
1348 1588 1517 1642 semel
1561 1589 1912 1660 conceperint

312 1673 641 1731 irrevocabili
668 1676 813 1731 malo
844 1676 1098 1748 perlicere
1124 1693 1237 1734 non
1262 1687 1582 1734 morentur:
1612 1680 1737 1752 quia
1766 1682 1913 1737 sicut

2024 469 2418 541 perliciendum
2448 471 2638 542 pernix
2672 478 2727 526 et
2749 470 2995 529 absoluta
3028 474 3364 545 substantia;
3402 485 3457 532 et
3492 474 3628 532 dum

2025 563 2332 635 suppedth
2367 566 2448 621 eis
2480 582 2651 638 prona
2676 566 2901 623 facilitas
2931 583 2993 624 ea
3026 583 3146 640 quas
3176 570 3449 626 voluerint
3503 585 3626 641 per-

2025 656 2240 728 agendi,
2269 668 2597 729 conceptum
2630 660 2836 715 malum
2876 661 3024 717 nulla
3052 662 3390 720 intercedens
3418 662 3627 720 delibe-

2026 749 2168 805 ratio
2189 751 2442 807 salutaris
2468 752 2742 808 emendat.

2599 885 2846 942 CAPUT
2902 886 3055 940 XIV.

2061 1002 2137 1053 De
2172 997 2555 1053 inemendabili
2576 1000 2791 1053 malitia
2818 1002 3153 1069 spiritalium
3191 1005 3579 1072 nequitiarum.

2090 1126 2115 1158 δ
2144 1123 2406 1194 Spiritalis
2456 1139 2698 1195 namque
2748 1126 3071 1195 substantia,
3125 1144 3228 1184 nec
3286 1131 3394 1187 ulla
3443 1135 3625 1191 carnis

2018 1217 2289 1273 soliditate
2337 1216 2608 1285 devincta,
2652 1226 2713 1273 ut
2749 1220 3159 1276 excusationem
3209 1231 3411 1280 exortae
3465 1227 3521 1281 in
3567 1244 3625 1284 se

2020 1324 2198 1381 pravae
2232 1324 2345 1364 non
2372 1309 2567 1381 recipit
2613 1310 2926 1379 voluntatis,
2957 1310 3029 1366 ita
3077 1326 3270 1368 venam
3309 1315 3621 1388 malignita-

2017 1404 2087 1460 tis
2115 1403 2380 1473 excludit,
2409 1405 2533 1477 quia
2562 1405 2706 1460 nulla
2739 1405 3206 1477 quemadmodum
3250 1423 3353 1464 nos
3397 1409 3465 1464 ad
3494 1426 3618 1482 pec-

2018 1497 2253 1553 candum
2306 1498 2717 1570 impugnatione
2762 1500 2942 1555 carnis
2995 1500 3328 1558 extrinsecus
3375 1502 3620 1562 lacessita

2016 1598 2118 1657 est,
2159 1591 2255 1647 sed
2306 1591 2435 1647 vitio
2482 1593 2650 1648 solius
2688 1593 2850 1649 malai
2900 1593 3194 1650 voluntatis
3235 1611 3476 1665 accensa,
3522 1604 3621 1654 etc

2017 1683 2090 1739 ob
2114 1683 2219 1739 hoc
2254 1684 2368 1739 sine
2409 1685 2560 1739 venia
2593 1694 2952 1756 peceatum'et
2984 1686 3211 1758 languor
3236 1688 3353 1743 sine
3376 1689 3621 1747 remedio

1413 1833 1666 1888 ALARDI
1706 1835 1931 1890 (ἶΑΖέΕΙ
1971 1836 2533 1892 COMMENTARIUS.

309 1961 377 2040 ad
399 1976 653 2040 agonem,
686 1971 744 2017 ut
768 1962 975 2040 dictum
1018 1971 1101 2018 est
1130 1983 1142 2019 :
1179 1963 1459 2040 fatendum
1490 1975 1673 2022 tamen
1709 1983 1909 2040 concu-
1940 1975 1986 2036 Β
2020 1985 2188 2039 neque
2223 1974 2348 2040 post
2394 1974 2618 2024 mortem
2658 1970 2981 2025 hominibus.
3015 1970 3176 2039 Quod
3206 1987 3318 2025 non
3355 1970 3433 2026 sic
3479 1972 3621 2026 acci-

308 2032 625 2110 piscentiam
674 2034 849 2110 carnis
894 2033 1153 2110 adversus
1205 2035 1461 2105 spiritum
1504 2052 1569 2110 ex
1599 2054 1658 2110 se
1695 2039 1908 2110 simpli-

309 2104 594 2179 citer_e_sse
633 2104 834 2159 malam
876 2112 931 2158 et
968 2104 1253 2179 vitiosam;
1301 2121 1411 2179 non
1442 2108 1567 2177 quia
1594 2109 1663 2162 sit
1685 2104 1909 2179 proprii

306 2174 550 2229 nominis
597 2184 918 2245 peccatum,
969 2177 1066 2230 sed
1122 2175 1271 2245 quia
1299 2174 1524 2243 vitium,
1574 2186 1626 2232 et
1669 2174 1911 2236 defectus

307 2253 540 2312 naturae,
572 2244 744 2321 ordini
797 2253 851 2300 et
880 2244 1395 2321 atquit‘atignaturali
1426 2248 1754 2319 repugnans,
1803 2266 1908 2321 qua

309 2331 405 2386 par
451 2327 533 2371 est
576 2314 835 2371 inferiora
863 2315 1237 2386 superioribus
1265 2314 1519 2384 subesse}
1564 2314 1694 2374 Eum
1741 2314 1905 2376 ecén—

308 2386 476 2458 trario
519 2401 618 2458 per
654 2387 1154 2457 concupiscentiam
1188 2403 1282 2457 par
1314 2390 1513 2445 anima:
1546 2389 1772 2446 inferior
1811 2407 1911 2446 su-

306 2456 535 2528 periori,
572 2456 776 2531 idest,
816 2456 1013 2531 rationi
1048 2456 1335 2530 repugnet,
1393 2459 1490 2531 legi
1548 2462 1745 2531 mentis
1794 2477 1906 2517 non

305 2527 530 2599 pareat,
571 2528 779 2601 spiritui
824 2527 1150 2601 obluctetur,
1193 2527 1272 2596 et,
1302 2527 1469 2601 quod'
1493 2530 1641 2601 pejus
1685 2541 1795 2599 est,
1838 2532 1908 2588 ad

342 2598 827 2670 eccatumftrahat.
876 2599 1038 2654 Unde
1070 2608 1122 2654 et
1153 2598 1449 2670 Apostolus
1486 2598 1737 2670 expresse
1762 2618 1907 2670 Ama-

342 2614 589 2654 eccarum
624 2614 827 2654 tranat.
882 2614 1038 2654 unae
1070 2614 1122 2654 et
1153 2614 1449 2670 Apostoms
1486 2616 1548 2655 ex
1590 2617 1737 2657 resse
1782 2618 1907 2658 ma-

301 2614 418 2724 ﬁim
446 2669 728 2737 nominat,
760 2674 924 2725 Rom.
958 2685 1052 2726 v11
1073 2710 1088 2738 ,
1124 2686 1248 2725 cum
1292 2671 1373 2726 ait
1403 2691 1415 2725 :
1456 2619 1663 2727 Mafum
1699 2667 1910 2742 adjacet

301 2742 462 2814 mihi,
502 2744 750 2814 perficere
796 2746 976 2814 autem
1018 2743 1213 2814 bonum
1263 2758 1386 2814 non
1420 2746 1660 2810 invenio,
1690 2743 1782 2798 ubi
1814 2759 1909 2814 per

300 2811 511 2884 malum
541 2811 792 2884 adjacens
820 2812 967 2884 nihil
992 2813 1137 2867 aliud
1162 2812 1388 2884 intelligi
1418 2819 1615 2884 potest,
1648 2814 1749 2868 nisi
1770 2811 1907 2869 con-

298 2882 637 2955 cupiscentia
668 2882 896 2955 carnis,
948 2898 1110 2955 quam
1157 2882 1364 2938 ibidem
1408 2882 1563 2939 vocat
1612 2885 1907 2955 Apostolus

297 2952 479 3027 iegem
511 2952 1019 3027 membrorumket
1048 2954 1219 3027 legem
1264 2955 1463 3027 peccati
1512 2952 1903 3027 repugnantem

297 3022 406 3095 legi
436 3023 640 3078 mentis
654 3022 677 3095 ν(
695 3024 832 3095 Vide
856 3022 1125 3095 Bellarmf
1141 3026 1206 3077 de
1242 3022 1445 3079 Amiss.
1479 3022 1678 3093 gratiis
1704 3028 1801 3081 lib.
1838 3044 1903 3083 γι

294 3092 453 3174 gain
485 3098 589 3159 I4).
621 3092 789 3174 Quod
815 3101 870 3174 et
901 3092 1089 3174 contra
1120 3095 1434 3174 Pelagianos
1463 3092 1710 3151 accurate
1747 3098 1907 3174 docet

294 3168 376 3220 D.
426 3164 785 3232 Augustinus,
826 3172 880 3216 et
934 3165 1119 3218 multis
1172 3164 1476 3218 rationibus
1522 3174 1576 3219 et
1612 3167 1905 3222 auctorita-

295 3234 454 3304 tibus
497 3233 868 3304 antiquorum,
889 3235 1111 3304 Patrum
1149 3233 1458 3304 conﬁrmat,
1503 3234 1593 3289 lib.
1653 3251 1693 3290 ιι
1729 3237 1783 3290 in
1812 3239 1910 3293 Ju-

294 3303 559 3385 iianum,
617 3302 762 3384 inter
804 3303 925 3385 alia_
954 3303 1217 3384 scribens,
1267 3303 1440 3385 legem
1487 3305 1733 3385 peccati,
1784 3322 1906 3378 quae

296 3375 447 3429 inest
479 3372 715 3448 hominis
760 3373 1020 3448 membris
1058 3372 1363 3448 repugnans
1401 3372 1505 3448 legi
1545 3376 1770 3448 mentis,
1798 3372 1904 3448 qua

296 3459 433 3499 caro
459 3444 796 3516 concupiscit
821 3444 1088 3516 adversus
1112 3444 1383 3513 spiritum,
1427 3444 1591 3500 etiam
1623 3444 1909 3516 baptizatis

296 3514 547 3586 ingerere
585 3514 854 3585 pugnandi
888 3515 1283 3570 necessitatem.
1312 3519 1382 3571 Et
1410 3521 1592 3570 contra
1621 3514 1775 3586 quid,
1820 3519 1910 3574 in-

300 3586 444 3656 quit,
471 3588 583 3639 nisi
607 3591 793 3640 contra
833 3587 1066 3649 malum,
1108 3603 1211 3640 non
1253 3586 1636 3650 substantiam,
1667 3590 1761 3642 sed
1786 3591 1908 3644 sub-

298 3659 524 3711 stantia:
552 3658 762 3719 vitium,
808 3660 907 3711 Dei
930 3659 1115 3726 gratia
1160 3672 1251 3712 nos
1283 3665 1643 3726 regenerante,
1674 3675 1780 3714 non
1802 3663 1906 3715 im-

298 3728 635 3796 putandum,
669 3731 768 3785 Dei
793 3730 975 3796 gratia
987 3729 1219 3797 juvante
1247 3730 1621 3795 frenandum?

375 3807 400 3881 ff
431 3800 548 3881 Non
588 3800 731 3881 quod
765 3799 973 3881 judicio
1006 3799 1395 3881 ari-“voluntate
1438 3801 1903 3881 prorsusinﬂexi-
1940 3842 1944 3846 -

303 3867 397 3922 bili
430 3878 589 3938 atque
610 3867 901 3923 immobili
932 3869 1137 3935 praediti
1179 3870 1306 3935 sint,
1335 3878 1397 3923 ut
1434 3867 1678 3925 nonnulli
1710 3874 1902 3928 volunt

308 3937 387 4007 (S.
414 3937 595 3993 Thovm.
618 3954 639 3992 1
654 3945 825 4007 part,
852 3956 907 4006 q.
930 3943 1022 4002 64,
1044 3944 1152 4009 art.
1177 3939 1259 4009 2);
1286 3939 1380 3992 Sed
1409 3943 1537 4009 quia
1555 3941 1702 3995 nullo
1722 3945 1901 3999 carnis

303 4009 704 4077 impedimento
729 4016 822 4061 aut
852 4023 1068 4078 remora
1103 4007 1441 4075 detinentur,
1462 4008 1755 4078 quominus
1781 4014 1899 4067 ani—

306 4076 406 4131 mo
431 4085 689 4145 concepta
718 4076 980 4147 continuo
1009 4084 1393 4147 exsequantur.

381 4147 409 4179 ι’
433 4147 669 4217 Angelos
692 4147 804 4201 sive
828 4145 1020 4214 bonos,
1051 4145 1166 4201 sive
1190 4147 1382 4214 malos,
1414 4147 1718 4216 spirituales
1742 4159 1798 4205 et
1815 4152 1897 4207 in-

304 4231 601 4286 corporeas
653 4232 783 4291 esse
813 4218 1140 4291 substantias
1178 4217 1374 4291 docent
1413 4221 1601 4291 Patres
1645 4219 1828 4291 (S.Th.
1879 4240 1897 4279 ι

299 4292 551 4364 part.,_q.
579 4288 690 4364 5_1_).
716 4288 1229 4364 Dionysius_Areop._
1252 4290 1467 4364 anlest.
1490 4288 1705 4346 Hierar.
1723 4308 1839 4364 cap.
1870 4300 1899 4348 2

301 4366 355 4431 et
372 4357 440 4413 de
454 4359 575 4431 Div.
599 4357 759 4431 Nom.
784 4357 882 4431 cap
925 4365 978 4423 4,
1002 4357 1298 4431 Gregorius
1310 4361 1684 4418 Nazianzenus
1704 4357 1847 4419 orat:
1867 4373 1900 4419 2

302 4428 367 4504 de
402 4428 1172 4504 Theologia,__Chrysostomus
1210 4430 1396 4504 liomil.
1441 4438 1508 4487 22
1534 4433 1587 4488 in
1613 4434 1896 4504 Genesim,

302 4500 668 4577 Damascenus
698 4500 787 4555 lib.
818 4500 950 4577 itide
974 4501 1104 4577 Fide
1125 4502 1360 4577 Orthpd._
1379 4520 1496 4574 cap.
1525 4511 1661 4577 3.4_et
1681 4500 1896 4577 GregoQ

305 4570 410 4625 rius
436 4575 662 4641 Magnus
681 4587 801 4626 vm
821 4573 1012 4627 Moral.
1038 4587 1154 4640 cap.
1178 4579 1233 4626 9.
1258 4576 1327 4625 Et
1347 4573 1402 4626 in
1418 4570 1649 4629 concilio
1667 4570 1896 4632 Latera-

301 4641 472 4701 nensi,
505 4657 622 4710 cap.
662 4645 935 4709 Firmiter,
976 4642 1049 4695 ita
1096 4641 1382 4695 deﬁnitum
1417 4661 1429 4696 :
1465 4648 1602 4698 Deus
1642 4646 1709 4698 ab
1740 4650 1894 4702 initio

2057 2041 2275 2113 iendum
2301 2049 2402 2113 est,
2431 2049 2709 2113 tamquam
2739 2050 2931 2096 natura
2960 2041 3202 2113 angelica
3245 2057 3357 2112 pra!
3386 2042 3619 2097 humana

2041 2111 2185 2184 nerit
2224 2111 2597 2184 restitutionis
2635 2111 2895 2184 incapax,
2954 2111 3060 2167 aut
3080 2111 3457 2184 irreparabilis
3518 2129 3618 2184 suo

2017 2181 2320 2247 Conditori,
2369 2180 2463 2236 sed
2509 2181 2631 2252 quia
2672 2180 3041 2252 jus'tissimum
3075 2181 3175 2237 fuit
3204 2180 3274 2237 'ut
3322 2183 3481 2237 sicuti
3524 2183 3620 2239 ho-

2014 2252 2228 2324 minum
2260 2253 2358 2317 via,
2398 2268 2501 2323 qua
2542 2253 2736 2324 mereri
2773 2269 2838 2307 ac
2872 2252 3134 2324 proiicere
3171 2261 3267 2307 aut
3304 2253 3621 2324 resipiscere

1984 2323 2251 2392 'possint,
2308 2331 2484 2378 morte
2530 2323 2883 2388 terminatur,
2931 2324 3004 2378 ita
3054 2330 3107 2377 et
3145 2323 3463 2393 angelorum
3508 2325 3613 2392 via,

2017 2408 2079 2447 ex
2107 2393 2449 2449 ordinatione
2490 2393 2833 2466 Conditoris,
2848 2394 3003 2466 lapsu
3046 2393 3313 2458 liniretur;
3346 2410 3455 2448 non
3484 2409 3614 2466 ergo

2016 2471 2143 2537 tam
2178 2472 2398 2537 propter
2442 2473 2772 2537 naturarum»
2805 2464 3169 2537 diversitatem
3201 2480 3364 2537 quam
3394 2464 3618 2537 prapter

2010 2533 2371 2607 justisSimam
2404 2535 2499 2589 Dei
2542 2534 2941 2607 ordinationem
2964 2535 3029 2607 id
3067 2533 3267 2607 evenit,
3299 2544 3359 2590 ut
3393 2533 3616 2607 angelus

2018 2613 2141 2674 post
2182 2606 2398 2676 lapsum
2425 2606 2663 2675 reparari
2689 2621 2802 2676 non
2831 2606 3018 2675 possit.
3042 2606 3228 2676 Hujus
3257 2614 3439 2660 autem
3469 2606 3613 2661 ordi-

2015 2674 2251 2730 nationis
2275 2674 2505 2746 divinai,i
2538 2690 2635 2729 cur
2655 2674 2862 2746 scilicet
2887 2684 3011 2746 post
3040 2674 3253 2746 lapsum
3278 2684 3332 2729 et
3374 2676 3615 2745 primum

2018 2754 2308 2816 peccatum,
2332 2744 2578 2801 diabolus
2603 2745 2792 2816 statim
2823 2744 3112 2801 damnatus
3143 2745 3232 2804 sit,
3262 2754 3315 2799 et
3337 2744 3483 2816 omni
3523 2761 3617 2816 Spe

2016 2814 2079 2869 ac
2109 2815 2349 2870 remedio
2379 2815 2774 2885 consequentia:
2817 2816 2984 2870 veniae
3031 2823 3085 2870 et
3126 2814 3478 2884 reparationis
3523 2814 3617 2870 de-

2014 2884 2258 2957 stitutus,
2274 2885 2471 2955 duplex
2494 2884 2653 2941 causa
2678 2886 2764 2940 hic
2784 2887 3043 2957 tangitur,
3063 2901 3228 2956 quam
3249 2893 3300 2939 et
3320 2888 3387 2939 D.
3413 2885 3618 2954 Grego-

2014 2956 2129 3027 rius
2155 2956 2419 3027 expressit
2448 2971 2509 3011 IV
2531 2956 2821 3027 Moralium
2854 2956 2978 3026 cap.
3011 2963 3066 3023 9,
3093 2972 3156 3010 ex
3188 2971 3296 3024 quo
3334 2963 3486 3010 totus
3530 2957 3617 3012 hic

2015 3026 2166 3081 locus
2209 3026 2485 3097 aptissime
2524 3026 2842 3081 illustretur.
2882 3031 3051 3093 Duas,
3088 3027 3283 3096 inquit,
3315 3027 3390 3078 ad
3420 3028 3614 3080 intelli-

2015 3098 2243 3165 gendum
2264 3113 2319 3152 se
2342 3102 2617 3151 creaturas
2641 3100 2844 3164 fecerat
2870 3103 3029 3161 Deus,
3060 3098 3355 3165 angelicam
3374 3097 3618 3153 videlicet

2015 3172 2065 3221 et
2083 3170 2373 3223 humanam
2398 3187 2412 3221 :
2444 3174 2729 3236 utramque
2756 3185 2875 3223 vero
2897 3170 3146 3238 superbia
3175 3169 3419 3236 perculit,
3451 3173 3617 3237 atque

2014 3255 2047 3290 a
2073 3243 2219 3292 statu
2248 3241 2498 3306 ingenita:
2526 3241 2858 3293 rectitudinis
2881 3242 3045 3310 fregit
3072 3239 3245 3310 (Vide
3268 3241 3325 3295 S.
3351 3240 3607 3310 Thomam

1948 3339 1991 3400 Ο
2020 3322 2039 3361 1
2059 3313 2304 3400 pa-rt._,qu.
2441 3326 2491 3362 (ι.
2517 3312 2592 3375 2).
2617 3310 2725 3400 §ed
2742 3326 2853 3363 una
2869 3306 3480 3400 tegpieiiicai‘nisliabuit,
3501 3311 3609 3363 alia

2020 3394 2139 3431 rero
2160 3380 2297 3431 nihil
2318 3382 2587 3447 inﬁrmum
2608 3379 2672 3432 de
2692 3395 2851 3433 carne
2866 3383 3108 3447 gestavit.
3128 3381 3362 3447 Angelus
3381 3396 3615 3448 namque
3690 3392 3695 3393 '

2019 3450 2341 3504 solummodo
2367 3451 2617 3518 spiritus,
2646 3450 2796 3503 homo
2824 3466 2945 3503 vero
2970 3455 3020 3504 et
3045 3452 3272 3519 spiritus
3293 3454 3369 3504 est
3397 3455 3446 3503 et
3466 3467 3609 3505 caro.

2018 3521 2269 3573 Miserius
2291 3536 2415 3587 ergo
2446 3521 2656 3575 Greater
2680 3525 2741 3574 ut
2770 3522 3070 3582 redimeret,
3092 3522 3240 3574 illam
3259 3521 3332 3573 ad
3359 3536 3414 3574 se
3432 3521 3613 3577 debuit

2019 3590 2280 3651 reducere,
2310 3608 2471 3658 quam
2500 3593 2559 3643 in
2584 3593 2980 3660 perpetratione
3003 3592 3171 3661 culpa:
3199 3608 3266 3645 ea:
3304 3593 3611 3660 infirmitate

2014 3661 2229 3729 aliquid
2256 3666 2462 3715 constdt
2489 3662 2778 3727 habuisse;
2817 3666 2866 3716 et
2894 3678 2949 3716 eo
2987 3664 3220 3732 amplius
3265 3663 3450 3716 debuit
3489 3680 3610 3732 apo-

2012 3734 2211 3803 statam
2230 3734 2477 3799 angelum
2499 3734 2767 3801 repellere,
2790 3750 2893 3802 quo
2913 3750 3032 3788 cum
3055 3734 3425 3803 apersistendi
3447 3736 3607 3799 forti-

2013 3802 2199 3857 tudine
2224 3806 2444 3869 corruit,
2470 3804 2612 3856 nihil
2630 3806 2902 3871 inﬁrmum
2925 3821 2992 3858 ea:
3016 3802 3171 3857 carne
3192 3806 3434 3870 gestavit.
3465 3805 3610 3857 Unde

2012 3878 2147 3927 recte
2171 3875 2344 3927 Psalm
2355 3876 2459 3927 ista
2488 3889 2607 3927 cum
2640 3876 2916 3927 miseriam
2946 3875 3343 3941 Redemptorem
3382 3874 3611 3925 homini-

2015 3943 2108 3996 bus
2138 3945 2368 4006 diceret,
2402 3947 2577 4012 ipsam
2615 3960 2823 4012 quoque
2846 3960 3061 3997 causam
3108 3941 3488 3997 misericordiae
3517 3958 3606 3995 em-

2005 4016 2204 4081 pressit
2239 4015 2416 4068 dicens
2442 4032 2454 4068 :
2485 4018 2556 4069 Et
2594 4019 2918 4069 memoratus
2946 4019 3021 4068 est
3046 4017 3174 4081 quia
3202 4028 3322 4065 caro
3347 4015 3510 4074 sunt;
3550 4028 3610 4065 ac

2009 4085 2060 4136 si
2084 4083 2286 4135 deceret
2317 4103 2332 4136 :
2356 4086 2472 4149 'Quo
2499 4100 2677 4137 eorum
2703 4087 2918 4151 inﬁrma
2940 4085 3100 4149 vidit,
3144 4099 3200 4136 eo
3237 4083 3479 4135 districte
3501 4081 3608 4135 cul-

2006 4168 2109 4221 pas
2131 4155 2332 4221 punire
2358 4155 2547 4206 noluit.
2588 4156 2685 4207 Est
2721 4154 2899 4206 adhuc
2943 4154 3096 4206 aliud
3136 4168 3241 4221 quo
3273 4157 3323 4205 et
3358 4152 3606 4220 perditus

2011 4224 2163 4275 homo
2199 4225 2447 4290 reparari
2478 4224 2681 4284 debuit,
2707 4228 2759 4276 et
2780 4223 3088 4291 superbiens
3116 4225 3343 4291 spiritus
3366 4226 3610 4290 reparari

2009 4309 2112 4347 non
2134 4296 2324 4363 possit,
2366 4296 2497 4361 quia
2538 4295 2799 4346 nimirum
2828 4294 3048 4361 angelus
3067 4309 3163 4347 sua
3196 4293 3449 4363 superbia
3476 4296 3605 4348 ceci-

2008 4365 2126 4431 dit,
2168 4366 2431 4434 hominem
2465 4379 2586 4417 vero
2618 4365 2796 4419 aliena
2813 4367 3127 4434 prostravit.
3167 4364 3410 4419 Tertiam
3439 4364 3613 4419 ratio-

2006 4449 2132 4507 nem
2175 4432 2333 4489 affert
2373 4438 2443 4490 D.
2490 4432 2833 4507 Augustinus
2878 4435 3155 4492 Enchirid.
3200 4452 3320 4507 cap.
3373 4441 3465 4502 29,
3508 4452 3609 4491 cur

2006 4505 2205 4561 scilicet
2243 4509 2391 4562 Deus
2431 4522 2537 4579 non
2559 4505 2878 4579 angelicam,
2902 4507 2996 4563 sed
3025 4505 3320 4563 humanam
3347 4516 3600 4562 naturam

2006 4590 2253 4651 reparare
2293 4578 2541 4651 voluerit,
2590 4578 2734 4650 gnod
2772 4595 2883 4651 uno
2925 4588 3178 4651 peccante
3224 4579 3469 4645 homine,
3511 4587 3602 4632 to-

2003 4653 2120 4721 tum
2145 4649 2199 4704 in
2221 4665 2285 4705 eo
2315 4649 2550 4721 perierat
2575 4649 2747 4719 genus
2771 4649 3115 4721 humanum,
3138 4666 3247 4721 non
3280 4659 3461 4721 autem
3492 4664 3603 4721 uno

300 4715 549 4791 temporis
573 4719 856 4791 utramque
876 4714 942 4766 de
960 4713 1131 4765 nihilo
1152 4712 1421 4791 condidit
1437 4719 1763 4791 creaturam,
1789 4721 1894 4791 spi-
1926 4710 1974 4770 Ι)
2002 4718 2224 4791 cadente
2252 4710 2487 4791 angelo,
2548 4710 2729 4776 caeteri
2771 4736 2964 4775 omnes
3010 4710 3340 4773 ceciderunt.
3390 4719 3601 4791 Placuit

300 4784 549 4836 ritualem
580 4790 630 4838 et
659 4800 982 4853 corpoream,
1005 4783 1303 4853 angelicam
1325 4783 1570 4853 uidelicet
1589 4789 1639 4837 et
1665 4783 1897 4841 munda-

295 4868 438 4907 nam.
462 4854 573 4909 Ubi
597 4851 846 4925 spirit—alis
870 4860 1114 4908 creatura
1136 4851 1435 4925 opponitur
1450 4868 1747 4925 corporea}.
1778 4856 1894 4911 Ali-

297 4932 378 4978 ter
414 4932 598 4979 tamen
627 4923 799 4980 docet
844 4925 1020 4996 abbas
1065 4924 1296 4996 Serenus
1334 4923 1642 4996 collatione
1669 4927 1895 4996 septima
1938 4982 1953 4991 κ

294 5010 408 5065 cap.
454 5001 543 5060 13,
590 4996 681 5050 ubi
735 4994 954 5067 angelos
995 4992 1192 5067 fatetur
1217 4993 1474 5062 spiritalis
1516 4992 1746 5067 quidem
1780 5011 1899 5067 esse

293 5063 520 5132 naturai,
551 5082 660 5121 non
691 5063 872 5121 tamen
895 5066 1116 5120 omnino
1155 5064 1507 5134 incorporeae.
1540 5063 1701 5133 Quod
1731 5066 1895 5122 etiam

277 5139 521 5192 ‘sensisse
550 5138 760 5193 videtur
787 5140 856 5192 D.
889 5135 1224 5206 Augustinus
1253 5134 1498 5205 pluribus
1528 5136 1582 5190 in
1607 5134 1760 5203 locis,
1804 5137 1894 5192 ubi

291 5208 552 5275 Spiritalia
596 5209 870 5279 quaedam,
915 5206 967 5279 id
1009 5213 1112 5272 est,
1155 5220 1308 5279 aerea
1346 5220 1597 5278 corpora,
1642 5213 1755 5279 tam
1801 5223 1895 5261 an-

291 5279 421 5347 gelis
464 5275 633 5348 quam
693 5275 1041 5336 dazmombus
1092 5275 1310 5342 tribuit,
1360 5275 1460 5332 ει(
1489 5276 1891 5334 Platonicorum

289 5350 585 5404 sententia.
724 5360 735 5371 ‘

358 5423 381 5451 ε
410 5423 820 5490 Damascenus,
870 5419 990 5475 loco
1050 5434 1213 5490 supra
1262 5419 1426 5475 citato
1477 5439 1489 5474 :
1541 5419 1888 5489 Inadeptivus

291 5488 616 5561 pmnitentice
656 5496 732 5546 est
761 5493 982 5558 angelus
1006 5533 1021 5554 ,
1065 5488 1196 5560 quia
1231 5491 1580 5561 incoripm'alis
1618 5488 1715 5545 est.
1745 5494 1887 5549 Nam

294 5559 439 5614 homo
480 5566 708 5633 propter
741 5559 1470 5632 substantice’inﬁrmitatem
1512 5564 1885 5631 panitentiam

290 5640 589 5688 consecutus
631 5637 728 5687 est.
766 5634 833 5686 Et
862 5648 979 5704 cap.
1008 5635 1250 5703 sequenti
1282 5653 1293 5688 :
1325 5635 1474 5689 Scire
1509 5638 1711 5702 oportet
1747 5649 1887 5702 quo-

288 5704 432 5757 niam
464 5704 613 5774 quod
631 5705 931 5758 hominibus
956 5709 1033 5759 est
1045 5720 1203 5771 mors,
1231 5707 1324 5758 hoc
1352 5705 1556 5772 angelis
1582 5709 1657 5758 est
1677 5705 1879 5772 lapsus.

286 5774 405 5829 Post
430 5777 645 5845 lapsum
681 5778 820 5830 enim
852 5791 956 5829 non
987 5780 1064 5830 est
1103 5777 1215 5829 illis
1246 5777 1579 5845 paenitentiae
1618 5776 1781 5837 locus,
1821 5780 1885 5830 ut

2004 4790 2215 4857 itaque,
2247 4786 2454 4859 inquit,
2478 4786 2859 4843 unitersitatis
2899 4791 3311 4859 creato_riatgue
3351 4786 3599 4859 modera-

2007 4854 2113 4911 tori
2142 4864 2266 4919 Deo,
2305 4854 2367 4912 ut
2404 4854 2654 4925 quoniam
2682 4875 2786 4911 non
2821 4862 2933 4910 tota
2966 4855 3256 4907 multitudo
3294 4854 3599 4921 angelorum

2004 4929 2171 4980 Deum
2191 4929 2474 4995 deserendo
2489 4931 2748 4994 perierat,
2779 4942 2841 4979 ea
2867 4941 2988 4994 qua:
3006 4927 3244 4993 perierat
3262 4926 3319 4978 in
3335 4928 3599 4995 perpetua

1999 4998 2307 5065 perditione
2328 4991 2654 5061 remaneret;
2680 5011 2800 5065 qua:
2822 4991 3143 5049 autem—cum
3170 5000 3295 5057 Deo.
3335 4991 3601 5050 illa—dese-

2007 5071 2173 5127 rente,
2211 5068 2550 5134 perstiterat,
2585 5068 2651 5120 de
2686 5082 2781 5121 sua
2819 5069 3110 5121 certissime
3145 5070 3353 5135 cognita
3398 5082 3603 5136 semper

2004 5138 2203 5202 futura
2230 5137 2494 5202 felicitate
2525 5153 2708 5191 secura
2729 5139 3022 5207 gauderet;
3060 5139 3179 5192 alia
3208 5154 3329 5191 vero
3352 5144 3599 5191 creatura

2003 5207 2306 5270 rationalis,
2349 5223 2469 5276 quw
2495 5209 2555 5261 in
2581 5210 2884 5264 hominibus
2914 5214 3046 5272 erat,
3091 5211 3345 5278 quoniam
3373 5210 3610 5277 peccatis-

2002 5282 2161 5346 atque
2186 5279 2485 5349 suppliciis,
2508 5284 2559 5333 et
2579 5282 2932 5348 originalibus
2960 5285 3011 5335 et
3025 5281 3290 5349 propriis,
3314 5284 3425 5333 tota
3436 5283 3605 5349 perie-

2002 5355 2110 5411 rat,
2142 5365 2209 5403 ϐω
2245 5350 2360 5418 ejus
2384 5355 2864 5421 parte-reparata,
2896 5350 3038 5420 quod
3076 5351 3331 5419 angelica:
3364 5354 3605 5406 societati

1997 5423 2177 5503 ruina_
2184 5422 2285 5503 illa
2305 5422 2572 5503 diabolica
2590 5424 2866 5503 minuerat
2882 5424 3171 5503 suppleret.
3199 5424 3331 5503 [iva
3350 5422 3601 5503 August}-

1999 5507 2119 5547 nus.
2155 5494 2356 5548 Verum
2404 5493 2662 5548 adversus
2702 5494 2931 5563 primam
2974 5493 3123 5547 illam
3152 5494 3419 5548 rationem
3457 5508 3489 5547 a
3531 5496 3598 5547 D.

2000 5562 2504 5636 Gregorioallatam
2530 5562 2756 5636 objiciet
2776 5563 3001 5636 fortasse
3023 5564 3286 5636 quispiam
3316 5562 3605 5636 hominem

1997 5632 2055 5688 in
2083 5632 2228 5689 statu
2266 5632 2616 5691 innocentiae
2639 5650 2859 5690 carnem
2908 5632 3160 5690 habuisse
3207 5634 3364 5704 plane
3422 5633 3601 5704 subje-

1995 5711 2140 5760 ctam
2165 5713 2219 5759 et
2236 5705 2628 5778 obsequentem
2648 5707 2885 5778 spiritui,
2912 5707 3085 5778 immo
3115 5713 3233 5760 tum
3275 5720 3385 5778 non
3412 5704 3600 5778 minus

1995 5774 2318 5848 propensam
2348 5774 2416 5833 ad
2470 5774 2695 5833 bonum'
2724 5774 2887 5852 quam
2931 5776 3098 5834 modo
3146 5784 3227 5831 est
3260 5775 3327 5830 ad
3367 5774 3595 5828 malum.
