4024 6208
344 224 449 278 603

1435 214 1716 272 JOANNIS
1752 213 2056 271 CASSIANI
2095 212 2479 271 ϐοιωτιοΝ
2488 213 2584 270 ES.

3556 212 3665 267 604

344 352 446 402 est.
500 343 649 401 Sicut
697 341 847 398 enim
897 340 1044 397 nulla
1096 339 1425 396 sollicitante
1470 348 1685 395 terrena
1725 337 1951 393 materia
1979 341 2033 404 Α
2059 337 2422 394 declinantem
2450 353 2484 395 a
2529 336 2770 393 Domino
2810 334 3132 407 perdidisse,
3171 348 3274 390 nec
3308 349 3468 405 posse
3501 334 3671 407 hujus

347 436 588 507 corruit,
636 435 710 491 ita
758 450 860 491 nec
908 432 1296 505 indulgentiam
1351 430 1572 503 quidem
1624 438 1719 486 aut
1767 429 1951 486 locum

348 529 703 604 paenitudinis
754 528 999 585 obtinere
1042 534 1238 598 potest.
1288 524 1502 596 Quibus
1540 540 1606 580 ex
1647 523 1808 581 rebus
1844 524 1953 581 evi-

347 624 543 682 denter
565 623 840 695 colligitur
875 621 1022 694 quod
1045 637 1157 677 non
1187 620 1370 677 solum
1398 618 1557 676 noxia
1585 635 1696 675 non
1722 619 1795 676 sit
1834 618 1955 677 hac

347 736 473 792 qua
529 726 718 775 contra
763 733 822 771 se
860 715 1092 771 invicem
1137 714 1425 771 suscitatur
1467 714 1524 770 in
1569 713 1726 770 nobis
1774 713 1957 770 carnis

347 812 679 883 spiritusque
713 810 992 865 contentio
1015 848 1031 877 ,
1073 823 1262 863 verum
1302 807 1468 864 etiam
1513 808 1745 864 multam
1794 806 1954 864 nobis

348 901 595 958 conferat
620 901 935 958 utilitatem.

960 1004 1203 1059 CAPUT
1227 1004 1353 1058 XV.

531 1102 673 1171 Quid
690 1102 842 1155 nobis
863 1102 1035 1170 prosit
1051 1102 1226 1154 carnis
1246 1100 1502 1155 adversus
1520 1101 1776 1170 spiritum

929 1172 1366 1240 concupiscentia.

424 1274 610 1329 Primo
648 1270 796 1343 quod
833 1270 1067 1327 desidias
1108 1286 1171 1327 ac
1210 1270 1562 1343 negligentias
1604 1279 1820 1327 nostras
1847 1279 1955 1327 sta-

350 1366 454 1422 tim
475 1364 678 1438 arguit,
717 1372 773 1420 et
795 1405 812 1431 ,
857 1372 923 1420 ut
961 1363 1187 1436 quidam
1215 1363 1666 1436 diligentissimus
1696 1364 1953 1439 padago-

350 1474 451 1531 gus
477 1500 493 1527 ,
540 1475 569 1514 a
617 1458 975 1514 districtionis
1029 1466 1085 1514 et
1126 1457 1423 1528 disciplina
1469 1458 1608 1514 linea
1652 1474 1959 1531 numquam

350 1567 456 1606 nos
509 1550 725 1607 deviare
763 1550 1090 1619 concedens,
1131 1551 1174 1606 si
1213 1552 1495 1623 paululum
1533 1551 1664 1624 quid
1701 1552 1961 1609 securitas

349 1651 535 1699 nostra
598 1659 915 1699 mensuram
968 1660 1224 1716 congrua
1290 1645 1591 1701 severitatis
1651 1647 1961 1718 excesserit,

2060 431 2455 505 puriﬁcationis
2506 430 2722 487 donum
2778 428 2880 486 nisi
2925 444 3018 501 per
3061 428 3226 485 solius
3274 428 3377 484 Dei
3434 431 3664 501 gratiam

2061 525 2343 598 possideri,
2395 524 2721 581 docentibus
2765 538 2868 579 nos
2913 522 3324 595 quodammodo
3374 523 3547 594 ipsius
3588 526 3671 582 rei

2062 617 2471 690 experimentis,
2494 626 2554 674 ut
2576 619 2622 674 si
2650 617 3021 689 integritatem
3047 615 3225 671 cordis
3251 624 3510 687 perpetuo
3536 633 3675 674 eon—

2061 711 2212 784 sequi
2233 711 2588 781 delectamur,
2616 710 2938 769 humilitatis
2957 708 3276 767 studeamus
3303 711 3558 768 virtutem
3572 712 3673 785 ju-

2063 804 2200 878 giter
2219 804 2488 862 obtinere.

2650 898 2892 955 CAPUT
2928 898 3084 953 XVI.

2064 996 2139 1048 De
2194 994 2471 1048 incentivis
2527 994 2751 1075 carnis,
2793 992 3014 1062 quibus,
3068 994 3182 1047 nisi
3228 993 3673 1063 humiliaremur,

2590 1078 2814 1132 gravius
2848 1079 3141 1119 rueremus.

2132 1161 2311 1234 Hujus
2350 1161 2519 1234 igitur
2564 1160 2813 1233 puritatis
2873 1159 3164 1217 elationem
3228 1160 3678 1232 perniciosiorem

2060 1254 2302 1312 futuram
2357 1255 2568 1312 cunctis
2617 1254 2911 1311 sceleribus
2961 1262 3125 1326 atque
3186 1254 3442 1327 ﬂagitiis,
3500 1264 3555 1310 et
3598 1256 3677 1312 ob

2059 1348 2200 1405 hanc
2239 1348 2370 1404 nihil
2415 1364 2519 1404 nos
2553 1347 2910 1404 emolumenti
2952 1357 3351 1403 consecuturos
3392 1364 3493 1420 pro
3534 1364 3678 1421 qua-

2066 1440 2196 1498 libet
2221 1440 2492 1497 castitatis
2532 1440 2865 1514 integritate,
2907 1432 2935 1472 ”
2969 1448 3239 1496 testantur
3288 1440 3396 1497 illa
3447 1441 3682 1498 virtutes

2064 1549 2300 1607 quarum
2322 1533 2568 1606 superius
2595 1532 2833 1590 fecimus
2860 1533 3195 1590 mentionem
3217 1576 3233 1600 ,
3259 1548 3383 1606 qua
3411 1549 3535 1589 cum
3559 1535 3681 1591 nul-

2068 1628 2147 1682 las
2191 1625 2505 1699 hujusmodi
2548 1625 2885 1682 titillationes
2930 1625 3113 1682 carnis
3159 1624 3411 1681 habuisse
3447 1624 3683 1682 credan-

350 1736 578 1807 ﬂagellis
624 1736 1023 1792 incentivorum
1069 1737 1316 1793 stimulat
1357 1737 1646 1794 confestim
1676 1748 1730 1796 et
1774 1716 1956 1796 inore;

2075 1726 2181 1784 tur,
2225 1718 2298 1775 ob
2340 1718 2514 1774 solam
2557 1716 2738 1774 cordis
2767 1718 3058 1773 elationem
3108 1725 3368 1789 perpetua
3411 1719 3565 1773 ruina
3604 1717 3683 1774 de

350 1837 461 1902 pat,
492 1838 662 1902 atque
688 1828 758 1884 ad
791 1838 1196 1901 competentem
1236 1841 1456 1887 revocat
1502 1832 1838 1903 parcitatem.
1869 1834 1964 1890 Se-

348 1922 532 1979 cundo
564 1922 711 1994 quod
738 1938 838 1994 pro
877 1923 1216 1980 castimonia
1253 1941 1319 1980 ac
1348 1926 1595 1997 puritatis
1633 1926 1959 1999 integritate,

350 2033 479 2073 cum
515 2017 617 2072 Dei
665 2017 833 2089 gratia
876 2018 1231 2085 concedente,
1275 2018 1346 2074 ita
1388 2036 1492 2075 nos
1518 2020 1681 2092 longo
1716 2029 1962 2093 tempore

346 2128 383 2168 a
415 2111 630 2185 genitali
658 2112 953 2183 pollutione
993 2112 1289 2169 viderimus
1318 2112 1612 2182 immunes,
1645 2121 1709 2170 ut
1748 2130 1817 2170 ne
1846 2114 1961 2186 ipsa

350 2206 572 2277 quidem
630 2205 864 2278 simplici
928 2207 1319 2264 commotione.
1344 2208 1522 2264 carnis
1575 2207 1803 2265 ulterius
1859 2224 1964 2266 nos

351 2299 734 2369 inquietandos
792 2315 909 2355 esse
961 2300 1285 2365 credamus,
1335 2309 1390 2357 et
1446 2317 1541 2373 per
1604 2300 1746 2369 hoc,
1817 2286 1989 2357 velut.

348 2392 443 2464 qui
476 2408 587 2447 non
638 2402 916 2464 gestemus
971 2395 1343 2466 corruptelam
1393 2396 1599 2464 carnis,
1650 2396 1705 2451 in
1742 2396 1961 2453 secretis

352 2484 699 2545 conscientia
738 2469 941 2541 nostra
971 2484 1236 2542 fuerimus
1262 2488 1406 2558 elati,
1451 2504 1554 2545 suo
1584 2504 1689 2544 nos
1721 2504 1964 2558 rursum,

357 2579 604 2651 quamvis
641 2578 825 2651 quieto
859 2595 923 2636 ac
959 2581 1211 2651 simplici,
1260 2582 1484 2639 visitans
1524 2583 1674 2639 fluxu
1715 2582 1967 2639 humiliat

352 2688 416 2728 ac
443 2672 707 2741 retundit,
738 2689 950 2746 nosque
996 2675 1250 2733 homines
1288 2692 1406 2733 esse
1434 2676 1670 2733 stimulis
1724 2679 1840 2733 suis
1866 2676 1966 2734 ad-

354 2774 563 2822 monet.
613 2767 1040 2838 Quodammodo
1072 2771 1220 2826 enim
1249 2787 1377 2826 cum
1406 2771 1709 2829 in~cateris
1756 2774 1966 2845 generi-

350 2859 456 2915 bus
488 2860 745 2917 vitiorum
769 2871 823 2918 et
847 2863 1072 2934 quidem
1100 2865 1437 2937 gravioribus
1477 2866 1757 2937 magisque
1791 2866 1969 2922 noxiis

355 2956 761 3016 indifferentius
792 2947 1066 3016 soleamus
1111 2962 1407 3029 incurrere,
1438 2977 1537 3016 nec
1574 2970 1689 3017 tam
1719 2960 1873 3017 facile
1908 2962 1965 3017 in

356 3064 547 3105 eorum
604 3068 1040 3123 compungamur
1090 3051 1353 3120 admissu,
1406 3052 1462 3107 in
1503 3052 1607 3108 hoc
1644 3051 1968 3124 peculiarius

2070 1809 2291 1867 sublimi
2329 1810 2643 1883 caelestique
2691 1812 2926 1867 statione
2970 1809 3195 1881 dejecta
3227 1818 3367 1865 sunt.
3406 1812 3679 1866 Essemus

2071 1903 2252 1976 itaque
2302 1904 2516 1976 penitus
2548 1904 2753 1975 absque
2795 1904 3039 1960 remedio
3096 1904 3275 1976 tepidi,
3317 1912 3502 1975 utpote
3551 1919 3677 1959 non

2070 1995 2330 2054 habentes
2359 1997 2594 2055 indicem
2622 1997 2963 2071 negligentia
2992 2006 3220 2064 nostra,
3260 1997 3337 2051 vel
3361 1997 3416 2051 in
3442 2011 3687 2068 corpore

2069 2099 2257 2147 nostro
2284 2099 2380 2147 aut
2406 2092 2464 2147 in
2493 2090 2839 2147 conscientiis
2879 2091 3114 2172 propriis
3163 2090 3489 2145 insidentem
3512 2129 3530 2157 ,
3577 2104 3686 2145 nec

2070 2185 2420 2243 studeremus
2446 2185 2515 2242 ad
2555 2183 2900 2258 perfectionis
2939 2201 3201 2256 umquam
3249 2184 3528 2256 pervenire
3567 2183 3682 2239 fer-

2072 2274 2259 2336 vorem
2286 2300 2303 2349 ;
2329 2279 2425 2336 sed
2449 2296 2551 2336 nec
2586 2278 2912 2353 frugalitatis
2934 2279 3153 2352 quidem
3180 2279 3578 2335 districtionem
3600 2279 3684 2334 vel

2069 2373 2416 2430 continentia
2450 2383 2782 2441 teneremus,
2817 2372 2916 2429 nisi
2943 2389 3046 2430 nos
3080 2373 3199 2431 hac
3236 2373 3476 2429 titillatio
3505 2373 3687 2429 carnis

2075 2467 2380 2522 increscens
2407 2466 2717 2523 humiliaret
2754 2475 2917 2537 atque
2953 2464 3285 2535 retunderet,
3325 2474 3381 2522 et
3423 2465 3689 2522 adversus

2075 2560 2394 2633 spiritalium
2437 2575 2658 2633 quoque
2700 2560 3377 2643 vitiorum'purgationem
3418 2559 3689 2617 sollicitos

2077 2652 2327 2711 redderet
2350 2662 2405 2710 et
2431 2653 2687 2709 intentos.

2650 2756 2896 2813 CAPUT
2934 2755 3117 2811 XVII.

2538 2854 2615 2905 De
2634 2851 2995 2905 cunuchorum
3019 2853 3215 2917 tepore.

2146 2953 2396 3027 Denique
2432 2952 2487 3008 in
2522 2952 2610 3009 his
2639 2957 2663 2986 ο
2692 2952 2787 3025 qui
2825 2952 3095 3023 spadones
3135 2957 3263 3006 sunt
3302 2964 3556 3022 corpore,
3599 2950 3688 3006 id-

2075 3033 2219 3105 circo
2244 3047 2390 3104 hunc
2431 3048 2603 3104 animi
2647 3056 2891 3118 teporem
2920 3045 3244 3117 plerumque
3285 3046 3465 3102 inesse
3492 3044 3689 3117 depre-

357 3141 672 3200 humiliatur
714 3144 1045 3198 conscientia
1076 3152 1262 3199 nostra
1284 3185 1299 3211 ,
1335 3160 1538 3217 perque
1580 3145 1721 3201 hanc
1760 3144 1966 3201 illusio-
1992 3139 2037 3201 (ἶ
2070 3140 2386 3210 hendimus,
2418 3141 2543 3213 quia
2577 3141 2722 3196 velut
2757 3138 2920 3195 soluti
2959 3138 3027 3193 ab
3070 3137 3173 3194 hac
3206 3138 3534 3194 necessitate
3564 3154 3688 3193 car-

358 3252 488 3293 nem
538 3238 902 3310 neglectarum
957 3251 1173 3308 quoque
1224 3238 1540 3309 passionum
1596 3237 1980 3295 recordatione

362 3332 670 3399 mordetur,
723 3330 997 3388 evidenter
1056 3333 1357 3406 intelligens
1400 3334 1749 3391 immundam
1799 3350 1858 3391 se
1900 3333 1978 3390 fa-

355 3433 506 3479 ctam
533 3421 1217 3495 naturalibus'incentivis,
1248 3443 1373 3499 qua
1392 3445 1523 3485 cum
1558 3437 1707 3485 esset
1737 3429 1980 3485 immun-

351 3514 478 3571 dior
519 3520 856 3587 spiritalibus
884 3522 1048 3588 vitiis,
1088 3522 1410 3593 ignorabat;
1443 3530 1497 3577 et
1525 3537 1813 3577 recurrens
1854 3538 1980 3593 pro-

356 3606 499 3661 tinus
548 3608 617 3663 ad
671 3610 1112 3666 emendationem
1165 3614 1449 3668 anterioris
1498 3615 1764 3685 ignavia,
1809 3629 1965 3670 com-

355 3706 611 3756 mouetur
649 3716 750 3757 nec
796 3717 960 3773 super
1000 3704 1348 3759 successibus
1392 3707 1687 3776 praterita
1716 3706 1968 3778 puritatis

353 3792 551 3849 debere
600 3794 893 3863 conﬁdere,
949 3812 1114 3869 quam
1156 3812 1214 3854 se
1258 3798 1512 3870 perspicit
1554 3798 1809 3869 pusillum
1837 3798 1965 3871 quid

2088 3237 2219 3307 nali,
2242 3251 2341 3291 nec
2379 3235 2563 3291 labore
2601 3233 2955 3290 continentia
2990 3232 3308 3302 corporalis,
3348 3247 3454 3286 nec
3480 3232 3691 3287 contri-

2088 3330 2234 3387 tione
2257 3329 2436 3387 cordis
2458 3344 2516 3385 se
2555 3328 2827 3384 astimant
2865 3325 3131 3397 indigere;
3179 3333 3233 3380 et
3274 3323 3375 3379 hac
3403 3325 3693 3380 securitate

2087 3424 2329 3491 resoluti,
2382 3437 2681 3494 numquam
2734 3419 3118 3492 perfectionem
3159 3416 3340 3473 cordis
3367 3458 3384 3483 ,
3434 3413 3527 3472 sed
3586 3431 3693 3472 nec

2088 3518 2419 3591 spiritalium
2460 3515 2679 3586 quidem
2720 3513 2979 3568 vitiorum
3013 3499 3392 3583 purgationem
3420 3510 3496 3565 vel
3526 3524 3686 3581 qua-

2074 3608 2194 3669 rere
2239 3617 2292 3668 lu
2322 3611 2568 3677 veritate,
2600 3611 2681 3666 vel
2719 3608 2996 3681 possidere
3034 3606 3308 3664 festinant.
3342 3607 3447 3676 Qui
3490 3614 3686 3674 status,

2075 3721 2106 3761 a
2135 3702 2334 3760 carnali
2380 3703 2641 3775 qualitate
2696 3702 3068 3770 descendens,
3126 3700 3357 3757 efficitur
3408 3699 3685 3765 animalis,

2076 3798 2167 3871 qui
2197 3805 2281 3853 est
2309 3796 2665 3870 proculdubio
2689 3796 2928 3852 deterior
2963 3794 3203 3869 gradus;
3243 3795 3354 3866 ipse
3393 3802 3476 3848 est
3530 3793 3684 3847 enim

1466 3970 1723 4024 ALARDI
1760 3970 1990 4025 GAZIEI
2028 3966 2587 4025 COMMENTARIUS.

346 4125 498 4199 Quid
543 4142 673 4199 ergo
702 4135 787 4182 est
829 4126 977 4199 quod
1003 4126 1305 4183 infirmitati
1347 4127 1526 4183 carnis
1566 4126 1826 4183 tribuitur
1862 4128 1966 4183 ho-

355 4198 517 4253 minis
558 4197 757 4268 lapsus,
789 4197 1264 4271 etimisericordia
1298 4200 1433 4253 ratio
1462 4214 1589 4271 erga
1619 4215 1747 4255 eum
1783 4199 1968 4271 potius

355 4283 522 4342 quam
545 4285 672 4342 erga
710 4270 946 4342 angelos
963 4270 1281 4326 exercenda
1305 4286 1333 4342 a
1362 4273 1433 4325 D.
1470 4270 1738 4342 Gregorio
1766 4279 1822 4325 et
1849 4270 1966 4342 aliis

356 4338 605 4413 Patrihus
632 4338 733 4413 hac
761 4338 1196 4413 consideratione
1224 4340 1565 4413 assignatur?
1588 4338 1660 4395 lt.
1709 4340 1966 4413 quamvis

361 4406 414 4459 in
446 4416 589 4460 statu
634 4408 961 4462 innocentia
1013 4411 1158 4462 nulla
1187 4406 1593 4465 esset'rebellio
1637 4406 1818 4466 carnis
1868 4409 1965 4465 ad-

356 4490 554 4560 versus
582 4475 835 4555 spiritum
872 4479 923 4529 in
961 4476 1200 4542 homine,
1235 4493 1361 4532 caro
1401 4488 1611 4546 tamen,
1640 4482 1753 4536 sive
1793 4496 1961 4560 appe-

2077 4126 2401 4183 vocabulum
2433 4141 2560 4181 cum
2602 4125 2804 4193 angelis
2831 4122 3087 4177 tribuitur
3121 4141 3134 4176 :
3185 4130 3235 4177 ιο
3281 4120 3687 4193 εθηθτειιίιηίεῐ

2075 4198 2384 4269 promiscue
2427 4212 2525 4269 pro
2576 4191 2768 4269 quo—vis
2797 4194 2986 4269 ordine
3034 4191 3393 4269 angelorum,
3456 4201 3515 4246 ut
3566 4191 3685 4269 hic;

2073 4263 2204 4324 nam
2232 4263 2453 4341 angelos
2478 4267 2546 4341 de
2592 4263 2788 4341 quovis
2833 4263 3026 4341 ordine
3069 4263 3689 4341 cecidissecommunis

2074 4348 2158 4395 est
2178 4335 2463 4394 senténtia.
2489 4340 2578 4392 Sic
2602 4336 2844 4393 Matthai
2866 4350 3048 4391 XXIV:
3077 4339 3147 4391 Et
3173 4337 3417 4391 Virtutes
3437 4335 3685 4388 calorum

2073 4409 2554 4470 commovebuntur,
2580 4409 2686 4472 vel,
2717 4417 2776 4463 ut
2799 4406 2961 4461 habet
2985 4408 3198 4461 Marcus
3222 4422 3342 4476 cap.
3378 4413 3479 4459 ηε
3513 4406 3690 4459 Virtu-

2074 4484 2151 4534 tes
2187 4495 2305 4549 quae
2342 4481 2401 4533 in
2428 4479 2568 4533 catis
2597 4484 2743 4541 sunt,
2787 4479 3154 4549 mouebantur.
3183 4478 3292 4549 Ubi
3321 4482 3542 4549 angelos
3567 4490 3685 4530 ca-

358 4544 491 4621 titus
515 4532 822 4621 sensitivus,
852 4554 1039 4621 suapte
1068 4532 1259 4601 natura
1297 4563 1393 4621 seu
1407 4532 1575 4621 :motu
1598 4532 1963 4605 'né'm'mii’ré.
1994 4532 2045 4594 D
2077 4532 2528 4621 lorunirvirtutes
2552 4532 2815 4621 appellari
2866 4547 3066 4621 docent
3117 4532 3429 4621 Origenes,”
3456 4545 3688 4621 Chryso-

359 4616 582 4691 rcbatur
614 4616 875 4691 insuum
914 4616 1189 4691 objectum
1220 4619 1492 4691 sensibile.
1508 4628 1571 4691 et
1589 4635 1917 4691 corporeum
1949 4641 1961 4677 :

359 4687 586 4760 proinde
613 4686 1148 4760 indigebatiniperio
1177 4705 1241 4744 ac
1278 4687 1437 4745 freno
1471 4686 1719 4758 rationis,
1753 4706 1967 4747 necnon

351 4759 595 4833 subsidio
635 4760 829 4833 gratia
874 4759 1093 4827 divina,
1124 4776 1234 4833 quo
1266 4761 1322 4816 in
1365 4761 1550 4818 ofﬁcio
1590 4770 1642 4833 et
1682 4762 1797 4818 suis
1829 4762 1969 4818 limi-

359 4830 505 4907 tibus
532 4830 926 4907 contineretur.
963 4830 1154 4907 Quare
1172 4830 1275 4888 hac
1315 4843 1569 4907 exparte
1614 4832 1859 4907 fragilior
1884 4843 1967 4907 ‘et

356 4902 804 4982 adopeccandum
848 4905 1154 4982 proclivior,
1194 4902 1514 4982 ac_proinde
1544 4902 1727 4982 venia'
1746 4904 1965 4982 dignior

360 4969 658 5048 fuit‘homo
680 4969 884 5048 (utpote
909 4975 1123 5048 duabus
1146 4969 1389 5048 partibus
1420 4976 1777 5048 campo-itus)
1799 4969 1964 5047 quam

360 5044 605 5106 angelus,
635 5043 725 5114 qui
756 5044 969 5120 nullum
996 5043 1185 5120 habuit
1214 5047 1529 5120 hujusmodi
1552 5043 1837 5120 objectum
1867 5064 1961 5120 an-

360 5128 584 5195 samque
612 5113 887 5196 peccandi,
909 5113 1319 5196 nisipropriaiii
1348 5113 1709 5196 voluntatem,
1741 5134 1867 5174 cum
1889 5118 1964 5174 sit

359 5187 584 5259 omnino
610 5187 962 5259 incorporeus
991 5193 1044 5238 et
1068 5187 1339 5259 spiritalis.
1364 5190 1500 5244 Vide
1530 5194 1598 5245 D.
1631 5192 1961 5259 Prosperum

486 5270 513 5331 1_
548 5253 780 5331 dg‘Yita'
811 5253 1240 5327 Contemplativa
1271 5275 1387 5331 cap.
1423 5266 1478 5329 3,
1517 5269 1572 5316 et
1612 5253 1960 5330 Fulgentium

362 5323 457 5378 lib.
482 5324 552 5378 de
578 5324 708 5379 Fide
733 5341 851 5395 cap.
886 5333 937 5382 3.

429 5402 455 5429 ³
476 5396 589 5450 Has
617 5395 751 5472 duas
794 5397 1055 5472 utilitates
1083 5415 1208 5472 cum
1236 5400 1352 5472 aliis
1375 5401 1504 5472 item
1534 5399 1766 5466 duabus,
1798 5415 1957 5472 supe-

359 5464 475 5521 rius
499 5468 877 5550 expressimus.
1106 5471 1560 5550 Cassianum_lib.
1596 5486 1689 5550 xit
1720 5464 1956 5530 institut.

358 5551 479 5607 cap.
512 5544 578 5592 20
601 5543 661 5593 2|
693 5548 746 5594 et
767 5543 859 5601 23,
888 5546 943 5594 et
963 5539 1164 5597 ibidem
1193 5551 1377 5598 notata
1404 5543 1552 5615 (Cap.
1590 5542 1698 5613 13).

384 5677 399 5685 _
436 5608 461 5642 δ
492 5610 1051 5685 Virtutes_angelica,
1096 5612 1147 5666 id
1178 5621 1282 5685 est,
1327 5614 1428 5684 ipsi
1464 5613 1641 5685 angeli
1668 5614 1821 5685 mali,
1855 5616 1973 5672 sive

366 5677 670 5760 daemones,
713 5680 786 5736 ob
827 5677 1002 5760 solam
1041 5677 1362 5760 superbiam
1406 5700 1435 5739 e
1464 5677 1608 5760 οωῙο
1646 5684 1874 5760 deiecti,
1898 5685 1968 5742 de

364 5750 567 5823 quibus
588 5766 748 5823 supra
794 5769 911 5825 cap.
940 5758 1025 5809 14.
1055 5750 1303 5811 sumitur
1324 5764 1507 5811 autem
1535 5750 1825 5829 dupliciter
1854 5750 1968 5813 hoc

2073 4628 2305 4686 stomus,
2340 4620 2488 4676 Beda
2537 4616 2719 4676 et'alii
2744 4640 2758 4685 ;
2785 4616 3255 4691 quemadmodum
3286 4618 3338 4672 in
3382 4616 3687 4691 pretatione

2074 4692 2257 4748 Missa
2277 4691 2531 4749 dicuntur
2580 4692 2713 4757 cali,
2741 4688 3094 4759 oratorumque
3114 4692 3360 4744 virtutes.
3386 4692 3444 4743 2°
3464 4688 3683 4759 Spt-cia-

2072 4764 2173 4818 tim
2220 4779 2318 4834 pro
2347 4770 2498 4819 certo
2541 4762 2732 4834 ordine
2772 4778 2868 4817 seu
2894 4758 3074 4834 choro
3101 4761 3422 4834 angelorum
3470 4759 3540 4834 ab
3568 4758 3691 4813 aliis

2072 4829 2356 4904 distincto,
2393 4834 2484 4905 qui
2521 4833 2793 4905 secundus
2834 4841 2888 4888 et
2937 4832 3147 4887 medius
3180 4829 3449 4905 secunda
3480 4829 3690 4885 hierar-

2071 4905 2227 4973 chia,
2261 4902 2562 4961 secundum
2589 4903 2916 4976 Dionysium
2948 4908 3169 4976 Areop.,
3205 4902 3284 4957 vel
3314 4902 3529 4973 primus
3568 4911 3682 4976 ter-

2071 4976 2179 5044 tia,
2206 4972 2510 5033 Secundum
2543 4972 2875 5045 Gregorium
2917 4972 3364 5045 (Vide’collatfs
3406 4989 3528 5044 cap.
3577 4972 3684 5040 15}.

2070 5046 2159 5104 Sic
2194 5049 2365 5103 lCor.
2399 5063 2483 5103 xv
2510 5048 2661 5104 :Cum
2685 5049 3022 5102 evacuaverit
3061 5062 3267 5100 omnem
3290 5047 3682 5115 principum,

2069 5124 2121 5173 et
2168 5123 2505 5189 potestatem,
2551 5123 2603 5172 et
2639 5122 2901 5172 virtutem.
2949 5119 3062 5172 Et]
3095 5119 3238 5189 Petr.
3269 5131 3328 5170 IV
3366 5135 3379 5167 :
3419 5116 3684 5184 Subjectis

2067 5188 2183 5244 sibi
2200 5191 2427 5259 angelis,
2454 5195 2504 5245 et
2532 5190 2907 5259 potestatibus,
2930 5193 2980 5243 et
3007 5188 3318 5259 uirtutibus.

2143 5270 2165 5295 ο
2203 5256 2481 5333 Spadones
2508 5256 2737 5333 corpore
2762 5268 2908 5317 sunt.
2935 5258 3025 5329 qui
3057 5259 3202 5333 apud
3241 5257 3563 5333 Matthaum
3588 5256 3685 5333 di-_

2067 5329 2266 5387 cuntur
2284 5332 2515 5385 eunuchi
2532 5332 2598 5385 de
2611 5329 2816 5386 matris
2842 5335 2990 5385 utero
3014 5332 3089 5385 sic
3116 5333 3258 5393 nati,
3285 5330 3369 5383 vel
3400 5331 3497 5398 qui
3527 5329 3681 5398 facti

2067 5407 2193 5457 sunt
2220 5402 2291 5456 ab
2311 5403 2642 5467 hominibus;
2667 5403 2934 5472 spadones
2964 5417 3093 5456 vero
3115 5401 3230 5456 sive
3270 5397 3498 5455 eunuchi
3518 5397 3681 5467 spiri-

2068 5480 2147 5539 tu,
2172 5488 2283 5528 non
2308 5487 2560 5542 corpore,
2583 5473 2862 5540 dicuntur,
2888 5474 2986 5542 qui
3005 5488 3060 5527 se
3077 5474 3679 5542 castraoemntpropter

2070 5560 2295 5613 regnum
2326 5541 2594 5611 calorum,
2613 5543 2838 5613 spiritali
2876 5541 3081 5598 scilicet
3107 5543 3460 5602 castratione.
3484 5541 3543 5613 id
3567 5549 3679 5608 est,

2073 5611 2495 5687 vo'toperpetua
2525 5611 2895 5671 continentia.
2931 5614 3089 5687 Quod
3122 5622 3305 5687 autem
3348 5613 3438 5687 hic
3465 5611 3536 5687 de
3561 5626 3688 5687 spa-

2074 5682 2641 5759 donibus'eorumque
2676 5685 3096 5759 proprietatibus
3123 5683 3342 5749 dicitur,
3380 5683 3580 5739 clarius
3622 5682 3691 5738 it-

2077 5755 2223 5814 idem
2250 5757 2515 5830 repetitur
2536 5755 2589 5814 ét
2617 5755 2920 5829 explicatur
2946 5756 3129 5812 collat.
3165 5763 3193 5812 7
3220 5771 3341 5827 cap.
3382 5761 3469 5811 12.
