3982 6202
243 227 336 281 605
449 217 458 222 ’
817 218 1163 278 COLLATIO
1201 219 1294 275 IV.
1332 249 1406 260 —
1441 219 1531 274 DE
1567 217 2150 308 CONCUPISCIENTIA
2186 215 2434 273 CARle
2470 217 2557 272 ET
2595 217 2931 273 SPIRITUS.
3427 219 3532 273 608

247 349 341 420 qui,
367 347 436 405 de
471 347 666 422 frigido
711 346 781 404 ad
825 344 1076 419 tepidum
1103 344 1403 412 transiens,
1451 341 1823 401 detestabilior
1852 343 1906 407 Α
1931 339 2127 398 demur
2155 349 2177 376 ο
2206 339 2509 396 secundum
2561 339 2890 396 exteriorem
2944 338 3228 395 hominem
3268 338 3393 394 huic
3448 353 3532 394 re-

245 443 448 501 Domini
475 459 605 502 voce
641 443 910 516 signatur.
1937 435 2214 490 nuntiasse
2230 431 2460 502 mundo,
2492 433 2573 489 vel
2601 433 2899 490 carnalium
2926 431 3355 490 fornicationum
3379 431 3532 488 dese-

778 537 1022 594 CAPUT
1055 536 1264 591 XVIII.
1534 539 1546 553 ‘
1933 529 2107 585 ruisse
2135 529 2406 602 contagia,
2451 536 2734 601 tamquam
2763 528 2854 601 qui
2880 543 3155 585 summam
3184 524 3532 600 perfectionis

244 632 577 700 Interrogatio
596 631 734 704 quid
747 632 960 686 intersit
983 633 1126 688 inter
1143 629 1417 704 cumulem
1441 632 1493 684 et
1507 628 1820 683 animalem.
1933 637 2028 694 per
2057 621 2162 678 hoc
2184 621 2732 694 apprehenderimus,
2759 621 3099 678 remisiores
3127 620 3381 691 deinceps
3405 634 3529 692 erga

303 723 602 780 Germanus
637 743 650 780 :
691 727 776 780 De
811 723 1048 782 utilitate
1081 723 1478 782 colluctationis
1526 737 1650 795 quae
1685 722 1826 778 inter
1931 716 2381 775 emundationem
2423 725 2743 774 caeterarum
2800 717 3113 789 passionum
3163 716 3532 784 lentioresque

235 831 444 873 carnem
466 825 520 874 et
541 817 796 889 spiritum
823 818 1132 888 suscitatur,
1166 827 1435 892 quantum
1463 816 1677 874 videtur
1718 831 1821 872 no-
1929 810 2227 868 reddamur
2256 819 2313 867 et
2345 811 2486 867 inter
2515 819 2746 883 utraque
2770 809 2976 866 detenti
3003 809 3235 882 gradum
3277 805 3530 878 spiritalis

233 907 314 966 bis
338 910 613 966 evidenter
638 925 954 983 expressum
995 919 1098 982 est,
1143 911 1222 968 ita
1273 919 1335 968 ut
1359 926 1484 968 eam
1536 909 1670 982 ipsis
1697 925 1825 982 quo-
1931 903 2209 978 profectus
2248 905 2461 976 assequi
2495 919 2866 976 nequeamus,
2897 903 3270 960 existimantes
3297 899 3366 956 ad
3405 913 3532 972 per-

240 1000 527 1058 dammodo
562 1003 820 1060 manibus
860 1005 1062 1062 nostris
1105 1004 1430 1078 palpabilem
1463 1003 1661 1060 factam
1704 1017 1823 1058 esse
1929 999 2225 1058 fectionem
2272 999 2435 1056 nobis
2488 999 2704 1055 abunde
2761 997 3015 1056 sufficere
3062 996 3212 1070 quod
3261 993 3532 1052 exteriore

231 1093 534 1150 credamus.
563 1097 635 1151 Et
662 1094 864 1153 idcirco
894 1097 1038 1154 hanc
1083 1112 1300 1170 quoque
1341 1097 1613 1153 rationem
1660 1095 1822 1152 nobis
1929 1094 2153 1151 homine
2181 1094 2468 1151 videamur
2495 1093 2562 1150 de
2587 1093 2995 1149 conservatione
3036 1090 3226 1147 mundi
3270 1088 3434 1162 hujus
3469 1103 3534 1143 ac

225 1187 470 1244 similiter
493 1189 745 1261 cupimus
780 1191 997 1262 aperiri,
1037 1190 1172 1264 quid
1197 1190 1413 1248 intersit
1452 1191 1596 1247 inter
1625 1205 1821 1247 carna-
1929 1189 2296 1260 voluptatibus
2331 1186 2622 1260 segregari,
2670 1186 2751 1241 vel
2793 1185 2943 1257 quod
2981 1186 3258 1240 immunes
3287 1183 3462 1238 simus
3499 1197 3530 1237 a

234 1282 337 1338 lem
361 1291 415 1338 et
438 1282 728 1340 animalem
755 1285 956 1353 virum,
986 1285 1066 1340 vel
1105 1284 1573 1358 quemadmodum
1603 1285 1824 1342 anima-
1929 1281 2236 1354 corruptela
2269 1289 2325 1337 et
2351 1281 2748 1338 commixtione
2777 1279 3002 1345 carnali,
3045 1286 3100 1333 et
3127 1278 3200 1332 ita
3239 1275 3442 1332 inventi
3475 1275 3530 1330 in

220 1374 290 1431 lis
318 1376 518 1434 carnali
544 1376 718 1449 possit
743 1391 862 1434 esse
879 1377 1147 1455 deterior.
1875 1442 1890 1448 ι
1931 1377 2024 1434 illo
2052 1375 2233 1448 tepido
2259 1383 2434 1444 statu,
2455 1374 2547 1447 qui
2580 1373 2908 1430 deterrimus
2939 1371 3236 1446 judicatur,
3275 1382 3532 1424 evomen-

809 1471 1052 1526 CAPUT
1087 1472 1250 1527 XIX.
1929 1469 2032 1528 dos
2054 1485 2156 1526 nos
2193 1485 2260 1525 ex
2307 1485 2402 1525 ore
2431 1467 2654 1524 Domini
2699 1465 3003 1523 secundum
3042 1465 3160 1536 ejus
3206 1461 3530 1520 sententiam

601 1565 683 1617 De
705 1563 916 1632 triplici
937 1565 1248 1618 animarum
1278 1568 1446 1620 statu.
1931 1563 2273 1628 noverimus,
2301 1563 2376 1618 ita
2419 1562 2652 1618 dicentis
2696 1579 2711 1616 :
2760 1563 2977 1617 Utinam
3013 1559 3222 1614 calidus
3261 1571 3396 1612 esses
3431 1559 3532 1610 aut

293 1653 482 1710 Daniel
522 1671 538 1708 :
570 1653 882 1711 Secundum
920 1654 1295 1729 deﬁnitionem
1337 1658 1636 1730 Scriptura:
1658 1667 1684 1693 ⁸
1713 1665 1827 1713 tres
1932 1655 2206 1725 frigidus;
2232 1669 2373 1708 nunc
2399 1659 2578 1709 autem
2605 1653 2814 1724 tepidus
2839 1667 2912 1715 es,
2941 1653 3200 1720 incipiam
3223 1653 3274 1704 te
3297 1662 3530 1703 evomere

213 1754 349 1803 sunt
372 1745 683 1803 animarum
728 1755 924 1804 status.
977 1748 1195 1807 Primus
1235 1750 1468 1807 carnalis
1491 1792 1507 1818 ,
1546 1748 1822 1806 secundus
1852 1760 1900 1822 Β
1927 1767 1995 1808 ex
2015 1765 2106 1804 ore
2136 1743 2252 1804 meo
2283 1748 2488 1819 (Apoc.
2519 1763 2593 1804 ιιι
2615 1748 2655 1818 ).
2689 1749 2802 1803 Nec
2828 1746 3105 1801 immerito
3137 1759 3232 1800 eos
3260 1741 3532 1798 Dominus

225 1839 492 1907 animalis,
539 1841 732 1898 tertius
779 1842 1046 1915 spiritalis
1088 1843 1249 1917 (Vide
1300 1847 1677 1916 Augustinum
1721 1844 1817 1898 lib.
1929 1858 2068 1916 quos
2101 1844 2223 1914 jam
2265 1841 2323 1897 in
2369 1839 2669 1897 visceribus
2711 1846 2992 1912 receperat
3034 1836 3328 1902 charitatis,
3367 1834 3531 1891 noxie

219 1948 490 2001 Lxxxui,
519 1939 788 2005 quaest.4,
815 1939 926 2004 67).
949 1939 1100 2008 Quos
1128 1937 1184 1993 in
1206 1938 1467 2010 Apostolo
1491 1937 1562 1993 ita
1585 1937 1824 2008 legimus
1932 1935 2260 2009 tepefactos,
2310 1950 2438 1991 cum
2478 1933 2712 2006 quadam
2773 1932 3128 1990 convulsione
3167 1928 3403 2002 pectoris
3447 1927 3531 1984 sui

221 2024 514 2100 designari.
543 2030 687 2084 Nam
724 2028 794 2086 de
821 2029 1023 2086 carnali
1048 2028 1254 2087 dicitur
1278 2049 1291 2084 :
1311 2035 1422 2088 Lac
1452 2032 1598 2087 vobis
1630 2037 1824 2102 potum
1931 2030 2394 2088 evomendosesse
2422 2029 2766 2102 pronuntiat;
2790 2027 2883 2100 qui
2913 2043 3039 2084 cum
3066 2027 3360 2082 salutarem
3388 2037 3529 2096 quo-

214 2121 364 2185 dedi,
377 2137 479 2177 non
497 2137 691 2186 escam,
711 2124 937 2178 necdum
956 2127 1096 2178 enim
1105 2127 1372 2194 poteratis
1391 2145 1407 2192 ;
1429 2125 1522 2181 sed
1533 2133 1628 2180 nec
1648 2126 1824 2181 adhuc
1929 2123 2230 2181 dammodo
2256 2124 2304 2179 ei
2339 2123 2651 2194 potuissent
2671 2121 2914 2194 praebere
2941 2119 3328 2186 substantiam,
3375 2115 3528 2172 avelli

215 2215 433 2286 quidem
450 2215 696 2287 potestis}
717 2217 895 2272 adhuc
910 2217 1053 2273 enim
1076 2219 1204 2272 estis
1226 2219 1470 2274 carnales
1491 2221 1534 2284 (I
1563 2219 1682 2274 Cor.
1711 2223 1822 2284 ιιι).
1929 2217 1998 2274 ab
2015 2219 2132 2290 ejus
2162 2215 2454 2272 visceribus
2479 2215 2811 2282 maluerunt,
2837 2221 2994 2269 tanto
3018 2211 3318 2268 deteriores
3338 2207 3524 2266 effecti

216 2311 286 2364 Et
310 2309 508 2364 iterum
539 2328 552 2364 :
586 2310 691 2366 Ubi
723 2312 869 2366 enim
892 2315 972 2366 est
993 2313 1134 2366 inter
1164 2326 1256 2366 vos
1277 2311 1421 2366 zelus
1453 2315 1504 2366 et
1539 2314 1821 2374 contentio,
1927 2311 2032 2367 illis
2067 2309 2161 2383 qui
2215 2325 2517 2382 numquam
2569 2308 2650 2364 ori
2691 2306 2988 2364 Dominico
3031 2305 3163 2360 illati
3191 2298 3322 2360 sunt
3370 2302 3527 2371 cibis,

213 2417 390 2457 nonne
410 2403 654 2458 carnales
678 2398 1146 2483 estis(1bid.)?De
1161 2403 1380 2459 animali
1405 2419 1624 2476 quoque
1645 2405 1824 2460 taliter
1928 2411 2130 2477 quanto
2171 2403 2225 2460 id
2254 2402 2402 2476 quod
2429 2417 2630 2458 nausea
2658 2401 3020 2472 compellente
3049 2397 3384 2472 projicimus,
3406 2395 3526 2453 odi-

206 2505 686 2552 commemoratur
718 2517 730 2552 :
756 2489 1072 2553 l’Animali's
1091 2503 1272 2553 autem
1294 2499 1446 2553 homo
1468 2513 1574 2552 non
1591 2499 1822 2568 percipit
1929 2497 2452 2554 biliusdetestamur.
2469 2495 2742 2567 Quidquid
2759 2495 2905 2551 enim
2936 2493 3202 2566 frigidum
3229 2499 3334 2560 est,
3362 2490 3527 2548 etiam

208 2608 276 2646 ea
296 2607 418 2662 qua:
439 2596 564 2647 sunt
590 2595 820 2664 spiritus
841 2596 945 2649 Dei
962 2595 1234 2649 :stultitia
1262 2595 1404 2648 enim
1420 2598 1498 2649 est
1515 2594 1602 2648 illi
1627 2594 1671 2659 (I
1696 2593 1815 2649 Cor.

205 2683 305 2756 ιι).
323 2688 404 2740 De
417 2685 647 2757 spiritali
665 2701 792 2743 vero
813 2707 824 2743 :
839 2689 1114 2759 Spiritalis
1122 2691 1302 2743 autem
1312 2689 1590 2744 examinat
1603 2689 1816 2758 omnia;

198 2781 330 2851 ipse
375 2787 555 2836 autem
583 2799 619 2837 a
647 2785 855 2839 nemine
881 2781 1168 2853 judicatur
1207 2782 1414 2854 (Ibid.).
1461 2784 1530 2838 Et
1565 2782 1764 2838 iterum
1801 2799 1814 2836 :

210 2875 326 2930 Vos
335 2877 438 2943 qui
447 2877 719 2945 spiritales
733 2877 880 2940 estis,
901 2877 1161 2934 instruite
1178 2892 1262 2933 eos
1281 2879 1382 2947 qui
1392 2876 1659 2947 ejusmodi
1667 2880 1814 2940 sunt,

198 2970 264 3022 in
294 2970 506 3038 spiritu
545 2971 781 3025 lenitatis
811 2972 1019 3038 (Galat.
1048 2971 1160 3042 VI).
1203 2974 1392 3044 Itaque
1439 2969 1815 3028 festinandum

190 3067 292 3116 est
325 3059 508 3128 nobis,
542 3067 603 3116 ut
627 3062 1163 3128 cumrenuntiantes
1194 3061 1514 3119 desierimus
1547 3078 1664 3119 esse
1690 3078 1814 3118 car-

1928 2611 2025 2652 ore
2057 2604 2250 2651 nostro
2269 2601 2585 2666 susceptum
2615 2591 2842 2647 vertitur
2869 2591 2927 2646 in
2951 2591 3215 2656 calorem,
3243 2595 3299 2644 et
3333 2586 3530 2643 saluti-

1927 2686 2042 2743 fera
2072 2687 2340 2743 suavitate
2379 2685 2708 2758 percipitur;
2755 2683 2904 2756 quod
2939 2691 3128 2737 autem
3181 2679 3354 2736 semel
3399 2678 3529 2734 vitio

1927 2781 2218 2854 perniciosi
2264 2779 2471 2852 teporis
2516 2778 2790 2850 abjectum
2827 2784 2932 2843 est,
2983 2789 3096 2830 non
3147 2773 3327 2829 dicam
3371 2770 3531 2827 labiis

1925 2874 2252 2946 admovere;,
2299 2873 2395 2930 sed
2438 2872 2606 2928 etiam
2637 2871 2854 2927 eminus
2906 2868 3105 2924 intueri
3151 2866 3268 2922 sine
3319 2864 3527 2937 ingenti

1926 2967 2153 3024 horrore
2182 2983 2293 3024 non
2321 2981 2636 3040 possumus.
2676 2963 3006 3022 Rectissime
3037 2977 3168 3034 ergo
3202 2957 3530 3032 pronuntia-

1923 3071 2014 3118 tur
2032 3078 2149 3119 esse
2175 3061 2440 3132 deterior,
2471 3061 2599 3134 quia
2627 3059 2836 3116 facilius
2864 3058 2934 3114 ad
2963 3057 3265 3114 salutarem
3296 3068 3526 3110 conver-

190 3153 382 3218 nales,
411 3151 468 3209 id
490 3160 593 3220 est,
619 3153 1010 3210 asaicularium
1035 3155 1364 3226 coeperimus
1401 3156 1811 3212 conversatione
1843 3164 1891 3226 ο
1923 3156 2190 3212 sationem
2230 3173 2294 3213 ac
2316 3154 2664 3228 perfectionis
2700 3154 2973 3226 fastigium
3020 3150 3252 3208 carnalis
3285 3149 3430 3222 quis,
3473 3148 3526 3205 id

184 3244 448 3315 sejungi,
477 3252 533 3298 et
573 3245 641 3300 ab
684 3245 776 3302 illa
822 3245 1111 3302 manifesta
1154 3247 1333 3302 carnis
1362 3245 1658 3318 pollutione
1697 3262 1816 3303 ces-

176 3351 352 3402 sare,
387 3335 687 3408 spiritalem
717 3345 926 3394 statum
965 3339 1216 3410 protinus
1255 3339 1666 3410 apprehendbre
1700 3347 1816 3422 tota

193 3429 417 3486 virtute
442 3429 711 3500 nitamur,
736 3447 806 3488 ne
835 3429 980 3490 forte
1017 3431 1355 3489 blandientes
1377 3432 1538 3488 nobis
1565 3431 1711 3503 quod
1739 3433 1816 3487 vi-

1922 3257 2025 3316 est,
2049 3249 2326 3306 saecularis
2353 3249 2441 3305 vel
2471 3248 2709 3320 gentilis,
2741 3245 2966 3312 accedit,
2999 3259 3163 3316 quam
3201 3243 3247 3300 is
3270 3243 3364 3314 qui
3396 3257 3522 3314 pro-

1924 3339 2102 3398 fessus
2121 3342 2477 3405 monachum,
2507 3358 2610 3397 nec
2632 3350 2816 3396 tamen
2845 3341 2986 3395 viam
3027 3337 3376 3410 perfectionis
3399 3335 3525 3392 arri-

1924 3433 2075 3504 piens
2120 3433 2422 3490 secundum
2451 3433 2694 3507 regulam
2737 3432 3076 3503 disciplinae,
3107 3431 3175 3486 ab
3216 3429 3308 3485 illo
3355 3429 3522 3525 semel

1315 3544 1573 3599 ALARDI
1611 3544 1835 3599 (ΞΑΖᾸΞΙ
1873 3544 2432 3602 COMMENTARIUS.

277 3648 422 3703 Tres
451 3648 652 3722 animae
678 3655 860 3722 status
887 3647 1198 3722 distinguit,
1221 3664 1351 3704 cum
1401 3657 1587 3704 tamen
1617 3664 1812 3722 carna-

202 3714 270 3771 lis
295 3726 354 3773 et
385 3719 632 3775 animalis
659 3719 961 3776 secundum
990 3714 1112 3776 rem
1151 3714 1207 3776 et
1233 3735 1588 3776 communem
1619 3719 1812 3775 intelli-

198 3789 446 3873 gentiam
475 3805 666 3873 parum
692 3799 790 3873 aut
809 3791 952 3873 _nihil
983 3791 1127 3873 inter
1145 3805 1204 3846 se
1228 3789 1508 3873 differant.
1538 3794 1656 3873 Ipse
1679 3807 1807 3847 vero

195 3860 490 3938 carnalem
503 3861 696 3938 animai
719 3869 926 3938 statum
961 3861 1233 3938 pracipue
1268 3862 1323 3917 in
1348 3862 1528 3938 carnis
1559 3860 1808 3938 immun-

197 3927 339 4002 ditia
372 3940 429 3986 et
471 3931 805 4002 pollutione,
843 3927 1398 4002 etiaminvoluntaria
1423 3971 1439 3999 ,
1477 3933 1809 3989 constituere

194 3998 442 4072 videtur,
467 3998 531 4072 iit
553 4017 620 4055 ex
638 4000 990 4072 sequentibus
1017 4000 1208 4072 liquet.

266 4071 298 4104 ι’
324 4073 455 4124 Vox
499 4070 616 4124 haec
665 4069 736 4124 ab
775 4069 960 4125 anima
1001 4069 1253 4132 ducitur.
1299 4085 1410 4124 non
1448 4069 1518 4124 ab
1567 4071 1806 4128 animali.
1849 4097 1855 4104 -

181 4137 404 4211 graece
459 4139 611 4211 enim
659 4139 866 4211 ψυχικός
916 4138 974 4195 id
1001 4147 1102 4211 est,
1134 4140 1416 4211 animalis,
1448 4140 1582 4211 ψυχή
1607 4143 1805 4196 anima.

184 4209 356 4264 Hinc
387 4209 757 4264 Tertullianns
784 4210 1110 4266 Montanista
1137 4209 1364 4268 effectus
1393 4209 1596 4266 librum
1625 4213 1692 4267 de
1721 4216 1812 4268 Je-

177 4279 363 4354 junio
389 4280 934 4354 inscripsitadversus
960 4279 1278 4354 Psychicos,
1301 4281 1353 4338 id
1381 4291 1484 4350 est,
1514 4283 1806 4350 animales;

192 4350 307 4428 hoc
349 4350 580 4428 nomine
603 4351 903 4428 catholicos
933 4350 1265 4428 calumniose
1291 4354 1610 4426 suggillans,
1657 4357 1808 4428 quod

1921 3651 2194 3706 Canonica
2226 3650 2386 3708 Iudae
2420 3669 2434 3707 :
2466 3653 2540 3708 Hi
2575 3656 2702 3706 sunt
2738 3653 2834 3722 qui
2874 3655 3158 3721 segregant
3187 3651 3516 3722 semetipsos,

1919 3723 2197 3796 animales,
2219 3725 2468 3793 spiritum
2499 3739 2602 3796 non
2631 3721 2902 3778 habentes.
2934 3722 3182 3778 Secundo
3207 3731 3391 3796 autem
3427 3721 3514 3777 vi-
3571 3783 3584 3796 ,

1919 3795 2159 3850 dendum
2192 3802 2280 3849 est
2299 3810 2475 3865 quare
2523 3795 2659 3850 tales
2698 3811 2809 3849 non
2865 3803 3095 3864 possunt
3141 3793 3413 3865 percipere
3455 3806 3516 3846 ea

1918 3879 2042 3935 quae
2068 3873 2196 3920 sunt
2227 3861 2444 3936 spiritus
2467 3865 2590 3930 Dei,
2622 3865 2768 3936 quod
2797 3861 3016 3936 quidem
3033 3861 3387 3918 manifestum
3415 3869 3517 3936 est,

1918 3930 2271 4012 etquaiitum
2303 3935 2376 4012 _ad
2417 3930 2718 4012 animalem
2752 3930 3106 4012 seb_sum,net
3133 3940 3399 4012 quantum
3447 3930 3519 4012 ad

1917 4001 2208 4082 animalem
2266 4007 2454 4064 vitam.
2504 4009 2582 4062 Ea
2631 4006 2778 4060 enim
2831 4007 2898 4061 de
2926 4001 3408 4082 quibus'Spiritous
3457 4001 3514 4056 S.

1918 4075 2150 4130 illustrat
2201 4085 2468 4146 mentem,
2495 4084 2622 4146 sunt
2678 4075 3107 4146 suprasensum
3149 4081 3204 4146 et
3246 4075 3515 4146 rationem

1920 4146 2245 4211 humanam,
2273 4145 2572 4200 secundum
2595 4145 2726 4200 illud
2749 4145 2948 4200 Eccles.
2985 4159 3056 4198 ιιι
3093 4163 3104 4199 :
3137 4145 3382 4198 Plurima
3419 4157 3516 4196 su-

1913 4233 2020 4287 pra
2046 4232 2258 4272 sensum
2287 4218 2515 4270 hominis
2539 4220 2750 4287 ostensa
2777 4220 2910 4287 sunt;
2934 4215 3062 4287 tibi;
3117 4221 3172 4287 et
3205 4213 3333 4287 ideo
3350 4213 3424 4287 _ab
3447 4229 3515 4287 _eo

1919 4283 2035 4358 capi
2070 4304 2181 4342 non
2214 4295 2440 4357 possunt
2468 4287 2558 4358 qui
2584 4285 2682 4341 soli
2712 4285 3008 4358 cognitioni
3033 4284 3300 4358 sensitivae
3347 4283 3516 4358 inniti-

1917 4355 2028 4430 tur.
2061 4355 2724 4430 Spiritusietiam'sanctus
2761 4355 3303 4430 accenditaffectum_
3335 4355 3402 4411 ad
3428 4355 3514 4412 di-

189 4425 311 4475 tres
341 4422 801 4500 Quadragesimas
819 4423 1268 4500 Montanistarum
1293 4422 1806 4500 moreinonobser-
1835 4437 1886 4500 ι)
1921 4422 2524 4500 ligendiim'spiritualia
2574 4427 2736 4491 bona,
2787 4428 3131 4484 sensibilibus
3176 4427 3338 4484 bonis
3377 4443 3512 4483 con-

192 4491 417 4568 yargnt.
469 4491 1118 4568 Porro‘animalishomo
1145 4495 1271 4568 quis
1305 4496 1411 4568 sit,
1460 4499 1522 4553 D.
1561 4498 1804 4555 Thomas

197 4563 250 4613 in
281 4563 698 4620 Commentario
727 4563 1036 4625 planissime
1059 4563 1282 4625 exobnit
1305 4563 1593 4623 liis'verbis
1617 4586 1632 4622 :
1660 4571 1806 4625 Con-

198 4579 250 4613 in
281 4579 698 4620 commentario
764 4579 1036 4620 lenissime
1059 4581 1122 4620 ex
1163 4579 1282 4621 onit
1306 4579 1391 4622 nis
1421 4579 1632 4623 verbis:
1660 4579 1806 4625 Con-

198 4579 760 4706 sideranduiriquod)
781 4635 964 4706 anima
1010 4642 1094 4690 est
1118 4582 1299 4690 ἔπαιε
1342 4638 1605 4706 corporis.
1643 4640 1810 4695 Unde

203 4703 440 4774 propriae
485 4703 686 4778 animai
745 4705 1121 4776 intelliguntur
1172 4703 1640 4778 illigaviresqua:
1679 4719 1810 4766 sunt

199 4781 360 4850 actus
381 4777 759 4850 corporalium
789 4774 1152 4850 organorum,
1197 4774 1404 4850 scilicet
1445 4774 1588 4850 vires
1612 4780 1808 4850 sensi-

201 4845 343 4923 liyaa:
380 4845 644 4902 Dicuntur
687 4845 1112 4923 ergo_homines
1137 4845 1397 4923 animales
1420 4847 1511 4916 qui
1530 4847 1810 4923 hujiismo-

201 4910 254 4967 di
287 4916 431 4972 vires
459 4910 787 4988 sequuntur“,
816 4916 978 4988 inter
1001 4931 1138 4988 quas
1169 4924 1260 4988 est
1296 4916 1374 4988 vis
1416 4910 1807 4988 appreliensiva

203 4987 632 5059 et_appetitiva;
665 4997 721 5044 et
744 4987 895 5059 _ideo
934 4987 1114 5059 potest
1149 4987 1256 5059 dici
1306 4987 1474 5043 homo
1490 4987 1807 5059 ’dupliciter

201 5055 474 5140 animalis,
495 5055 800 5140 unomodo
827 5055 1094 5140 quantum
1118 5057 1188 5115 ad
1205 5057 1314 5140 vim
1339 5055 1803 5140 apprehensivam,

199 5131 256 5202 et
289 5126 378 5184 hic
415 5131 620 5202 dicitur
648 5126 898 5202 animalis
923 5143 1118 5196 sensu,
1159 5128 1252 5202 qui
1283 5126 1457 5202 (sicut
1504 5130 1709 5186 dicitur
1749 5132 1804 5188 in

204 5194 406 5316 Flossa)
432 5201 501 5258 de
531 5205 654 5258 Deo
676 5201 831 5274 juxta
855 5194 1150 5282 corporum
1176 5194 1540 5316 phantasiam,
1566 5201 1647 5257 vel
1675 5202 1805 5274 legis

225 5275 466 5316 Itis-ram-
498 5272 580 5316 mil
628 5273 898 5316 rationem
933 5268 1183 5316 nhilnsnn
1201 5287 1361 5316 imam
1415 5272 1629 5316 illdiﬂnl,
1681 5289 1805 5316 num

225 5216 406 5275 posse)
432 5216 501 5258 oe
531 5216 654 5258 ueo
676 5216 831 5274 juxta
855 5216 1150 5271 corporum
1177 5216 1540 5326 phantasiam,
1566 5216 1647 5257 vel
1675 5216 1805 5274 legis

225 5275 469 5354 ituram,
498 5272 605 5354 vel.
628 5273 910 5354 rationein.
933 5268 1183 5354 pbilosop
1201 5271 1361 5354 iicam
1407 5272 1634 5354 judicat,
1681 5289 1805 5354 qu_a3

1920 4500 2172 4573 temptis;
2201 4499 2265 4573 et
2282 4499 2401 4573 ideo
2417 4500 2516 4573 _ille
2544 4500 2634 4572 qui
2663 4508 2746 4556 est
2773 4500 3019 4556 animalis
3045 4500 3165 4557 vitae.
3197 4515 3305 4573 non
3337 4507 3513 4573 potest

1917 4570 2453 4654 capere_h_iijusmodi
2485 4570 2806 4654 sm'ritualia,
2826 4573 2953 4644 quia
2999 4571 3357 4654 Philosophus
3385 4570 3512 4654 dicit

1917 4642 1973 4716 i_n
2001 4658 2067 4716 ιν
2098 4642 2436 4716 Etliicorum,
2469 4642 2616 4716 quod
2646 4645 2822 4716 qualis
2844 4642 3222 4714 unusquisque
3249 4650 3361 4716 est,
3391 4643 3512 4716 t_|is

1918 4713 2043 4768 finis
2072 4715 2281 4770 videtur
2303 4715 2371 4770 ei.
2406 4711 2852 4770 Proverhfxvm
2897 4733 2914 4768 :
2955 4711 3068 4768 Non
3091 4711 3279 4779 recipit
3311 4712 3511 4763 stultus

1909 4785 2069 4839 verba
2081 4787 2412 4854 prudentia,
2433 4789 2543 4839 nisi
2554 4789 2605 4839 ei
2624 4787 2832 4839 dixeris
2847 4799 2968 4852 qua:
2983 4781 3343 4854 rer-santurin
3356 4779 3514 4854 corde

1909 4855 2044 4923 ejus.
2078 4850 2147 4908 Et
2171 4850 2533 4909 Eccles.7xxn
2568 4873 2580 4907 :
2621 4857 2752 4910 Cum
2779 4850 3071 4923 dormiente
3110 4850 3371 4923 loquitur,
3416 4850 3516 4916 qui

1908 4919 2129 4980 enarrat
2154 4927 2478 4992 sapientiam
2491 4924 2673 4977 stulto.
2699 4925 2978 4992 Hactenus
2999 4921 3068 4972 D.
3090 4919 3328 4992 'l_homas
3355 4931 3511 4992 more

1907 5009 2030 5059 suo,
2061 5009 2174 5047 non
2213 4989 2267 5046 in
2317 4993 2650 5046 sublimitate
2690 4989 2995 5056 sermonis,
3043 4989 3137 5046 sed
3179 4990 3230 5044 in
3260 4989 3508 5046 doctrina

1908 5063 2131 5134 spiritus
2180 5061 2559 5134 Spiritualibus
2601 5061 2900 5134 spiritualia
2944 5077 3271 5134 comparans
3313 5063 3352 5132 (l
3383 5063 3503 5118 Cor.

1907 5151 2061 5190 Vill).

1979 5137 2364 5276 ⁵⁵1ἶιίιιιειιειίιιιιει
2393 5202 2484 5258 lib.
2519 5219 2620 5260 xm
2641 5203 2708 5260 de
2735 5202 2897 5276 Civit.
2923 5219 3041 5276 cap.
3065 5209 3132 5258 24
3157 5221 3172 5258 :
3195 5204 3500 5276 Scriptura,

1907 5275 2098 5347 inquit,
2122 5273 2334 5339 'divi-na,
2358 5292 2477 5330 cum
2507 5277 2610 5331 duo
2642 5279 2749 5330 ista
2781 5273 3010 5346 (corpus
3037 5285 3092 5330 et
3133 5273 3348 5346 anima)
3376 5291 3505 5330 con-

203 5342 502 5417 ﬁqcundum
523 5413 535 5417 Α
555 5342 699 5417 vires
725 5341 1007 5417 sensitivas
1054 5341 1426 5417 accipiuntur:
1456 5344 1602 5417 Alio
1633 5341 1802 5417 modo
1896 5341 2090 5417 juncta
2116 5349 2225 5401 sint
2251 5363 2320 5402 ex
2335 5348 2526 5416 quibus
2545 5349 2679 5401 vivit
2705 5341 2874 5414 hoino,
2904 5341 3077 5404 tamen
3098 5349 3260 5401 etiam
3287 5341 3504 5416 singula

107 5427 114 5433 ·
198 5403 567 5487 diciturquis
596 5413 851 5487 animalis
875 5421 1140 5487 quantum
1165 5403 1234 5470 ad
1278 5414 1388 5470 vim
1428 5415 1798 5487 appetitivam,

203 5481 297 5568 qui
323 5481 536 5568 scilicet
555 5483 792 5568 afﬁcitur
814 5481 995 5568 solum
1015 5484 1320 5568 _ad.ea_quie
1347 5481 1476 5568 sunt
1493 5481 1799 5568 secundum

203 5555 503 5632 appetitum
525 5555 865 5632 _sensitivum
877 5579 890 5621 ;
919 5563 976 5612 et
993 5556 1134 5632 _talis
1159 5555 1364 5632 dicitur
1379 5558 1635 5632 animalis
1672 5555 1797 5632 vita',

201 5625 293 5705 qui
323 5625 478 5705 gsicut
505 5625 710 5705 dicitur
735 5625 787 5681 in
815 5625 1010 5699 glossa)
1055 5628 1300 5705 sequitur
1335 5629 1658 5705 dissolutam
1694 5625 1794 5705 _la_-4

195 5697 422 5753 sciviam
452 5697 658 5770 animai
691 5697 840 5766 sua),
889 5697 1056 5770 quam
1105 5697 1246 5756 intra
1281 5701 1544 5757 naturalis
1585 5702 1794 5758 ordinis

202 5772 376 5823 metas
423 5769 653 5842 spiritus
680 5776 862 5826 rector
882 5769 996 5826 non
1029 5770 1286 5828 continet.
1315 5773 1478 5829 Unde
1505 5773 1707 5830 dicitur
1734 5773 1790 5829 in

1904 5421 2130 5474 hominis
2158 5419 2411 5473 vocabulo
2429 5419 2688 5489 appellat,
2721 5421 2947 5473 animan
2974 5419 3174 5473 scilicet
3194 5420 3504 5474 interiorem

1903 5491 2188 5553 hominem,
2239 5491 2428 5561 corpus
2457 5505 2576 5545 vero
2618 5492 2935 5544 exteriorem
2976 5491 3242 5544 hominem
3282 5505 3500 5551 vocans,

1905 5566 2181 5632 tamquam
2211 5562 2318 5618 duo
2349 5564 2458 5617 sint
2485 5563 2740 5629 homines,
2769 5577 2886 5616 cum
2922 5563 3086 5616 simul
3113 5565 3402 5632 utrumque
3432 5562 3504 5632 sit

1904 5630 2043 5687 unus
2070 5635 2240 5689 homo.
2290 5632 2421 5690 Vide
2452 5633 2622 5704 {etiam
2655 5633 2914 5689 eumdem
2962 5632 3052 5687 lib.
3099 5647 3179 5687 xu
3207 5630 3274 5686 de
3302 5631 3497 5688 Trinit.

1902 5720 2020 5776 cap.
2059 5709 2106 5763 I.
2618 5735 2648 5748 -
2691 5722 2697 5728 ί
