3982 6202
390 260 492 315 607

392 474 600 531 ralibus
625 475 816 530 saltem
846 471 993 528 vitiis
1019 469 1355 536 humiliatus,
1377 473 1540 535 atque
1566 460 1920 519 immundum
1938 475 1996 516 se

393 569 635 626 sentiens
661 567 985 637 contagione
1016 561 1239 632 carnali,
1291 558 1363 615 ad
1389 557 1606 614 fontem
1635 571 1776 612 vera:
1801 553 1994 627 puriﬁ-

395 662 630 719 cationis
662 676 725 715 ac
783 655 1132 730 perfectionis
1187 653 1424 715 culmen,
1473 649 1801 722 quandoque
1838 662 1991 702 com-

397 763 636 827 punctus
692 751 951 816 accurrit,
983 757 1038 804 et
1069 747 1390 804 horrescens
1418 743 1611 812 illum,
1649 741 1706 797 in
1749 755 1858 813 quo
1894 747 1998 806 est,

397 845 584 902 inﬁdel
597 845 746 900 itatis
766 841 1161 916 gelidissimum
1173 847 1402 906 statum,
1421 837 1643 908 spiritus
1671 834 1866 891 ardore
1885 847 1996 888 suc-

398 953 626 1009 census,
671 938 738 994 ad
795 927 1208 1008 perfectionem
1232 932 1446 990 facilius
1489 928 1818 986 convolabit.
1851 929 1996 982 Nam

399 1031 494 1103 qui
517 1033 709 1100 semel,
726 1040 785 1087 ut
803 1030 1060 1096 diximus,
1089 1027 1272 1100 tepido
1305 1041 1534 1082 exorsus
1561 1023 1714 1078 initio
1738 1015 1998 1077 monachi

400 1125 563 1198 coepit
587 1125 736 1182 abuti
763 1123 1048 1190 vocabulo,
1080 1137 1179 1176 nec
1207 1129 1392 1176 tamen
1431 1118 1743 1174 humilitate
1787 1131 1850 1170 ac
1877 1105 1996 1169 fer-

401 1233 531 1274 vore
553 1234 662 1290 quo
689 1217 882 1274 debuit
904 1217 1006 1271 iter
1045 1214 1208 1284 hujus
1237 1211 1590 1283 professionis
1631 1208 1882 1279 arripuit,
1911 1207 2000 1262 in-

401 1309 576 1366 fectus
599 1311 766 1366 semel
788 1311 891 1365 hac
918 1307 1212 1364 miserabili
1242 1307 1350 1373 lue,
1382 1313 1437 1361 et
1464 1305 1521 1360 in
1549 1319 1610 1360 ea
1636 1301 1997 1375 quodammo-

401 1400 474 1459 do
501 1402 794 1468 resolutus,
825 1417 925 1457 nec
953 1416 1017 1456 ex
1051 1383 1108 1456 se
1136 1399 1363 1456 ulterius
1399 1395 1633 1469 perfecta
1657 1409 1868 1466 sapere,
1898 1407 2000 1448 nec

402 1495 622 1552 alterius
651 1493 852 1566 poterit
874 1491 1096 1548 monitis
1126 1491 1350 1548 erudiri.
1377 1490 1527 1545 Dicit
1562 1489 1708 1544 enim
1749 1487 1807 1542 in
1835 1484 1999 1542 corde

401 1603 522 1655 suo,
553 1586 858 1644 secundum
877 1586 1024 1640 illam
1052 1582 1269 1638 Domini
1295 1581 1648 1648 sententiam,
1681 1583 1814 1650 quia
1851 1579 1999 1633 dives

401 1698 518 1738 sum
553 1686 604 1736 et
648 1682 892 1750 locuples,
947 1684 997 1733 et
1039 1679 1258 1751 null-ius
1291 1692 1432 1746 egeo.
1480 1675 1579 1730 Cui
1609 1673 1745 1729 illud
1782 1687 2000 1744 quoque

401 1772 548 1845 quod
567 1772 935 1843 subsequitur,
961 1777 1356 1840 consequenter
1384 1767 1662 1839 aptabitur
1691 1785 1702 1820 :
1727 1769 1805 1821 Tu
1826 1769 2007 1819 autem
2033 1755 2082 1816 B

403 1883 456 1923 es
491 1869 655 1922 miser
686 1871 736 1920 et
753 1864 1126 1932 miserabilis,
1148 1868 1198 1919 et
1221 1879 1434 1933 pauper
1469 1866 1520 1917 et
1547 1875 1711 1916 caecus
1754 1863 1805 1914 et
1827 1859 2006 1914 nudus

405 1963 590 2034 (Apoc.
607 1961 688 2032 ιιι)
716 1980 728 2014 :
752 1961 810 2016 in
837 1975 902 2016 eo
927 1958 1102 2015 factus
1121 1959 1290 2014 etiam
1309 1957 1556 2013 saiculari
1579 1954 1838 2019 deterior,
1859 1951 2008 2023 quod

402 2071 505 2112 nec
532 2055 796 2110 miserum
827 2070 887 2110 se
919 2070 1022 2109 nec
1051 2068 1258 2108 caecum
1283 2067 1346 2106 ac
1370 2050 1580 2108 nudum
1624 2057 1718 2104 aut
1746 2046 2009 2103 emenda-

403 2149 551 2204 tione
573 2147 826 2218 dignum,
849 2145 933 2200 vel
956 2161 1113 2217 egere
1135 2143 1356 2199 monitis
1395 2141 1624 2214 alicujus
1651 2148 1748 2196 aut
1791 2139 2011 2195 institu-

406 2239 569 2306 tione,
599 2238 911 2312 cognoscit,
945 2246 1001 2292 et
1037 2237 1110 2292 ob
1141 2237 1249 2292 hoc
1291 2251 1392 2291 nec
1413 2233 1857 2290 exhortationem
1885 2233 2006 2305 qui-

408 2329 536 2386 dem
565 2330 731 2384 ullam
779 2327 928 2384 verbi
970 2327 1228 2384 salutaris
1259 2327 1536 2395 admittit,
1562 2342 1675 2382 non
1711 2325 2010 2396 intelligens

408 2423 525 2494 ipso
555 2421 808 2477 monachi
835 2437 894 2478 se
921 2421 1142 2478 nomine
1177 2420 1502 2493 praegravari
1532 2435 1594 2476 ac
1625 2419 1860 2491 deprimi
1901 2419 2019 2490 opi-

408 2514 570 2571 nione
618 2523 969 2586 cunctorum,
1015 2531 1121 2587 qua
1148 2514 1304 2580 \dum
1350 2513 1592 2570 creditur
1635 2512 1704 2568 ab
1756 2511 2019 2568 omnibus

409 2617 648 2676 sanctus,
681 2618 736 2664 et
760 2609 908 2665 velut
936 2609 1036 2664 Dei
1069 2608 1310 2664 famulus
1326 2606 1560 2676 'colitur,
1595 2622 1816 2663 necesse
1844 2615 1928 2662 est
1959 2615 2018 2664 ut

410 2699 688 2787 in\futuro
732 2701 1120 2758 vehementiori
1155 2701 1362 2774 judicio
1399 2717 1690 2774 pinumque
1724 2699 2014 2756 subdatur.

408 2797 694 2851 Postremo
719 2795 850 2867 quid
879 2795 1084 2852 diutius
1117 2795 1478 2852 immoramur
1504 2794 1560 2849 in
1589 2794 1672 2850 his
1701 2809 1826 2866 quae
1861 2793 2020 2861 nobis

409 2888 786 2961 experimento
811 2889 943 2944 satis
985 2897 1265 2960 comperta
1311 2895 1446 2943 sunt
1488 2902 1552 2942 ac
1591 2887 1855 2958 probata?
1888 2889 2018 2941 Fre-

409 2991 639 3054 quenter
675 2983 821 3038 enim
847 2983 1084 3040 vidimus
1125 2983 1194 3038 de
1241 2980 1456 3053 frigidis
1493 2989 1655 3051 atque
1686 2979 2016 3046 carnalibus,

411 3075 467 3132 id
485 3084 586 3142 est,
622 3077 690 3132 de
711 3077 1064 3138 saecularibus
1093 3091 1158 3132 ac
1183 3075 1429 3148 paganis,
1453 3073 1521 3130 ad
1561 3073 1863 3145 spiritalem
1893 3088 2016 3144 per-

1485 242 1765 301 JOANNIS
1801 239 2106 306 CASSIANI
2142 232 2631 294 COLLATIONES.

390 380 620 454 piritalis
648 379 872 436 fervoris
911 378 1036 449 igne
1095 371 1362 432 discessit.
1395 370 1492 426 llle
1520 383 1763 439 namque
1791 381 1988 437 corpo-
2016 368 2070 431 Α

3607 236 3718 290 608

2700 361 2940 418 CAPUT
2969 361 3107 417 XX.

2517 507 2594 560 De
2617 505 2758 559 male
2781 503 3304 558 abrenuntiantibus.

2176 647 2444 720 Denique,
2478 646 2626 720 quod
2660 645 2827 719 pudet
2852 645 3052 713 dicere,
3099 643 3174 702 ita
3217 645 3508 717 plerosque
3554 646 3720 704 abre-

2104 741 2387 799 nuntiasse
2410 741 2801 812 conpicimus,
2823 747 2886 797 ut
2901 741 2929 776 ³³
2959 737 3094 795 nihil
3121 737 3356 810 amplius
3397 739 3720 798 immutasse

2105 835 2173 892 de
2198 833 2564 890 anterioribus
2589 832 2734 888 vitii
2757 848 2824 890 ac
2849 832 3090 889 moribus
3119 831 3577 904 comprobentur,
3614 833 3720 890 nisi

2106 927 2356 984 ordinem
2419 924 2807 983 tantummodo
2873 933 3036 998 atque
3093 924 3344 982 habitum
3395 927 3719 984 saecularem

2109 1021 2274 1093 (Vide
2299 1022 2478 1077 collat.
2508 1027 2558 1090 3,
2591 1035 2710 1091 cap.
2740 1025 2792 1085 3,
2823 1023 2858 1076 6
2887 1023 2937 1075 et
2975 1023 3132 1090 seq.).
3165 1020 3309 1075 Nam
3347 1027 3404 1074 et
3438 1021 3720 1092 acquirere

2107 1115 2366 1188 pecunias
2417 1113 2674 1189 gestiunt,
2719 1127 2854 1184 quas
2897 1127 2998 1168 nec
3033 1121 3158 1168 ante
3208 1111 3601 1184 possederunt;
3631 1115 3719 1170 vel

2107 1216 2272 1278 certe,
2313 1223 2450 1280 quas
2485 1206 2810 1274 habuerant,
2840 1205 3072 1262 retinere
3105 1220 3218 1260 non
3255 1204 3542 1275 desinunt;
3597 1216 3718 1272 aut,

2107 1301 2254 1373 quod
2291 1310 2375 1358 est
2420 1301 2724 1374 lugubrius,
2770 1299 2938 1356 etiam
2985 1298 3323 1372 ampliﬁcare
3375 1299 3715 1366 desiderant,

2107 1395 2208 1450 sub
2253 1393 2359 1450 hoc
2407 1402 2678 1466 pmthu
2727 1393 2877 1466 quod
2917 1393 2998 1449 vel
3049 1391 3292 1450 famulos
3333 1409 3468 1450 suos
3502 1410 3718 1468 semper

2108 1486 2302 1542 exinde
2325 1487 2406 1541 vel
2447 1486 2643 1543 fratres
2679 1487 2824 1543 alere
2864 1501 2924 1543 se
2949 1485 3150 1543 debere
3188 1486 3400 1558 justum
3438 1503 3558 1545 esse
3585 1505 3711 1546 con-

2107 1581 2359 1648 tendunt,
2393 1581 2474 1636 vel
2497 1589 2644 1638 certe
2667 1585 2692 1614 °
2716 1581 2822 1638 sub
2858 1580 3086 1638 obtentu
3131 1583 3500 1656 congregandi
3537 1592 3716 1642 castus

2110 1683 2406 1742 reservant,
2439 1691 2603 1746 quem
2652 1675 2802 1732 velut
2827 1675 3071 1743 abbates,
3123 1675 3408 1733 instituere
3459 1693 3518 1734 se
3556 1694 3720 1750 posse

2115 1777 2476 1842 praesumunt.
2507 1770 2612 1842 Qui
2645 1769 2690 1824 si
2712 1770 2769 1826 in
2798 1770 3024 1826 veritate
3055 1769 3198 1825 viam
3225 1768 3570 1841 perfectionis
3623 1772 3721 1828 in-

2114 1863 2413 1935 quirerent,
2454 1861 2561 1918 hoc
2593 1862 2774 1935 potius
2795 1871 2912 1920 tota
2941 1864 3144 1920 virtute
3186 1863 3438 1935 perficere
3467 1864 3716 1920 niteren-

2115 1964 2227 2026 tur,
2247 1963 2308 2010 ut
2329 1956 2532 2012 scilicet
2561 1957 2707 2012 exuti
2747 1971 2862 2014 non
2895 1957 3076 2013 solum
3105 1957 3361 2028 pecuniis,
3405 1954 3499 2014 sed
3537 1959 3718 2013 etiam

2116 2048 2507 2105 affectionibus
2551 2049 2794 2121 pristinis
2847 2057 2903 2106 et
2951 2047 3380 2106 distentionibus
3425 2051 3719 2120 universis,

2115 2141 2439 2212 semetipsos
2483 2141 2782 2214 singulares
2836 2157 2900 2197 ac
2946 2141 3126 2198 nudos
3174 2142 3248 2197 ita
3287 2141 3388 2198 sub
3436 2143 3720 2198 seniorum

2117 2233 2344 2304 imperio
2381 2233 2743 2302 collocarent,
2771 2243 2832 2290 ut
2867 2249 3059 2290 curam
3094 2251 3207 2290 non
3261 2233 3430 2290 modo
3484 2235 3720 2291 aliorum

2118 2325 2349 2394 nullam,
2381 2325 2474 2381 sed
2503 2341 2574 2382 ne
2602 2327 2684 2382 sui
2713 2325 2932 2398 quidem
2962 2336 3229 2399 gererent.
3257 2327 3582 2383 Econtrario
3621 2344 3718 2384 au-

2123 2426 2238 2474 tem
2267 2419 2442 2473 evenit
2477 2426 2540 2474 ut
2556 2418 2690 2474 dum
2719 2418 2980 2476 fratribus
2998 2435 3228 2492 praeesse
3253 2419 3533 2487 festinant,
3563 2437 3726 2477 num-

2125 2526 2288 2582 quam
2313 2510 2622 2567 senioribus
2650 2512 2753 2584 ipsi
2781 2512 3158 2585 subjiciantur,
3186 2523 3243 2570 et
3269 2532 3300 2571 a
3343 2515 3600 2587 superbia
3637 2515 3727 2570 in-

2125 2603 2404 2670 choantes,
2428 2603 2562 2660 dum
2599 2603 2738 2660 alios
2779 2605 3062 2664 instituere
3087 2607 3344 2680 cupiunt,
3387 2623 3490 2664 nec
3517 2608 3734 2664 discere

2127 2697 2248 2768 ipsi,
2271 2711 2373 2752 nec
2400 2713 2559 2769 agere
2586 2712 2649 2753 ea
2685 2713 2808 2770 quae
2851 2707 2981 2755 sunt
3001 2703 3118 2756 Deo
3144 2700 3353 2772 agenda
3384 2711 3725 2756 mereantur.

2127 2791 2335 2860 Quibus
2358 2807 2578 2848 necesse
2605 2800 2688 2848 est
2726 2798 2809 2860 ut,
2844 2793 3151 2850 secundum
3180 2794 3471 2851 Salvatoris
3516 2803 3737 2851 senten-

2127 2885 2284 2953 tiam,
2313 2884 2439 2940 caici
2469 2885 2634 2942 duces
2660 2901 2940 2950 caecorum
2971 2886 3173 2956 effecti,
3204 2889 3409 2960 pariter
3431 2889 3488 2944 in
3511 2888 3731 2946 foveam

2125 2977 2322 3034 cadant
2352 2977 2568 3049 (Matth.
2600 2980 2718 3050 xv).
2755 2980 2926 3052 Cujus
2971 2981 3237 3052 superbiae
3268 2981 3395 3037 licet
3435 2998 3607 3038 unum
3650 2982 3728 3038 sit

2127 3087 2324 3144 genus,
2354 3071 2552 3143 duplex
2577 3080 2762 3130 tamen
2793 3074 2910 3145 ejus
2957 3083 3043 3130 est
3069 3073 3272 3146 species
3301 3094 3312 3129 :
3343 3091 3452 3131 una
3488 3091 3614 3146 quae
3638 3090 3731 3132 se-

413 3167 624 3222 venisse
660 3165 957 3234 fervorem,
1000 3167 1070 3224 de
1095 3147 1292 3238 tepidis
1321 3173 1482 3238 atque
1521 3165 1844 3221 animalibus
1895 3179 2016 3220 om-
2043 3147 2087 3209 C
2117 3164 2369 3222 rietatem
2399 3165 2828 3238 gravitatemque
2855 3165 3023 3240 [Lips.
3065 3170 3122 3222 in
3155 3184 3328 3237 marg.
3357 3169 3734 3237 severitatem,

413 3261 546 3316 nino
589 3277 700 3317 non
738 3260 993 3318 vidimus.
1037 3265 1187 3332 Quos
1237 3261 1402 3317 etiam
1441 3277 1537 3332 per
1580 3259 1902 3332 prophetam
1938 3259 2012 3315 ita

415 3354 648 3426 legimus
685 3355 992 3410 Dominum
1041 3353 1343 3422 detestari,
1403 3362 1464 3409 ut
1507 3352 1836 3424 spiritalibus
1883 3352 2014 3408 viris

414 3455 576 3518 atque
615 3447 936 3503 doctoribus
980 3447 1355 3519 pracipiatur,
1407 3455 1472 3503 ut
1507 3446 1578 3502 ab
1606 3446 1684 3502 eis
1727 3446 2014 3502 monendis

415 3539 784 3614 docendisque
819 3541 1124 3611 discedant,
1153 3551 1208 3598 et
1241 3556 1590 3613 nequaquam
1619 3541 1766 3598 velut
1811 3541 1867 3596 in
1901 3549 2012 3596 ste-

416 3635 503 3690 rili
533 3643 695 3706 atque
727 3633 1064 3690 infructuosa
1089 3643 1230 3690 terra
1254 3635 1548 3705 noxiisque
1584 3634 1825 3690 sentibus
1847 3650 2015 3690 occu—

417 3736 543 3799 pata
567 3743 754 3784 semen
783 3727 932 3783 verbi
977 3727 1230 3783 salutaris
1265 3726 1604 3798 expendant;
1646 3724 1745 3782 sed
1779 3734 1840 3780 ut
1884 3741 2016 3781 con-

417 3828 726 3886 temnentes
755 3835 902 3887 eam,
932 3835 1132 3874 novam
1179 3819 1360 3891 potius
1403 3818 1656 3874 excolant
1690 3826 1913 3886 terram,
1962 3817 2017 3874 id

418 3921 520 3979 est,
545 3929 669 3987 erga
702 3929 938 3986 paganos
963 3929 1027 3970 ac
1050 3913 1335 3981 seculares
1369 3927 1572 3968 omnen
1609 3911 1874 3968 doctrinm
1904 3912 2018 3968 cul-

419 4016 600 4064 turam
643 4024 708 4062 ac
767 4007 916 4062 verbi
975 4007 1306 4062 transferant
1369 4005 1622 4062 salutaris
1678 4007 2013 4070 instantiam,

419 4101 572 4176 quod
605 4103 676 4158 ita
722 4102 916 4174 legitur
961 4118 974 4155 :
1016 4105 1139 4157 Haec
1167 4102 1300 4157 dicit
1337 4104 1594 4157 Dominus
1643 4103 1757 4156 viro
1789 4101 1932 4156 Juda
1971 4103 2021 4154 et

421 4195 806 4251 habitatoribus
846 4196 1138 4250 Jerusalem
1179 4214 1196 4249 :
1241 4197 1265 4226 ³
1306 4181 1504 4250 Novate
1540 4195 1682 4250 vobis
1734 4195 1938 4258 novale,
1973 4199 2023 4250 et

421 4292 588 4346 nolite
612 4305 783 4344 serere
809 4305 970 4359 super
997 4292 1184 4358 spinas
1210 4289 1418 4360 (Jerem.
1443 4289 1544 4358 iv).

2120 3259 2489 3327 serenitatem,
2531 3262 2611 3316 vel
2658 3260 2975 3334 veritatem]
3021 3262 3221 3334 iugiter
3259 3262 3591 3331 ementitur;
3627 3261 3736 3318 alia

2122 3368 2248 3424 quae
2275 3349 2540 3408 effrenata
2571 3353 2817 3410 libertate
2847 3354 2904 3408 in
2950 3353 3249 3410 cachinnos
3279 3352 3464 3410 fatuos
3482 3355 3744 3426 risusque

2123 3445 2455 3501 dissolvitur.
2488 3449 2556 3501 Et
2582 3446 2671 3502 illa
2704 3434 2926 3518 quidem
2972 3446 3346 3504 taciturnitate
3400 3447 3740 3519 congaudet,

2123 3538 2241 3595 haec
2277 3555 2403 3594 vero
2433 3539 2756 3612 dedignatur
2787 3539 3005 3596 silentio
3031 3541 3330 3606 coarctari;
3357 3555 3456 3596 nec
3487 3539 3748 3596 confun—

2125 3630 2276 3687 ditur
2316 3633 2514 3703 passim
2541 3633 2814 3704 proloqui,
2841 3633 3013 3689 etiam
3047 3648 3136 3689 res
3167 3633 3496 3705 incongruas
3541 3643 3599 3689 et
3649 3634 3746 3690 in-

2124 3733 2298 3796 eptas,
2347 3724 2481 3796 dum
2512 3726 2786 3782 erubescit
2814 3725 2895 3782 vel
2933 3725 3164 3782 inferior
3199 3726 3411 3782 caeteris
3450 3727 3532 3780 vel
3569 3725 3752 3782 indo-

2126 3819 2266 3874 ctior
2286 3817 2542 3890 judicari.
2591 3819 2717 3875 Alia
2765 3819 2838 3875 ob
2868 3819 3186 3888 elationem,
3230 3819 3506 3876 clericatus
3555 3821 3754 3878 ambit

2125 3911 2402 3983 officium,
2449 3915 2620 3970 altera
2657 3913 2902 3986 despicit,
2939 3923 3134 3988 utpote
3164 3913 3416 3986 judicans
3455 3913 3591 3970 illud
3637 3926 3754 3972 aut

2128 4006 2374 4079 dignitati
2395 4007 2657 4080 pristinae,
2691 4017 2788 4064 aut
2806 4008 2931 4065 vitae
2963 4024 3027 4065 ac
3065 4009 3331 4065 natalium
3363 4023 3590 4064 suorum
3615 4023 3750 4064 me-

2129 4102 2248 4158 ritis
2302 4092 2666 4177 incongruum
2699 4105 2781 4160 vel
2814 4103 3116 4176 indignum.
3165 4105 3414 4174 Quarum
3458 4119 3584 4176 qua:
3635 4103 3754 4160 de-

2130 4197 2298 4252 terior
2338 4197 2740 4268 pronuntianda
2779 4198 2876 4266 sit,
2918 4197 3348 4272 uniuscujusque
3378 4197 3631 4254 discutiat
3673 4213 3752 4254 ac

2135 4289 2435 4360 perpendat
2462 4306 2708 4346 examen.
2737 4293 2928 4348 Unum
2961 4307 3090 4348 sane
3122 4300 3286 4364 atque
3313 4292 3341 4327 τι
3379 4291 3524 4348 idem
3552 4290 3758 4348 inobc-

1525 4403 1776 4457 ALARDI
1818 4400 2042 4457 GAZzEl
2077 4399 2640 4457 COMMENTARIUS.
2821 4465 2830 4474 .
3001 4462 3018 4473 _

494 4495 902 4570 fTertullianus
945 4494 1040 4551 lib.
1082 4495 1342 4552 adversus
1383 4498 1610 4554 Iudaeos
1653 4499 1785 4568 legit
1824 4519 1835 4553 :
1871 4503 2024 4570 Inno:
2059 4501 2108 4562 D
2137 4499 2334 4552 similes
2353 4501 2646 4567 procedunt
2676 4503 2730 4554 in
2749 4503 3047 4570 publicum,
3092 4505 3155 4556 ut
3177 4503 3430 4555 caninam
3457 4505 3756 4554 exerceant

425 4568 542 4620 vate
553 4567 701 4620 vobis
723 4569 1037 4640 novitatem,
1054 4573 1106 4620 et
1133 4570 1573 4625 nolitesemina-re
1591 4573 1648 4624 in
1666 4567 1860 4640 spinis.
1885 4569 2027 4623 Alibi

425 4650 554 4710 vero
598 4641 920 4710 {Binet-ate
955 4639 1099 4693 vobis
1147 4656 1420 4710 noua-men,
1473 4649 1574 4694 etc.
1620 4639 1696 4694 υς
1727 4640 2033 4710 Cyprianus

426 4705 518 4762 lib.
547 4711 569 4764 Ι
599 4709 830 4764 Testim.
857 4709 1117 4764 adversus
1154 4709 1381 4766 Iudaeos
1412 4730 1425 4766 :
1458 4713 1723 4765 Benenate
1751 4705 1892 4764 inter
1936 4725 2027 4764 cos

425 4781 740 4850 nopitatem,
770 4783 820 4836 et
838 4797 902 4835 ne
917 4783 1258 4837 seminaverit
1267 4784 1310 4836 is
1340 4785 1398 4837 in
1417 4783 1610 4850 spinis.
1919 4833 1924 4838 .

495 4843 728 4923 PTales’
756 4852 920 4907 etiam
959 4853 1041 4908 sui
1089 4852 1351 4923 temporis
1403 4843 1726 4923 monachos
1755 4850 2029 4921 quosdam

426 4922 542 4996 suis
565 4923 844 4978 coloribus
864 4923 1106 4996 depingit
1127 4941 1189 4980 ac
1207 4921 1542 4994 perstringit
1565 4925 1630 4978 D.
1659 4921 2032 4994 Hieronymus

429 4993 583 5064 epist.
618 5001 648 5048 4
701 5013 714 5048 :
766 4997 912 5058 Vidi,
940 4993 1142 5064 inquit,
1173 4993 1452 5064 quosdam,
1505 4997 1602 5063 qui
1621 4993 1910 5064 postquam
1946 5011 2028 5048 re-

429 5068 742 5120 nuntiauere
765 5067 976 5128 saeculo,
1004 5068 1330 5120 vestimentis
1351 5067 1642 5121 dumtaxat
1671 5071 1721 5120 et
1743 5069 1880 5121 cocis
1906 5081 2032 5136 pro-

429 5137 676 5204 fessione,
707 5153 813 5191 non
843 5138 997 5191 rebus
1015 5167 1031 5197 ,-
1070 5137 1213 5190 nihil
1249 5137 1314 5190 de
1351 5139 1594 5206 pristina
1641 5139 2036 5192 conservatione

431 5213 711 5264 mutarunt
743 5228 758 5262 :
782 5224 862 5262 res
888 5207 1184 5274 familiaris
1203 5209 1375 5274 magis
1405 5212 1584 5270 aucta,
1601 5224 1765 5276 quam
1785 5209 2038 5260 imminu-

433 5283 520 5344 ta;
545 5281 727 5335 eadem
750 5278 1057 5332 ministeria
1079 5278 1430 5340 servulorum,
1454 5278 1594 5331 idem
1613 5282 1912 5346 apparatus
1926 5293 2039 5331 con-

431 5352 567 5403 vivii
582 5369 598 5416 ;
618 5353 678 5402 in
703 5351 842 5402 vitro
881 5353 930 5402 et
954 5349 1160 5417 patella
1185 5349 1360 5417 ﬁctili‘
1391 5363 1587 5402 aurum
1613 5347 1944 5411 comeditur;
1989 5352 2038 5401 et

432 5421 576 5474 inter
603 5419 788 5473 turbas
808 5423 858 5472 et
874 5419 1128 5473 examina
1145 5421 1516 5473 ministrorum
1527 5433 1714 5470 nomen
1737 5417 1842 5469 sibi
1860 5419 2040 5472 uindi-

435 5496 556 5546 cant
583 5491 824 5545 solitarii
846 5507 862 5542 :
894 5491 993 5558 qui
1018 5505 1140 5544 vero
1167 5505 1434 5560 pauperes
1472 5491 1618 5548 sunt,
1659 5491 1709 5540 et
1738 5490 1890 5540 tenui
1916 5490 2040 5543 sub-

435 5562 712 5624 stantiola,
743 5561 1096 5629 uidenturque
1116 5562 1224 5618 sibi
1259 5561 1430 5624 scioli,
1474 5573 1795 5628 pomparum
1819 5560 2040 5626 ferculis

435 5775 491 5829 Μ
508 5707 753 5786 Nini-um
779 5711 931 5762 vocat
956 5721 1040 5762 res
1059 5724 1191 5763 auro
1230 5711 1279 5762 et
1298 5720 1494 5775 magno
1523 5703 1694 5773 pretio
1718 5709 1941 5776 emptas,
1968 5705 2042 5760 ait

495 5791 730 5829 arranus.

495 5791 730 5832 arianus.

2137 4571 2471 4636 facundiam.
2507 4573 2756 4642 Plerique
2768 4574 2976 4627 artibus
3003 4579 3054 4628 et
3076 4571 3526 4641 negotiationibus
3555 4571 3756 4638 pristi-

2137 4643 2222 4694 nis
2247 4657 2425 4696 carere
2449 4659 2553 4696 non
2573 4648 2815 4712 possunt,
2845 4646 3173 4713 mutatisque
3197 4643 3505 4696 nominibus
3529 4643 3764 4695 instito-

2136 4727 2280 4774 rum,
2311 4714 2498 4768 eadem
2524 4719 2769 4769 exercent
2796 4717 3141 4778 commercia;
3166 4730 3274 4768 non
3309 4715 3510 4768 victum
3534 4715 3586 4766 et
3602 4716 3768 4766 ami-

2068 4801 2074 4807 ·
2139 4785 2459 4853 εἰαπκᾳαοά
2473 4786 2760 4854 Apostolus
2777 4788 3031 4855 praecipit
3047 4783 3091 4857 [Ι
3118 4787 3255 4840 Tim.
3280 4786 3401 4852 νη),
3419 4784 3514 4857 sed
3523 4781 3762 4857 majora

2141 4870 2300 4923 quam
2321 4857 2500 4909 saeculi
2527 4857 2762 4911 homines
2794 4855 3144 4911 emolumenta
3171 4860 3453 4910 sectantes.
3491 4855 3629 4909 Haec
3691 4861 3760 4908 et

2141 4925 2242 4978 alia
2273 4929 2340 4980 Ι).
2367 4927 2740 4997 Hieronymus
2768 4926 2896 4982 huic
2927 4927 3046 4982 loco
3068 4935 3450 4997 consentanea.

2215 5004 2235 5030 °
2261 4998 2421 5052 Hunc
2451 4995 2632 5052 locum
2680 4997 2846 5053 etiam
2885 4997 2940 5052 in
2977 4997 3219 5054 editione
3263 4995 3606 5052 Plantiuiana
3651 4995 3762 5050 vi-

2142 5066 2362 5140 tiatum,
2391 5068 2592 5124 additis
2621 5067 2949 5140 quibusdam,
2979 5068 3272 5140 superfluis
3297 5067 3468 5139 (quod
3491 5067 3544 5140 in
3571 5063 3768 5140 priori

2144 5137 2386 5211 editione
2431 5154 2542 5194 non
2591 5135 2992 5211 animadverti)
3047 5135 3350 5211 Ciaconiu's'
3389 5135 3771 5211 paucioribus

2148 5209 2324 5264 verbis
2361 5209 2433 5264 ita
2480 5209 2738 5282 restituit,
2787 5207 3213 5282 suffragantibus
3250 5207 3417 5264 etiam
3448 5207 3773 5264 Basileensi

2145 5289 2426 5352 excuso‘et
2447 5280 2722 5352 nonnullis
2757 5295 2911 5347 mss.,
2947 5280 3004 5352 in
3035 5281 3237 5352 quibus
3267 5289 3452 5336 tamen
3483 5287 3566 5333 est
3605 5293 3777 5334 non-

2145 5351 2293 5404 nulla
2331 5349 2634 5406 diversitas.
2670 5353 2812 5407 Nam
2840 5352 2928 5408 alii
2963 5349 3166 5408 habent
3192 5369 3206 5407 :
3232 5353 3329 5406 sub
3361 5352 3570 5405 obtentu
3611 5364 3782 5404 con-

2147 5422 2412 5488 gregandi
2431 5426 2590 5476 cretus
2616 5427 2906 5487 reservant,
2933 5440 3072 5487 cum,
3094 5424 3238 5478 velut
3264 5422 3501 5485 abbates,
3522 5421 3786 5476 institui

2147 5507 2201 5546 se
2217 5507 2370 5560 posse
2393 5499 2746 5562 pri-resumam.
2785 5493 3106 5550 Basileensis
3143 5508 3270 5549 vero
3311 5500 3368 5548 et
3403 5491 3494 5548 alii
3533 5509 3546 5544 :
3583 5506 3780 5560 quos,

2147 5563 2553 5637 velutabbates,
2574 5567 2854 5621 instituere
2876 5580 2932 5620 se
2957 5581 3113 5637 posse
3136 5568 3488 5637 praesumunt.

2219 5621 2246 5666 δ
2279 5621 2562 5690 Sciendum
2595 5639 2764 5701 enim,
2815 5637 2890 5692 ait
2941 5621 3010 5692 ὑ.
3066 5621 3369 5701 Gregorius
3395 5634 3532 5700 (Lib.
3567 5646 3778 5690 xxxv

2149 5707 2282 5761 Mor.
2319 5722 2362 5762 c.
2401 5707 2501 5776 l3),
2529 5709 2672 5776 quod
2703 5723 2994 5777 numquam
3032 5723 3133 5778 per
3158 5703 3514 5778 obedientiam
3538 5704 3782 5778 malum:

2149 5780 2287 5847 ﬁeri,
2315 5775 2608 5848 aliquando
2634 5783 2816 5836 autem
2839 5775 2996 5836 debet
3032 5775 3133 5848 per
3159 5777 3510 5834 obedientiam
3553 5775 3786 5830 bonam
