4024 6208
323 268 430 321 609

1131 256 1466 314 COLLATlO
1505 258 1572 313 V.
1611 287 1684 298 —
1721 257 1810 312 DE
1847 253 2029 312 OCTO
2069 257 2581 314 PRINCIPALIBUS
2618 259 2842 315 VITIIS.

3541 270 3646 325 6l0

329 389 534 447 dentiae
585 401 755 460 genus
790 391 896 453 est,
943 382 1028 439 vel
1077 389 1297 456 propter
1341 382 1670 455 operationis
1713 381 1924 438 instan-
1954 385 2006 446 Α
2035 382 2277 439 avaritia:
2326 381 2476 454 quod
2513 397 2640 455 erga
2675 383 2885 454 species
2927 386 3192 458 pretiosas
3235 404 3489 447 exercere
3533 409 3645 450 non

329 484 488 551 tiam,
518 483 596 538 vel
643 487 866 554 propter
896 477 1000 534 otii
1045 475 1410 542 desiderium,
1447 475 1682 535 senioris
1731 475 1935 532 violare

329 575 674 642 mandatum,
717 581 945 645 tamque
981 568 1400 642 dispendiosum
1455 577 1541 625 est
1583 584 1684 642 pro
1731 585 1935 626 sumno

325 683 494 740 quam
533 683 630 740 pro
673 664 956 737 vigilantia
1000 661 1318 718 monasterii
1363 670 1569 718 statuta
1605 662 1932 718 convellere.

327 763 568 818 Tantum
594 759 835 832 denique
861 765 948 814 est
984 755 1202 812 abbatis
1233 754 1470 811 transire
1497 763 1831 827 praeceptum
1877 763 1937 811 ut

330 856 502 929 legas,
523 862 790 927 quantum
810 851 858 909 si
885 857 1232 917 contemnas,
1266 857 1330 904 ut
1355 847 1626 915 dormias;
1648 864 1752 905 nec
1797 849 1937 904 alius

327 948 601 1022 superbiat
641 946 826 1004 fomes
873 953 960 1002 est
981 957 1085 1016 pro
1123 941 1336 1014 jejunio
1365 939 1595 998 fratrem
1634 957 1798 1014 quam
1839 958 1937 1014 pro

330 1041 630 1100 refectione
671 1047 1044 1106 contemnere,
1076 1033 1184 1091 nisi
1211 1034 1362 1107 quod
1407 1034 1790 1107 perniciosiora
1823 1042 1878 1090 et
1905 1050 1936 1090 a

331 1137 595 1194 remediis
634 1133 1018 1208 longinquiora
1075 1137 1205 1186 sunt
1245 1129 1374 1185 vitia
1417 1144 1544 1201 qua:
1599 1127 1704 1184 sub
1759 1127 1940 1202 specie

331 1229 602 1285 virtutum
661 1236 720 1284 et
766 1226 1002 1299 imagine
1057 1221 1382 1295 spiritalium
1453 1237 1638 1278 rerum
1690 1221 1941 1278 videntur

336 1337 640 1395 emergere,
673 1336 837 1394 quam
869 1319 962 1376 illa
991 1331 1115 1390 quae
1159 1331 1224 1372 ex
1256 1323 1448 1387 aperto
1484 1331 1584 1386 pro
1610 1315 1808 1371 carnali
1839 1331 1940 1371 vo-

338 1415 542 1487 luptate
571 1417 742 1484 [Lips.
770 1416 830 1468 in
869 1428 1050 1481 marg.
1090 1409 1396 1479 voluntate]
1440 1408 1758 1480 gignuntur.
1803 1409 1938 1464 Haec

337 1509 488 1567 enim
540 1508 686 1564 velut
724 1506 908 1579 palam
957 1503 1191 1576 expositi
1219 1517 1283 1558 ac
1331 1499 1608 1557 manifesti
1652 1501 1938 1574 languores

337 1605 506 1673 [Lips
538 1604 595 1656 in
622 1617 798 1668 marg.
827 1596 1150 1670 languoris],
1173 1603 1228 1652 et
1254 1602 1560 1666 arguuntur
1588 1595 1859 1664 cominus,
1885 1603 1942 1652 et

337 1703 631 1759 sanantur;
671 1691 760 1747 illa
790 1705 944 1759 vero,
981 1687 1118 1745 dum
1162 1695 1428 1760 praetextu
1455 1688 1718 1744 virtutum
1745 1695 1938 1761 tegun-

2044 484 2292 546 possunt,
2323 477 2469 532 circa
2515 477 2731 534 viliores
2757 480 3010 536 materias
3037 481 3353 553 retinentes,
3400 500 3514 541 non
3540 485 3644 542 ab-

2042 567 2286 638 scidisse,
2312 568 2406 625 sed
2435 579 2803 629 commutasse
2831 589 2891 630 se
2931 575 3170 646 probant
3211 577 3506 650 pristinam
3536 594 3648 650 pas-

2043 662 2277 719 sionem.
2317 665 2457 720 Nam
2507 665 2681 722 nimia
2711 664 2944 723 devincti
2983 667 3255 742 diligentia
3289 686 3415 743 erga
3455 687 3647 728 curam

2042 755 2279 827 psiathii,
2301 757 2594 828 sportellae,
2632 759 3113 828 saccelli,oodicis,
3139 771 3348 832 mattea,
3379 753 3646 822 aliarum-

2044 864 2152 920 que
2179 849 2440 906 similium
2487 866 2691 919 rerum,
2723 853 2974 923 quamvis
3011 854 3418 925 vilissimarum,
3455 841 3646 914 eadem

2047 950 2234 998 tamen
2281 959 2386 1016 qua
2429 952 2589 1000 antea
2630 944 2852 1001 libidine
2903 946 3239 1004 detinentur.
3293 950 3428 1018 Quae
3479 949 3648 1006 etiam

2046 1043 2198 1093 tanta
2237 1037 2584 1094 aemulatione
2629 1039 2949 1095 custodiunt
2997 1049 3160 1113 atque
3214 1042 3538 1113 defendunt,
3588 1053 3651 1102 ut

2047 1133 2070 1162 ⁸
2129 1145 2228 1202 pro
2282 1130 2414 1202 ipsis
2441 1129 2703 1186 adversus
2740 1129 2968 1187 fratrem
3009 1137 3348 1191 commoveri
3396 1153 3515 1203 eos,
3568 1145 3644 1205 et,

2046 1221 2192 1294 quod
2221 1230 2304 1277 est
2322 1221 2536 1294 turpius
2563 1223 2748 1292 etiam,
2781 1223 2991 1296 litigare
3031 1241 3144 1281 non
3176 1228 3393 1298 pudeat.
3429 1233 3491 1285 In
3525 1231 3646 1302 qui-

2047 1315 2149 1372 bus
2171 1315 2348 1372 adhuc
2362 1316 2688 1388 mgritudine
2712 1315 3023 1388 cupiditatis
3046 1317 3288 1389 pristinae
3309 1319 3646 1393 laborantes,

2045 1407 2163 1466 haec
2186 1407 2374 1465 eadem
2399 1425 2523 1480 qua:
2554 1425 2685 1466 usus
2711 1409 2957 1482 corporis
2996 1410 3275 1484 possidere
3314 1413 3648 1472 monachum

2045 1503 2126 1557 vel
2153 1503 2447 1559 necessitas
2484 1504 2648 1576 cogit,
2672 1503 2972 1560 secundum
2996 1520 3290 1562 numerum
3310 1521 3648 1566 mensuram-

2049 1611 2154 1666 que
2187 1610 2540 1651 communem
2592 1612 2707 1654 non
2735 1605 2864 1652 sunt
2899 1597 3102 1653 habere
3141 1599 3404 1667 contenti,
3442 1599 3500 1655 in
3541 1592 3660 1659 hoc.

2049 1702 2268 1760 quoque
2305 1688 2392 1744 sui
2430 1688 2612 1745 cordis
2663 1689 2938 1744 avaritiam
2981 1688 3344 1763 designantes,
3389 1708 3516 1749 cum
3569 1695 3651 1751 vel

341 1796 451 1856 tur,
482 1787 729 1843 incurata
755 1783 1070 1857 perdurant,
1095 1789 1151 1838 et
1175 1780 1428 1853 deceptos
1450 1795 1696 1854 quosque
1723 1781 1940 1854 pericu-
1971 1794 2020 1856 Β
2050 1794 2113 1834 ea
2155 1778 2353 1850 quibus
2397 1780 2476 1835 uti
2515 1795 2737 1836 necesse
2778 1789 2884 1849 est,
2927 1782 3247 1854 propensius
3285 1783 3506 1841 student
3549 1785 3652 1843 ba-

336 1881 509 1939 losius
533 1880 740 1937 faciunt
757 1894 821 1935 ac
854 1876 1196 1949 desperatius
1223 1883 1511 1948 mgrotare.

909 2009 1154 2065 CAPUT
1195 2007 1360 2062 XXI.

350 2130 426 2183 De
447 2124 535 2180 his
561 2125 678 2194 qui,
701 2124 1008 2192 contemptis
1039 2121 1273 2190 magnis,
1301 2087 1630 2190 occupantur
1653 2123 1712 2174 in
1725 2123 1936 2191 parvis.

420 2249 544 2303 Jam
590 2245 722 2303 illud
761 2245 1052 2303 ridiculum
1112 2244 1343 2317 qualiter
1391 2244 1744 2316 exprimatur,
1794 2245 1941 2318 quod

347 2340 642 2398 nonnullos
668 2347 794 2412 post
820 2339 974 2395 illum
999 2339 1190 2411 prima;
1213 2337 1639 2394 renuntiationis
1662 2337 1939 2408 ardorem,

344 2450 455 2506 quo
480 2434 557 2489 vel
579 2448 665 2489 res
695 2432 995 2489 familiares
1027 2431 1109 2488 vel
1139 2447 1272 2504 opes
1309 2430 1574 2504 plurimas
1595 2447 1660 2488 ac
1689 2432 1944 2488 militiam

341 2527 528 2584 saeculi
561 2527 951 2600 relinquentes,
999 2526 1325 2597 semetipsos
1360 2525 1430 2582 ad
1453 2527 1789 2582 monasteria
1813 2542 1946 2582 con-

344 2620 608 2691 tulerunt,
632 2629 783 2678 tanto
811 2621 1088 2678 cernimus
1129 2619 1310 2677 studio
1352 2619 1409 2676 in
1451 2619 1537 2676 bis
1563 2634 1686 2692 quae
1731 2620 1946 2692 penitus

343 2713 595 2770 abscindi
623 2731 734 2770 non
759 2722 1009 2786 possunt,
1049 2722 1105 2770 et
1129 2729 1250 2785 qua:
1276 2721 1558 2786 nequeunt
1580 2713 1638 2769 in
1668 2713 1774 2769 boc
1794 2713 1942 2769 ordi-

342 2823 415 2864 ne
463 2824 579 2864 non
632 2807 842 2876 haberi,
885 2809 1138 2880 quamvis
1176 2823 1339 2880 parva
1374 2807 1606 2878 viliaque
1651 2805 1781 2875 sint,
1825 2822 1944 2863 esse

344 2901 649 2971 devinctos,
682 2910 744 2958 ut
781 2889 984 2958 horum
1028 2917 1160 2959 cura
1197 2901 1551 2974 pristinarum
1589 2901 1836 2958 omnium
1864 2899 1947 2958 fa-

345 2995 618 3051 cultatum
645 3003 861 3068 superet
888 2995 1198 3066 passionem
1223 2995 1432 3067 (Collat.
1480 3000 1512 3050 3
1543 3011 1661 3065 cap.
1693 2997 1772 3063 3).
1813 2993 1943 3066 Qui-

2053 1870 2180 1926 bere
2215 1887 2383 1943 quam
2405 1871 2606 1936 caeteri,
2627 1872 2708 1928 vel
2737 1872 3060 1930 excedentes
3084 1873 3380 1947 diligentiae
3401 1877 3651 1948 modum,

2053 1961 2373 2034 peculiarius
2417 1979 2480 2018 ea
2524 1964 2890 2037 attentiusque
2931 1964 3266 2036 custodiunt,
3309 1977 3363 2024 et
3404 1969 3472 2025 ab
3518 1970 3655 2027 alio-

2053 2071 2176 2111 rum
2207 2057 2640 2113 contrectatione
2663 2056 2983 2126 del'endunt,
3027 2076 3152 2131 qua:
3181 2062 3445 2119 universis
3480 2062 3656 2121 fratri.

2047 2149 2152 2228 bus
2187 2147 2388 2206 debent
2427 2165 2546 2206 esse
2587 2151 2926 2206 communia.
2971 2152 3136 2221 Quasi
3191 2170 3318 2210 vero
3348 2155 3653 2214 differentia

2048 2245 2432 2300 tantummodo
2457 2244 2830 2312 metallorum,
2861 2251 2916 2301 et
2947 2261 3058 2301 nou
3089 2245 3203 2318 ipsa
3241 2248 3417 2319 passio
3439 2249 3654 2321 cupidi-

2048 2336 2174 2393 tatis
2210 2337 2472 2394 habeatur
2498 2337 2743 2408 innoxia,
2787 2343 2842 2393 et
2885 2353 3016 2394 cum
3065 2354 3164 2410 pro
3213 2339 3378 2397 rebus
3435 2340 3656 2413 quidem

2053 2432 2258 2504 magnis
2300 2432 2463 2488 irasci
2505 2448 2618 2488 non
2651 2432 2832 2502 liceat,
2881 2449 2981 2505 pro
3029 2434 3320 2492 vilioribus
3370 2451 3498 2493 vero
3549 2436 3658 2494 hoc

2052 2524 2230 2596 ipsum
2261 2525 2452 2582 fecisse
2486 2527 2605 2582 sine
2643 2528 2802 2598 culpa
2838 2527 2938 2595 sit;
2967 2537 3020 2584 et
3069 2544 3181 2584 non
3210 2529 3416 2586 idcirco
3458 2531 3658 2604 pretio-

2053 2619 2227 2676 siores
2261 2620 2623 2692 abjecerimus
2652 2621 2930 2688 materias,
2975 2630 3038 2680 ut
3077 2621 3286 2680 facilius
3323 2624 3658 2682 disceremus

2052 2713 2244 2768 viliora
2289 2721 2662 2768 contemnere.
2711 2712 2855 2781 Quid
2883 2713 3032 2770 enim
3074 2713 3281 2781 differt,
3309 2724 3496 2772 utrum
3534 2717 3660 2789 quis

2054 2805 2524 2878 perturbationem
2561 2803 2874 2876 cupiditatis
2911 2821 3037 2878 erga
3082 2821 3212 2878 opes
3240 2807 3450 2878 amplas
3498 2817 3661 2879 atque

2054 2898 2400 2971 magniﬁcas,
2430 2915 2499 2954 an
2555 2915 2682 2970 erga
2727 2899 2941 2956 viliores
2989 2907 3240 2956 exerceat
3271 2900 3518 2972 species?
3558 2900 3660 2958 nisi

2050 2991 2199 3066 quod
2236 2992 2294 3048 in
2349 3007 2413 3047 eo
2447 2991 2930 3064 reprehensibilior
2969 2991 3310 3064 judicandus
3354 3001 3458 3061 est,
3511 2993 3660 3067 quod

347 3090 452 3148 bus
479 3089 728 3163 profecto
767 3105 880 3146 non
921 3090 1104 3162 magni
1151 3088 1393 3162 proderit
1429 3087 1664 3160 majores
1709 3103 1840 3160 opes
1880 3103 1946 3144 ac
1979 3141 2020 3163 η
2055 3087 2423 3160 qui.maxima
2469 3086 2750 3159 spreverit,
2801 3086 3051 3144 minimis
3083 3087 3376 3160 obligetur.
3427 3087 3660 3162 Ideoque

346 3141 675 3239 substantias
717 3141 1130 3253 contempsisse,
1151 3141 1310 3253 rquia
1349 3141 1581 3236 affectbs
1621 3141 1829 3246 earuin,
1876 3181 1948 3236 ob
1978 3141 2024 3203 C
2057 3141 2443 3252 perfectionem
2474 3141 2653 3236 cordis
2694 3141 3092 3238 abrenuntiatio
3134 3141 3234 3238 ist:
3262 3198 3374 3238 non
3405 3141 3656 3250 obtingat;

347 3291 488 3348 quos
525 3275 630 3340 illae
672 3273 1088 3331 contemnendae
1130 3280 1281 3342 sunt,
1326 3272 1394 3329 in’
1419 3287 1506 3328 res
1553 3287 1747 3344 parvas
1790 3281 1950 3346 atque

348 3370 574 3442 exiguas
619 3369 1032 3425 transtulerunt.
1075 3369 1219 3424 Nam
1266 3367 1461 3423 vitium
1517 3365 1832 3438 cupiditatis
1895 3374 1952 3423 et

2057 3274 2184 3344 quia
2213 3289 2336 3328 cum
2353 3289 2579 3329 censum
2612 3271 2811 3330 habeat
2827 3275 3100 3346 pauperis,
3131 3290 3245 3331 non
3261 3275 3446 3348 abjicit
3477 3274 3662 3333 divitis

2059 3367 2420 3422 voluntatem.

1443 3481 1700 3536 ALARDI
1741 3481 1964 3538 ϐΑΖᾸ-ΞΙ
2003 3480 2567 3538 COMMENTARIUS.

355 3592 501 3661 quod
521 3595 707 3661 agitur
719 3593 1026 3646 intermitti.
1059 3593 1239 3660 Neque
1262 3591 1406 3646 enim
1429 3591 1574 3644 mala
1595 3591 1656 3643 in
1680 3589 1944 3659 paradiso

358 3663 516 3718 arbor
531 3665 761 3726 exstitit,
781 3679 944 3732 quam
964 3667 1102 3719 Deus
1125 3663 1331 3717 homini
1350 3678 1415 3716 ne
1433 3663 1758 3730 contingeret
1777 3663 1946 3715 inter-

355 3733 504 3790 dixit
529 3753 546 3789 :
571 3735 664 3790 sed
690 3739 756 3788 ut
785 3750 886 3804 per
910 3735 1096 3789 melius
1145 3734 1460 3788 obedientiw
1496 3736 1751 3787 mentum
1792 3733 1944 3786 homo

353 3804 481 3860 bene
501 3806 742 3861 conditus
770 3810 1033 3872 cresceret,
1072 3806 1298 3873 dignum
1317 3807 1508 3871 fuerat
1533 3808 1596 3856 ut
1621 3805 1762 3856 hunc
1781 3805 1944 3856 etiam

353 3892 389 3930 a
425 3878 558 3932 bono
588 3878 916 3947 prohiberet,
961 3881 1228 3944 quatenus
1259 3879 1409 3947 tanto
1444 3875 1626 3926 verius
1669 3873 1764 3925 hoc
1801 3874 1946 3947 quod

352 3953 538 4020 ageret
553 3943 728 4020 uirtus
773 3951 926 4020 esset,
957 3943 1162 4020 quanto
1197 3947 1317 4020 et__a
1355 3943 1716 4020 bonp‘cessa‘ns
1741 3943 1950 4020 auctori

352 4009 447 4074 suo
466 4034 520 4073 se
542 4019 822 4074 subditum
849 4009 1122 4068 humilius.
1134 4011 1426 4066 exhiberet.
1453 4009 1587 4064 Haec
1626 4010 1942 4078 Gregorius.
2005 4022 2011 4028 '

351 4090 498 4144 Hinc
539 4088 651 4143 veri
691 4085 1007 4140 obedientes
1036 4097 1068 4138 a
1119 4084 1188 4136 D.
1222 4079 1514 4136 Benedicto
1561 4077 1947 4136 describuntur

2057 3590 2190 3660 (Cap
2202 3631 2214 3643 .
2230 3593 2264 3642 5
2285 3589 2545 3657 Regulae),
2565 3589 2663 3658 qui
2669 3587 3027 3658 relinquentes
3041 3593 3244 3644 statum
3261 3605 3382 3659 qua
3395 3605 3494 3645 sua
3513 3594 3660 3653 sunt,

2053 3665 2105 3714 et
2141 3661 2478 3715 voluntatem
2507 3662 2786 3730 propriam
2820 3660 3138 3727 deserentes,
3167 3677 3293 3716 mea:
3321 3663 3664 3732 emoccupatis

2051 3733 2322 3794 manibus,
2352 3736 2404 3786 et
2437 3731 2584 3800 quod
2609 3732 2843 3799 agebant
2882 3733 3256 3801 imperfectum
3286 3731 3662 3801 relinquentes,

2052 3805 2224 3858 vicino
2248 3803 2564 3858 obedientia:
2583 3803 2720 3872 pede
2751 3802 2995 3870 jubentis
3021 3818 3194 3857 vocem
3236 3805 3407 3868 factis
3432 3817 3666 3871 sequun-

2054 3878 2168 3936 tur,
2201 3881 2306 3928 etc.

2123 3947 2150 3976 ⁸
2199 3943 2339 3998 Vide
2393 3942 2486 3998 lib.
2531 3957 2624 3998 vn
2677 3940 3092 3998 lnstitutionum
3134 3956 3252 4012 cap.
3307 3946 3393 3995 I4.
3439 3941 3666 4012 Cretera

2053 4012 2198 4136 (illam
2252 4022 2405 4082 sunt,
2456 4021 2512 4068 et
2535 4029 2648 4068 non
2686 4021 2800 4068 tam
2846 4010 3395 4084 expositione—quam
3438 4010 3669 4066 lectione

2098 4098 2244 4136 mna.

2098 4098 2244 4151 lgna.

1275 4313 1786 4458 COLLA
1803 4315 2061 4416 T10
2138 4314 2235 4460 Q
2251 4315 2528 4419 UIN
2541 4315 2750 4415 ΤΑ

1496 4501 1654 4574 Quae
1691 4499 1792 4562 est
1823 4495 2090 4562 abbatis
2122 4496 2533 4585 Serapionis.

1495 4637 1578 4687 DE
1605 4598 1779 4688 ,00Το
1816 4638 2295 4691 PRINCIPALIBUS
2331 4639 2538 4690 VITIIS.

431 4919 472 4957 l
863 4865 1106 4921 CAPUT
1143 4851 1464 4922 PRIMUM.

437 5057 498 5110 ln
525 5055 614 5110 illo
642 5063 786 5112 cmtu
811 5054 1316 5140 antiquissimorum
1337 5070 1532 5112 senum
1577 5052 1685 5110 fuit
1709 5058 1731 5087 ³
1764 5054 1844 5110 vir
1869 5069 1968 5110 no-

371 5147 521 5204 mine
556 5147 842 5219 Serapion,
864 5147 1112 5222 apprime
1144 5148 1313 5221 gratia
1337 5147 1686 5205 discretionis
1718 5155 1968 5216 ornatus,

1900 4921 1918 4940 ,
1993 4871 2045 4932 Ι)
2072 4870 2230 4938 cujus
2274 4866 2622 4921 collationem
2660 4877 2843 4934 operai
2878 4860 3114 4932 pretium
3155 4874 3280 4915 reor
3329 4859 3518 4915 litteris
3571 4868 3676 4916 tra-

2075 4957 2226 5013 dere.
2268 4957 2654 5012 Ambientibus
2684 4955 2833 5010 enim
2871 4953 3034 5010 nobis
3073 4962 3134 5010 ut
3161 4951 3229 5010 de
3260 4953 3677 5028 impugnatione

2077 5050 2339 5105 vitiorum
2369 5049 2550 5121 aliqua
2570 5048 2898 5122 disputaret,
2926 5048 3124 5120 quibus
3139 5048 3373 5124 origines
3401 5065 3598 5113 eorum
3622 5058 3678 5108 et

2078 5157 2257 5200 causa:
2281 5142 2621 5200 manifestius
2647 5143 3034 5216 penderentur,
3062 5144 3134 5200 ita
3163 5159 3390 5200 exorsus
3411 5152 3510 5201 est.

1465 5264 1721 5319 ALABDI
1759 5263 1982 5318 GAZzEl
2021 5259 2579 5316 COMMENTARIUS.

438 5369 572 5427 'llle
597 5371 858 5428 nimirum
894 5373 1226 5441 Arsenoites,
1261 5371 1471 5441 decem,
1499 5381 1560 5430 ut
1596 5371 1797 5440 fertur,
1839 5371 1964 5427 mil-

373 5440 506 5518 lium
543 5443 1144 5518 monachorumabbas
1173 5453 1227 5518 et
1257 5440 1556 5518 presbyter,
1587 5444 1742 5516 cujus
1769 5443 1968 5518 adhuc

373 5511 726 5586 adolescentis
755 5515 1065 5586 exemplum
1098 5511 1303 5586 insigne
1329 5511 1670 5571 memoratur
1699 5515 1882 5571 collat.
1931 5521 1964 5586 2

374 5597 493 5654 cap.
521 5583 756 5640 decimo.
791 5589 869 5642 De
893 5583 1003 5658 quo
1034 5595 1087 5642 et
1113 5583 1390 5643 Palladius
1431 5587 1714 5643 Lausiaca.
1747 5593 1839 5648 76.
1871 5585 1964 5656 qui

367 5662 427 5709 et
475 5665 866 5729 annumeratus
894 5667 974 5713 est
1007 5658 1150 5712 inter
1192 5658 1498 5729 praecipuos
1543 5667 1598 5713 et
1639 5658 1965 5712 illustriores

369 5726 840 5802 eremicultores.
885 5729 1046 5785 Unde
1093 5733 1164 5784 D.
1194 5726 1576 5802 Hieronymus
1613 5729 1771 5802 epist.
1829 5732 1895 5782 27
1948 5746 1960 5782 :

369 5797 534 5864 Quid,
558 5799 749 5870 inquit,
771 5815 988 5856 narrem
1012 5803 1297 5864 Macarius,
1320 5797 1600 5869 Arsenios,
1627 5797 1963 5870 Serapiones,

2073 5375 2123 5426 et
2140 5371 2353 5441 reliqua
2369 5371 2732 5425 columnarum
2751 5371 2953 5428 Christi
2970 5373 3190 5425 nomina
3219 5371 3298 5442 (In
3339 5373 3544 5429 Catulo.
3577 5373 3674 5428 lib.

2074 5457 2146 5498 III
2181 5458 2226 5498 c.
2280 5445 2400 5508 t7)?
2432 5445 2591 5496 llunc
2620 5443 2812 5496 Petrus
2844 5442 3124 5512 Equilinus
3169 5442 3246 5497 ait
3277 5443 3582 5498 vendidisse
3615 5443 3675 5498 li-

2076 5511 2240 5568 brum
2284 5512 2584 5584 Evangelii,
2626 5527 2794 5584 quem
2841 5511 3022 5567 solum
3069 5512 3413 5584 habebat,nt
3455 5513 3679 5584 pauperi

2073 5583 2409 5649 subveniret,
2431 5582 2577 5654 quod
2615 5582 2820 5654 factum
2847 5592 3028 5654 narrat
3057 5585 3305 5638 Socrates
3328 5582 3428 5654 lib.
3457 5582 3526 5639 iv
3556 5582 3674 5654 cap.

2080 5660 2166 5712 18.
2230 5659 2432 5710 Verum
2448 5651 2559 5708 hoc
2579 5653 2664 5708 alii
2687 5653 2936 5709 tribuunt
2974 5653 3126 5708 alteri
3153 5651 3456 5723 Serapioni,
3489 5651 3681 5710 Sindo-

2073 5725 2462 5866 nienvfdelicet,
2495 5733 2555 5781 ut
2598 5725 2778 5782 videre
2819 5734 2905 5782 est
2943 5725 3000 5780 in
3040 5725 3180 5781 Vitis
3230 5727 3459 5780 Patrum
3486 5725 3622 5792 (Lib.
3663 5735 3682 5774 ι

2075 5813 2120 5851 c.
2249 5839 2262 5852 .

2075 5813 2120 5851 c.
2150 5802 2262 5852 22).
