3982 6202
394 312 452 363 61
472 313 489 362 1
1465 290 1750 348 JOANNIS
1787 288 2093 346 CASSIANI
2132 281 2626 343 COLLATIONES.
3596 280 3696 335 612

1046 423 1287 484 CAPUT
1325 424 1397 477 ll.
2007 418 2060 480 Α
2088 412 2231 468 catio
2282 425 2409 466 cum
2463 404 2787 463 naturaliter
2838 401 3000 459 nobis
3049 399 3365 469 insederint,
3419 416 3698 460 nonnum-

388 540 646 598 Narratio
692 536 908 590 abbatis
951 530 1260 601 Serapionis
1309 527 1376 581 de
1415 529 1528 580 octo
1589 522 1987 594 principalibus
2100 520 2276 605 quani
2297 504 2457 559 etiam
2496 502 2613 557 sine
2659 499 2771 605 ξιιιο
2795 496 2994 603 auium
3020 495 3394 605 incitamento,
3419 494 3592 605 solius

1210 600 1380 654 vitiis.
2100 597 2384 670 stigatione
2430 610 2495 651 ac
2533 595 2745 666 pruritu
2781 595 2980 658 carnis,
3009 595 3290 655 oriuntur;
3332 595 3563 645 materia
3617 598 3698 645 ta-

453 713 628 767 eOcto
666 715 795 764 sunt
836 701 1148 777 principalia
1190 699 1337 765 vitia,
1387 711 1510 769 qua:
1554 695 1857 750 humanum
1904 692 1988 749 in-

384 806 580 862 festant
628 815 819 872 genus,
866 796 919 853 id
948 803 1053 862 est,
1100 793 1339 866 primum
1392 789 1791 864 gastrimargia,
1838 785 1985 859 quod

382 906 541 956 sonat
590 892 794 950 ventris
834 890 1127 963 ingluvies;
1168 884 1470 942 secundum
1513 880 1826 942 fornicatio;
1877 887 1987 934 ter-

381 992 516 1048 tium
539 986 890 1062 philargyria,
920 984 976 1040 id
1005 991 1107 1046 est,
1140 978 1383 1045 avaritia,
1408 977 1519 1034 sive
1541 972 1983 1046 amorpecuniae;

380 1095 639 1161 quartum
684 1084 801 1148 ira;
833 1080 1086 1152 quintum
1129 1074 1377 1140 tristitia;
1407 1080 1625 1127 sextum
1682 1069 1887 1134 acedia,
1929 1066 1985 1122 id

382 1190 482 1248 est,
513 1179 778 1242 anxietas,
808 1175 918 1229 sive
950 1170 1173 1226 taedium
1222 1166 1444 1233 cordis;
1476 1173 1773 1235 septimum
1815 1176 1983 1218 ceno-

382 1274 567 1339 doxia,
614 1272 669 1327 id
720 1279 822 1337 est,
845 1265 1135 1339 jactautia,
1179 1278 1276 1318 seu
1314 1276 1449 1316 vana
1481 1257 1681 1332 gloria;
1730 1264 1981 1313 octavum

383 1365 632 1437 superbia
644 1402 658 1417 .

1072 1451 1316 1507 CAPUT
1359 1450 1435 1503 ΠΙ
1449 1487 1465 1502 .

428 1567 501 1619 De
520 1562 724 1619 duobus
757 1559 1008 1613 vitiorum
1025 1553 1331 1622 generibus,
1349 1556 1399 1605 et
1427 1550 1716 1620 efﬁcientia
1745 1561 1924 1601 eorum

978 1624 1405 1695 quadripartita.

450 1740 477 1773 ιι
528 1737 743 1791 Horum
794 1730 964 1803 igitur
1010 1726 1266 1782 vitiorum
1302 1737 1498 1797 genera
1522 1728 1655 1778 sunt
1693 1718 1825 1775 duo.
1868 1721 1981 1772 Aut

2098 707 2224 746 men
2269 694 2789 745 utconsummentur
2812 691 2972 758 egent
3003 682 3372 749 extrinsecus,
3410 690 3467 739 et
3491 682 3567 739 ita
3597 692 3618 720 °
3647 685 3696 741 in

2095 781 2355 838 effectum
2382 778 2651 850 corporali
2690 777 2903 833 actione
2934 774 3274 848 perveniunt.
3322 777 3695 846 Unusquisque

2095 877 2237 930 enim
2281 877 2523 928 tentatur
2545 888 2579 925 a
2604 872 2831 942 propria
2862 869 3317 939 concupiscentia;
3352 868 3551 923 deinde
3577 885 3693 926 con-

2096 968 2421 1039 cupiscentia
2456 982 2574 1020 cum
2604 966 2779 1032 fuerit
2795 967 3062 1033 concepta,
3077 963 3230 1033 parit
3253 967 3566 1032 peccatum;
3582 980 3697 1034 peo-

2095 1068 2275 1117 catum
2290 1077 2412 1117 vero
2433 1076 2551 1115 cum
2574 1060 2743 1128 fuerit
2762 1061 3207 1119 consummatum,
3236 1062 3461 1125 generat
3475 1064 3696 1115 mortem

2093 1158 2295 1223 (Jacob.
2325 1155 2387 1226 ι).
2416 1151 2717 1210 Nam‘nee
2762 1150 2973 1223 primus
3013 1149 3189 1206 Adam
3229 1151 3436 1222 (Genes.
3468 1156 3568 1221 iii)
3608 1169 3698 1224 per

2094 1247 2531 1319 gastrimargiam
2558 1244 2732 1316 decipi
2753 1243 2952 1315 potuit,
2984 1242 3085 1298 nisi
3112 1257 3251 1300 esca
3279 1244 3567 1301 materiam
3599 1244 3699 1302 lia»

2092 1342 2226 1397 bcns
2254 1341 2307 1396 in
2337 1347 2594 1413 promptu
2632 1338 2835 1394 abusus
2862 1352 2923 1392 ea
2943 1335 3137 1392 fuisset
3168 1335 3387 1393 illicite:
3413 1335 3434 1371 ί
3469 1353 3572 1394 nec
3618 1354 3695 1395 se-

2092 1435 2304 1491 cundus
2332 1435 2450 1491 sine
2485 1431 2769 1505 cujusdam
2806 1432 2833 1467 ἀ
2870 1430 3119 1488 materia
3148 1430 3495 1487 illicitatione
3524 1435 3695 1505 (Lips.

2093 1532 2151 1583 in
2176 1546 2352 1598 marg.
2394 1526 2740 1595 illectatione]
2764 1532 3025 1591 tentatur,
3050 1540 3178 1580 cum
3203 1523 3406 1582 dicitur
3440 1526 3488 1582 ei
3498 1528 3592 1585 .Si
3606 1531 3697 1585 Fi-

2092 1626 2195 1680 lius
2216 1628 2317 1681 Dei
2336 1640 2409 1689 es,
2431 1625 2520 1680 dic
2546 1629 2610 1679 ut
2636 1623 2854 1694 lapides
2875 1623 2976 1677 isti
2989 1637 3158 1693 panes
3175 1624 3311 1690 fiant
3331 1622 3554 1687 (Matth.
3583 1624 3695 1691 iv).

2088 1718 2397 1777 Fornicatio
2436 1733 2655 1790 quoque
2683 1715 2831 1788 quod
2865 1730 2977 1771 non
3012 1714 3116 1770 nisi
3160 1730 3257 1785 per
3283 1730 3484 1786 corpus
3524 1714 3697 1785 perﬁ-

379 1831 525 1890 enim
561 1826 823 1885 naturalia
846 1832 995 1888 sunt,
1027 1830 1092 1877 ut
1119 1817 1528 1894 gastrimargia;
1576 1822 1672 1870 aut
1699 1820 1847 1868 extra
1884 1826 1981 1865 na-
2007 1854 2055 1916 B
2087 1814 2280 1880 ciatur,
2335 1810 2594 1868 omnibus
2653 1816 2819 1881 patet,
2856 1808 2930 1863 ita
2968 1807 3038 1864 de
3095 1806 3201 1863 hoc
3238 1807 3422 1878 spiritu
3469 1807 3689 1865 dicente

377 1934 576 1991 turam,
619 1930 681 1977 ut
708 1917 1053 1992 philargyria.
1102 1924 1123 1950 ο
1154 1912 1454 1969 Efﬁcientia
1493 1925 1623 1964 vero
1653 1906 1973 1978 quadripar-

378 2019 477 2076 tita
500 2025 602 2075 est.
625 2013 888 2086 Quaedam
927 2010 1076 2065 enim
1102 2008 1217 2063 sine
1242 2005 1457 2060 actione
1487 2000 1692 2057 carnali
1720 2013 1977 2055 consum-

379 2110 517 2167 mari
564 2124 677 2164 non
725 2111 974 2177 possunt,
1022 2109 1082 2156 ut
1134 2107 1217 2153 est
1269 2092 1644 2167 gastrimargia
1693 2099 1748 2146 et
1797 2088 1977 2149 forni-

384 2204 565 2270 catio;
591 2200 841 2273 quaedam
871 2210 1000 2251 vero
1029 2192 1193 2247 etiam
1224 2189 1339 2246 sine
1363 2189 1471 2245 ulla
1501 2186 1747 2256 corporis
1769 2185 1979 2241 actione

380 2294 747 2366 complentur,
776 2297 835 2345 ut
862 2297 943 2344 est
989 2284 1241 2358 superbia
1278 2291 1333 2339 et
1359 2279 1689 2338 cenodoxia:
1715 2279 1977 2335 nonnulla

378 2384 766 2446 commotionis
798 2397 912 2438 suae
953 2394 1146 2435 causas
1182 2375 1517 2432 extrinsecus
1570 2372 1859 2444 accipiunt,
1916 2380 1979 2427 ut

379 2488 462 2540 est
502 2476 824 2553 philargyria
867 2483 923 2530 et
950 2474 1064 2538 ira;
1113 2471 1215 2526 alia
1258 2484 1387 2524 vero
1423 2466 1695 2523 intestinis
1738 2464 1978 2520 motibus

378 2576 699 2641 excitantur,
731 2579 791 2627 ut
813 2576 896 2625 est
924 2565 1107 2623 acedia
1136 2573 1297 2632 atque
1317 2561 1555 2617 tristitia.

1005 2667 1242 2724 CAPUT
1280 2667 1373 2721 ιν.

376 2774 772 2845 Recapitulatio
788 2772 855 2827 de
867 2769 1272 2845 gastrimargiw
1286 2770 1337 2820 et
1345 2768 1720 2833 fornicationis
1726 2763 1979 2839 passione

944 2845 995 2895 et
1018 2841 1290 2894 curatione
1318 2853 1519 2891 earum.

450 2949 518 3002 Et
536 2954 598 3000 ut
623 2943 742 2999 haec
763 2941 951 2997 eadem
977 2955 1088 2994 non
1108 2938 1285 2993 solum
1303 2936 1691 3006 disputatione,
1714 2943 1976 3006 quantum

274 3090 287 3099 .
377 3050 674 3110 possumus
726 3033 899 3100 brevi,
951 3030 1046 3086 sed
1092 3030 1254 3084 etiam
1295 3028 1697 3110 Scripturarum
1731 3026 1976 3083 testimo-

373 3108 479 3186 niis
513 3125 915 3185 manisfestiora
938 3123 1254 3191 reddamus,
1283 3108 1311 3153 δ
1342 3120 1713 3195 gastrimargia
1732 3128 1787 3175 et
1814 3119 1975 3175 forni-

2084 1911 2203 1963 Deo
2219 1905 2287 1962 ad
2323 1906 2543 1960 beatum
2573 1902 2703 1969 Job,
2730 1906 2801 1959 Et
2828 1904 3004 1957 uirtus
3023 1901 3141 1971 ejus
3160 1903 3219 1955 in
3241 1902 3427 1956 lumbis
3462 1902 3601 1972 ejus,
3634 1907 3687 1957 et

2079 2005 2317 2073 potestas
2335 2000 2450 2069 ejus
2475 2013 2637 2068 super
2664 1997 2977 2051 umbilicum
2993 1997 3193 2051 uentris
3224 1996 3354 2066 (Job.
3381 2000 3498 2061 XL).
3525 1995 3691 2051 Ideo-

2084 2111 2191 2167 que
2218 2094 2339 2150 haec
2384 2090 2691 2162 specialiter
2713 2089 2847 2156 duo,
2887 2104 3009 2160 quae
3034 2088 3341 2144 ministerio
3379 2089 3558 2145 carnis
3594 2105 3691 2145 ex-

2088 2188 2318 2260 plentur,
2352 2194 2502 2241 extra
2532 2183 2678 2239 illam
2718 2182 3017 2255 spiritalem
3061 2182 3261 2239 animae
3285 2199 3497 2253 curam,
3532 2193 3689 2257 egent

2088 2280 2413 2353 peculiarius
2438 2279 2604 2335 etiam
2625 2276 2960 2332 continentia
2988 2276 3281 2348 corporali.
3306 2276 3596 2348 Siquidem
3618 2276 3686 2334 ad

2087 2373 2454 2429 retundendos
2487 2372 2685 2427 horum
2721 2370 2975 2426 stimulos
2997 2385 3108 2425 non
3129 2367 3334 2425 sufﬁcit
3363 2370 3477 2426 sola
3529 2386 3685 2426 men-

2084 2468 2153 2522 tis
2205 2466 2431 2521 intentio
2464 2464 2544 2535 (ut
2594 2479 3011 2536 nonnumquam
3039 2462 3178 2519 solet
3204 2463 3465 2519 adversus
3514 2464 3683 2533 iram,

2082 2571 2187 2615 seu’
2206 2558 2508 2622 tristitiam,
2526 2565 2867 2629 .caeterasque
2892 2555 3001 2611 ﬁeri
3018 2556 3317 2627 passiones,
3350 2572 3484 2629 quas
3519 2558 3684 2613 etiam

2083 2650 2196 2707 sine
2221 2650 2327 2706 ulla
2358 2650 2543 2706 carnis
2560 2648 2859 2705 afﬂictione
2885 2648 2997 2705 sola
3019 2648 3177 2704 novit
3199 2665 3513 2721 expugnare
3536 2666 3685 2705 men-

2083 2744 2155 2800 tis
2184 2744 2491 2814 industria),
2523 2742 2624 2798 nisi
2664 2743 2831 2799 etiam
2869 2742 3147 2815 castigatio
3172 2744 3476 2814 corporalis
3500 2758 3682 2799 acces-

2084 2840 2237 2905 serit,
2300 2854 2422 2909 qua:
2466 2839 2711 2911 jejuuiis,
2772 2838 2963 2911 vigiliis
3009 2847 3064 2893 et
3109 2838 3287 2910 operis
3350 2840 3683 2894 contritione

2086 2934 2407 3008 perﬁcitur,,
2457 2932 2644 3005 hisque
2688 2932 2848 2989 fuerit
2892 2932 3127 2989 remotio
3166 2932 3349 2988 localis
3403 2933 3683 3004 adjuncta,

2084 3029 2207 3102 quia
2243 3029 2387 3085 sicut
2430 3029 2727 3086 amborum
2766 3028 2919 3097 vitio,
2954 3028 3008 3085 id
3048 3036 3150 3098 est,
3174 3027 3371 3083 animat
3397 3036 3450 3083 et
3495 3042 3682 3098 corpo-

2084 3121 2181 3191 ris,
2230 3130 2576 3195 generantur,
2624 3120 2697 3177 ita
2725 3121 2989 3194 Lsuperari
3027 3120 3130 3177 nisi
3183 3119 3469 3192 utriusque
3499 3119 3687 3175 labore

1472 3248 1726 3302 ALARDI
1766 3248 1991 3304 GAZA'II
2030 3249 2588 3306 COMMENTARIUS.

443 3373 469 3398 ι
514 3364 654 3436 Qua_
675 3358 885 3436 ratione
934 3354 1241 3436 octomvitia
1294 3352 1606 3436 principalia
1670 3363 1962 3436 ponantur,
1994 3358 2038 3421 C
2071 3370 2195 3436 quae
2220 3356 2622 3436 gastrimargia,
2770 3364 2874 3417 est.
2918 3356 3066 3436 gulae
3093 3356 3287 3412 vitium
3311 3355 3427 3436 _h_i_c
3459 3357 3685 3436 appella:

372 3448 497 3490 cum
525 3424 581 3487 ἐ.
615 3429 914 3501 Gregorius
941 3426 1116 3501 etualii
1147 3441 1254 3501 non
1284 3424 1385 3501 nisi
1415 3434 1623 3501 septem
1662 3424 1967 3501 vitia_capi-

373 3506 498 3560 talia
540 3495 879 3562 enumerent,
904 3502 970 3554 ad
995 3498 1090 3553 lib.
1120 3513 1149 3547 v
1197 3495 1605 3551 Institutionum
1632 3496 1960 3551 notavimus.

370 3577 511 3632 Nam
530 3583 587 3629 ct
619 3572 908 3628 Cassianus
935 3575 1061 3624 octo
1098 3568 1264 3622 libros
1288 3566 1356 3621 de
1392 3566 1548 3620 Vitiis
1581 3566 1965 3636 principalibus

369 3660 463 3702 seu
479 3644 797 3714 capitalibus
814 3640 1104 3714 inscripsit,
1137 3646 1193 3692 et
1215 3636 1555 3714 singulorum
1584 3637 1963 3714 tractationem

370 3660 463 3728 seu
479 3652 797 3727 capitalibus
814 3652 1104 3723 inscripsu,
1137 3652 1193 3692 et
1215 3652 1555 3761 singulorum
1584 3652 1961 3719 tractationem

370 3716 623 3788 distincte
648 3723 710 3788 et
742 3712 1014 3788 sigillatiin
1047 3724 1275 3788 propriis
1336 3708 1465 3762 ibris
1494 3717 1840 3788 exsequitur;
1873 3708 1961 3763 ubi

368 3788 536 3843 etiam
573 3787 641 3841 de
665 3778 872 3840 eisdém
923 3778 1136 3837 abunde
1163 3778 1394 3852 egimus,
1421 3792 1544 3850 qum
1582 3778 1669 3833 hic
1719 3789 1963 3851 repetere

372 3857 516 3914 foret
547 3857 812 3912 otiosum.

434 3928 705 3996 l’Triplex
764 3921 954 3996 divisio
991 3938 1085 3977 seu
1131 3920 1407 3996 distinctio
1454 3919 1709 3996 vitiorum
1756 3919 1960 3990 capita-

368 3999 523 4056 lium.
558 3992 740 4054 Prima
784 4016 795 4051 :
837 3995 937 4050 alia
962 4004 1091 4049 sunt
1129 3993 1420 4057 naturalia,
1473 3992 1579 4047 alia
1620 4000 1774 4046 extra
1810 4001 1960 4047 natu-

362 4087 517 4137 ram;
539 4068 777 4126 secunda
801 4089 813 4123 :
841 4066 944 4121 alia
972 4064 1226 4137 carnalia,
1252 4064 1361 4137 alia
1387 4062 1681 4134 spiritualia
1703 4080 1719 4127 ;
1744 4063 1906 4137 tertia
1927 4080 1954 4137 _:

364 4134 619 4214 quaedam
653 4137 997 4215 Aab_i_uternis
1029 4136 1219 4215 causis
1248 4134 1572 4215 excitantur.
1611 4135 1861 4215 quaedam
1891 4135 1958 4189 ab

266 4242 275 4248 ~
364 4204 715 4269 éxtrinsecis.
748 4208 1023 4265 Naturalia
1039 4208 1295 4262 dicuntur
1319 4206 1705 4277 gastrimargia
1730 4214 1784 4277 et
1813 4204 1961 4260 luxu-

363 4284 466 4357 ria,
506 4281 778 4357 tum‘quia
810 4280 878 4335 ab
908 4279 1027 4357 ipso
1069 4287 1192 4331 ortu
1221 4293 1288 4333 ex
1315 4276 1741 4357 primi'parentis
1770 4276 1952 4357 inobe-

363 4354 564 4409 dientia
580 4350 860 4407 contracta
884 4357 938 4403 et
963 4350 1015 4402 in
1046 4357 1235 4402 natura
1258 4358 1443 4402 nostra
1475 4350 1657 4413 insita,
1681 4356 1799 4401 tum
1830 4350 1953 4414 quia

361 4424 432 4479 ad
458 4424 623 4493 ipsius
670 4429 879 4474 natura:
921 4418 1389 4493 conservationem
1421 4417 1677 4493 tendunt,
1722 4416 1843 4469 licet
1867 4416 1953 4469 iii-

2073 3435 2181 3481 tur.
2226 3428 2381 3482 Vidit
2405 3430 2543 3481 enim
2566 3428 2761 3481 mulier
2789 3428 2934 3497 quod
2968 3428 3161 3482 bonum
3188 3433 3322 3483 esset
3360 3428 3564 3497 lignum
3600 3430 3681 3484 ad

2071 3499 2403 3569 vescendum,
2435 3504 2501 3552 et'
2518 3500 2809 3567 pulchrum
2852 3499 3042 3565 oculis,
3093 3505 3415 3569 aspectuque
3456 3501 3681 3555 delecta-

2075 3568 2199 3635 bile,
2238 3574 2288 3622 et
2315 3570 2439 3622 tulit
2463 3570 2528 3640 de
2550 3571 2740 3635 fructu
2768 3570 2903 3639 ejus,
2930 3575 2980 3624 et
3001 3568 3245 3633 comedit,
3282 3568 3537 3640 deditque
3562 3573 3684 3627 viro

2073 3642 2322 3712 suo,_qui
2341 3639 2585 3712 comedit,
2619 3642 2821 3712 Genes.
2862 3645 3241 3712 uniuernens
3272 3639 3468 3712 quippe
3494 3644 3686 3699 Adam

2078 3709 2555 3781 pulchritudinem,
2588 3710 2757 3781 pomi,
2788 3719 2842 3765 et
2884 3711 3112 3767 audiens
3149 3728 3213 3767 ex
3261 3709 3425 3767 uxore
3462 3713 3682 3768 suavis-

2076 3780 2200 3835 simi
2240 3796 2355 3836 esse
2380 3780 2611 3852 saporis,
2654 3796 2810 3836 esum
2855 3782 2972 3851 eius
3000 3783 3308 3838 avidissime
3337 3782 3677 3852 concupivit.

2076 3853 2282 3906 Verum
2328 3868 2454 3906 cum
2512 3852 2806 3922 Apostolus
2858 3853 3040 3909 dicat:
3086 3855 3271 3910 Adam
3316 3870 3416 3910 non
3461 3858 3540 3908 est
3598 3869 3689 3911 se-

2075 3923 2287 3995 ductus,
2311 3926 2425 3995 Eva
2447 3929 2628 3978 autem
2659 3924 2879 3979 seducta
2910 3930 2987 3980 est
3015 3928 3060 3992 (Ι
3095 3929 3232 3981 Tim.
3269 3928 3368 3991 ii);
3395 3926 3688 3995 Quomodo

2080 3993 2165 4048 hic
2216 3994 2552 4065 signiﬁcatur
2596 4006 2689 4049 aut
2731 3996 3054 4066 supponitur
3086 3997 3258 4053 Adam
3319 3993 3481 4051 fuisse
3521 3998 3687 4052 dece-

2078 4070 2238 4135 plus?
2283 4066 2594 4136 Respondet
2632 4069 2698 4121 ι).
2735 4068 3074 4133 Augustinus
3109 4069 3244 4122 libro
3275 4082 3383 4122 xw
3416 4066 3483 4122 de
3511 4068 3683 4124 Civit.

2074 4136 2248 4206 capite
2279 4137 2569 4191 undecimo
2616 4138 2795 4203 :Quia
2832 4139 2930 4191 illa
2953 4139 3095 4207 quod
3121 4141 3173 4193 ei
3209 4154 3425 4208 serpens
3468 4139 3685 4195 locutus

2073 4212 2170 4269 est,
2200 4213 2477 4276 tamquam
2494 4222 2678 4279 verum
2694 4212 2842 4269 esset,
2867 4212 3103 4279 accepit;
3124 4210 3212 4263 ille
3235 4215 3414 4264 autem
3430 4210 3501 4264 ab
3524 4213 3691 4266 unico

2071 4279 2253 4350 noluit
2280 4279 2539 4332 consortio
2585 4278 2795 4341 dirimi,
2820 4280 2912 4333 sed
2948 4278 3005 4334 in
3038 4284 3400 4335 communione
3440 4283 3685 4350 peccati;

2071 4363 2166 4401 nec
2191 4348 2390 4421 idcirco
2409 4350 2589 4421 minus
2612 4364 2755 4421 reus,
2800 4351 2894 4404 sed
2916 4354 3081 4405 sciens
3109 4348 3459 4421 prudensque
3480 4366 3680 4421 pecca-

2072 4421 2167 4492 iiit.
2207 4419 2358 4472 Unde
2380 4424 2444 4492 _et
2482 4420 2769 4488 Apostolus
2792 4436 2897 4475 non
2935 4425 3016 4475 ait
3046 4440 3061 4475 :
3093 4419 3208 4478 Non
3232 4419 3496 4492 peccavit.
3524 4423 3623 4477 sed
3654 4441 3673 4477 :

2071 4489 2187 4563 Non
2207 4493 2284 4563 est
2298 4489 2566 4563 seductus.
2596 4492 2734 4546 Nam
2746 4494 2943 4563 utique
2961 4495 3140 4561 ipsum
3159 4489 3402 4563 peccasse
3422 4493 3686 4557 ostendit.

2068 4560 2167 4612 ubi
2192 4559 2329 4634 dicit
2359 4579 2374 4615 :
2416 4563 2514 4615 Per
2542 4577 2708 4615 unum
2738 4559 2998 4617 hominem
3037 4559 3269 4618 intravit
3310 4569 3592 4634 peccatum
3624 4568 3692 4619 in

359 4633 592 4691 carnalia
628 4632 904 4697 dicuntur,
954 4626 1078 4700 quia
1104 4625 1316 4703 actione
1353 4633 1408 4703 et
1440 4625 1799 4703 delectatione
1841 4642 1955 4683 car-
2067 4631 2345 4685 mundum.
2379 4635 2449 4688 Et
2473 4634 2640 4701 paulo
2681 4638 2802 4703 post
2845 4636 3088 4703 apertius
3121 4654 3136 4689 :
3172 4638 3233 4691 In
3261 4625 3697 4690 similitudinem

360 4706 470 4763 nali
495 4703 864 4779 complentur,
894 4695 1470 4779 iit:seqi_ientiucapite.
1491 4695 1811 4779 declaratur.
1991 4750 2036 4779 η
2065 4695 2529 4779 praevaricationis
2554 4695 2711 4779 _Adai.
2745 4706 2851 4779 Hos
2872 4695 3051 4759 autem
3075 4706 3314 4761 seductos
3344 4706 3588 4775 intelligi
3602 4722 3695 4761 vo-

429 4721 470 4762 :ll
495 4721 619 4761 com
665 4721 864 4768 lentur,
895 4721 954 4755 ιιι
1003 4721 1249 4769 sequenti
1279 4721 1470 4779 capite.
1491 4721 1811 4752 uecwruiur.
2065 4721 2529 4770 prwvaricaitonts
2556 4721 2711 4759 Ααω.
2745 4721 2851 4758 1108
2872 4721 3051 4759 autem
3075 4721 3314 4761 seductos
3344 4721 3586 4775 υιιρηιρι
3602 4722 3691 4761 1‘0-

429 4782 453 4812 °
492 4777 603 4834 Sub
628 4721 735 4830 giae
792 4770 1180 4846 quadripartita
1235 4768 1602 4846 distinctione,
1651 4770 1959 4846 duaasupe-
1989 4750 2036 4812 D
2070 4773 2189 4846 luit,
2216 4776 2313 4843 qui
2338 4776 2396 4828 in
2425 4775 2568 4843 quod
2590 4776 2824 4842 faciunt,
2868 4792 2971 4830 non
2990 4781 3193 4845 putant
3232 4793 3339 4832 esse
3356 4784 3646 4846 peccatum
3667 4797 3691 4843 ,-

356 4849 468 4905 rius
506 4848 717 4919 posita,
756 4840 1001 4903 secunda
1038 4849 1093 4897 et
1138 4840 1318 4919 tertia,
1363 4840 1744 4919 continentui'.‘
1783 4842 1951 4919 Porro
2065 4844 2156 4919 ille
2183 4840 2364 4919 autem
2384 4840 2562 4900 scivit.
2592 4840 2825 4919 thuid
2849 4840 3082 4917 opus—est
3103 4840 3389 4917 pluribus?
3413 4848 3477 4901 Et
3506 4849 3562 4902 si
3579 4840 3695 4903 cre-

354 4910 643 4977 efﬁcientia
673 4910 777 4972 lioc
798 4919 916 4971 loco
942 4931 1052 4969 non
1074 4929 1171 4985 pro
1200 4911 1444 4988 efficacia
1466 4928 1562 4968 seu
1583 4911 1632 4967 vi
1655 4910 1950 4988 efﬁciendi,
2065 4915 2235 4971 dendo
2262 4932 2365 4971 non
2405 4922 2533 4988 sunt
2574 4910 2728 4971 ambo
2760 4910 2984 4987 decepti,
3009 4910 3274 4988 peccando
3308 4924 3491 4974 tamen
3518 4919 3694 4974 ambo

354 4992 451 5048 sed
502 5005 603 5061 pro
640 4997 764 5041 actu
806 5003 899 5041 seu
946 4984 1421 5066 consummatione
1479 4992 1573 5039 aut
1612 4984 1954 5041 exsecutione
2064 4989 2213 5068 capti
2227 4992 2374 5051 sunt,
2408 4993 2458 5042 et
2492 4987 2699 5042 diaboli
2739 4984 2943 5058 laqueis
2980 4984 3266 5059 implicati.
3301 4993 3436 5046 Huic
3477 4993 3695 5061 Augu-

355 5062 639 5109 nminitnr.
662 5068 722 5109 ut
746 5072 807 5109 ex
826 5055 1177 5109 sequentibus
1211 5054 1432 5109 natebit.
2064 5065 2260 5109 stiuus.

355 5056 639 5131 accipitur,
662 5068 722 5113 ut
746 5072 807 5111 ex
826 5056 1177 5127 sequentibus
1211 5056 1432 5126 patebit.
1657 5126 1668 5138 .

424 5122 452 5166 ἀ
487 5134 687 5209 Id-est,
728 5127 1034 5209 secundum
1072 5127 1377 5209 naturalem
1417 5134 1952 5209 propensionemﬂet

2081 5056 2260 5113 itiuus.
2802 5056 2821 5058 ν
3052 5056 3072 5059 “
3573 5056 3600 5061 ⁷

2108 5136 2162 5209 _8
2188 5127 2474 5209 Secundus
2494 5145 2566 5209 ac
2593 5129 2927 5209 novissimus
2957 5130 3132 5209 Adain
3168 5130 3365 5209 dicitur
3392 5129 3691 5209 Christus,

390 5205 744 5260 roclivitatem
775 5206 1278 5271 naturaicorruptae
1321 5204 1375 5251 et
1410 5198 1611 5271 vitiatae
1638 5199 1788 5267 (qua:
1818 5198 1952 5271 alias
2063 5200 2342 5255 iCorinth.
2382 5216 2410 5251 ν
2444 5221 2456 5254 :
2488 5204 2684 5257 Factus
2728 5206 2804 5256 est
2830 5204 3043 5271 primus
3075 5202 3419 5258 homoAdam
3458 5204 3522 5257 in
3557 5206 3697 5256 ani-

391 5276 554 5330 icitur
582 5273 779 5335 fomes,
809 5268 1085 5345 stimulus,
1125 5269 1345 5345 aculeus
1375 5269 1625 5339 peccati),
1649 5284 1757 5322 non
1769 5267 1950 5337 quoad
2060 5286 2205 5324 mam
2236 5274 2522 5345 viventem;
2565 5267 2884 5345 novissimus
2907 5273 3088 5328 Adam
3112 5276 3172 5328 in
3199 5276 3457 5345 spiritum
3492 5274 3695 5345 viviﬁ-

351 5346 569 5417 culpam
595 5352 649 5397 et
677 5340 977 5417 secundum
1008 5355 1132 5393 suas
1153 5339 1389 5417 species.
1435 5409 1446 5417 .
1638 5410 1674 5417 ’ᾳ
1743 5408 1776 5417 Α
2059 5346 2276 5417 cantem
2343 5344 2748 5417 Primusghomo
2786 5343 2852 5398 de
2893 5348 3039 5399 terra
3084 5339 3362 5411 terrenus;
3409 5339 3697 5401 cernendus

422 5408 458 5452 θ’
480 5417 719 5489 ideoque
759 5411 988 5489 ca_r_nalia
1012 5408 1362 5489 appellantur
1377 5409 1538 5489 etiam
1577 5424 1608 5463 a
1638 5410 1703 5489 l_).
1736 5408 1947 5489 Grego-
2059 5412 2457 5489 hoinondecaaio
2484 5415 2749 5489 είΒΙσεζξξ.⁸
2778 5424 2806 5439 ‘
2988 5446 3002 5459 -

351 5489 433 5546 rio
480 5488 576 5543 lib.
605 5477 768 5543 xxxi.
809 5477 1141 5557 Moral__cap.
1174 5487 1264 5547 3|,
1308 5480 1401 5557 ubi
1443 5496 1521 5557 es.
1556 5487 1767 5557 septem
1811 5477 1949 5535 vitiis
2130 5477 2157 5513 ⁸³
2203 5481 2468 5537 “licitatio
2509 5493 2569 5557 Aet
2610 5485 3063 5557 illicitamentum
3102 5485 3249 5542 idem
3287 5483 3439 5557 quod
3478 5485 3700 5543 incita-

2056 5560 2325 5616 mentum,
2351 5569 2378 5605 a
2413 5555 2577 5609 verbo
2606 5556 2789 5611 illicio.
2841 5558 3032 5613 Utitur
3070 5558 3261 5613 eadem
3296 5555 3427 5613 voce
3470 5572 3703 5614 rursus

2055 5639 2171 5693 cap.
2220 5626 2272 5679 6.
2330 5626 2568 5680 Materiae
2617 5626 2781 5695 igitur
2810 5627 3143 5685 illicitatione
3183 5637 3425 5685 tentatus
3472 5629 3706 5686 dicitur

2057 5694 2326 5759 Christus,
2353 5698 2474 5766 quia
2527 5694 2677 5767 panis
2706 5713 2735 5751 e
2761 5699 3035 5766 lapidibus
3076 5698 3348 5756 efﬁciendi
3382 5701 3699 5758 mentione

2056 5776 2111 5839 et
2162 5769 2527 5839 suggestione,
2556 5768 2767 5824 dicente
2810 5769 3031 5826 diabolo
3075 5794 3086 5828 :
3140 5773 3203 5829 Si
3238 5773 3411 5829 Filius
3457 5773 3555 5829 Dei
3587 5784 3713 5832 es-

2054 5838 2142 5892 dic
2170 5838 2251 5893 ut
2274 5840 2480 5909 lapides
2512 5842 2608 5895 isti
2630 5856 2796 5912 panes
2821 5846 2958 5913 ﬁant
2980 5845 3195 5911 (Matth.
3231 5843 3335 5915 iv).

363 4486 647 4555 ordinate;
690 4505 816 4543 nam
848 4488 968 4557 gula
1016 4494 1225 4556 spectat
1248 4486 1718 4557 conversationem
1749 4496 1960 4543 naturae

363 4554 773 4624 in’iudividuo,
813 4554 1022 4612 luxuria
1050 4554 1196 4610 'vero
1244 4555 1295 4609 in
1344 4554 1545 4623 specie.
1574 4555 1775 4609 Eadem
1831 4572 1959 4612 vero

345 5560 666 5631 capitalibus
694 5558 929 5631 quinque
942 5548 1102 5631 _dicit'
1126 5570 1245 5631 esse
1264 5551 1578 5631 Spiritualia,
1606 5548 1885 5631 et_dii<)__ca
1898 5567 1946 5607 τη

344 5622 506 5696 nalia,
531 5631 685 5686 videl.
709 5622 919 5683 'veut'ri's
939 5624 1229 5695 ingluviem
1254 5634 1307 5678 et
1331 5623 1619 5678 luxuriam.
1653 5622 1728 5688 (S.
1761 5622 1939 5677 Thom.

350 5695 1360 5776 1-2,q.72,__a.2etq.7a,‘art-.5.)“
1476 5761 1565 5776 η
1639 5764 1673 5776 __

416 5775 436 5811 ί
455 5761 606 5830 ἰιῖῐθι·
628 5761 728 5827 alia
768 5761 988 5841 pecua—ta
1016 5766 1208 5841 ademi
1234 5777 1289 5821 et
1311 5761 1452 5841 Eva;
1472 5761 1574 5819 fuit
1600 5764 1768 5841 etiam
1799 5778 1948 5841 qua;-

355 5848 484 5905 dam
510 5836 818 5903 inordinata
869 5838 1157 5909 cupiditas,
1188 5846 1241 5893 et
1273 5836 1545 5907 appetitus
1574 5836 1722 5908 pomi
1774 5837 1943 5903 vetiti,
