3982 6202
287 277 385 332 613

1073 272 1412 330 COLLATIO
1451 275 1526 364 V.‘
1557 303 1630 316 —
1666 276 1754 331 DE
1791 273 1974 331 OCTO
2011 275 2524 332 PRINCIPALIBUS
2559 277 2781 333 VITIIS.

3479 284 3586 342 614

277 413 388 454 ιιοιι
431 405 688 469 poterunt
727 399 970 466 (Gregor.
1022 397 1116 452 lib.
1162 412 1314 454 χχχι
1355 399 1549 454 Morel.
1591 415 1713 470 cap.
1759 400 1867 471 31).
1899 399 1954 463 Α
1981 397 2203 471 puritati
2229 397 2568 454 studentibus
2597 399 2892 471 plurimum
2921 401 3140 458 confert
3167 409 3228 458 ut
3249 400 3445 460 harum
3471 423 3586 463 car-

279 501 300 528 α
319 491 451 548 licet
471 490 662 546 beatus
688 489 982 562 Apostolus
1006 489 1192 546 omnia
1221 490 1356 546 vitia
1397 490 1722 563 generaliter
1748 507 1879 563 pro-

279 585 600 643 uuntiaverit
659 599 777 640 esse
829 584 1090 653 carnalia,
1133 583 1404 656 siquidem
1457 583 1774 640 inimicitias
1828 593 1882 642 et

277 679 381 736 iras
408 687 572 750 atque
613 677 850 736 haereses
874 675 1015 734 inter
1041 686 1236 734 caetera
1263 678 1444 734 carnis
1473 693 1639 751 opera
1682 693 1882 734 nume-

277 775 705 844 raverit-(Galat.
737 778 830 840 v);
871 787 976 828 nos
1008 780 1192 828 tamen
1219 773 1289 828 ad
1319 773 1546 828 illorum
1574 773 1884 828 curationes

276 875 440 940 atque
481 875 706 922 naturas
733 864 1038 938 diligentius
1080 865 1418 938 colligendas
1460 864 1662 936 duplici
1704 881 1768 922 ea
1795 864 1885 920 di-

279 959 486 1016 visione
523 959 926 1032 distinguimus.
967 960 1114 1015 Nam
1165 975 1240 1016 ex
1268 959 1362 1016 his
1395 953 1423 992 δ
1447 958 1700 1032 quaedam
1741 958 1882 1016 dici-

277 1067 399 1110 mus
427 1069 546 1109 esse
587 1054 840 1119 carnalia,
896 1053 1150 1126 quadam
1194 1070 1322 1111 vero
1363 1055 1646 1126 spiritalia.
1676 1056 1748 1110 Et
1792 1054 1882 1112 illa

277 1147 502 1219 quidem
531 1147 787 1214 carnalia,
821 1163 944 1220 quae
979 1146 1286 1218 specialiter
1321 1147 1390 1204 ad
1432 1147 1685 1205 fomitem
1721 1156 1778 1204 et
1811 1147 1883 1204 ad

277 1256 500 1298 sensum
550 1243 818 1314 pertinent
856 1242 1060 1310 carnis,
1101 1243 1303 1314 quibus
1329 1242 1420 1298 illa
1465 1243 1540 1298 ita
1587 1242 1885 1298 delectatur

275 1349 340 1390 ac
365 1335 623 1406 pascitur,
653 1344 716 1390 ut
739 1337 901 1392 etiam
931 1335 1143 1408 quietas
1166 1335 1356 1392 incitet
1381 1346 1618 1404 mentes,
1654 1337 1884 1392 invitas-

273 1444 380 1503 que
417 1443 510 1484 eas
555 1445 980 1502 nonnumquam
1023 1429 1304 1502 pertrabat
1330 1428 1398 1485 ad
1445 1444 1562 1486 suae
1591 1429 1884 1486 voluntatis

271 1537 578 1580 assensum.
612 1525 695 1578 De
719 1521 916 1594 quibus
941 1523 1134 1580 beatus
1156 1522 1518 1595 Apostotolus
1553 1523 1880 1596 quibusdam

273 1617 349 1674 ait
377 1636 392 1672 :
425 1620 498 1674 Et
518 1631 613 1672 nos
637 1633 819 1672 omnes
846 1617 1143 1687 aliquando
1171 1620 1474 1674 conversati
1497 1633 1682 1672 sumus
1711 1620 1770 1672 in
1799 1619 1883 1674 de-

271 1713 491 1768 sideriis
518 1714 697 1766 carnis
724 1715 940 1774 nostris,
967 1713 1226 1780 facientes
1246 1713 1598 1766 ’voluntatem
1632 1713 1810 1767 carnis
1832 1717 1883 1767 et

1985 493 2197 550 nalium
2231 493 2549 564 passionum
2579 491 2721 564 ipsas
2747 487 3008 550 materias
3041 495 3142 552 sibi
3167 497 3422 568 primitus
3447 500 3580 556 sub-

1985 585 2226 654 trahunt,
2267 585 2470 658 quibus
2519 593 2698 657 potest
2735 581 2821 642 vel
2861 588 3070 644 occasio
3131 590 3213 646 vel
3268 592 3579 649 recordatio

1987 678 2311 737 earumdem
2336 678 2652 751 passionum
2687 680 2977 751 mgrotanti
2999 679 3174 737 adhuc
3195 683 3392 742 animae
3419 701 3582 758 gene-

1986 774 2122 831 rari.
2143 777 2380 831 Necesse
2407 782 2488 830 est
2516 774 2666 830 enim
2695 782 2758 830 ut
2793 773 2987 829 morbo
3023 773 3221 845 duplici
3258 775 3456 848 duplex
3487 780 3585 836 ad-

1959 867 2237 925 .bibeatur
2259 869 2490 924 curatio.
2537 870 2678 924 Nam
2713 867 2928 939 corpori
2965 882 3036 922 ne
3069 871 3502 940 concupiscentia
3529 873 3588 928 in

1988 959 2256 1018 effectum
2303 969 2481 1018 tentet
2523 972 2904 1034 prorumpere,
2950 963 3259 1017 necessario
3296 961 3503 1034 efﬁgies
3539 973 3595 1021 et

1989 1053 2220 1110 materia
2255 1053 2477 1109 illiciens
2521 1051 2892 1109 subtrahenda
2922 1061 3044 1122 est;
3079 1061 3134 1109 et
3165 1054 3364 1110 animae
3397 1055 3592 1112 nihilo-

1989 1145 2195 1215 minus,
2241 1160 2310 1200 ne
2347 1160 2472 1200 eam
2515 1145 2597 1200 vel
2638 1143 2966 1218 cogitatione
2999 1145 3294 1216 concipiat,
3335 1148 3596 1204 attentior

1989 1236 2268 1294 meditatio
2298 1237 2704 1308 Scripturarum
2739 1245 2794 1293 et
2833 1237 3140 1294 sollicitudo
3168 1237 3385 1312 pervigil
3416 1255 3481 1295 ac
3507 1255 3592 1296 re-

1993 1329 2169 1386 motio
2233 1329 2540 1386 solitudinis
2587 1329 2790 1385 utiliter
2845 1329 3231 1400 apponenda.°
3276 1332 3338 1385 In
3383 1331 3596 1388 caeteris

1991 1433 2180 1481 autem
2218 1423 2366 1479 vitiis
2405 1423 2645 1480 humana
2688 1422 2961 1478 consortia
2996 1422 3126 1478 nihil
3170 1423 3407 1493 obsunt;
3439 1426 3598 1498 quiu-

1987 1517 2161 1574 immo
2204 1517 2372 1574 etiam
2399 1518 2696 1589 plurimum
2724 1516 3018 1574 conferunt
3043 1517 3129 1574 his
3171 1519 3261 1591 qui
3289 1535 3476 1577 carere
3513 1521 3594 1578 eis

1990 1611 2049 1667 in
2105 1611 2334 1668 veritate
2385 1610 2711 1681 desiderant,
2763 1611 2890 1684 quia
2947 1610 3254 1684 frequentia
3307 1613 3596 1672 hominum

1994 1705 2165 1779 magis
2205 1713 2548 1778 arguuntur;
2580 1713 2638 1762 et
2677 1704 2812 1761 dum
2844 1704 3092 1761 lacessita
3139 1705 3386 1762 crebrius
3414 1707 3594 1764 mani-

269 1807 680 1875 cogitationum,
711 1810 763 1860 et
789 1820 998 1860 eramus
1020 1809 1225 1859 natura
1248 1806 1356 1874 ﬁlii
1380 1807 1501 1870 ira,
1532 1807 1670 1860 sicut
1707 1809 1760 1860 et
1787 1821 1885 1860 οω-
1911 1823 1960 1885 Β
1993 1799 2282 1869 testantur,
2306 1799 2471 1856 celeri
2501 1799 2766 1856 medicina
2797 1800 3114 1872 perveniunt
3139 1799 3208 1861 ad
3237 1801 3486 1858 salutem.

269 1899 374 1952 teri
410 1897 628 1967 (Ephes.
658 1897 750 1970 ιι).
777 1897 1043 1970 Spiritalia
1089 1913 1214 1954 vero
1240 1885 1471 1954 dicimus
1500 1913 1654 1970 quae,
1683 1897 1879 1954 instin-

269 1998 365 2046 ctu
407 1991 608 2046 anima:
649 1991 816 2046 solius
853 2000 993 2060 orta,
1037 2007 1149 2048 non
1189 1991 1370 2048 solum
1411 1992 1548 2048 nihil
1587 1993 1880 2064 voluptatis

268 2081 564 2140 conferunt
594 2085 767 2152 carni,
793 2084 891 2140 sed
924 2084 1089 2140 etiam
1116 2085 1449 2156 gravissimis
1485 2101 1608 2142 eam
1643 2085 1879 2158 languo-

267 2177 423 2234 ribus
453 2177 770 2242 afllcientia,
813 2179 1143 2236 miserrimae
1161 2179 1526 2252 jocunditatis
1568 2189 1730 2252 pastu
1763 2179 1884 2235 ani-

267 2287 423 2328 mam
463 2280 677 2328 tantum
708 2273 960 2328 nutriunt
990 2281 1372 2346 aegrotantem.
1405 2275 1476 2328 Et
1522 2272 1725 2329 idcirco
1763 2271 1884 2330 haec

269 2363 494 2436 quidem
519 2365 752 2438 simplici
781 2365 966 2422 cordis
1005 2365 1251 2438 indigent
1279 2365 1590 2434 medicina;
1629 2381 1750 2438 quae
1785 2382 1883 2421 au-

269 2465 384 2514 tem
423 2457 656 2513 carnalia
696 2468 844 2526 sunt,
885 2474 998 2514 non
1024 2459 1129 2514 nisi
1159 2451 1386 2529 duplici,
1413 2457 1886 2530 quemadmodum

267 2549 530 2621 diximus,
573 2551 643 2608 ad
681 2552 968 2608 sanitatem
1013 2551 1294 2609 curatione
1333 2553 1670 2630 perveniunt.
1720 2549 1884 2608 Unde

2619 1944 2856 1998 CAPUT
2896 1945 2963 1998 V.

2095 2071 2363 2140 Quomodo
2390 2075 2650 2198 Dominuts
2677 2077 2858 2198 nfsttg
2883 2073 3026 2198 saltus
3057 2075 3257 2144 absque
3277 2081 3492 2147 peccato

2637 2159 2704 2198 en
2728 2160 2763 2198 a
2898 2159 2946 2198 si
2976 2187 2990 2198 .

2637 2159 2854 2198 entatus
2898 2159 2990 2201 επ.

2067 2266 2307 2341 Ideoque
2333 2269 2604 2326 Dominus
2629 2278 2816 2326 noster
2837 2272 2996 2327 Iesus
3017 2271 3283 2343 Christus,
3307 2289 3435 2330 cum
3455 2276 3601 2348 Apo—

1993 2362 2119 2418 stoli
2159 2363 2548 2435 pronuntietur
2593 2366 2862 2422 sententia
2892 2371 3129 2422 tentatus
3164 2366 3334 2424 fuisse
3367 2385 3469 2440 per
3491 2387 3601 2426 om-

1992 2459 2090 2512 nia
2117 2459 2404 2514 secundum
2429 2460 2841 2515 similitudinem
2882 2471 3150 2526 nostram,
3188 2461 3387 2519 dicitur
3414 2471 3598 2520 tamen

1992 2550 2020 2586 ει
2043 2551 2241 2621 absque
2263 2557 2477 2622 peccato
2503 2551 2681 2624 (Hebr.
2706 2561 2820 2620 IV),
2851 2553 2910 2610 id
2931 2561 3036 2621 est,
3057 2554 3262 2626 absque
3286 2555 3448 2628 hujus
3473 2571 3592 2629 pas-

1071 2681 1100 2705 ι
1372 2666 1638 2720 ALARDI
1673 2665 1898 2721 GAZAEI
1938 2664 2506 2734 COMMENTARIUS.

339 2781 366 2808 ι
385 2773 528 2828 Cum
561 2773 849 2845 Apostolus
877 2771 945 2829 ad
975 2773 1192 2830 Galatas
1217 2779 1413 2845 quarto
1438 2787 1556 2843 cap.
1593 2770 1759 2845 (quod
1795 2770 1886 2845 hic

269 2843 536 2916 signatur)
578 2841 885 2914 quindecim
923 2841 1314 2916 tantummodo
1351 2851 1448 2899 aut
1491 2841 1886 2916 septemdecim

269 2912 435 2990 opera
475 2912 653 2990 carnis
697 2925 1000 2990 enumeret,
1039 2915 1318 2990 quomodo
1363 2912 1571 2990 verum
1606 2921 1690 2970 est
1736 2912 1884 2990 quod

268 2984 455 3042 omnia
488 2985 613 3056 vitia
647 2987 963 3056 generaliter
991 2984 1427 3056 pronuntiaverit
1453 3000 1570 3041 esse
1602 2984 1879 3040 carnalia?

263 3054 614 3127 Responderi
641 3054 818 3127 potest
839 3054 1054 3112 duobus
1079 3056 1276 3112 modis.
1313 3057 1500 3111 Primo
1535 3071 1630 3127 per
1659 3070 1881 3127 carnem

1993 2771 2142 2842 pium
2167 2769 2420 2842 omnium
2451 2779 2813 2842 peccatorum.
2842 2772 2922 2842 Ita
2948 2780 3168 2827 sanctus
3194 2772 3459 2829 Thomas.

2066 2841 2393 2915 {'Eamdem
2441 2840 2846 2897 distinctionem
2895 2841 3096 2898 indicat
3146 2845 3218 2898 D.
3261 2845 3606 2915 Augustinus

1992 2912 2084 2970 ubi
2114 2927 2276 2983 supra
2305 2927 2422 2983 cap.
2447 2919 2508 2983 74.

2060 2993 2081 3020 α
2105 2982 2196 3039 Sic
2237 2991 2290 3058 et
2318 2982 2471 3058 alibi
2497 2982 2790 3058 Cassianus
2827 2983 2963 3058 (Lib.
3015 2999 3080 3040 vr
3121 2987 3302 3040 Instit.
3343 3001 3460 3056 cap.
3503 2985 3596 3058 3):

1989 3056 2195 3112 Ceste-ra
2220 3056 2360 3108 vitia
2397 3057 2560 3108 etiam
2581 3070 2682 3108 usu
2705 3055 2980 3109 hominum
3009 3060 3060 3110 et
3084 3059 3337 3110 exercitio
3361 3055 3604 3127 purgari

265 3125 501 3196 intelligi
529 3125 808 3197 hominem
823 3127 1378 3197 carnalem;proinde
1397 3125 1561 3197 Opera
1579 3127 1760 3182 carnis
1777 3125 1881 3180 dici
1920 3177 1960 3197 η
1987 3129 2174 3190 solent,
2216 3130 2267 3180 et
2312 3127 2698 3196 quodammodo
2737 3128 2910 3196 ipsius
2946 3127 3127 3196 lapsus
3169 3125 3599 3195 offensione—cu-

263 3177 1422 3269 st'ssssqssiam;sagittaeversus;
1437 3177 1756 3269 absens:
1765 3177 1885 3250 651E;
1917 3177 1962 3240 c
1989 3177 2234 3269 'riiét'é'ui
2248 3177 3600 3269 pteis;senatusenatu;assignate

267 3265 462 3322 ﬁalem
495 3279 622 3319 vero
649 3265 928 3320 hominem
962 3266 1370 3335 intelligendum
1401 3265 1539 3330 esse,
1571 3267 1662 3335 qui
1687 3281 1886 3320 secun-

265 3336 410 3394 dum
449 3335 711 3406 seipsum,
745 3335 797 3390 id
829 3346 930 3394 est.
973 3335 1276 3391 secundum
1304 3350 1550 3406 amorem
1587 3335 1668 3390 sui
1697 3337 1885 3406 ipsius,

266 3401 606 3480 vivitiQuod
618 3407 905 3480 diligenter
917 3407 1194 3480 annotavit
1213 3409 1282 3462 D.
1308 3401 1654 3480 Augustinus
1666 3401 1810 3480 libi):
1824 3401 1886 3480 tv

267 3477 340 3550 de
379 3477 542 3534 Civit.
582 3476 864 3550 cap.'2iet
893 3485 945 3542 3,
984 3487 1040 3534 et
1071 3477 1266 3550 probat
1307 3477 1396 3533 his
1417 3476 1722 3533 rationibus
1759 3476 1885 3532 huic

267 3548 396 3605 loco
437 3548 858 3604 consentaneis:
895 3554 957 3606 In
991 3548 1235 3620 operibus
1267 3565 1503 3620 namque
1535 3551 1732 3611 carnis,
1763 3565 1884 3618 qua:

265 3620 568 3692 manifesta
577 3620 726 3675 dixit
738 3623 1044 3692 Apostolus,
1064 3637 1228 3691 eaque
1241 3625 1648 3676 commemorata
1659 3621 1884 3675 damna-

266 3693 350 3746 vit
373 3691 516 3755 (Gal.
547 3697 625 3755 v),
653 3708 759 3746 non
783 3691 879 3747 illa
909 3697 1121 3750 tantum
1150 3696 1453 3748 invenimus
1483 3709 1602 3763 quae
1627 3692 1884 3746 aduolu-

260 3766 479 3832 ptatem
502 3765 775 3832 pertinent
797 3767 995 3827 carnis,
1016 3765 1183 3820 sicuti
1203 3770 1331 3819 sunt
1357 3766 1760 3832 fornicationes,
1781 3766 1884 3817 im-

265 3833 580 3896 munditiae,
613 3835 867 3898 lumw'iw,
901 3836 1204 3902 ebrietates,
1238 3837 1670 3900 comessationes;
1698 3850 1882 3889 verum

266 3905 440 3958 etiam
468 3905 568 3957 illa
595 3907 786 3974 quibus
823 3908 994 3959 animi
1013 3907 1152 3958 vitia
1189 3906 1630 3958 demonstrantur
1663 3921 1698 3957 a
1726 3907 1882 3958 uolu-

256 3978 426 4044 ptate
449 3977 623 4028 carnis
661 3976 856 4028 aliena.
893 3977 1024 4040 Quis
1064 3975 1206 4026 enim
1243 3975 1553 4044 servitutem
1578 3988 1698 4039 quis
1725 3974 1884 4044 idolis

264 4043 584 4109 exhibetur,
613 4046 881 4110 veneﬁcia,
903 4044 1241 4102 inimicitias,
1278 4043 1649 4102 contentiones,
1677 4043 1888 4095 (amula-

265 4117 471 4174 tiones,
511 4115 897 4173 animositates,
931 4113 1304 4178 dissensiones,
1334 4111 1574 4172 luereses,
1625 4112 1886 4174 invidias,

267 4197 386 4238 non
423 4185 606 4250 potius
651 4183 919 4250 intelligat
966 4183 1138 4236 animi
1165 4183 1301 4236 vitia
1329 4196 1439 4236 esse
1475 4197 1638 4250 quam
1683 4181 1885 4244 carnis,

309 4253 722 4322 uandoquidem
745 4255 867 4322 ﬁeri
885 4259 1058 4324 potest
1083 4257 1144 4308 ut
1159 4258 1386 4324 propter
1413 4253 1782 4308 idololatriam
1806 4253 1891 4306 vel

393 4325 500 4378 esis
533 4324 765 4393 alicujus
791 4339 1017 4379 errorem
1044 4341 1078 4378 a
1101 4325 1464 4394 voluptatibus
1493 4327 1672 4378 carnis
1697 4330 1892 4394 tempe-

271 4400 450 4459 retur,
479 4399 530 4448 et
559 4401 735 4450 tamen
764 4397 926 4450 etiam
945 4400 1070 4450 tunc
1095 4395 1264 4458 homo,
1291 4397 1538 4466 quamvis
1561 4397 1742 4450 carnis
1763 4395 1890 4450 libi-

277 4467 459 4521 dinem
497 4469 764 4522 cont-inere
801 4471 963 4536 atque
1003 4467 1241 4522 cohibere
1285 4467 1560 4532 videatur,
1595 4467 1886 4522 secundum

276 4553 494 4592 carnem
526 4539 702 4592 vivere
730 4539 830 4591 hac
858 4538 1146 4608 apostolica
1181 4540 1498 4593 auctoritate
1532 4541 1880 4606 convincitur,

277 4613 326 4664 et
349 4611 409 4663 in
430 4623 490 4662 eo
519 4609 664 4678 quod
683 4609 914 4674 abstinet
931 4625 966 4662 a
985 4609 1352 4678 voluptatibus
1375 4611 1575 4671 carnis,
1602 4610 1882 4664 damnabi-

280 4679 353 4733 ιω
379 4695 541 4749 opera
568 4681 747 4736 carnis
784 4695 938 4748 agere
964 4680 1402 4733 demonstratur?
1433 4680 1504 4732 Et
1532 4681 1688 4749 paulo
1719 4689 1880 4750 post:

281 4751 390 4806 Cur
413 4766 539 4820 ergo
566 4752 676 4806 haec
702 4752 886 4805 omnia
909 4754 958 4804 ct
980 4751 1062 4804 his
1090 4750 1294 4804 similia
1323 4753 1513 4805 Doctor
1543 4753 1780 4818 gentium
1824 4753 1883 4806 in

278 4821 384 4888 ﬁde
413 4831 466 4875 et
487 4824 713 4876 veritate
735 4837 896 4890 opera
923 4821 1102 4875 carnis
1127 4821 1412 4890 appellat?
1437 4821 1548 4874 nisi
1573 4823 1704 4889 quia
1729 4837 1784 4875 eo
1808 4822 1887 4876 lo-

281 4894 510 4946 cutionis
540 4893 714 4954 modo;
739 4907 844 4961 quo
881 4897 1050 4946 totum
1077 4893 1424 4960 signiﬁcatur
1451 4907 1485 4944 a
1506 4895 1684 4960 parte,
1709 4893 1888 4961 ipsum

281 4963 548 5018 hominem
573 4965 693 5018 vult
719 4965 928 5018 nomine
947 4965 1120 5018 carnis
1154 4963 1430 5030 intelligi?
1457 4963 1730 5016 Hactenus
1769 4970 1889 5018 Au-

280 5035 549 5162 gstinus.
607 5033 859 5090 Secundo
921 5031 1222 5104 respondeo
1275 5049 1348 5088 ex
1375 5102 1385 5113 .
1527 5031 1737 5088 Thema
1806 5031 1889 5104 (In

347 5121 479 5161 mm.
515 5106 697 5162 Galat.
730 5110 812 5162 vi.
847 5105 992 5162 quod
1021 5113 1304 5162 peccatum
1333 5103 1441 5160 ἁιει
1473 5111 1651 5162 potest
1681 5105 1889 5160 carnale

347 5121 479 5161 mm.
515 5106 697 5162 Galat.
730 5110 812 5170 v),
847 5105 992 5176 quod
1011 5102 1304 5176 peccatum
1333 5102 1441 5160 dici
1473 5111 1651 5174 potest
1681 5102 1890 5176 carnale

281 5175 590 5250 dupliciter,
641 5174 1168 5250 scilicet—quantum
1220 5174 1289 5231 ad
1334 5174 1887 5242 consummationem,

282 5247 462 5304 et'sic
503 5249 758 5304 dicuntur
797 5248 1028 5304 carnalia
1078 5247 1168 5302 illa
1214 5251 1431 5302 tantum
1469 5261 1594 5317 quae
1635 5261 1890 5317 consum-

281 5329 505 5376 mantur
560 5319 615 5374 in
663 5319 1024 5376 delectatione
1077 5318 1276 5385 carnis,
1327 5315 1533 5372 scilicet
1581 5315 1787 5372 luxuria
1837 5323 1894 5372 et

319 5392 448 5458 ula;
483 5400 540 5447 et
567 5401 833 5461 quantum
863 5392 932 5446 ad
968 5389 1232 5452 radicem,
1262 5397 1316 5444 et
1342 5389 1421 5444 sic
1449 5388 1632 5461 omnia
1673 5395 1889 5461 peccata

280 5404 448 5517 gula;
483 5404 540 5447 et
567 5404 833 5461 quantum
863 5404 932 5446 ad
968 5404 1232 5452 radicem,
1262 5404 1316 5444 et
1342 5404 1421 5444 sic
1449 5404 1632 5443 omnia
1673 5404 1889 5458 peccata

319 5461 542 5534 icuiitur
573 5462 834 5522 carnalia.
866 5463 917 5517 in
943 5471 1210 5534 quantum
1234 5477 1306 5517 ex
1335 5460 1687 5534 corruptione
1713 5459 1891 5534 carnis

289 5532 465 5606 anima
495 5542 844 5606 aggravetur,
869 5529 1318 5606 utd'diciturisap.
1354 5547 1439 5588 ιχ.
1473 5533 1548 5586 Ex
1585 5545 1694 5602 quo
1731 5529 1892 5606 intel-

291 5600 456 5660 lectus
481 5600 794 5662 debilitatus
825 5603 1033 5659 facilius
1067 5603 1240 5674 decipi
1269 5600 1478 5675 potest,
1507 5611 1562 5675 et
1597 5600 1894 5672 impeditur

289 5689 320 5728 a
348 5689 443 5731 sua
477 5675 717 5748 perfer-tn
729 5676 1082 5748 operatione.
1123 5673 1297 5732 Unde“
1316 5683 1370 5730 et
1405 5689 1470 5729 ex
1513 5673 1623 5748 ho_c_
1653 5688 1894 5748 sequun-

266 5752 377 5800 .tur
432 5742 582 5813 vitia,
641 5746 848 5802 scilicet
909 5746 1165 5813 haereses,
1223 5755 1386 5802 sectae
1447 5755 1504 5800 et
1552 5743 1664 5803 alia
1716 5742 1903 5814 hujus-

284 5817 474 5876 modi:
505 5826 562 5875 et
585 5819 689 5874 hoc
727 5816 896 5873 modo
941 5817 1148 5874 dicitur
1179 5816 1329 5888 quod
1361 5816 1536 5874 fomes
1577 5823 1662 5872 est
1702 5814 1898 5887 princi-

1994 3268 2168 3322 cordis
2193 3264 2276 3320 ac'
2291 3269 2551 3336 pervigili
2579 3264 2959 3330 sollicitudine,
2994 3271 3238 3336 fratrum
3274 3272 3439 3324 etiam
3473 3273 3596 3338 fre-

1995 3340 2185 3407 quenti
2207 3342 2258 3390 et
2275 3337 2502 3410 assidua
2513 3341 2886 3407 provocatione
2903 3345 3201 3403 sanantur;
3217 3341 3453 3410 dumque
3470 3337 3599 3396 com-

1995 3412 2140 3462 mota
2182 3409 2614 3480 manifestantur
2651 3410 2866 3480 saepius,
2907 3414 2956 3464 et
2993 3411 3226 3464 crebrius
3266 3409 3596 3480 arguuntur,

1995 3481 2137 3553 ocius
2175 3480 2496 3548 perveniunt
2533 3478 2609 3553 ad
2633 3479 2886 3553 salutem;
2907 3552 2911 3553 ν
2931 3481 3180 3553 hoc_vero
3211 3478 3350 3536 cum'
3369 3485 3600 3553 corporis

1992 3551 2289 3624 afﬂictione
2323 3551 2734 3624 _et_contritione
2760 3551 2936 3605 cordis
2966 3551 3256 3606 solitudine
3291 3551 3499 3624 quoque
3537 3570 3599 3610 ac

1989 3623 2278 3676 remotione
2307 3620 2538 3690 indiget,
2567 3630 2667 3675 etc.

2061 3693 2089 3728 ιι
2120 3693 2296 3746 Verba
2325 3691 2569 3762 Apostoli
2606 3691 2674 3746 ad
2703 3692 2875 3749 Hebr.
2901 3708 2968 3749 Iv
2993 3711 3006 3748 :
3037 3696 3153 3750 Non
3180 3698 3320 3750 enim
3349 3697 3599 3752 habemus

1991 3765 2299 3832 Pontiﬁcem
2341 3765 2438 3834 qui
2461 3779 2569 3818 non
2605 3768 2780 3834 possit
2809 3767 3044 3834 compati
3065 3767 3475 3833 infirmitatibus
3497 3783 3602 3822 no-

1977 3838 2150 3902 stris;
2173 3839 2435 3889 tentatum
2457 3840 2637 3889 autem
2654 3851 2750 3904 per
2767 3839 2946 3890 omnia
2963 3851 3063 3904 pro
3081 3838 3456 3898 similitudine,
3477 3839 3599 3892 abs-

1993 3922 2095 3975 que
2115 3910 2328 3975 peccato
2356 3905 2516 3976 (Vide
2551 3907 2730 3976 collat.
2761 3909 2854 3968 22,
2876 3921 2923 3961 ο.
2945 3913 3023 3976 ιιι
3054 3911 3104 3976 et
3139 3911 3293 3974 seq.).
3324 3905 3436 3976 Ubi
3467 3906 3600 3976 illud

1988 3974 2090 4044 pro
2113 3974 2492 4038 similitudine,
2525 3975 2578 4030 id
2605 3986 2707 4042 est,
2741 3977 2807 4030 ad
2833 3974 3266 4038 similitudinem,
3301 3975 3380 4028 vel
3421 3975 3488 4029 ad
3514 3975 3600 4030 in-

1995 4054 2109 4098 star
2145 4045 2317 4098 nostri
2345 4055 2400 4101 et
2442 4045 2665 4116 perinde
2691 4054 2856 4114 atque
2890 4061 3024 4110 nos;
3050 4047 3262 4116 absque
3280 4051 3512 4114 peccato,
3545 4045 3604 4102 id

1999 4122 2105 4180 est,
2159 4123 2386 4183 excepto
2428 4115 2676 4184 peccato,
2716 4115 2832 4169 sive
2878 4115 3292 4186 proprieidicto,
3321 4118 3452 4184 quia
3489 4131 3604 4186 pec-

1999 4189 2194 4256 catum,
2217 4186 2500 4256 nonfecit,
2541 4200 2636 4237 nec
2683 4187 2929 4256 inventus
2957 4188 3036 4238 est
3077 4185 3228 4240 dolus
3255 4187 3313 4238 in
3337 4201 3428 4240 ore
3463 4185 3602 4256 eius.

1999 4255 2024 4308 Ι
2054 4255 2196 4310 Petri
2227 4267 2288 4308 ιι.
2329 4255 2394 4308 Et
2419 4253 2492 4307 ita
2521 4254 2719 4308 tentari
2754 4253 2944 4320 voluit,
2970 4263 3032 4309 ut
3063 4263 3244 4310 tamen
3283 4253 3524 4312 tentatus
3549 4257 3603 4314 in

1997 4325 2216 4400 nullum
2249 4323 2590 4400 induceretur
2632 4333 2910 4400 peccatum
2935 4341 2961 4400 :_
2989 4321 3099 4382 sive
3136 4336 3354 4400 peccato
3390 4329 3605 4400 impro-

2034 4395 2112 4451 rie
2134 4395 2306 4462 dicto,
2337 4395 2392 4452 id
2421 4403 2523 4457 est.
2561 4396 3021 4464 concupiscentia,
3047 4413 3144 4455 seu
3169 4395 3362 4454 fomite
3387 4410 3441 4456 et
3467 4395 3600 4456 acu-

2015 4483 2080 4543 eo
2125 4468 2356 4538 peccati;
2406 4469 2572 4543 velut
2607 4469 2666 4543 Si
2695 4467 3212 4543 Thomasesponit.
3245 4472 3450 4543 absque
3494 4471 3598 4528 mi-

1913 4562 1963 4624 Ι)
1992 4539 2154 4624 nimo.
2171 4548 2320 4623 motu
2353 4539 2572 4624 peccati.
2613 4541 2738 4624 Non.
2769 4541 2912 4624 enim
2940 4540 3139 4624 [tabuit
3157 4544 3310 4598 illam
3341 4539 3504 4613 legem
3537 4547 3599 4624 in

1992 4610 2244 4666 membris
2281 4613 2396 4684 suis
2438 4616 2821 4684 repugnantem
2845 4611 2952 4680 legi
2961 4617 3160 4684 mentis
3187 4630 3320 4677 sure,
3351 4610 3406 4670 et
3424 4617 3600 4684 capti-

1991 4687 2207 4754 vantem
2234 4685 2291 4737 in
2319 4683 2433 4752 lege
2462 4685 2670 4754 peccati
2687 4683 2857 4753 (Rom.
2888 4682 3001 4753 v1),
3031 4695 3280 4754 quamet
3307 4682 3600 4752 Apostolus

1991 4753 2227 4808 subinde
2255 4761 2412 4807 vocat
2452 4753 2729 4824 peccatum
2759 4756 2932 4824 (item.
2960 4759 3085 4817 vn),
3121 4753 3248 4824 quia
3275 4768 3347 4824 ex_
3365 4764 3601 4824 peccato

1997 4831 2101 4885 est,
2135 4831 2189 4876 et
2230 4824 2298 4876 ad
2347 4820 2627 4892 peccatum
2677 4822 3016 4892 inclinatt‘ut
3043 4820 3292 4888 superius
3322 4821 3599 4892 ςσοιιαω

1995 4909 2117 4962 cap.
2161 4897 2216 4962 7)
2261 4907 2325 4945 ex
2347 4887 2590 4962 'concilio
2633 4891 2875 4962 Trident.
2908 4887 3112 4943 dictum
3155 4897 3255 4944 est.
3309 4889 3601 4959 Quomodo

1997 4958 2145 5032 ergo,
2194 4961 2427 5032 inquies,
2477 4958 2969 5032 dicitur_Christus
3004 4966 3242 5016 tentatus
3283 4958 3376 5032 per
3417 4964 3600 5018 omnia

1997 5029 2084 5087 ad'
2098 5030 2511 5084 similitudinem
2541 5029 2710 5084 nostri
2736 5033 2760 5084 Ρ
2793 5033 2983 5100 Resp,
3020 5033 3094 5096 ιο,
3123 5029 3423 5088 secundum
3454 5037 3600 5090 mul-

1997 5111 2186 5176 torum
2240 5099 2658 5176 espositionem,
2706 5099 2978 5176 Christum
3024 5101 3136 5176 dici
3186 5111 3452 5176 tentatum
3507 5121 3603 5176 per

1999 5171 2206 5245 omnia,
2239 5171 2294 5226 id
2332 5179 2456 5245 est,
2491 5173 2668 5245 modis
2696 5171 2954 5228 omnibus
2981 5172 3245 5228 afflictum
3275 5175 3472 5245 quibus
3499 5171 3600 5232 nos

2000 5243 2248 5300 homines
2271 5239 2457 5316 afﬂigi
2485 5243 2744 5298 solemus.
2784 5245 3034 5316 Tentatio
3063 5245 3213 5300 enim
3243 5239 3307 5298 in
3325 5245 3600 5316 Scriptura

1999 5331 2142 5389 saepe
2170 5313 2561 5389 accipitnr‘pro
2602 5315 2956 5389 perpessione
2971 5317 3240 5370 malorum
3271 5313 3468 5389 quibus
3497 5321 3600 5376 ho-

2001 5385 2167 5441 minis
2183 5385 2484 5442 constantia
2502 5394 2555 5442 et
2574 5385 2824 5457 patientia
2843 5385 3120 5454 probatur.
3145 5385 3346 5443 Eccles.
3369 5405 3596 5448 xxxuv:

2001 5459 2110 5526 Qui
2131 5474 2235 5513 non
2263 5463 2341 5513 est
2369 5461 2625 5519 tentatus,
2651 5457 2786 5526 quid
2803 5459 2944 5512 scit?
2987 5457 3173 5514 Jacob.
3203 5475 3219 5515 ι
3248 5479 3260 5514 :
3285 5462 3448 5516 Omne
3474 5479 3603 5529 gau-

2001 5530 2152 5584 dium
2169 5531 2492 5591 cmistimate,
2519 5530 2746 5596 fratres,
2767 5544 2886 5584 eum
2904 5531 2963 5582 in
2986 5531 3170 5584 varias
3192 5533 3503 5586 tentationes
3527 5535 3603 5588 in-

2003 5601 2267 5668 cideritis,
2295 5609 2398 5654 etc.
2432 5601 2499 5654 Et
2527 5615 2742 5654 rursum
2771 5617 2784 5654 :
2818 5603 3014 5656 Beatus
3037 5603 3126 5654 vir
3147 5603 3247 5671 qui
3265 5603 3474 5668 suffert
3498 5608 3604 5669 ten;

2003 5673 2277 5734 tationem,
2309 5673 2559 5742 quoniam
2587 5687 2704 5726 cum
2723 5671 2987 5742 probatus
3016 5674 3204 5739 fuerit,
3231 5681 3316 5728 etc
3359 5673 3604 5729 Christus

2001 5758 2130 5814 ergo
2161 5752 2397 5798 tentatus
2427 5758 2521 5815 per
2550 5743 2758 5815 omnia,
2783 5743 2916 5815 quia
2937 5743 3120 5815 omnia
3155 5745 3296 5798 mala
3327 5743 3486 5815 hujus
3522 5742 3602 5815 νὶτ

2001 5812 2088 5870 tte
2117 5821 2390 5886 expertus,
2425 5812 2548 5885 qua:
2579 5813 2784 5871 scilicet
2803 5812 2919 5870 itoti
2953 5813 3240 5870 hominum
3270 5812 3450 5884 generi
3476 5813 3604 5862 sunt
