3982 6202
359 274 482 327 ’615

1468 260 1747 318 JOANNIS
1783 258 2086 316 CASSIANI
2123 255 2612 313 COLLATIONES.

3581 250 3686 303 6l6

367 393 535 451 sionis
563 391 840 465 contagio,
886 404 1236 461 nequaquam
1278 387 1486 444 scilicet
1516 386 1732 442 aculeos
1760 401 1960 441 concu-
1998 388 2050 450 Α
2075 386 2214 440 sicut
2246 383 2352 450 dii,
2390 384 2609 436 scientes
2650 380 2843 433 bonum
2868 381 2918 432 et
2941 377 3142 430 malum
3165 376 3316 439 (Gen.
3355 371 3473 443 ιιι).
3509 375 3573 427 In
3599 371 3687 429 his

370 487 647 560 pisceutiae
688 483 918 540 carnalis
944 491 1225 553 expertus,
1267 481 1463 552 quibus
1501 495 1604 537 nos
1638 494 1861 536 necesse
1888 487 1970 535 est

369 577 533 634 etiam
574 577 884 648 ignorantes
930 573 1230 644 invitosque
1270 574 1603 645 compungi;
1646 573 1843 645 quippe
1881 570 1968 627 cui

367 672 516 728 nulla
561 671 733 725 inerat
773 666 1070 723 similitudo
1115 666 1491 722 seminationis
1538 667 1617 724 vel
1660 667 1969 738 conceptio-

368 764 451 821 nis
477 764 754 828 humanae,
782 761 853 816 ita
882 760 1151 815 rationem
1178 768 1472 831 conceptus
1500 761 1616 832 ejus
1641 759 1965 832 archangelo

366 858 684 914 nuntiante:
713 857 951 925 Spiritus
977 857 1193 908 sanctus
1220 858 1552 924 superveniet
1582 858 1638 911 in
1679 859 1748 918 te,
1776 858 1827 909 et
1856 857 1968 909 vir-

367 957 452 1006 tus
481 919 1116 1006 Altissimiobumbrabit
1140 950 1262 1003 tibi.
1287 919 1518 1018 ideoque
1547 954 1598 1003 et
1617 950 1762 1018 quod
1789 919 2003 1003 nasce-f

368 1050 459 1100 tur
486 1060 553 1098 ex
582 1047 632 1098 te
659 1046 925 1105 sanctum,
950 1046 1173 1096 vocatur
1199 1044 1371 1097 Filius
1404 1045 1499 1097 Dei
1521 1042 1662 1113 (Luc.
1686 1042 1749 1111 ι).

990 1144 1234 1199 CAPUT
1271 1144 1368 1200 VI.

439 1248 514 1300 De
541 1244 751 1297 ratione
785 1244 1225 1367 tentationliisoqua
1261 1257 1296 1294 a
1324 1242 1535 1296 diabolo
1559 1244 1796 1296 tentatus
1822 1246 1898 1298 est

1114 1328 1308 1367 minus.

1114 1328 1288 1367 minus
1296 1353 1308 1363 .

441 1420 463 1448 ³
492 1419 555 1472 In
594 1415 698 1471 illis
733 1414 880 1470 enim
925 1415 1269 1487 passionibus
1306 1414 1470 1470 etiam
1500 1414 1612 1485 ipse
1639 1415 1835 1471 tentari
1873 1415 1968 1472 de-

370 1509 512 1576 buit,
551 1509 922 1579 incorruptam
971 1508 1270 1580 imaginem
1317 1508 1413 1563 Dei
1458 1523 1523 1563 ac
1562 1508 1971 1565 similitudinem

370 1602 671 1674 possidens,
717 1602 771 1656 in
816 1601 1012 1672 quibus
1061 1609 1115 1657 et
1173 1600 1351 1656 Adam
1412 1608 1649 1656 tentatus
1695 1608 1800 1669 est,
1843 1615 1975 1655 cum

369 1693 548 1750 adhuc
580 1694 632 1749 in
662 1694 751 1750 illa
796 1693 1049 1749 inviolata
1092 1693 1328 1765 imagine
1357 1695 1457 1749 Dei
1487 1692 1829 1766 perduraret,
1869 1692 1975 1750 hoc

2076 494 2206 549 ergo
2230 477 2405 532 tribus
2423 474 2568 531 vitiis
2588 474 2753 529 etiam
2779 471 3080 527 Dominum
3100 468 3431 524 salvatorem
3452 465 3687 539 legimus

2075 548 2242 627 fuisse
2268 576 2560 625 tentatum.
2592 563 3001 636 Gastrimargia,
3031 577 3157 618 cum
3187 559 3387 616 dicitur
3413 548 3463 615 ei
3502 575 3533 616 a
3569 559 3683 616 dia-

2076 646 2225 732 bolo,
2257 666 2355 719 Dic
2388 667 2451 717 ut
2486 661 2695 732 lapides
2738 662 2834 714 isti
2854 673 3024 729 panes
3052 659 3221 726 ﬁant;
3252 651 3581 720 cenodoxia,
3624 656 3687 711 Si

2074 761 2243 816 Filius
2264 760 2362 813 Dei
2388 772 2461 820 es,
2496 758 2651 811 mitte
2677 759 2728 809 te
2748 756 3029 818 deorsum;
3059 748 3334 821 superbia,
3361 765 3479 803 cum
3504 754 3683 805 osten-

2076 851 2205 906 dens
2234 851 2322 905 illi
2343 852 2523 904 omnia
2545 865 2710 917 regna
2733 847 2926 913 mundi
2949 849 3001 901 et
3023 859 3203 900 eorum
3228 843 3476 911 gloriam,
3508 843 3681 900 dicit:

2077 949 2202 1001 ch
2225 946 2407 1000 omnia
2427 944 2532 998 tibi
2547 943 2708 1005 dabo,
2736 943 2786 996 si
2809 941 3003 996 cadens
3023 939 3336 994 adoraveris
3356 953 3439 992 me
3459 938 3679 1003 (Matth.

2083 1039 2167 1111 ιγ)
2194 1059 2210 1107 ;
2241 1046 2304 1093 ut
2328 1035 2523 1093 iisdem
2549 1035 2744 1108 quibus
2780 1033 2870 1089 ille
2892 1031 3256 1088 tentationum
3283 1030 3441 1086 lineis
3478 1038 3563 1086 est
3591 1046 3685 1103 ap-

2075 1132 2294 1205 petitus,
2323 1146 2429 1187 nos
2459 1144 2677 1202 quoque
2707 1125 3171 1200 quemadmodum
3187 1114 3530 1181 'tentatorem
3564 1125 3687 1181 vin-

2077 1242 2199 1282 cere
2242 1225 2586 1291 deberemus,
2612 1225 2731 1293 {suo
2768 1221 2989 1278 doceret
3016 1220 3264 1290 exemplo
3297 1218 3461 1290 (Vide
3499 1221 3681 1274 collat.

2078 1325 2147 1375 24
2176 1337 2221 1375 c.
2254 1319 2363 1391 17).
2398 1318 2635 1389 Ideoque
2662 1325 2715 1372 et
2733 1316 2820 1371 ille
2842 1313 3022 1371 Adam
3048 1313 3267 1382 dicitur,
3299 1321 3355 1368 et
3377 1313 3480 1369 iste
3506 1312 3681 1368 Adam

2081 1414 2125 1485 (Ι
2147 1415 2261 1471 Cor.
2302 1417 2421 1478 xv).
2465 1412 2562 1467 Ille
2604 1410 2811 1482 primus
2839 1408 2908 1466 ad
2946 1409 3158 1464 ruinam
3203 1415 3257 1464 et
3296 1415 3559 1475 mortem,
3597 1406 3683 1463 hic

2081 1510 2289 1581 primus
2313 1507 2383 1563 ad
2413 1507 2866 1563 resurrectionem
2894 1512 2949 1560 et
2984 1492 3168 1559 vitam.
3202 1504 3304 1558 Per
3326 1502 3483 1558 illum
3520 1516 3684 1557 omne

2080 1617 2252 1681 genus
2279 1598 2566 1655 hominum
2607 1596 3022 1662 condemnatur,
3059 1610 3153 1667 per
3182 1595 3354 1651 istum
3382 1609 3550 1649 omne
3591 1608 3680 1665 ge-

2079 1709 2185 1749 nus
2220 1692 2507 1748 hominum
2554 1690 2831 1746 liberatur.
2883 1688 2977 1743 Ille
3010 1686 3079 1743 de
3110 1686 3233 1743 rudi
3276 1694 3440 1757 atque
3481 1685 3685 1740 intacta

368 1796 452 1844 est
475 1788 880 1859 gastrimargia,
905 1786 1229 1855 cenodoxia,
1253 1787 1531 1859 superbia,
1558 1802 1671 1842 non
1691 1787 1748 1842 in
1776 1786 1975 1859 quibus
2006 1812 2054 1872 B
2084 1787 2305 1860 tingitur
2360 1796 2523 1853 terra,
2592 1783 2683 1839 hic
2736 1782 2805 1839 de
2853 1782 3026 1837 Maria
3081 1779 3286 1851 virgine
3341 1785 3679 1851 procreatur.

369 1889 493 1952 post
514 1882 1012 1953 praevaricationem
1041 1880 1305 1948 mandati,
1338 1880 1573 1953 imagine
1596 1880 1707 1947 ,Dei
1733 1896 1797 1936 ac
1825 1880 1977 1937 simi-

369 1974 595 2031 litudine
625 1975 839 2042 violata,
871 1990 971 2031 suo
993 1975 1110 2045 jam
1156 1975 1284 2030 vitio
1329 1974 1618 2030 devolutus
1660 1973 1971 2029 involvitur.

369 2069 762 2142 Gastrimargia
807 2084 1044 2139 namque
1071 2078 1175 2135 est,
1207 2084 1314 2139 qua
1356 2067 1630 2122 interdicti
1658 2066 1785 2139 ligni
1837 2084 1976 2140 prae-

370 2162 538 2217 sumit
573 2161 847 2227 edulium;
887 2160 1205 2226 cenodoxia,
1243 2174 1350 2230 qua
1391 2158 1611 2227 dicitur,
1652 2161 1979 2230 Aperientur

372 2256 513 2308 oculi
535 2256 701 2308 vestri
726 2254 935 2318 (Genes.
962 2256 1093 2318 tu);
1125 2250 1397 2324 superbia,
1429 2266 1532 2323 qua
1563 2250 1781 2321 dicitur,
1808 2257 1978 2311 Eritis

2080 1882 2106 1916 ³³
2138 1879 2318 1952 Hujus
2343 1894 2471 1952 ergo
2506 1886 2567 1934 ut
2594 1876 2869 1948 suscipere
2895 1890 3025 1931 eum
3064 1872 3385 1929 tentationes
3410 1870 3677 1943 oportuit,

2083 1974 2155 2030 ita
2194 1973 2454 2029 excedere
2490 1970 2861 2026 necessarium
2909 1983 3023 2023 non
3059 1966 3176 2023 fuit.
3224 1969 3331 2022 Nec
3376 1966 3522 2020 enim
3582 1963 3681 2036 qui

2084 2066 2521 2141 gastrimargiam
2558 2065 2780 2131 vicerat,
2812 2071 3023 2135 poterat
3060 2060 3421 2117 fornicatione
3463 2056 3685 2123 tentari,

2085 2178 2208 2235 quae
2237 2177 2302 2216 ex
2335 2153 2477 2215 illius
2510 2158 2838 2215 abundantia
2875 2172 2938 2212 ac
2973 2155 3151 2212 radice
3179 2153 3444 2227 procedit,
3474 2167 3583 2223 qua
3617 2165 3687 2206 ne

2086 2256 2172 2310 ille
2213 2253 2432 2325 quidem
2476 2253 2686 2323 primus
2730 2250 2909 2307 Adam
2957 2248 3151 2305 fuisset
3195 2247 3378 2315 elisus,
3419 2245 3525 2302 nisi
3559 2252 3686 2301 ante

1466 2361 1721 2416 ALARDI
1761 2362 1985 2419 GAZzEl
2028 2359 2587 2421 COMMENTARIUS.

373 2465 711 2532 communia,
759 2473 823 2520 ut
869 2473 1001 2520 sunt
1039 2464 1231 2532 fames,
1277 2465 1418 2533 sitis,
1465 2464 1745 2531 lassitudo,
1792 2465 1969 2531 dolor,

373 2535 612 2607 tristitia,
658 2543 838 2591 metus
875 2536 1093 2605 mortis,
1119 2544 1176 2591 et
1218 2552 1373 2593 mors
1414 2537 1545 2607 ipsa.
1578 2535 1636 2591 2°
1665 2539 1746 2607 Ut
1777 2541 1973 2593 tentari

371 2606 442 2678 sit
469 2606 613 2678 idem
651 2607 800 2678 quod
828 2607 895 2662 ad
941 2616 1224 2678 peccatum
1263 2606 1565 2678 sollicitari,
1599 2615 1660 2662 ut
1687 2606 1971 2678 hic_abbas

370 2677 623 2750 intelligit
670 2676 751 2732 Vde
815 2676 1015 2732 Christi
1081 2676 1473 2750 tentationibus
1518 2693 1717 2750 agens;
1776 2676 1977 2735 dicitur

372 2747 629 2819 Christus
645 2755 893 2819 tentatus
923 2763 1018 2818 per
1058 2748 1267 2819 omnia,
1308 2747 1577 2819 quoniam
1606 2758 1864 2819 expertus
1892 2758 1975 2805 est

370 2817 635 2899 quidquid
669 2817 895 2899 experiri
929 2817 1134 2899 potuit,
1180 2818 1241 2899 id_
1272 2817 1374 2899 est,
1405 2819 1551 2899 (ιιιομ
1594 2817 1888 2899 personam
1919 2829 1976 2876 et

371 2888 749 2960 conditionem
759 2888 877 2960 ejus
897 2888 1007 2944 non
1023 2889 1341 2960 dedecebat,
1363 2888 1526 2944 et'ﬁni
1549 2888 1712 2959 quem
1731 2890 1835 2944 sibi
1858 2905 1974 2960 pro-

372 2967 646 3029 posuerat,
686 2959 738 3014 id
768 2959 872 3026 est,
919 2960 1285 3031 redemptioni
1319 2959 1635 3031 hominum,
1686 2959 1972 3015 consenta-

370 3046 539 3100 neum
566 3038 714 3100 erat.
728 3032 916 3100 Itaque
944 3030 1183 3085 tentatus
1212 3038 1296 3084 est
1333 3045 1363 3084 a
1388 3030 1607 3085 diabolo
1639 3045 1736 3100 per
1764 3031 1970 3098 omnia,

373 3098 431 3171 id
457 3108 558 3163 est,
588 3099 769 3171 modis
810 3098 1066 3171 (Smnibus
1102 3100 1299 3171 quibus
1321 3108 1535 3171 poterat
1564 3108 1617 3154 et
1640 3098 1975 3170 congruebat

373 3169 502 3225 eum
540 3170 754 3243 tentari,
783 3169 891 3243 sed
921 3185 1018 3241 per
1057 3169 1388 3243 exteriorem
1414 3178 1629 3243 tantum
1667 3169 1968 3243 suggestio-

372 3256 524 3296 nem.
583 3243 686 3295 Per
732 3239 1052 3295 interiorem
1106 3240 1249 3296 enim
1289 3256 1390 3295 nec
1431 3256 1461 3296 a
1510 3239 1901 3307 diaboloI'nec
1941 3259 1971 3297 a

2082 2484 2179 2524 seu
2223 2466 2461 2538 appetitu
2501 2463 2856 2538 sublimitatis
2902 2477 3189 2535 usurpans,
3236 2461 3329 2533 qui
3361 2459 3495 2515 nihil
3540 2459 3685 2538 aliud

2083 2546 2166 2594 est
2206 2531 2370 2620 quam
2414 2536 2687 2620 superbia,
2714 2535 2802 2616 cui
2840 2531 3194 2620 tamen-non
3216 2531 3485 2620 répqgnat
3519 2531 3684 2620 etiam

2083 2601 2322 2665 avaritia:
2367 2601 2852 2677 seu-philargyriae
2906 2601 3509 2677 tentationem'fuisse
3546 2617 3684 2677 con-

2077 2681 2352 2751 junctam,
2398 2687 2459 2733 ut
2494 2672 2633 2731 intra
2672 2672 2901 2751 dicetur,
2942 2684 2997 2730 et
3044 2677 3101 2751 S_.
3148 2674 3389 2751 Thomas
3432 2672 3689 2751 admittit

2083 2746 2184 2876 3:011
2209 2746 2383 2820 part.,
2412 2766 2469 2818 q.
2499 2754 2560 2802 4|
2577 2789 2591 2809 ,
2618 2764 2673 2801 a.
2695 2748 2769 2817 4).
2792 2747 2879 2802 Sic
2903 2762 3029 2801 vero
3050 2746 3381 2816 Gregorius:
3406 2746 3687 2814 Antiquus

2151 2823 2247 2875 stis
2275 2825 2458 2875 contra
2493 2823 2730 2876 primum
2759 2818 3021 2872 hominem
3060 2821 3333 2876 parentem
3357 2820 3601 2870 nostrum
3627 2818 3685 2869 in

2151 2818 2247 2875 stis
2275 2825 2458 2875 contra
2493 2823 2730 2888 primum
2759 2818 3021 2872 hominem
3060 2821 3333 2887 parentem
3348 2820 3601 2888 nostrum
3614 2818 3685 2888 in

2083 2892 2259 2946 tribus
2276 2907 2330 2945 se
2355 2886 2735 2944 tentationibus
2754 2891 2945 2951 erexit,
2967 2891 3092 2958 quia
3115 2889 3252 2942 hunc
3270 2887 3517 2941 videlicet
3530 2886 3682 2954 gula,

2081 2978 2230 3016 vana
2259 2962 2431 3030 gloria
2449 2965 2498 3015 et
2519 2962 2761 3014 avaritia
2778 2962 3039 3025 tentavit;
3070 2960 3162 3014 sed
3187 2959 3443 3030 tentando
3466 2973 3686 3030 supera-

2080 3035 2178 3094 vit,
2212 3029 2347 3102 quia
2375 3033 2478 3085 sibi
2517 3048 2637 3086 eum
2662 3046 2761 3101 per
2790 3046 3098 3085 consensum
3129 3029 3390 3084 subdidit.
3409 3031 3516 3102 _Ea:
3553 3029 3683 3096 gula

2079 3099 2280 3173 quippe
2301 3105 2547 3166 tentavit,
2576 3099 2695 3156 cum
2715 3103 2891 3156 cibum
2912 3103 3046 3170 ligni
3064 3103 3217 3155 vetiti
3238 3099 3491 3173 ostendit,
3520 3106 3686 3168 atque

2079 3171 2153 3228 ad
2175 3171 2552 3229 comedendum
2568 3175 2760 3227 suasit.
2777 3177 2864 3229 Er
2876 3188 3019 3226 vana
3034 3177 3212 3225 autem
3234 3171 3411 3239 gloria
3434 3173 3683 3237 tentavit,

2079 3261 2196 3299 cum
2223 3247 2456 3300 diceret:
2496 3247 2657 3300 Eritis
2682 3248 2818 3298 sicut
2845 3244 2944 3297 dii.
2974 3247 3045 3299 Et
3069 3259 3136 3297 ear
3155 3245 3405 3312 provectu
3429 3244 3684 3295 avaritia

372 3326 561 3377 carne,
589 3325 689 3365 nec
713 3325 745 3365 a
772 3310 979 3366 mundo
1018 3313 1209 3366 tentari
1239 3312 1435 3378 potuit.
1472 3314 1605 3366 Nam
1633 3288 1861 3369 tentatio
1889 3314 1970 3368 in-
2005 3288 2049 3351 Ο
2078 3288 2321 3378 tentavit,
2349 3288 2468 3370 cum
2488 3288 2685 3370 diceret
2706 3334 2721 3369 :
2742 3316 2971 3370 Scientes
2998 3288 3190 3367 bonum
3207 3317 3257 3367 et
3284 3313 3511 3366 malum.
3538 3318 3686 3368 Ava-

373 3382 542 3437 terior
569 3396 679 3436 non
714 3381 775 3436 lit
800 3381 919 3437 sine
965 3382 1143 3452 aliqua
1172 3381 1531 3438 delectatione
1559 3391 1613 3438 et
1638 3392 1799 3439 motu
1845 3400 1975 3439 con-

372 3452 739 3525 cupiscentiae,
783 3468 907 3524 quae
954 3468 1066 3507 non
1114 3461 1195 3509 est
1231 3453 1336 3509 nisi
1364 3454 1419 3508 in
1465 3469 1623 3509 carne
1654 3455 1969 3525 peccatrice,

373 3522 573 3595 id'est,
618 3538 713 3595 per
771 3522 1052 3594 peccatum
1113 3525 1371 3591 sauciata,
1414 3540 1515 3580 nec
1566 3522 1719 3595 plene
1766 3535 1969 3581 sanata.

366 3595 498 3650 Non
522 3592 747 3648 decebat
773 3592 953 3648 autem
990 3594 1268 3650 Christum
1314 3595 1480 3649 talem
1523 3592 1777 3650 naturam
1818 3612 1971 3652 assu-

374 3679 543 3728 mere,
577 3663 673 3719 sed
700 3664 767 3719 ab
797 3665 950 3737 omni
985 3664 1234 3737 contagio
1279 3665 1479 3736 peccati
1524 3665 1753 3720 liberam
1792 3673 1846 3721 et
1871 3667 1973 3722 im-

375 3749 622 3806 munem,
668 3750 738 3788 ne
768 3739 825 3789 et
857 3734 969 3805 ipse.
1011 3734 1312 3791 secundum
1352 3745 1686 3806 assumptam
1721 3744 1974 3792 naturam

376 3805 728 3878 redemptore
741 3813 803 3878 et
831 3806 1117 3878 liberatore
1147 3806 1426 3878 indigeret.
1479 3805 1632 3862 Hanc
1666 3807 1974 3878 doctrinam

373 3876 571 3949 diserte
614 3875 779 3930 tradit
819 3885 875 3930 et
918 3876 1158 3949 explicat
1210 3875 1287 3933 D:
1324 3878 1620 3949 Gregorius
1668 3877 1751 3932 his
1801 3879 1976 3934 verbis

376 3947 547 4020 (Hom.
585 3949 649 4001 16
678 3949 734 4000 in
762 3947 1023 4017 Evang.):
1064 3949 1368 4011 Sciendum,
1409 3947 1603 4020 inquit,
1641 3953 1771 4018 quia
1802 3952 1976 4005 tribus

374 4019 544 4073 modis
598 4021 817 4072 tentatio
863 4021 1066 4086 agitur,
1118 4019 1494 4089 suggestione,’
1527 4020 1869 4075 delectatione
1925 4026 1977 4076 et

373 4105 648 4144 consensu.
673 4093 744 4145 Et
770 4105 864 4144 nos
883 4106 1002 4144 cum
1025 4094 1313 4153 tentamur,
1340 4092 1654 4160 plerumque
1676 4094 1733 4145 in
1755 4092 1974 4146 delecta-

373 4162 568 4215 tionem
588 4163 867 4215 autetiam
890 4163 945 4214 in
963 4177 1268 4216 consensum
1287 4163 1540 4226 labimur,
1566 4165 1699 4232 quia
1714 4163 1780 4217 de
1797 4166 1973 4217 carnis

371 4236 582 4301 peccato
617 4234 914 4301 propagati
948 4233 1007 4285 in
1032 4234 1317 4303 nobisipsis
1357 4236 1518 4289 etiam
1553 4236 1803 4301 gerimus,
1836 4235 1975 4287 unde

373 4305 667 4356 certamina
686 4304 985 4357 toleramus.
1010 4307 1150 4358 Deus
1172 4320 1312 4367 vero,
1341 4307 1440 4373 qui
1468 4307 1526 4357 in
1546 4310 1697 4358 utero
1728 4306 1973 4372 Virginis

372 4375 705 4433 incarnatus,
749 4374 806 4425 in
854 4374 1117 4427 mundum
1150 4378 1265 4429 sine
1298 4379 1511 4443 peccato
1554 4379 1787 4435 venerat,
1836 4375 1975 4428 nihil

374 4443 813 4495 contradictionis
842 4444 901 4494 in
936 4446 1212 4511 semetipso
1249 4446 1528 4498 tolerabat.
1582 4447 1803 4498 Tentari
1846 4460 1974 4513 ergo

368 4526 470 4579 per
497 4513 881 4578 suggestionem
898 4513 1097 4582 potuit,
1117 4514 1210 4566 sed
1229 4514 1340 4581 ejus
1366 4518 1591 4567 mentem
1604 4518 1811 4582 peccati
1830 4516 1975 4569 dele-

372 4583 534 4634 ctatio
560 4596 665 4634 non
696 4580 1009 4645 momordit;
1039 4587 1200 4650 atque
1237 4580 1356 4636 ideo
1384 4587 1555 4637 omnis
1583 4580 1847 4637 diabolica
1877 4586 1975 4639 illa

375 4653 599 4705 tentatio
641 4652 799 4717 foris,
851 4666 957 4705 non
1002 4657 1165 4716 intus,

374 4721 465 4797 lib.
500 4738 577 4778 ιιι
618 4722 685 4777 de
712 4721 1110 4797 Fide_0rthod.
1140 4739 1258 4794 cap.
1299 4728 1364 4779 '20
1396 4743 1406 4778 :
1440 4725 1732 4793 Malignus,
1781 4725 1972 4797 inquit,

373 4794 439 4865 de
460 4797 597 4862 foris
625 4794 962 4863 suggerebat,
994 4810 1099 4850 non
1127 4811 1224 4865 per
1249 4798 1614 4865 cogitationes,
1637 4805 1742 4852 etc.
1772 4794 1974 4854 Audie-

372 4863 467 4941 bat
490 4866 710 4941 quidem
740 4865 984 4941 Christus
1012 4863 1287 4941 diabolum
1312 4863 1412 4921 sibi
1452 4876 1845 4941 proponentem
1871 4886 1970 4941 gu-

374 4935 461 5001 lae,
490 4935 808 5010 cenodoxim
845 4945 898 4991 et
925 4937 1191 5010 superbiae
1216 4935 1468 5010 peccata;
1486 4947 1540 4993 et
1556 4935 1787 4994 illorum
1816 4935 1967 4995 colu—

376 5005 559 5070 moda,
590 5021 689 5061 nec
733 5022 871 5076 opus
912 5005 1240 5084 est'credere
1269 5009 1395 5084 nihil
1428 5025 1553 5084 eum
1592 5010 1660 5067 de
1702 5010 1783 5066 his
1824 5013 1971 5084 cogi-

375 5084 536 5154 tasse,
574 5084 818 5154 attamen
860 5079 1041 5134 nullus
1080 5080 1237 5154 inqeo
1279 5081 1361 5154 vel
1400 5081 1662 5137 minimus
1699 5079 1973 5154 appetitus

288 5193 301 5201 .
375 5148 443 5224 ad
472 5164 531 5224 ca
562 5151 824 5224 excitatus
852 5156 966 5204 est:
999 5166 1124 5205 cum
1152 5150 1203 5206 in
1233 5152 1394 5207 nobis
1422 5148 1846 5224 numquamaut
1887 5169 1971 5208 ra-

371 5220 591 5275 rissime
618 5221 735 5277 haec
762 5229 1103 5292 separentur,
1139 5233 1204 5279 ut
1230 5224 1344 5279 sine
1376 5220 1588 5279 affectu
1612 5225 1791 5295 aliquo
1822 5224 1974 5297 cogi-

372 5299 572 5346 temus.

444 5364 468 5393 ³
502 5360 648 5417 Infra
668 5361 824 5418 dicit:
853 5367 915 5420 In
943 5366 1025 5419 his
1064 5365 1234 5419 tribus
1263 5368 1429 5427 vitiis,
1473 5366 1601 5433 gula
1628 5366 1847 5426 scilicet,
1886 5381 1967 5419 ce-

374 5433 626 5497 nodoxia,
654 5435 715 5488 id
743 5439 840 5498 est,
867 5452 1007 5489 vana
1031 5437 1226 5503 gloria,
1250 5442 1299 5490 ct
1322 5438 1591 5505 superbia.
1620 5434 1826 5489 Eodem
1855 5434 1967 5491 fere

372 5505 634 5587 model).
671 5506 965 5587 Gregorius
1007 5508 1225 5587 (Ηογηίζἶ
1256 5510 1318 5561 16
1348 5509 1405 5587 in
1432 5509 1684 5587 Evang.)
1705 5505 1968 5587 triplicem

372 5576 573 5632 Christi
620 5576 975 5631 tentationem
1014 5576 1256 5646 exponit,
1308 5586 1362 5631 et
1403 5591 1528 5630 cum
1578 5576 1967 5633 tentationibus

372 5647 580 5718 Adami
616 5645 852 5709 confert,
899 5646 1004 5701 nisi
1044 5645 1187 5718 quod
1230 5663 1344 5718 pro,
1377 5646 1632 5718 superbia
1683 5649 1965 5703 avaritiam

374 5715 533 5801 tertio
564 5715 688 5801 loco
716 5718 905 5801 ponit;
946 5718 1039 5801 sed
1061 5715 1478 5801 Iimproprieue‘t
1519 5717 1739 5773 abusive
1778 5718 1872 5801 (ut
1901 5737 1967 5801 ex

372 5784 657 5855 ipsiusmet
700 5784 857 5841 dictis
909 5784 1200 5858 colligitur)
1235 5784 1514 5844 avaritiam
1522 5805 1642 5865 pro
1676 5784 1967 5863 cupiditate

1222 4655 1362 4743 fuit;
1388 4655 1576 4743 δίελθε.
1609 4657 1977 4743 Damascenus
2004 4682 2054 4743 Β

2078 3389 2211 3441 ritia
2226 3389 2366 3442 enim
2380 3404 2486 3441 non
2500 3388 2669 3441 solum
2678 3387 2917 3456 pecunia:
2937 3390 3034 3451 est,
3052 3385 3145 3438 sed
3162 3386 3322 3437 etiam
3346 3384 3682 3456 altitudinis.

2080 3460 2233 3513 Recte
2260 3461 2403 3512 enim
2427 3454 2917 3522 avaritia'dicitur,
2948 3471 3071 3510 cum
3093 3470 3257 3524 supra
3279 3454 3493 3508 modum
3518 3454 3686 3508 subli-

2078 3531 2244 3583 mitas
2268 3530 2528 3582 ambitur.
2560 3529 2622 3584 Si
2639 3529 2778 3582 enim
2804 3543 2909 3581 non
2935 3527 3009 3580 ad
3031 3529 3323 3579 avaritiam
3345 3526 3559 3579 honoris
3590 3541 3686 3578 ra-

2075 3601 2210 3668 pina
2232 3602 2547 3668 pertineret,
2580 3614 2919 3668 nequaquam
2958 3598 3159 3652 Paulus
3195 3596 3263 3650 de
3288 3598 3554 3664 unigenito
3585 3599 3689 3651 Dei

2078 3671 2219 3725 Filio
2272 3670 2513 3723 diceret:
2559 3671 2675 3725 Non
2716 3671 2969 3738 rapinam
3013 3668 3313 3721 arbitratus
3355 3672 3434 3738 est
3476 3682 3531 3720 se
3575 3681 3685 3721 esse

2080 3741 2343 3810 aequalem
2394 3744 2498 3795 Deo
2550 3737 2924 3808 (Phi-lips”).
2967 3742 3030 3794 In
3058 3740 3151 3793 hoc
3181 3742 3357 3791 autem
3399 3737 3683 3810 diabolum

2075 3808 2361 3881 parentem
2390 3815 2630 3864 nostrum
2673 3811 2746 3863 ad
2778 3811 3082 3879 superbiam
3112 3811 3301 3881 traajit,
3326 3824 3427 3881 quo
3456 3823 3578 3861 eum
3606 3808 3687 3881 ad

2082 3879 2370 3935 avaritiam
2416 3881 2767 3935 sublimitatis
2813 3883 3088 3935 excitavit.
3136 3880 3240 3936 Sed
3275 3879 3465 3948 quibus
3506 3880 3684 3933 modis

2076 3954 2311 4022 primum
2345 3953 2607 4006 hominem
2643 3954 2859 4013 stravit,
2892 3953 3087 4005 eisdem
3125 3952 3294 4004 modis
3329 3951 3559 4004 secundo
3594 3951 3685 4004 ho-

2082 4025 2222 4077 mini
2240 4028 2469 4077 tentator
2490 4025 2783 4077 succubuit.
2807 4025 2906 4077 Per
2922 4023 3105 4091 gulam
3127 4024 3327 4091 quippe
3346 4025 3538 4083 tentat,
3563 4036 3683 4075 cum

2083 4094 2213 4148 dicit
2236 4113 2252 4148 :
2281 4097 2379 4149 Dic
2408 4099 2468 4148 ut
2494 4095 2700 4164 lapides
2732 4096 2827 4148 isti
2848 4109 3015 4163 panes
3034 4097 3184 4162 ﬁant.
3211 4094 3311 4146 Per
3336 4107 3536 4145 vanam
3556 4093 3682 4164 glo-

2082 4167 2224 4218 riam
2249 4169 2438 4232 tentat,
2466 4163 2583 4219 cum
2607 4166 2777 4219 dicit:
2810 4166 2872 4220 Si
2890 4166 3036 4233 ﬁlius
3068 4166 3167 4219 Dei
3181 4178 3252 4225 es,
3278 4164 3432 4216 mitte
3457 4168 3507 4217 te
3529 4163 3682 4216 deor-

2082 4251 2220 4289 sum.
2268 4239 2367 4290 Per
2402 4237 2751 4290 sublimitatis
2786 4237 3080 4289 avaritiam
3122 4238 3311 4296 tentat,
3359 4249 3477 4287 cum
3514 4249 3681 4302 regna

2083 4308 2262 4359 omnia
2291 4307 2482 4359 mundi
2509 4306 2740 4360 ostendit
2765 4306 2978 4361 dicens:
3010 4308 3134 4360 Haec
3167 4307 3349 4358 omnia
3387 4305 3494 4358 tibi
3521 4305 3677 4365 dabo,

2082 4379 2132 4430 si
2151 4377 2427 4445 procidens
2467 4377 2776 4431 adoraveris
2813 4393 2913 4430 me.
2954 4377 3057 4433 Sed
3083 4376 3280 4430 eisdem
3317 4376 3490 4429 modis
3528 4391 3563 4429 a
3597 4390 3682 4429 se-

2083 4447 2253 4499 cundo
2291 4448 2497 4500 homine
2526 4449 2781 4513 vincitur,
2815 4448 3013 4517 quibus
3050 4448 3290 4517 primum
3320 4447 3588 4500 hominem
3624 4460 3678 4499 se

2082 4518 2265 4570 vicisse
2301 4518 2656 4585 gloriabatur,
2701 4522 2762 4572 ut
2795 4535 2830 4572 a
2864 4520 3063 4573 nostris
3083 4519 3330 4572 cordibus
3366 4520 3481 4586 ipso
3525 4517 3680 4570 aditu

2083 4593 2269 4656 captus
2292 4593 2442 4642 exeat
2460 4605 2563 4657 quo
2580 4605 2671 4643 nos
2686 4590 2842 4644 aditu
2857 4591 3193 4647 intromissus
3228 4590 3459 4642 tenebat.
3485 4589 3683 4642 Hacte-

2082 4674 2187 4713 nus
2213 4660 2527 4730 Gregorius.
2558 4663 2737 4731 Atque
2762 4659 3013 4715 eumdem
3046 4658 3292 4714 ordinem
3315 4659 3680 4714 tentationum

2083 4731 2330 4800 sequitur
2357 4739 2412 4785 et
2436 4731 2685 4800 explanat
2708 4733 2764 4786 S.
2794 4731 3038 4786 Thomas
3072 4746 3151 4785 ιιι
3170 4739 3341 4800 parte,
3367 4739 3562 4800 quaest.
3587 4735 3678 4792 4t,

2082 4802 2311 4873 articulo
2350 4807 2404 4857 4.
2438 4802 2607 4858 Aliter
2650 4810 2833 4857 tamen
2869 4804 2925 4858 S.
2969 4801 3304 4873 Augustinus
3348 4809 3508 4856 tract.
3550 4807 3583 4856 2
3628 4800 3682 4853 in

2084 4872 2253 4927 Euist.
2275 4874 2432 4927 Joan.

2132 4889 2545 5017 psftdfceimhujus
2575 4944 2761 5017 legunt
2778 4943 2864 5017 alii
2896 4942 3223 5017 hujusmodi,
3242 4949 3295 4997 et
3308 4950 3441 5013 puto
3458 4943 3678 5017 rectius,

2084 5021 2143 5085 ut
2174 5014 2451 5070 Christum
2482 5014 2760 5085 respiciat;
2805 5015 2847 5070 si
2879 5017 3020 5070 enim
3052 5014 3329 5069 Adamum
3368 5014 3679 5085 respiceret,

2080 5083 2373 5141 dicendum
2402 5083 2595 5141 fuisset
2628 5087 2797 5154 illius,
2826 5094 2941 5141 non
2970 5087 3149 5156 hujus,
3182 5100 3308 5139 cum
3352 5083 3423 5139 de
3461 5083 3693 5140 Christo~

2080 5157 2328 5224 proxime
2369 5166 2424 5212 et
2460 5157 2772 5212 immediate
2811 5159 3021 5212 locutus
3064 5162 3222 5212 esset.
3274 5156 3478 5211 Sensus
3518 5157 3680 5228 igitur

2079 5235 2189 5283 est:
2224 5228 2696 5300 Quemadmodum
2727 5229 2967 5300 Oportuit
2997 5228 3069 5300 (id
3099 5235 3198 5300 est,
3232 5224 3682 5300 congruum'tuit

2079 5305 2134 5352 et
2178 5299 2372 5371 rationi
2402 5298 2849 5371 consentaneum)
2894 5308 2954 5355 ut
2995 5298 3241 5356 Christus
3284 5314 3460 5353 novus
3499 5298 3679 5371 Adam

2078 5368 2295 5443 easdem
2346 5370 2460 5423 illas
2501 5368 2839 5443 tentationes
2871 5387 3033 5443 supra
3079 5378 3434 5443 memoratas,
3476 5369 3686 5442 scilicet

2077 5439 2239 5512 gulm,
2286 5455 2434 5496 vana:
2468 5442 2654 5509 gloriae
2692 5451 2746 5496 et
2770 5439 3058 5512 superbiae,
3099 5440 3151 5494 in
3178 5456 3236 5496 se
3278 5439 3581 5511 susciperet
3620 5455 3687 5497 ac

2077 5510 2386 5583 sustineret,
2413 5512 2610 5581 quibus
2640 5510 2851 5582 primus
2874 5514 3052 5569 Adam
3079 5512 3347 5583 appetitus
3366 5510 3688 5582 et’dejectus

2078 5577 2290 5653 fuerat:
2342 5577 2569 5637 ita‘non
2619 5577 2724 5638 fuit
2751 5600 2968 5640 necesse
2998 5593 3059 5641 ut
3087 5577 3249 5637 aliam
3292 5577 3686 5653 tentatiouem,

2075 5651 2254 5738 carnis
2286 5652 2400 5738 scil.
2430 5669 2542 5738 seu
2584 5655 2824 5736 lux-uviae,
2856 5657 3202 5738 experiretur,
3243 5670 3408 5738 quam
3437 5670 3539 5710 nec
3569 5651 3687 5727 prié

2077 5737 2199 5778 mus
2224 5723 2400 5779 Adam
2428 5724 2479 5778 in
2501 5731 2642 5780 statu
2666 5723 2986 5785 innocentiae
3011 5734 3262 5798 expertus
3283 5724 3498 5781 fuisset.
