3982 6202
383 326 488 383 619

1268 376 1273 381 .
1376 336 1389 361 ι’
1442 323 1741 379 .JOANNIS
1776 316 2601 378 CASSIANLCOLLATIONES.

3583 314 3688 367 620

382 451 615 507 ostendit
658 454 842 509 omnia
877 467 1043 520 regna
1072 451 1266 506 mundi
1305 454 1356 504 et
1397 451 1625 518 gloriam
1662 465 1873 517 eorum;
1901 446 1975 509 ibi
2001 450 2055 514 Α
2083 450 2396 503 causanw'r.
2424 442 2589 516 Quod
2613 449 2766 503 extra
2795 447 3050 497 naturam
3077 438 3148 496 sit
3191 434 3543 510 pbilargyria,
3562 432 3689 490 hinc

385 543 520 601 dicit
544 563 560 598 :
591 547 761 601 Eritis
773 547 910 600 sicut
929 545 1013 599 dii
1025 564 1043 612 ;
1066 542 1179 611 hic,
1198 545 1261 599 Si
1275 544 1445 599 Filius
1462 546 1560 598 Dei
1574 559 1629 598 es
1654 544 1860 614 (Gates.
1878 558 1974 610 In;

384 640 579 696 Matth.
610 640 712 711 iv).
1324 656 1331 661 ·
1715 664 1719 673 ο

1019 734 1410 791 CAPUTVII.
1516 778 1520 782 .
1590 772 1595 781 .

490 840 567 892 De
600 838 1048 890 consummatione
1071 838 1372 892 cenatica-ire
1389 841 1437 892 et
1461 836 1727 907 superbia:
1762 838 1878 892 sine

871 908 1171 963 ministerio
1201 910 1481 979 corporali.

452 1010 523 1063 Et
548 1016 608 1063 ut
630 1008 699 1065 de
712 1006 1020 1066 efﬁcientiis
1037 1018 1063 1044 ⁸
1081 1017 1404 1081 caaterarum
1421 1024 1640 1082 quoque
1667 1008 1982 1081 passionum

387 1100 641 1171 (quarum
669 1100 1043 1158 narrationem
1080 1101 1412 1162 intercidere
1446 1116 1549 1158 nos
1577 1100 1852 1173 expositio
1888 1116 1982 1172 ga-

383 1193 714 1266 strimargim
733 1193 816 1250 vel
836 1195 1146 1251 Dominica:
1164 1195 1480 1251 tentationis
1499 1195 1799 1252 necessario
1823 1210 1984 1250 com-

386 1286 544 1359 pulit)
577 1287 771 1345 eodem
784 1304 894 1360 quo
923 1304 1387 1360 proposueramus
1415 1289 1610 1347 ordine
1627 1288 1977 1358 disseramus,

387 1381 681 1441 cenodoxia
714 1390 878 1455 atque
918 1383 1171 1455 superbia
1208 1383 1373 1440 etiam
1413 1384 1532 1440 sine
1570 1384 1681 1440 ullo
1723 1398 1984 1440 consum-

386 1476 524 1533 mari
547 1477 721 1533 solent
739 1475 1041 1533 ministerio
1066 1477 1334 1549 corporali
1356 1480 1404 1534 δ.
1438 1482 1501 1533 In
1528 1494 1636 1550 quo
1664 1478 1812 1534 enim
1829 1486 1988 1552 egent

386 1571 596 1628 actione
619 1571 842 1639 carnali,
871 1574 1027 1643 quae,
1041 1587 1139 1643 pro
1161 1571 1499 1629 cohibitione
1517 1580 1573 1627 et
1608 1571 1983 1643 concupiscen-

384 1663 483 1731 tia,
527 1663 804 1721 voluntate
831 1664 947 1721 sola
985 1663 1373 1736 conquirendae
1414 1663 1591 1721 laudis
1629 1673 1685 1720 et
1730 1663 1986 1719 humanae

387 1760 573 1834 gloriae
600 1759 997 1833 consequendae
1035 1759 1249 1818 abunde
1268 1760 1486 1818 ruinam
1507 1768 1768 1833 generant
1793 1758 1990 1815 animm

2088 538 2289 612 liquido
2343 536 2678 611 pervidetur,
2719 534 2840 608 quia
2888 549 3007 590 nec‘
3034 529 3292 604 originale
3320 527 3598 602 probatur
3635 527 3691 583 in

2087 633 2247 691 nobis
2274 632 2482 690 habere
2505 630 2858 705 principium,
2892 643 2996 685 nec
3010 626 3083 685 de
3111 624 3337 682 materia
3365 622 3688 696 concipitur,

2089 745 2213 801 qua:
2237 729 2501 801 pertingit
2523 726 2593 785 ad
2617 725 2818 784 animai
2854 724 2938 780 vel
2982 721 3160 779 carnis
3184 719 3687 795 participationem,

2090 823 2327 895 vitaeque
2362 820 2750 879 substantiam.
2782 818 2927 875 Nihil
2953 812 3105 874 enim
3135 814 3205 871 ad
3235 828 3407 871 usum
3457 813 3542 868 vel
3586 828 3685 869 ne-

2091 915 2405 973 cessitatem
2445 923 2658 971 natura:
2696 911 3004 969 communis
3053 917 3251 982 praeter
3277 920 3463 964 escam
3494 906 3685 979 quoti-

2091 1009 2311 1067 dianam
2357 1026 2423 1066 ac
2470 1017 2669 1081 potum
2716 1014 2927 1064 certum
2980 1012 3066 1062 est
3111 998 3437 1077 pervenire;
3470 1000 3690 1074 reliquae

2091 1120 2219 1161 vero
2280 1104 2552 1162 universas
2598 1102 2865 1170 materiai,
2914 1098 3254 1173 quantolibet
3299 1096 3486 1154 studio
3533 1104 3692 1169 atque

2092 1215 2278 1257 amore
2305 1208 2607 1265 serventur,
2633 1198 2821 1255 alienae
2849 1205 3036 1252 tamen
3058 1192 3128 1250 ab
3151 1192 3394 1249 humana
3437 1189 3691 1264 indigen-

2093 1293 2169 1348 tia
2198 1292 2364 1349 etiam
2390 1308 2493 1349 usu
2530 1293 2657 1349 vitae
2700 1290 2867 1363 ipsius
2890 1287 3282 1362 approbantur,
3309 1277 3539 1358 ideoque
3567 1284 3690 1348 hoc.

2097 1388 2242 1444 velut
2265 1398 2287 1424 °
2316 1397 2467 1445 extra
2508 1396 2767 1445 naturam
2806 1386 3063 1453 existens,
3112 1399 3228 1440 non
3252 1381 3354 1437 nisi
3382 1381 3597 1455 tepidos
3635 1398 3693 1438 ac

2096 1482 2237 1538 male
2260 1481 2517 1539 fundatas
2544 1481 2850 1539 monachos
2867 1478 3066 1552 pulsat.
3093 1479 3230 1548 Quae
3252 1484 3439 1533 autem
3470 1484 3691 1533 natura-

2095 1576 2168 1632 lia
2198 1584 2331 1633 sunt
2341 1577 2503 1634 etiam
2519 1575 2934 1649 probatissimos
2953 1571 3378 1640 monachorum,
3396 1580 3453 1627 et
3474 1570 3694 1644 quidem

2098 1671 2157 1726 in
2176 1670 2466 1727 solitudine
2506 1677 2933 1734 commorantes,
2963 1674 3231 1725 attentare
3262 1681 3378 1723 non
3416 1665 3694 1722 desinunt.

2098 1761 2168 1815 Et
2217 1760 2274 1815 in
2312 1767 2526 1817 tantum
2580 1758 2685 1816 hoc
2735 1756 3083 1815 verissimum
3129 1754 3538 1827 comprobatur,
3593 1753 3613 1789 τ
3638 1761 3700 1809 ιιι

387 1856 706 1928 οδρῐίνεηωὲ
742 1863 840 1912 aut
893 1871 1058 1928 quem
1102 1853 1368 1912 effectum
1404 1853 1602 1911 habuit
1647 1853 1989 1926 corporalem
2022 1873 2070 1936 Β
2096 1853 2262 1909 etiam
2290 1863 2480 1927 gentes
2499 1853 2792 1910 nonnullas
2824 1852 2894 1909 ab
2918 1851 3022 1908 hac
3060 1849 3336 1925 passione,
3373 1848 3427 1906 id
3453 1857 3538 1906 est
3576 1849 3696 1920 phi-

389 1949 636 2022 pratdicti
654 1948 893 2007 Luciferi
921 1950 1069 2007 illius
1089 1949 1313 2021 antiqua
1341 1949 1597 2021 superbia
1624 1958 1669 2016 °,
1698 1948 1806 2003 nisi
1839 1945 1988 2018 quod

389 2061 511 2101 eam
540 2044 926 2102 tantummodo
949 2043 1134 2099 animo
1165 2050 1221 2099 et
1247 2041 1577 2114 cogitatione
1614 2041 1885 2111 concepit,
1914 2040 1986 2097 ita

389 2138 649 2210 propheta
678 2144 1150 2194 commemorante
1171 2135 1345 2207 (Isai.,
1362 2139 1490 2201 xrv)
1525 2153 1556 2189 :.
1573 2137 1681 2203 Qui
1696 2135 1907 2191 dicebas
1930 2136 1989 2188 in

389 2230 542 2285 corde
570 2234 662 2285 tuo
684 2248 700 2285 :
721 2233 786 2286 In
808 2230 992 2285 calum
1013 2230 1380 2292 conscendam,
1412 2244 1572 2301 super
1593 2234 1745 2285 astra
1777 2232 1877 2286 Dei
1890 2246 1989 2301 po-

391 2339 522 2377 nam
546 2323 741 2379 solium
774 2339 966 2379 meum.
994 2323 1296 2380 Ascendam
1323 2338 1485 2393 super
1510 2324 1857 2379 altitudinem
1881 2338 1989 2377 nu-

395 2418 560 2481 bium,
585 2433 673 2473 ero
693 2418 890 2473 similis
908 2418 1188 2473 Altissimo
1200 2420 1228 2471 ?
1244 2415 1349 2486 Qui
1368 2415 1510 2473 sicut
1537 2415 1703 2489 hujus
1716 2415 1988 2489 superbia:

390 2514 671 2571 neminem
692 2512 881 2570 habuit
894 2513 1255 2581 incentorem,
1282 2512 1356 2569 ita
1382 2512 1429 2569 ei
1451 2512 1987 2570 consummationem

390 2607 631 2664 criminis
658 2607 938 2680 ruinaeque
964 2616 1249 2680 perpetuae
1284 2609 1542 2682 cogitatio
1583 2608 1699 2665 sola
1740 2607 1984 2682 perfecit,

389 2710 445 2759 et
486 2701 711 2775 quidem
757 2718 887 2775 cum
933 2700 1199 2759 affectatae
1246 2703 1553 2777 tyrannidis
1593 2704 1738 2760 nulla
1786 2702 1991 2760 fuerint

389 2810 555 2869 opera
578 2794 894 2853 subsecuta.

959 2900 1196 2955 CAPUT
1223 2899 1371 2953 VllI.

349 3062 353 3067 η
390 2995 833 3067 Dephilargyria,
854 2996 997 3065 quod
1007 2999 1165 3049 extra
1183 2999 1438 3048 naturam
1458 2995 1552 3067 sit,
1571 2997 1620 3067 et
1629 2990 1762 3067 quid
1778 2958 2001 3045 intersit

818 3064 962 3121 inter
983 3067 1162 3135 ipsam
1179 3069 1229 3120 et
1255 3064 1539 3119 naturalia
1550 3064 1706 3117 vitia.
1736 3120 1741 3125 ,

460 3167 800 3242 Philargyria
849 3177 904 3225 et
948 3169 1050 3236 ira,
1099 3167 1225 3224 licet
1263 3182 1375 3224 non
1419 3166 1532 3224 sint
1576 3164 1736 3241 unius
1775 3173 1987 3225 natura

2095 1948 2347 2022 largyria,
2386 1948 2583 2005 liberas
2621 1945 2955 2004 omnimodis
2998 1959 3379 2018 agnoscamus,
3427 1943 3556 2015 quia
3598 1959 3693 1999 ne-

2094 2058 2370 2115 quaquam
2414 2042 2526 2098 vitii
2571 2041 2735 2114 hujus
2763 2040 3145 2114 mgritudinem
3183 2053 3287 2095 usu
3314 2047 3371 2094 et
3404 2045 3699 2094 consuetu-

2094 2135 2223 2192 dine
2271 2145 2615 2208 receperunt.
2648 2136 2814 2195 Illum
2840 2150 3060 2207 quoque
3077 2142 3104 2179 ε
3134 2132 3379 2205 priorem
3401 2129 3697 2197 mundum,

2095 2230 2186 2302 qui
2232 2238 2362 2287 ante
2411 2230 2672 2287 diluvium
2714 2228 2839 2299 fuit,
2879 2228 3184 2286 diutissime
3237 2227 3699 2300 concupiscentiae

2097 2322 2263 2395 hujus
2282 2321 2489 2379 rabiem
2512 2322 2786 2380 credimus
2813 2322 3116 2395 ignorasse.
3147 2322 3284 2391 Quae
3302 2322 3473 2378 etiam
3496 2321 3553 2377 in
3589 2337 3699 2378 uno

2096 2432 2313 2489 quoque
2332 2426 2586 2474 nostrum
2606 2427 2755 2474 recte
2782 2416 3201 2473 abrenuntiante
3227 2416 3345 2473 sine
3370 2416 3485 2473 ullo
3512 2416 3698 2473 labore

2096 2510 2358 2582 probatur
2400 2510 2691 2583 exstingui,
2734 2526 2864 2567 cum
2909 2510 3115 2567 scilicet
3142 2510 3413 2567 universis
3448 2511 3576 2581 quis
3611 2509 3699 2566 fa-

2096 2604 2387 2661 cultatibus
2432 2605 2682 2677 abjectis,
2724 2604 2798 2661 ita
2836 2604 3119 2677 expetierit
3167 2605 3405 2661 cmnobii
3455 2603 3698 2677 disciplié

2095 2714 2246 2768 nam,
2266 2708 2330 2755 ut
2357 2715 2424 2756 ex
2450 2699 2517 2755 iis
2557 2715 2627 2755 ne
2664 2715 2840 2757 unum
2888 2699 3112 2771 quidem
3140 2699 3448 2757 idenarium
3475 2699 3701 2757 sibimet

2099 2806 2381 2864 superesse
2407 2791 2661 2864 patiatur.
2709 2792 2878 2864 Cujus
2904 2792 2983 2853 rei
3009 2800 3176 2849 testes
3203 2792 3378 2850 multa
3403 2792 3698 2849 hominum

2098 2884 2267 2941 millia
2313 2899 2609 2956 possumus
2646 2878 2909 2951 invenire,
2950 2886 3043 2960 qui
3083 2902 3210 2943 cum
3260 2885 3363 2943 sub
3409 2881 3699 2943 moniento

2098 2978 2414 3037 brevissimo
2438 2980 2699 3055 dispersis
2723 2982 2982 3039 omnibus
3010 2981 3327 3040 substantiis
3351 2983 3467 3038 suis
3495 2981 3553 3036 in
3576 2989 3701 3037 tan-

2094 3084 2212 3133 tum
2260 3074 2401 3132 hanc
2434 3076 2845 3134 eradicaverunt
2875 3076 3205 3152 passionem,
3246 3084 3307 3134 ut
3347 3092 3419 3132 ne
3464 3075 3702 3133 tenuiter

2094 3167 2313 3241 quidem
2371 3169 2442 3241 ab
2487 3186 2551 3231 ea
2598 3169 2889 3241 pulsentur
2944 3171 3190 3228 ulterius.
3245 3160 3703 3229 Atnihiiominus

392 3267 547 3330 (nam
570 3263 720 3334 prior
760 3268 913 3318 extra
936 3269 1191 3323 naturam
1230 3268 1335 3329 est,
1363 3275 1598 3331 sequens
1636 3276 1779 3316 vero
1812 3261 1988 3332 origi-
2016 3282 2061 3344 ρ
2095 3263 2247 3318 omni
2278 3271 2529 3335 tempore
2560 3271 2752 3320 contra
2780 3263 3216 3337 gastrimargiam
3236 3271 3570 3338 pugnantes,

389 3357 514 3412 nale
541 3355 754 3413 videtur
783 3355 841 3411 in
859 3354 1020 3412 nobis
1044 3356 1401 3412 seminarium
1424 3356 1451 3391 ά
1474 3348 1793 3435 possidere),
1823 3355 1989 3411 simili

388 3459 574 3507 tamen
620 3451 871 3507 oriuntur
898 3449 1068 3506 modo
1096 3471 1109 3507 :
1143 3450 1469 3507 extrinsecus
1502 3448 1774 3523 siquidem
1799 3465 1991 3526 causas

390 3543 785 3603 commotionis
836 3543 1160 3616 plerumque
1215 3543 1556 3616 concipiunt.-
1606 3544 1821 3600 Etenim
1882 3541 1993 3601 fre-

388 3645 617 3707 quenter
653 3636 712 3693 hi
757 3636 851 3709 qui
898 3637 1080 3694 adhuc
1129 3635 1462 3693 inﬁrmiores
1508 3638 1656 3704 sunt,
1693 3637 1775 3694 vel
1812 3638 1987 3695 irrita-

387 3732 555 3801 tione,
582 3731 662 3788 vel
688 3731 950 3789 instinctu
980 3728 1371 3807 quorumdam,
1400 3733 1460 3787 in
1482 3730 1601 3788 haec
1635 3747 1693 3788 se
1717 3734 1989 3791 corruisse

2099 3354 2311 3430 ingenti
2337 3356 2825 3430 circumspectione
2854 3356 3036 3415 cordis
3060 3366 3116 3415 et
3135 3358 3465 3415 abstinentia
3488 3368 3701 3431 ‘corpo-

2062 3490 2068 3499 .
2098 3452 2171 3508 ris
2199 3445 2598 3527 dimicaverint,
2633 3444 2810 3511 securi
2833 3469 2951 3512 esse
2974 3469 3087 3509 non
3111 3444 3363 3525 posSunt.

2668 3558 2907 3614 CAPUT
2946 3558 3047 3612 IX.

2100 3653 2251 3720 Quod
2274 3648 2503 3713 tristitia
2530 3660 2581 3709 ct
2597 3654 2786 3710 acedia
2810 3655 2964 3730 nulla
2986 3655 3346 3730 provocatione
3364 3657 3703 3730 extrinsecus

2453 3731 2788 3796 generentur,
2813 3729 2956 3803 sicut
2972 3726 3084 3782 alia
3108 3726 3267 3805 uitia.
3472 3728 3475 3735 '
3684 3730 3687 3731 ⁷

393 3824 522 3879 vitia
565 3833 1001 3896 conquerantur,
1042 3840 1109 3881 ac
1159 3824 1745 3898 praecipitatossewel
1779 3825 1863 3882 ad
1896 3826 1991 3882 ira-
2167 3836 2191 3872 Β
2224 3827 2463 3886 Tristitia
2501 3836 2557 3884 et
2602 3828 2783 3886 acedia
2831 3828 3000 3896 nulla,
3030 3825 3503 3902 quemadmodum
3529 3843 3706 3899 supra

390 3917 669 3988 cundiam,
692 3918 773 3974 vel
803 3917 872 3975 ad
908 3917 1320 4003 philargyriam,
1350 3917 1580 3975 aliorum
1612 3919 1992 3991 provocatione
2099 3920 2357 3991 diximus,
2396 3912 2688 4001 accedente
2727 3924 3065 3981 extrinsecus
3110 3920 3495 3995 provocatione
3530 3938 3704 3995 gene—

1494 4066 1747 4124 ALARDI
1784 4069 2005 4125 GAZA‘II
2046 4062 2621 4143 COMMENTARIUS."

464 4199 494 4271 a_
519 4196 698 4265 ldest,
739 4194 1113 4266 exsecutione,
1143 4196 1619 4253 consummatione
1640 4208 1641 4211 ‘
1660 4205 1987 4254 caterorum
2100 4204 2172 4254 At
2195 4199 2296 4269 illi,
2328 4216 2427 4255 nec
2470 4200 2651 4256 minus
2681 4198 2873 4255 festive
2904 4219 2914 4254 :
2955 4202 3107 4256 Duos
3128 4211 3346 4271 quoqae
3385 4198 3531 4270 apud
3554 4216 3611 4254 se
3638 4206 3701 4253 et

396 4266 687 4341 vitiorum,
713 4276 782 4341 ut
798 4282 981 4338 supra.
1090 4338 1101 4341 Α
1131 4340 1138 4341 ί
1226 4298 1247 4341 χ
1284 4338 1291 4341 Α
1594 4338 1601 4341 Α
1644 4340 1649 4341 ί
1756 4339 1784 4341 η
2098 4266 2329 4339 magnes
2360 4271 2582 4339 quidem
2610 4271 2846 4327 residere
2869 4272 3002 4327 deos
3034 4266 3286 4337 intulere,
3319 4266 3700 4341 paupertatem

461 4330 488 4367 δ
509 4330 816 4421 cenodoxia
852 4330 905 4390 et
925 4338 1176 4421 superbia
1202 4338 1331 4421 vitia
1358 4348 1487 4395 sunt
1522 4338 1987 4421 spiritualia,_non
2091 4350 2151 4421 _et
2172 4330 2691 4421 impossibilitatem,
2722 4343 2821 4421 qui
2836 4358 3120 4421 nummos
3144 4342 3220 4398 illi
3250 4330 3467 4413 erogari
3500 4340 3705 4421 probi—

392 4406 652 4486 carnalia,
682 4407 805 4486 quia
831 4422 941 4460 non
970 4406 1132 4486 egent
1157 4409 1371 4486 actione
1406 4406 1679 4486 corporali
1707 4429 1720 4465 :
1755 4406 1898 4486 unde
1929 4420 1984 4466 et
2090 4406 2299 4486 herent.
2339 4416 2549 4486 Auctor
2592 4406 2758 4486 etiam
2791 4414 3131 4486 Plutarchus,
3154 4429 3284 4486 cum
3325 4406 3571 4486 picunim
3602 4428 3701 4467 es-

392 4474 617 4556 diabolo
648 4474 887 4556 maxime
911 4478 1149 4556 proprias,
1176 4479 1319 4556 sicut
1344 4487 1399 4534 et
1430 4474 1663 4555 invidia;
1689 4497 1796 4552 qua
1827 4482 1894 4537 de
1922 4498 1984 4539 re
2090 4490 2212 4556 sent
2232 4482 2287 4537 in
2316 4484 2861 4541 Lacedaemoniorum
2894 4474 3173 4556 regionem
3206 4474 3457 4556 invectas.
3480 4484 3573 4554 qui
3598 4498 3709 4556 eas

391 4546 1041 4647 D-.*‘.:’§‘£§.Ei":’§.z:'¥.f33
1060 4547 1384 4647 ,εὶῑὲξξειε-
1421 4557 1519 4647 εξ..
1705 4546 1891 4647 1.-.;
2013 4585 2063 4647 Ι)
2092 4552 2697 4647 {armaarma
2718 4546 3009 4647 errantis
3025 4546 3711 4647 ξιξίξξεξξῐςιξάςξξὶὲἱοξισ

461 4620 494 4700 °_
518 4614 604 4700 [36
625 4632 730 4689 qua
759 4614 1035 4700 satisfuse
1059 4614 1391 4700 egimuslib.
1430 4635 1541 4700 xn_
1559 4635 1678 4700 cap.
1706 4628 1744 4700 Δ3
1766 4629 1830 4700 _et_
1853 4628 1905 4677 4.
2013 4614 2063 4647 υ
2092 4614 2235 4700 mani
2260 4640 2323 4681 ac
2347 4628 2705 4699 Theopompo
2738 4627 2957 4700 regibus
2981 4628 3086 4684 hoc
3108 4614 3404 4700 oraculum
3416 4634 3537 4700 erat
3567 4626 3711 4700 red-3

470 4689 727 4781 ἮίῗῬΡῩ
751 4689 1426 4781 ἓΡΕῗἛῨξΡηὲξτίῖἓξῗῨῖΨΠἙ
1451 4691 1545 4781 ςιυὶ
1558 4689 1979 4781 νίξδῖηῖίξὲθδδῖυξτ
2090 4696 2270 4781 deum
2298 4715 2311 4751 ³
2345 4689 2698 4781 Ρθοέηέίανέἆη
2712 4689 2861 4781 αηῷν
2882 4702 3137 4781 δρεινεαῖη
3155 4699 3365 4781 Perdet:
3382 4697 3530 4781 βίέιθ
3548 4697 3716 4781 διξυά

391 4770 454 4844 ut
490 4764 707 4818 satelles
760 4762 1849 4844 rationis‘etnvindfx;concupiscentia),
1910 4765 1985 4821 ait
2094 4777 2300 4844 veteres
2340 4771 2559 4844 laudata
2606 4772 2873 4844 Laconica
2915 4762 3008 4825 illa
3046 4779 3105 4826 ut
3137 4762 3205 4844 in
3248 4770 3424 4824 verbis
3456 4762 3719 4844 brevitas

391 4836 766 4914 Damascenus
795 4833 888 4914 lib.
918 4833 1050 4914 _Itde
1078 4833 1209 4891 Fide
1241 4834 1475 4891 Orthod.
1499 4833 1617 4907 cap.
1648 4841 1741 4914 16._
1865 4908 1876 4914 _
1923 4908 1934 4914 _
2093 4839 2250 4914 sicin
2277 4842 2440 4897 rebu
2478 4842 2828 4914 parcimonia,
2869 4850 3023 4897 tanta
3059 4842 3301 4914 quidem,
3338 4839 3721 4914 ut_quingeu-

453 4906 893 4987 iQuia‘respicit
916 4906 1124 4987 bonum
1142 4915 1465 4987 extraneum
1490 4914 1700 4965 naturae
1729 4907 1986 4976 hominis,
2097 4910 2167 4987 tis
2190 4920 2244 4966 et
2272 4906 2504 4987 amplius
2546 4913 2703 4968 annis
2729 4906 2932 4987 abSque
2966 4906 3211 4987 pecunias
3240 4906 3461 4987 usuilla
3508 4906 3723 4987 respir-

391 4975 613 5057 scil_icet_
645 4975 884 5057 divitias,
928 4978 1135 5057 quibus
1174 4979 1439 5057 excitatur
1492 4988 1548 5034 et
1591 4975 1983 5057 commovetur.
2098 4982 2237 5057 blica
2265 4975 2515 5040 steterit:
2547 4993 2602 5040 et
2622 4975 2861 5057 pessime.
2887 4975 3031 5056 apud
3056 5000 3193 5057 suos
3230 4982 3487 5057 audierit,
3526 4975 3727 5037 ac‘de

393 5045 532 5129 Yide
560 5045 654 5101 lib.
686 5045 1005 5129 vrr_lnstit.
1042 5057 1074 5105 2
1105 5059 1160 5105 et
1187 5056 1240 5117 3,
1280 5051 1391 5129 ubi
1411 5054 1757 5129 peregﬁrtum
1798 5053 1990 5129 bellum
2098 5055 2210 5129 suis
2232 5057 2493 5129 meruerit
2523 5045 2803 5129 Agesilaus
2824 5045 2940 5123 rex;
2972 5056 3068 5126 qui
3106 5055 3347 5127 primum
3375 5045 3495 5125 ejus
3530 5068 3731 5110 usum

392 5119 612 5183 dicitur,
648 5123 697 5173 et
722 5123 878 5173 extra
901 5124 1171 5182 naturam,
1201 5139 1294 5177 nec
1314 5119 1607 5177 aliundein
1626 5128 1881 5179 monacho
1893 5140 1993 5177 su—
2102 5124 2326 5182 invexit.
2574 5119 2605 5129 ν
2840 5148 2843 5151 ‘

391 5204 537 5271 mens
554 5192 905 5271 principium,
937 5206 1099 5258 quam
1120 5193 1473 5271 decornuptw
1498 5197 1776 5271 actepida:
1798 5197 1984 5271 mentis

2166 5198 2272 5254 81d
2295 5206 2397 5271 est,
2429 5199 2659 5271 primam
2711 5198 2862 5254 illam
2903 5198 3092 5256 mundi
3120 5205 3337 5271 aetatem
3368 5195 3439 5251 ab
3474 5196 3734 5253 Adamo

389 5262 665 5340 ingnaviu,
697 5260 1081 5341 et‘plerumque
1107 5265 1263 5341 initio
1279 5260 1767 5341 abrenuntiationis
1784 5265 1857 5330 (id
1882 5272 1982 5331 est,

2099 5284 2291 5341 usque,
2326 5260 2395 5325 ad
2429 5260 2719 5335 'diluvium,
2763 5286 2868 5341 qua
2907 5281 3069 5327 astate
3112 5270 3354 5341 plerique
3399 5275 3557 5341 erant
3596 5278 3744 5341 apt

2095 5337 2370 5419 agricolae,
2401 5349 2498 5397 aut
2524 5337 3350 5419 pastoritii}quorumpecudes
3396 5337 3576 5419 unica:
3611 5339 3745 5419 ᾤ-

2096 5407 2251 5484 vitiaa,
2279 5407 2951 5484 quarum—permutatione
2982 5407 3301 5469 victitabant
3348 5434 3361 5467 :
3407 5407 3555 5465 unde
3608 5411 3751 5484 de—

2092 5480 2254 5536 ducta
2293 5480 2886 5557 pecuniis—appellatio.
2924 5485 3159 5557 Pecunia
3209 5485 3356 5539 enim
3384 5482 3754 5557 a__pecudis

2091 5558 2244 5678 tergto
2264 5549 2705 5689 31'12(;minata,'ait
2739 5555 3096 5643 Cassiodorus
3131 5556 3369 5629 (Varior.
3402 5549 3523 5623 lib.
3573 5566 3750 5626 Vn,

2091 5639 2201 5689 epis
2230 5666 2242 5679 .
2362 5667 2372 5678 .
3514 5650 3521 5657 '

2175 5634 2242 5679 st.
2264 5634 2372 5679 32).
2884 5634 2899 5643 “
3514 5650 3521 5657 ·

2086 5639 2472 5771 ῳξδιῗᾷιρςι*
2495 5697 2767 5771 tristitiam
2800 5708 2853 5756 et
2881 5699 3122 5757 acediam
3171 5696 3438 5771 intelligat
3473 5696 3750 5771 Cassia-

2086 5767 2537 5897 nus,tvidtla_ndtu_;n\
2558 5771 2667 5827 suis
2696 5770 2829 5829 locis
2855 5783 2910 5829 et
2937 5771 3164 5845 propriis
3184 5767 3513 5827 tractatibus
3539 5768 3753 5833 (Lib.

2088 5854 2152 5895 tx
2184 5856 2210 5897 e
2258 5855 2299 5897 χ
2362 5856 2421 5896 ns
2454 5859 2467 5895 ι
2583 5892 2595 5897 -

2088 5854 2152 5895 tx
2184 5844 2235 5897 et
2258 5855 2299 5897 χ
2333 5843 2557 5911 lustri).
2583 5892 2596 5905 ,

391 5329 935 5404 ᾳουγθτείοηὶεῖτηαιβ
953 5329 1188 5404 arrepto,
1217 5340 1267 5389 et
1275 5352 1410 5404 erga
1426 5339 1592 5389 Deum
1612 5336 1791 5404 tepido
1807 5329 1987 5390 amore

388 5400 643 5473 fundato.
689 5400 1282 5473 quemadmodumbic
1307 5400 1506 5463 dicitur
1550 5400 1691 5460 male
1726 5404 1985 5462 fundatos

392 5472 695 5544 monachos
706 5472 953 5544 pulsare.

461 5542 772 5621 ‘L_ep_idum
810 5544 992 5621 hujus
1044 5547 1119 5602 rei
1191 5548 1503 5621 exemplum
1554 5547 1723 5607 refert
1780 5549 1983 5606 Caelius

392 5612 1153 5694 Ehodiginus(Ant_iq.ALect.
1197 5612 1422 5694 lib._x'x.
1474 5638 1518 5673 c.
1549 5623 1666 5694 Δ23)
1712 5636 1877 5694 agens
1913 5621 1981 5678 de

390 5684 778 5767 Themistocle,
814 5684 1220 5767 Athéniensium
1271 5690 1426 5755 duce,
1469 5690 1560 5767 qui
1605 5684 1980 5767 dumvinsulas

389 5757 584 5813 ditioni
625 5758 902 5832 subjectus
954 5762 1325 5831 perlustraret,
1360 5757 1650 5832 pecuniam
1690 5765 1817 5821 hinc
1852 5764 1979 5820 inde

391 5829 738 5906 corrogabat.
781 5829 931 5906 Adiit
953 5829 1006 5886 et
1033 5829 1633 5906 Andrios,urgensquc
1677 5836 1926 5895 infestius
1960 5855 1970 5891 :

393 5900 580 5970 Duos;
594 5901 787 5974 inquit,
818 5900 886 5958 ad
916 5917 1012 5959 vos
1046 5901 1216 5959 affero
1246 5900 1561 5975 deosfvim,
1578 5916 1632 5966 et
1670 5909 1968 5965 suadelam.
