3982 6202
327 216 428 271 627

1405 210 1691 269 JOAM‘HS'
1722 209 2023 265 CASSIANI
2058 207 2545 264 COLLATIONES.

3529 208 3642 259 628

326 349 506 409 vatur,
545 339 694 411 quod
737 343 761 374 ³
819 340 937 402 ἃλυς
964 340 1059 411 (al.
1106 339 1266 410 μῆνις)
1304 336 1519 396 dicitur.
1569 336 1929 405 Qnm'omnia
1956 341 2011 403 Α
2037 348 2202 409 quam
2226 333 2464 392 incidere
2489 333 2546 390 in
2564 331 2981 390 fornificationis
3007 330 3290 397 ardorum,
3320 328 3467 387 unde
3488 346 3646 402 repa—

327 435 521 509 zequali
561 443 691 493 sunt
740 450 773 491 a
801 434 961 491 nobis
992 434 1227 499 horrore
1253 431 1588 489 damnanda.
1614 432 1643 486 με
1667 429 1931 488 Tristitia

328 544 527 602 genera
554 537 684 586 sunt
715 528 826 586 duo
862 550 875 586 :
914 542 1113 593 unum,
1152 524 1302 597 quod
1347 525 1429 581 vel
1464 524 1746 581 iracundia
1787 523 1937 580 desim

331 633 513 693 nente,
540 613 635 680 vel
683 624 752 681 de
780 623 931 680 illato
972 621 1174 678 damno
1217 625 1294 676 ac‘
1314 618 1598 676 desiderio
1625 617 1928 691 praepedito

333 729 654 790 cassatoque
694 723 1008 790 generatur;
1048 713 1239 782 aliud,
1270 713 1422 786 quod
1454 713 1541 771 de.
1579 712 1933 770 irrationabili

324 812 529 869 mentis
553 810 825 867 anxietate
846 824 945 866 seu
971 807 1352 881 desperatione
1380 806 1681 881 descendit.
1714 806 1933 865 Acediai

326 920 523 978 genera
551 912 681 961 sunt
697 903 810 961 duo
843 921 857 959 :
882 910 1085 971 unum,
1110 902 1263 976 quod
1284 902 1360 959 ad
1387 917 1649 960 sonmum
1678 901 1927 974 praecipi-

326 1005 407 1054 tat
436 1004 763 1065 aestuantes;
792 995 960 1064 aliud,
989 995 1140 1068 quod
1165 994 1355 1051 cellam
1383 994 1634 1052 deserere
1661 1010 1725 1051 ac
1742 992 1931 1065 fugere

329 1091 671 1149 cohortatur.
701 1100 723 1126 °
751 1088 1069 1147 Cenodoxia
1117 1088 1248 1145 licet
1270 1087 1627 1145 multiformis
1647 1104 1714 1145 ac
1739 1088 1931 1144 multi-

331 1183 452 1256 plex
508 1185 600 1254 sit,
650 1191 706 1239 et
745 1183 801 1238 in
855 1182 1094 1239 diversas
1128 1182 1355 1254 species.
1387 1181 1676 1253 dividatur,
1731 1198 1931 1255 genera

329 1286 519 1332 tamen
550 1275 666 1346 ejus
704 1281 834 1330 sunt
869 1273 979 1330 duo
1008 1293 1033 1331 ε,
1053 1275 1318 1345 primum,
1350 1288 1459 1346 quo
1497 1274 1932 1346 procarnalibus

331 1385 395 1423 ac
419 1367 721 1424 manifestis
747 1366 1061 1424 extollimur
1098 1367 1291 1436 rebus;
1319 1367 1644 1437 secundum,
1674 1384 1786 1441 quo
1825 1382 1925 1440 pro

332 1461 662 1533 spiritalibus
698 1470 751 1519 et
780 1462 1004 1519 occultis
1040 1462 1308 1519 desiderio
1337 1477 1489 1519 vana:
1511 1462 1685 1519 laudis
1707 1462 1928 1518 inﬂam-

336 1570 422 1611 ma
430 1571 571 1612 mur.

940 1653 1187 1709 CAPUT
1214 1653 1348 1707 XII.

748 1751 812 1804 In
840 1761 944 1817 quo
959 1749 1033 1801 sit
1053 1748 1212 1801 utilis
1245 1728 1560 1802 cenodomia.

405 1842 533 1898 Una
556 1843 583 1877 ά
606 1857 666 1898 re
683 1850 870 1899 tamen
904 1840 1203 1898 cenodoxia
1227 1840 1430 1897 utiliter
1460 1840 1530 1895 ab
1555 1838 1937 1910 incipientibus

335 1935 657 2005 assumitur,
683 1937 750 1993 ab
776 1935 859 1992 his
886 1935 1171 1993 dumtaxat
1208 1934 1302 2006 qui
1329 1933 1510 1991 adhuc
1532 1934 1675 1990 vitiis
1700 1934 1935 1991 carnali-

333 2031 437 2088 bus
464 2031 808 2104 instigantur,
842 2037 925 2097 ut,
950 2028 1098 2085 verbi
1125 2028 1319 2101 gratia,
1344 2028 1390 2084 si
1418 2028 1509 2083 illo
1538 2035 1790 2100 tempore
1824 2044 1933 2100 quo

336 2124 706 2181 fornicationis
724 2123 918 2195 spiritu
949 2130 1331 2194 perurgentur,
1355 2130 1544 2179 mente
1564 2122 1933 2195 conceperint,

337 2218 420 2273 vel
479 2215 828 2273 sacerdotalis
874 2213 1044 2271 ofﬁcii
1089 2215 1432 2288 dignitatem,
1472 2215 1560 2272 vel
1619 2216 1934 2288 opinionem

338 2317 687 2379 cunctorum,
708 2325 815 2382 qua
838 2310 1009 2365 sancti
1035 2318 1091 2366 et
1114 2310 1447 2368 immaculati
1465 2326 1586 2368 esse
1613 2312 1933 2383 creduntur,

338 2412 394 2460 et
414 2404 488 2460 ita
531 2403 843 2460 immundos
870 2403 1324 2478 concupiscentia
1351 2405 1603 2463 stimulos
1638 2407 1789 2480 quasi
1814 2417 1936 2465 tur-

343 2510 437 2569 pes
478 2505 640 2569 atque
684 2496 956 2570 indignos,
996 2499 1080 2555 vel
1117 2499 1505 2557 existimationi
1544 2517 1682 2571 suae,
1733 2502 1814 2559 vel
1863 2502 1936 2559 illi

344 2590 522 2649 ordini
560 2591 884 2663 judicantes,
912 2592 1015 2649 hac
1039 2593 1232 2651 saltem
1264 2594 1732 2669 contemplatione
1771 2597 1936 2654 decli-

340 2693 491 2754 nent,
519 2695 541 2720 °
568 2685 780 2743 minore
798 2686 949 2743 malo
972 2686 1029 2744 id
1050 2687 1198 2759 quod
1223 2688 1405 2761 majus
1432 2697 1536 2757 est,
1558 2693 1933 2749 retundentes.

340 2778 516 2836 Satius
534 2778 679 2835 enim
704 2788 789 2837 est
812 2779 1131 2838 cenodoxiae
1145 2781 1275 2839 vitio
1288 2784 1693 2856 quemcumque
1716 2786 1936 2857 pulsari,

2037 430 2171 486 rari.
2198 438 2297 491 aut
2320 444 2449 486 .non
2485 428 2681 495 valeat,
2730 433 2831 483 aut
2869 424 2963 481 vix
3009 424 3186 481 valeat
3208 432 3357 496 post
3401 424 3643 482 ruinam.

2038 524 2216 593 Quem
2239 538 2459 580 sensum
2493 538 2558 579 ex
2572 528 2810 594 persona
2828 518 2931 576 Dei
2951 528 3101 576 unus
3118 517 3645 590 prophetarum-ele-

2037 625 2227 690 ganter
2264 616 2544 689 expressit
2574 614 2766 672 dicens
2812 631 2827 670 :
2871 616 3096 683 Propter
3127 620 3213 667 me
3248 611 3405 679 longe
3438 612 3647 679 faciam

2037 714 2281 780 furorem
2299 728 2495 775 meum,
2520 714 2569 766 et
2584 711 2745 766 laude
2766 724 2883 766 mea
2906 706 3192 775 infrenabo
3212 710 3263 761 te
3284 707 3646 775 net'ntercas;

2040 809 2226 877 idest,
2252 816 2317 865 ut
2347 807 2478 864 dum
2507 806 2821 863 cenodoxiaa
2862 803 3114 861 laudibus
3140 800 3642 872 comprehenderis,

2037 916 2380 974 nequaquam
2411 900 2499 963 ad,
2527 898 2723 956 inferni
2769 897 3038 972 profunda
3069 911 3321 971 promas,
3351 905 3410 954 et
3434 897 3645 955 irrevo-

2039 996 2282 1053 cabiliter
2348 994 2664 1052 mortalium
2744 1002 3096 1066 peccatorum
3170 993 3646 1050 consummatione

2040 1091 2324 1164 mergaris.
2374 1092 2492 1146 Nec
2532 1088 2732 1145 mirum
2763 1096 2973 1144 tantam
3011 1085 3250 1158 passioni
3298 1085 3426 1142 huic
3466 1087 3649 1144 inesse

2038 1185 2322 1253 virtutem,
2376 1191 2438 1255 ut
2482 1181 2782 1238 irruentem
2814 1179 3133 1253 quempiam
3164 1178 3224 1235 in
3263 1177 3650 1236 fomicationis

2040 1278 2216 1335 labem
2258 1278 2438 1334 valeat
2475 1275 2772 1346 refrenare,
2821 1290 2951 1331 cum
2989 1273 3063 1329 sit
3085 1272 3389 1331 multorum
3428 1275 3650 1346 experi-

2040 1372 2241 1431 mentis
2253 1372 2555 1444 szepissime
2575 1368 3016 1443 comprobatum,
3034 1366 3185 1441 quod
3205 1368 3277 1424 ita
3304 1383 3455 1436 eum,
3476 1385 3647 1441 quem

2036 1467 2211 1523 semel
2235 1465 2427 1523 veneni
2455 1466 2539 1523 sui
2567 1473 2722 1537 peste
2747 1463 3076 1536 corruperit,
3106 1461 3501 1536 infatigabilem
3522 1464 3650 1520 red-

2036 1562 2152 1628 dat,
2195 1567 2255 1616 ut
2287 1558 2452 1616 faciat
2477 1559 2548 1616 ab
2576 1574 2644 1615 eo
2672 1572 2742 1614 ne
2794 1556 3029 1615 biduana
3056 1555 3281 1628 quidem
3304 1556 3509 1629 jejunia
3559 1558 3641 1613 vel

2037 1653 2286 1710 triduana
2298 1651 2517 1711 sentiri.
2551 1651 2712 1723 Quod
2739 1650 2901 1707 etiam
2929 1650 3228 1707 nonnullos
3250 1649 3308 1707 in
3328 1650 3431 1708 hac
3453 1666 3643 1708 eremo

1966 1754 2014 1817 Β
2045 1746 2355 1818 frequenter
2393 1746 2646 1805 novimus
2671 1745 2844 1802 fuisse
2873 1744 3176 1815 confessos,
3204 1760 3265 1803 se
3294 1745 3353 1802 in
3379 1746 3646 1803 emnobiis

2047 1841 2222 1912 Syria:
2244 1842 2571 1898 constitutos
2598 1840 2775 1912 quinis
2802 1838 2991 1896 diebus
3009 1837 3370 1897 defectionem
3395 1840 3499 1896 cibi
3516 1841 3641 1896 sine

2045 1935 2230 1992 labore
2261 1936 2543 2004 tolerasse,
2573 1950 2718 1991 nunc
2738 1942 2922 1990 autem
2955 1940 3108 1990 tanta
3134 1949 3195 1990 se
3211 1934 3350 1991 fame
3377 1934 3538 1991 etiam
3562 1934 3636 1990 ab

2042 2025 2178 2084 hora
2211 2027 2370 2085 tertia
2421 2027 2717 2100 perurgeri,
2759 2034 2823 2083 ut
2866 2041 3036 2098 usque
3082 2040 3284 2082 nonam
3306 2026 3394 2082 vix
3434 2034 3644 2098 queant

2044 2121 2270 2183 differre
2306 2121 2511 2194 jejunis
2563 2119 2903 2193 quotidiana.
2949 2122 3125 2192 Super
3166 2135 3272 2192 qua
3313 2134 3375 2176 re
3418 2119 3646 2191 pulchre

2045 2216 2214 2274 abbas
2241 2216 2260 2252 ί
2300 2216 2573 2273 Macarius
2599 2213 2817 2272 cuidam
2859 2213 3231 2287 percunctanti
3262 2226 3360 2270 cur
3389 2213 3539 2269 fame
3575 2214 3644 2268 ab

2046 2310 2368 2368 hora‘tertia
2390 2310 2444 2367 in
2475 2325 2667 2366 eremo.
2684 2308 3124 2381 pnlsaretur;qui
3147 2308 3205 2366 in
3231 2307 3484 2365 cna-noble
3513 2307 3647 2363 heb-

2045 2405 2371 2464 domadibus
2413 2405 2638 2478 integris
2674 2403 3030 2461 refectionem
3072 2419 3219 2476 saepe
3254 2411 3639 2470 contemnens,

2046 2516 2160 2557 non
2202 2500 2461 2556 sensisset
2492 2499 2755 2564 esuriem,
2794 2498 3119 2572 respondit:
3162 2499 3309 2572 Quia
3331 2497 3515 2554 nullus
3554 2496 3644 2553 hic

2048 2607 2130 2655 est
2150 2598 2344 2670 jejunii
2386 2597 2468 2654 tui
2508 2597 2667 2653 testis
2699 2598 2878 2670 quite
2902 2596 3015 2657 suis
3049 2595 3301 2653 laudibus
3326 2593 3535 2652 nutriat
3559 2603 3643 2651 at-

2048 2706 2153 2764 que
2188 2699 2485 2759 sustentet;
2507 2691 2580 2747 ibi
2610 2699 2793 2747 autem
2822 2698 2877 2746 te
2908 2690 3108 2764 digitus
3139 2690 3429 2747 hominum
3468 2698 3526 2746 et
3550 2705 3642 2745 ce-

2047 2785 2554 2843 nodoxiaa‘refectio
2585 2784 2885 2858 ginabat.
2919 2784 3097 2858 Hujus
3117 2790 3301 2841 autem
3342 2783 3415 2842 rei
3444 2782 3643 2856 ﬁgura,

1432 2898 1686 2995 Antam
1728 2941 1952 2996 GAZ/El
1992 2941 2547 3011 COMMENTARIUS.

414 3090 533 3163 alIta
544 3086 812 3163 Guycliius
825 3063 1215 3163 corrigendum
1239 3063 1589 3163 existimavit.
1606 3089 1948 3158 Ἂλυςρηίω,
1979 3096 2024 3159 C
2057 3092 2228 3148 ditata
2266 3093 2380 3147 alia
2404 3108 2509 3148 non
2544 3092 2790 3148 sanatur.
2815 3094 2885 3148 Et
2910 3086 3207 3163 Apostolus
3253 3091 3384 3148 dicit
3405 3108 3508 3147 non
3528 3107 3650 3148 esse

346 3161 541 3287 inquit,
561 3158 828 3231 significat
839 3158 1069 3215 multam
1084 3160 1365 3230 etlongam
1376 3158 1577 3217 mentis
1595 3163 1947 3219 anxietatem.

345 3233 408 3286 ln
450 3246 480 3286 e
518 3230 822 3287 ἀλυσθαινω.
865 3246 1056 3287 angor.
1102 3231 1411 3287 exanimet.
1448 3232 1778 3287 discrucior.
1825 3236 1947 3287 Non

1998 3198 2007 3232 ε
2060 3165 2316 3232 facienda
2330 3166 2500 3236 maia,
2514 3170 2575 3219 ut
2586 3166 2988 3236 eveniantbona
3012 3164 3453 3236 (Rom.1n).Alio
3478 3164 3647 3219 modo

450 3246 480 3286 e
518 3230 822 3317 ᾀλυάθοεινω,
865 3246 1056 3317 angor,
1102 3231 1411 3317 exanimet,
1448 3232 1778 3317 discrncior.
1825 3236 1951 3317 itan
1999 3230 2005 3232 ⁷
2058 3230 2149 3317 ut.
2173 3235 2475 3293 cenodoxia
2518 3236 2813 3317 improprie
2838 3235 2926 3291 hic
2941 3244 3227 3317 .sumatu‘r,
3257 3230 3370 3292 non
3399 3250 3497 3317 pro
3528 3236 3648 3306 ipso

346 3302 449 3377 erit
487 3303 657 3377 etiam
699 3302 1097 3377 inconveniens,
1131 3302 1176 3357 si
1207 3303 1452 3377 legamus
1489 3304 1677 3375 μανίαν,
1702 3306 1849 3377 quod
1871 3307 1946 3361 vi-

344 3372 506 3447 detur
535 3372 736 3447 habere
760 3373 1163 3447 Plautinianum
1191 3372 1501 3446 exemplar,
1520 3392 1649 3431 nam
1691 3372 1842 3447 ιὶανια
1883 3377 1946 3432 si-

344 3443 569 3517 gnificat
601 3443 867 3520 insaniam
910 3444 1061 3520 illam
1109 3460 1216 3516 qua
1251 3443 1850 3520 _mens_tranquillitate
1894 3457 1948 3503 et

345 3515 647 3590 constantia
674 3531 841 3590 vacua
864 3525 971 3590 est.
1007 3515 1145 3573 Haec
1173 3518 1393 3590 quidem
1416 3515 1708 3590 Cnychius.
1752 3519 1946 3575 Ciacc-

345 3587 471 3663 nius
517 3602 646 3663 vere
681 3587 958 3663 Vaticanis
980 3602 1114 3663 usus
1159 3587 1564 3663 exemplaribus
1604 3591 1769 3663 legit:
1801 3591 1938 3659 Quae

349 3661 492 3732 μῆνις
523 3657 739 3714 dicitur.
772 3658 907 3726 Quae
926 3657 1101 3732 lectio
1126 3656 1459 3732 probabilior
1482 3667 1537 3732 et
1559 3656 1768 3732 reliquo
1816 3656 1935 3732 tex-

346 3725 428 3785 tui
476 3725 862 3801 congruentior
890 3725 1293 3801 videturfNam
1326 3733 1471 3800 μῆνις
1489 3725 1830 3787 Damasceno
1856 3731 1942 3786 di-

345 3801 488 3858 citur
510 3798 642 3872 παρὰ
660 3801 930 3873 τὸνμένειν,
951 3798 1021 3873 id
1049 3807 1237 3873 est,_eo
1262 3798 1410 3871 quod
1438 3811 1627 3861 manet
1648 3811 1701 3857 et
1724 3818 1837 3858 non
1874 3803 1943 3860 ad

348 3873 541 3946 horam
570 3869 853 3946 digeritur,
876 3869 973 3946 sed
995 3886 1092 3946 per
1108 3870 1234 3946 dies
1259 3869 1315 3928 et
1335 3880 1588 3946 tempora
1614 3881 1941 3946 reservatur,

347 3952 412 4000 ut
450 3944 540 4000 hic
590 3942 839 4000 habetur.
882 3942 1048 3998 Unde
1099 3942 1312 4007 Suidas,
1362 3942 1527 4015 μῆνις,
1575 3943 1765 4015 inquit,
1817 3944 1943 4015 ὀργὴ

350 4015 586 4087 ἐμμενής,
634 4016 691 4087 id
722 4022 826 4081 est,
858 4028 1179 4087 permanens
1210 4021 1265 4070 et
1310 4013 1572 4087 pertinax.
1622 4013 1727 4087 Alii
1754 4013 1948 4072 dicunt

351 4083 509 4160 ὀρὴὴν
530 4083 977 4158 πεπαλαιωμέῆην,
1006 4083 1113 4141 hoc
1141 4093 1224 4141 est
1259 4083 1471 4155 odium,
1500 4100 1595 4142 seu
1637 4085 1773 4142 iram
1804 4088 1947 4143 inve-

348 4167 601 4216 teratam.

420 4224 448 4263 δ
470 4231 613 4311 Alibi
646 4229 951 4311 distinctius
988 4235 1225 4311 quatuor
1246 4227 1715 4311 species»_tristi‘tim
1754 4243 1844 4311 ex_
1871 4229 1948 4311 di-

350 4304 537 4428 versis];
572 4302 752 4428 ﬁngis
797 4301 1171 4374 provenientes
1207 4309 1496 4356 enumerat
1540 4301 1661 4368 (lib.
1717 4315 1775 4356 rx
1814 4303 1946 4356 Inst.

352 4389 470 4428 can.
555 4391 582 4428 e
731 4414 743 4427 .

352 4389 470 4429 cat).
504 4379 608 4429 bet
639 4379 743 4429 13).

381 4376 853 4514 αξὲθϐἷιίἒδιέῑὶυε
880 4440 979 4514 lib.
1009 4440 1252 4514 Institut.
1279 4457 1402 4514 cap.
1436 4448 1467 4498 3
1489 4446 1549 4498 et
1570 4447 1625 4497 5.
1666 4441 1944 4514 Superbia

390 4492 555 4569 me};
584 4492 1375 4585 gaiaéaa'cgaiu‘aaat‘gai:
1388 4492 1541 4587 ὲιιῖοΗ
1566 4492 1653 4569 hic
1666 4492 1943 4569 esse;
1972 4492 2023 4554 D

377 4593 549 4641 uerat.

424 4657 451 4693 ά
471 4656 695 4714 Videtur
717 4654 824 4712 hoc
851 4653 1068 4712 duobus
1090 4655 1271 4713 modis
1291 4654 1516 4727 intelligi
1549 4670 1727 4727 posse.
1760 4656 1945 4714 Primo

353 4737 419 4785 ut
436 4729 735 4786 cenodoxia
759 4726 980 4801 proprie
1002 4735 1251 4784 sumatur
1262 4743 1370 4801 pro
1399 4726 1561 4782 vanae
1590 4727 1800 4801 scilicet
1824 4728 1945 4801 glo-

352 4801 447 4858 riae
477 4801 607 4858 vitio
634 4801 745 4858 sive
762 4797 1010 4873 peccato,
1038 4797 1316 4871 quomodo
1346 4805 1522 4870 potest
1548 4797 1677 4873 quis
1690 4797 1945 4855 tentatio-

351 4890 480 4929 nem
509 4874 686 4930 carnis
703 4870 799 4944 per
817 4870 1174 4944 cenodox’iam
1202 4886 1297 4927 seu
1321 4883 1513 4925 vanam
1543 4870 1771 4941 gloriam
1791 4886 1949 4944 supe-

353 4960 494 5012 rare,
519 4944 655 5000 dum
677 4943 747 4999 ne
772 4943 1057 4999 infamiam
1076 4944 1339 5007 incurrat,
1369 4949 1431 4997 ut
1455 4950 1657 5009 castus,
1689 4951 1744 4999 et
1771 4943 1949 4999 conti-

350 5030 488 5071 nens
512 5014 794 5078 habeatur,
825 5014 1061 5086 abstinet
1082 5030 1142 5071 se
1169 5028 1203 5069 a
1230 5013 1453 5085 ﬂagitio,
1483 5013 1553 5070 ad
1569 5014 1719 5086 quod
1741 5015 1945 5084 alioqui

353 5086 703 5142 vehementer
721 5084 1190 5155 exstimulabatur.
1209 5084 1361 5155 Saepe
1377 5088 1536 5152 enim,
1569 5084 1631 5142 ut
1663 5092 1851 5143 monet
1876 5088 1938 5141 S.

352 5158 654 5231 Gregorius
692 5156 842 5231 hom.
897 5160 963 5209 12
1008 5154 1065 5209 in
1098 5154 1455 5231 Ezechielem,
1495 5173 1600 5213 uno
1641 5162 1873 5231 tempore
1915 5170 1949 5207 α

346 5228 602 5301 pluribus
631 5228 870 5284 hostibus
897 5240 1303 5301 oppugnemur;
1330 5232 1380 5282 et
1393 5228 1534 5301 dum
1558 5244 1697 5301 unus
1717 5246 1751 5283 α
1769 5230 1951 5296 fronte

354 5298 409 5356 se
425 5302 610 5371 palam
643 5302 891 5371 ostentat,
941 5298 1085 5371 αξξυς
1124 5316 1159 5353 a
1182 5304 1326 5368 tergo
1358 5299 1497 5371 clam
1538 5299 1853 5371 insidiatur.
1880 5301 1951 5371 Et

356 5367 461 5454 hoc
487 5371 708 5455 quidem
759 5367 1069 5455 m‘ododici
1107 5367 1287 5455 potest
1325 5369 1621 5455 cenodoxie
1644 5368 1854 5455 utiliter
1881 5369 1948 5424 ab

354 5437 751 5515 incipientibus,
776 5438 974 5515 idest,
1002 5437 1244 5515 novitiis,
1282 5455 1375 5496 seu
1412 5437 1763 5515 imperfectis,
1790 5453 1947 5515 assu-

352 5509 757 5586 mifquatenus
771 5512 955 5586 minus
984 5512 1191 5586 malum
1219 5521 1305 5569 est
1327 5509 1643 5586 cenodoiiae
1670 5524 1836 5581 quam
1867 5510 1949 5567 lu-

354 5579 524 5642 xuria'a
569 5583 853 5641 tentationi
882 5584 1258 5641 succumbere.
1301 5585 1507 5638 Verum
1550 5579 1656 5635 hoc
1688 5579 1815 5636 'non
1867 5591 1949 5638 est

353 5657 709 5711 tentationem
745 5654 994 5726 dejicere,
1021 5655 1116 5712 sed
1142 5672 1173 5712 a
1203 5650 1683 5726 tentationedejici
1711 5660 1769 5708 et
1817 5670 1947 5726 pro-

349 5727 543 5782 sterni.
585 5724 828 5798 Carnah's
859 5729 1001 5782 enim
1029 5728 1346 5798 cupiditas.
1379 5724 1452 5780 ait
1495 5725 1563 5798 Ι).
1611 5724 1949 5797 Augustinus

352 5798 490 5867 (Lib.
508 5812 574 5855 Iv
595 5797 671 5853 ad
693 5799 1030 5866 Bonifacium
1048 5796 1186 5853 c6nt.
1213 5803 1245 5852 2
1260 5797 1414 5866 epist.
1439 5796 1619 5864 Pelag.
1647 5813 1691 5852 c.
1710 5796 1766 5865 Α)
1790 5799 1943 5867 cupi-

2060 3306 2188 3363 vitio
2224 3323 2327 3379 seu
2363 3305 2612 3379 peccato,
2646 3305 2747 3379 sed
2769 3322 2867 3379 pro
2905 3305 3019 3379 ejus
3045 3306 3280 3379 quadam
3324 3305 3499 3379 specie
3549 3305 3647 3379 seu

2053 3376 2396 3449 apparentia}
2420 3386 2484 3434 ut
2502 3376 2626 3434 cum
2659 3376 2783 3449 quis
2810 3386 2960 3433 metu
2990 3376 3231 3433 infamiae
3258 3384 3315 3433 et
3358 3376 3651 3433 dedecoris

2051 3448 2147 3504 aut
2172 3450 2353 3506 habita
2379 3448 2808 3505 consideratione
2831 3462 2946 3505 sua:
2973 3448 3245 3520 dignitatis
3280 3448 3649 3520 sacerdotalis,

2051 3529 2147 3575 aut
2173 3528 2346 3592 status
2372 3520 2631 3592 religiosi,
2661 3528 2755 3592 aut
2776 3527 3002 3592 pmpter
3024 3519 3228 3592 peccati
3256 3519 3649 3592 turpitudinem

2053 3600 2106 3663 et
2133 3590 2529 3663 indignitatem,
2555 3590 2834 3663 abstineta
2851 3590 3225 3657 fornicatione,
3252 3590 3400 3663 quOd
3421 3590 3647 3663 quidem

2046 3660 2420 3744 incipientibus
2448 3662 2849 3744 etﬁimperieetis
2871 3677 2971 3744 usu
3011 3662 3173 3744 venit.
3196 3660 3337 3744 lfia'm
3364 3660 3656 3744 perfectio-

2048 3732 2161 3798 res,
2177 3733 2220 3789 si
2250 3748 2362 3791 non
2392 3732 2638 3803 perfecti,
2669 3734 2889 3790 altiores
2914 3742 2969 3789 et
3006 3734 3348 3790 sublimiores
3364 3732 3652 3803 quasdam

2048 3749 2156 3798 res,
2177 3749 2220 3789 sn
2250 3749 2362 3791 non
2392 3749 2638 3803 perfecti,
2669 3749 2889 3790 amores
2914 3749 2969 3789 et
3006 3749 3348 3790 sunumrores
3415 3749 3651 3789 uasaam

2048 3804 2283 3877 rationes
2319 3804 2626 3877 attendunt,
2671 3813 2797 3876 puta
2836 3805 2938 3861 Dei
2979 3814 3096 3877 opt.
3156 3820 3300 3877 max.
3342 3749 3651 3868 offensam,

2051 3874 2241 3958 divina:
2265 3875 2451 3958 gratia:
2489 3884 2543 3931 et
2566 3874 2897 3958 aeternorum
2922 3874 3199 3958 bonorum
3216 3876 3512 3958 ᾔειθςιιιῖλιῐιλἱ
3537 3876 3653 3957 Dei

2053 3944 2334 4030 beneficia,
2364 3949 2671 4030 praisertim
2689 3947 3080 4030 redemptionis
3097 3957 3154 4030 et
3180 3944 3438 4030 passionis
3456 3945 3654 4001 Chris-

2052 4018 2142 4083 sti,
2171 4018 2419 4074 amorem
2440 4022 2557 4076 Deo
2587 4018 2852 4088 debitum,
2882 4018 2939 4089 et
2971 4018 3072 4074 alia
3101 4018 3430 4089 hujusmodi.

2177 4091 2293 4172 E_tsi
2330 4099 2551 4172 non-esi
2578 4105 2792 4172 magnae
2815 4087 3170 4172 perfectionis
3174 4087 3469 4172 indicium,
3512 4087 3651 4172 dum

2053 4159 2174 4231 qnis
2205 4160 2578 4233 fornicationis
2599 4159 2858 4233 spiritum
2892 4169 3042 4233 metu
3081 4160 3321 4233 infamiae
3362 4160 3649 4233 propeilit,

2055 4229 2151 4287 aut
2195 4240 2377 4287 mente
2399 4229 2657 4303 concipit;
2688 4233 2772 4288 vel
2813 4231 3163 4289 sacerdotalis
3205 4229 3388 4287 officii
3412 4229 3657 4303 dignita-

2062 4310 2197 4369 tem,
2224 4303 2304 4358 vel
2333 4302 2641 4373 opinionem
2669 4311 3014 4371 cunctorum,
3043 4311 3173 4370 etc.,
3213 4319 3324 4359 non
3356 4312 3437 4359 est
3464 4302 3655 4358 tamen

2062 4374 2281 4447 proprie
2312 4373 2627 4447 cenodoxiaa
2672 4374 2880 4437 vitium,
2923 4390 3027 4447 nec
3070 4376 3244 4430 ullum
3279 4381 3560 4447 peccatum
3606 4376 3654 4447 si

2062 4442 2186 4515 quis
2222 4443 2326 4499 hac
2362 4444 2577 4517 ratione
2619 4461 2651 4501 a
2679 4454 2898 4517 peccato
2945 4446 3236 4517 abstineat,
3281 4442 3349 4501 ut
3388 4462 3452 4501 ex
3492 4445 3659 4517 dictis

2052 4522 2217 4598 patet.
2249 4516 2484 4599 Proinde
2507 4516 2800 4599 improprie
2827 4517 3087 4599 loquitur,
3107 4516 3242 4573 dum
3262 4518 3342 4572 ait
3360 4516 3462 4572 hoc
3477 4516 3656 4571 modo

2052 4587 2945 4693 ωΨῩ-ῗξῗέᾂηηηῗῗῖἓὶέἱθξὲηηίὲς

2167 4659 2397 4731 cuinam
2437 4660 2675 4715 Macario
2716 4660 2823 4716 hoc
2855 4657 3252 4731 apophthegma
3296 4656 3655 4731 tribuendum

2052 4729 2148 4799 sit,
2168 4730 2347 4802 adhuc
2366 4730 2765 4802 incompertum
2786 4728 2979 4786 habeo.
2998 4728 3190 4802 ,Porro
3210 4730 3386 4785 simile
3403 4728 3484 4783 est
3502 4730 3657 4800 quod

2050 4801 2199 4875 apud
2243 4801 2614 4873 Sophronium
2663 4801 2858 4875 legitur
2897 4802 2951 4857 in
2995 4801 3115 4856 haec
3146 4802 3316 4875 verba
3361 4803 3448 4865 (In
3486 4807 3658 4875 pfato

2054 4874 2251 4943 Spirit.
2285 4872 2333 4929 οξ
2381 4879 2502 4939 155)
2547 4892 2558 4927 :
2602 4872 2739 4928 Duo'
2777 4872 2973 4929 fratres
2998 4872 3284 4928 saeculares
3322 4880 3478 4927 erant
3508 4872 3659 4927 Con-

2055 4944 2425 5016 stantinopoli,
2465 4944 2718 5016 multum;
2736 4944 2998 5016 religiosi,
3034 4944 3381 5016 multumque
3403 4943 3658 5016 jejunan-

2059 5023 2159 5098 tes.
2198 5014 2362 5098 Unus
2388 5016 2551 5098 igitur
2594 5014 2792 5098 ex_his
2833 5015 3051 5098 veniens
3090 5015 3146 5098 in
3176 5014 3655 5098 Ralthn,_saeculo

2056 5084 2472 5154 abrenuntiavit,
2503 5094 2557 5142 et
2587 5084 2763 5141 factus
2786 5093 2871 5141 est
2898 5085 3216 5142 monachus.
3246 5086 3376 5157 Post
3404 5085 3656 5157 aliquan-

2057 5165 2174 5212 tum
2202 5173 2334 5229 vero
2363 5157 2623 5229 temporis
2667 5157 2813 5229 venit
2840 5166 2896 5213 et
2925 5156 3200 5213 saacularis
3243 5154 3420 5229 frater
3450 5154 3570 5229 ejus
3600 5156 3655 5211 in

2054 5228 2297 5300 Raythu,
2325 5238 2387 5284 ut
2425 5228 2630 5284 videret
2657 5227 2886 5300 fratrem
2915 5244 3078 5300 suum
3120 5227 3493 5300 monachumI
3514 5229 3658 5283 Cum

2055 5297 2186 5370 ergo
2226 5297 2535 5355 moraretur
2561 5299 2704 5371 apud
2742 5315 2888 5371 eum,
2918 5299 3366 5371 viditszecularis
3418 5297 3657 5371 fratrem

2055 5369 2217 5424 suum
2258 5371 2586 5426 monachum
2600 5369 2670 5427 se
2698 5370 3025 5427 reﬂeientem
3043 5370 3197 5426 ,hora
3220 5386 3389 5437 nona,
3420 5369 3657 5425 scanda-

2057 5441 2351 5511 lizatusque
2389 5441 2524 5497 dixit
2571 5442 2645 5514 illi
2687 5460 2700 5495 :
2746 5444 2953 5514 Frater,
3003 5457 3146 5514 cum,
3173 5456 3324 5514 esses
3352 5441 3657 5507 saecularis,

2056 5526 2355 5582 numquam
2380 5521 2504 5567 ante
2524 5513 2654 5568 solis
2679 5512 2945 5570 occasum
2977 5513 3233 5568 sumebas
3261 5512 3468 5568 cibum.
3498 5514 3663 5569 Tunc

2056 5583 2129 5638 ait
2172 5583 2241 5656 illi
2270 5585 2573 5640 monachus
2601 5602 2615 5637 :
2643 5584 2913 5651 Profecto,
2946 5584 3135 5653 frater,
3166 5583 3385 5656 quando
3413 5599 3572 5656 eram
3602 5584 3657 5638 in

2056 5654 2278 5721 saeculo,
2305 5670 2463 5711 aures
2492 5671 2630 5712 meae
2654 5657 2969 5713 nutriebant
2990 5671 3100 5723 me,
3125 5654 3264 5711 vana
3294 5656 3444 5711 enim
3472 5655 3656 5710 homi-

2055 5741 2189 5798 num
2227 5727 2398 5798 gloria
2420 5735 2481 5798 et
2510 5727 2624 5783 laus
2650 5744 2763 5783 non
2796 5728 3140 5784 mediocriter
3178 5742 3268 5782 me
3311 5725 3651 5793 reﬁciebant,

2049 5796 2341 5871 jejuniique
2365 5797 2609 5854 laborem
2640 5799 2906 5871 leniorem
2937 5799 3253 5856 reddebant.
3286 5800 3420 5856 Hinc
3450 5798 3544 5856 ibi.
