3982 6202
295 227 373 282 629
1067 223 1417 281 COLLATIO‘
1438 223 1515 280 Ἦ
1534 238 1620 265 τ--
1658 223 1842 280 ΠΕὈε

1952 227 1968 278 l
2004 225 2518 286 PRINCIPALIBUS
2554 231 2774 289 VlTllS.
3471 242 3575 297 630

292 366 375 424 qna
405 349 646 415 diximus
680 350 1098 422 superveniente
1129 349 1429 406 cenodoxia
1468 349 1665 406 vitium
1696 348 1865 406 torni-
1890 351 1946 417 Α
1972 359 2103 407 sunt
2129 353 2333 423 praelia,
2377 362 2439 410 ut
2463 357 2488 390 δ
2532 352 2909 429 unusquiéque
2951 354 3143 416 vitium
3188 356 3300 433 quo
3329 366 3572 422 maxime

292 440 513 503 cationis
540 444 772 514 excludi,
810 443 1034 516 pulchre
1078 444 1213 500 satis
1256 446 1313 500 in
1358 448 1585 516 Regum
1616 443 1757 501 libro
1803 459 1867 501 ac
1974 443 2258 502 infestatur
2292 447 2600 520 explorem,
2640 449 2901 508 adversus
2936 452 3067 510 illud
3106 455 3334 527 arripiat
3366 459 3571 529 princi-

291 540 538 613 signanter
556 538 898 611 exprimitur,
924 536 1016 594 ubi
1036 538 1295 611 populum
1318 537 1574 597 lsraelem
1590 537 1864 595 aNechao
1973 539 2094 611 pale
2115 549 2669 611 certamen,"omnem
2701 560 2889 601 curam
2925 542 3123 604 mentis
3148 564 3211 606 ac
3251 548 3570 608 sollicitudi-

289 648 389 707 rege
413 630 991 707 Egypti‘captivatum
1025 631 1321 688 ascendens
1349 630 1866 689 Nabuchodonosor
1971 645 2097 687 nem
2142 646 2269 705 erga
2310 632 2456 689 illius
2507 633 2979 706 impugnationem
3026 639 3572 715 observationemque

287 742 362 785 rex
384 729 733 800 Assyriorum
757 725 824 783 de
848 725 1052 782 finibus
1071 726 1387 800 Egyptiad
1405 738 1567 783 suam
1592 725 1865 783 transtulit
1970 724 2231 799 deﬁgens,
2270 726 2525 795 adversm
2552 728 2686 791 illud
2706 730 3027 802 quotidiana
3066 728 3399 805 jejuniorum
3438 738 3569 793 diri-

287 822 570 894 regionem,
592 821 918 878 scilicetnon
937 830 999 878 ut
1022 836 1118 878 eo
1138 821 1368 877 libertati
1385 821 1633 893 pristinae
1651 820 1862 893 etgeni-
1969 835 2100 892 gens
2129 820 2352 893 spicula,
2380 830 2571 878 contra
2618 822 2754 880 illud
2797 826 3016 882 cunctis
3049 822 3346 884 momentis
3391 831 3572 887 cordis

287 916 363 972 tali
387 917 693 973 restitueret
716 916 945 989 regiOni,
979 908 1075 973 sed
1104 916 1331 972 ad-suas‘
1348 914 1643 973 abdue‘eret
1667 925 1857 984 terras,
1965 912 2192 984 suspiria
2213 914 2510 987 crebraque
2531 917 2837 987 gemituum
2858 919 2965 974 tela
2986 922 3570 993 contorquens,adver-

286 1009 483 1082 longius
512 1009 872 1080 asportandos
911 1020 1078 1082 quam
1114 1002 1341 1066 fuerant
1369 1011 1426 1066 in
1450 1017 1598 1066 terra
1616 1022 1625 1043 ο
1646 1011 1856 1083 ἐΕςγρῑὶ
1964 1020 2059 1060 sus
2085 1005 2218 1061 illud
2244 1006 2555 1078 vigiliarum
2585 1007 2801 1065 labores
2829 1022 2899 1065 ac‘
2916 1009 3299 1069 meditationes
3325 1014 3563 1070 sui-cor-

284 1102 512 1175 captivati
533 1104 629 1169 (IV
652 1106 783 1172 Reg.
816 1116 983 1160 χχιιι
1007 1108 1058 1159 et
1091 1108 1268 1171 xxxv).
1290 1105 1438 1173 Qum
1466 1098 1637 1177 figura
1663 1105 1717 1161 in
1746 1105 1851 1161 hoc
1956 1100 2048 1156 dis
2084 1100 2425 1172 impendens,
2456 1101 2845 1160 indesinenter
2899 1120 3118 1177 quoque
3155 1108 3458 1166 orationem
3498 1112 3567 1168 ad

282 1211 480 1269 quoque
507 1205 880 1269 competenter
909 1189 1187 1270 aptabitur
1211 1217 1224 1253 :
1256 1198 1379 1253 licet
1408 1199 1557 1254 enim
1595 1198 1858 1256 tolerabi-
1967 1198 2144 1252 Deum
2176 1195 2339 1252 fletus
2380 1195 2637 1263 fundens,
2666 1205 2722 1253 et
2751 1200 3174 1271 impugnationis
3201 1216 3318 1258 suae
3361 1206 3567 1260 exstin-

282 1291 372 1347 lius
393 1289 465 1347 sit
485 1291 800 1347 cenodoxiaa
826 1306 996 1363 quam
1018 1290 1395 1347 fornicationis
1413 1292 1546 1347 vitio
1571 1291 1853 1360 deservire,
1963 1288 2200 1345 ctionem
2224 1288 2292 1345 ab
2320 1289 2411 1346 illo
2439 1289 2743 1362 specialiter
2772 1307 2834 1347 ac
2852 1293 3054 1366 jugiter
3077 1308 3327 1364 poscens.
3355 1299 3569 1369 Impos—

277 1384 533 1442 difﬁcilius
577 1394 765 1442 tamen
794 1402 824 1441 a
857 1385 1193 1442 eenodoxiae-
1220 1385 1595 1442 dominatione
1629 1384 1856 1442 discedi-
1964 1381 2117 1438 sibilo
2152 1396 2389 1455 namQue
2431 1391 2514 1438 est
2555 1382 2623 1439 de
2660 1383 2902 1455 qualibet
2926 1383 3177 1456 passione
3216 1381 3562 1459 triumphum

278 1478 808 1550 tur.Quodammodo
831 1470 982 1535 enim
1008 1479 1250 1551 longiore
1269 1478 1478 1535 itineris
1499 1480 1675 1550 spatio
1695 1480 1856 1552 capti
1964 1476 2277 1548 quempiam
2315 1479 2632 1547 promereri,
2680 1479 2999 1551 priusquam
3045 1480 3367 1538 intellexerit
3407 1483 3567 1539 indu-

274 1589 361 1630 vus
387 1572 655 1630 abductus
678 1572 1009 1629 laboriosius
1025 1573 1093 1630 ad
1122 1574 1349 1646 genitale
1381 1573 1562 1630 solum
1591 1566 1648 1630 et
1691 1573 1855 1629 liber-
1962 1570 2095 1627 stria
2123 1571 2205 1626 vel
2233 1564 2417 1627 labore
2453 1572 2676 1643 proprio
2720 1572 3008 1629 victoriam
3050 1575 3362 1632 certaminis
3390 1588 3565 1634 semet

275 1676 425 1729 tatem
449 1666 684 1739 patriam
709 1672 1046 1736 revertetur;
1081 1668 1394 1739 meritoque
1419 1666 1489 1723 ad
1517 1682 1645 1722 eum
1676 1666 1858 1721 incre-
1966 1665 2218 1721 obtinere
2238 1681 2349 1720 non
2380 1681 2570 1737 posse;
2602 1681 2729 1723 cum
2754 1676 2938 1723 tamen
2972 1675 3035 1723 ut
3058 1668 3233 1724 valeat
3256 1672 3560 1740 emundari,

272 1762 411 1835 patio
442 1762 537 1818 illa
562 1762 877 1834 prophetica
923 1761 1180 1834 dirigitur
1208 1762 1459 1827 (Baruch.
1510 1761 1606 1832 ιιι)
1638 1781 1651 1816 :
1681 1762 1858 1829 Quare
1887 1778 1934 1841 Β
1967 1773 2185 1814 necesse
2216 1758 2287 1813 sit
2308 1774 2437 1814 eum
2464 1758 2554 1815 die
2575 1768 2849 1832 noctuque
2874 1760 2930 1815 in
2971 1761 3120 1817 omni
3156 1778 3286 1819 cura
3323 1773 3377 1820 et
3416 1766 3568 1823 solli-

269 1846 582 1912 ineeteratus
608 1870 660 1913 es
683 1860 743 1912 in
764 1862 906 1913 terra
920 1858 1098 1912 aliena
1118 1859 1147 1911 Ρ
1164 1858 1332 1912 Recte
1351 1854 1619 1927 siquidem
1646 1856 1849 1911 invete-

270 1960 404 2006 ratus
428 1949 624 2007 dicitur
655 1950 710 2005 in
747 1958 893 2006 terra
922 1949 1097 2006 aliena
1122 1950 1369 2022 quisquis
1389 1965 1421 2004 a
1451 1949 1676 2005 terrenis
1703 1949 1850 2003 vitiis

265 2062 362 2101 non
385 2054 635 2100 novatur.
662 2053 689 2079 ⁸
723 2045 1001 2115 Superbia
1029 2057 1227 2117 genera
1267 2051 1395 2098 sunt
1435 2042 1582 2098 duo:
1610 2043 1849 2114 primum

262 2139 483 2203 carnale,
514 2132 819 2196 secundum
846 2139 1103 2211 spiritale,
1133 2137 1470 2211 quod'etism
1492 2139 1851 2209 perniciosius

259 2234 508 2291 estrlllos
534 2248 773 2305 namque
812 2228 1097 2305 specialius
1138 2231 1441 2302 impugnat,
1472 2245 1612 2301 quos
1640 2232 1694 2287 in
1730 2233 1848 2305 qui-

259 2326 483 2383 busdam
510 2325 801 2382 virtutibus
827 2322 1118 2397 profecisse
1142 2324 1423 2395 repererit.

694 2420 699 2427 '
830 2427 1073 2485 CAPUT
1106 2428 1265 2484 xm.

428 2522 501 2583 De
524 2514 684 2580 uaria
712 2518 1110 2597 oppugnatione
1134 2517 1365 2578 omnium
1390 2524 1665 2578 uitiorum.

317 2629 454 2684 Haec
475 2627 640 2700 igitur
668 2630 792 2681 ceto
816 2616 942 2680 vitia
971 2611 1298 2697 cumomne
1341 2620 1632 2679 hominum
1677 2638 1851 2695 genus

250 2708 482 2794 pulsent,
512 2736 626 2776 non
654 2727 839 2776 tamen
874 2722 985 2775 uno
1011 2717 1179 2805 modo
1207 2719 1482 2803 impetum
1508 2728 1754 2805 cimctos.
1788 2722 1849 2774 In

242 2804 354 2870 alio
370 2812 622 2886 namque
638 2800 852 2887 spiritus
868 2798 1247 2869 fornicationis
1267 2798 1683 2869 locum'obtinet
1702 2812 1849 2885 prino

245 2906 501 2981 cipalem,
523 2908 576 2963 in
603 2894 706 2963 alio
736 2893 1113 2980 superequitat
1133 2907 1309 2975 furor,
1336 2907 1391 2963 in
1413 2907 1521 2963 alio
1546 2907 1845 2965 eenodoxia

243 2984 482 3069 vindicat
510 2994 893 3073 tyrannidem,
916 3000 983 3055 in’
1003 3001 1107 3056 alio
1150 2988 1336 3057 arcem
1377 2988 1629 3071 superbia
1666 3008 1841 3056 tenet.

244 3099 314 3151 Et
330 3110 462 3152 cum
479 3082 690 3151 constet
708 3084 897 3148 omnes
912 3086 980 3148 ab
1000 3093 1259 3149 Omnibus
1279 3086 1609 3165 impugnari,
1635 3094 1846 3150 diverso

238 3197 436 3242 tamen
463 3186 628 3240 modo
648 3193 703 3240 et
726 3185 915 3240 ordine
940 3182 1144 3256 singuli
1172 3186 1504 3243 laboramus.

837 3288 1077 3345 CAPUT
1112 3288 1265 3344 XIV.
1339 3278 1345 3285 ’

276 3389 359 3442 De
392 3382 715 3437 instituendo
735 3383 1018 3438 adversum
1049 3384 1186 3437 vitia
1219 3384 1511 3437 certamine
1529 3385 1813 3439 secundum

334 3464 337 3467 ‘
697 3456 947 3524 ipsorum
976 3456 1397 3523 infestationem.

308 3546 689 3618 Quamobrem
728 3549 806 3603 ita
856 3545 1018 3604 nobis
1063 3546 1347 3604 adversus
1376 3547 1492 3603 haec
1541 3547 1847 3620 arripienda

1965 1850 2201 1907 citudine
2230 1866 2570 1923 permanere.
2598 1854 2848 1925 Cumque
2874 1869 2934 1909 se
2964 1854 3032 1910 ab
3062 1870 3127 1911 ea
3152 1860 3386 1914 senserit
3404 1859 3564 1916 abso-

1957 1945 2159 2014 lutum,
2195 1962 2414 2002 rursum
2453 1946 2688 2003 latebras
2720 1948 2806 2003 sui
2848 1948 3027 2006 cordis
3071 1950 3234 2007 simili
3263 1953 3562 2013 intentione

1958 2042 2265 2115 perlustret,
2306 2051 2361 2098 et
2394 2042 2638 2115 exploret
2665 2058 2831 2115 quam
2854 2043 2955 2099 sibi
2996 2044 3140 2101 inter
3167 2046 3401 2118 reliquas
3430 2066 3557 2122 per-

1957 2137 2189 2209 pexerit
2234 2135 2515 2202 dirio‘rem,
2562 2145 2729 2209 atque
2788 2136 3046 2194 adversus
3093 2154 3219 2195 eam
3268 2144 3560 2213 specialius

1958 2232 2144 2288 omnia
2174 2230 2403 2303 spiritus
2429 2246 2582 2287 arma
2611 2239 2977 2299 commoveat,
3003 2239 3060 2288 et
3087 2232 3163 2288 ita
3184 2246 3405 2306 semper
3420 2238 3559 2294 [vali-

1955 2324 2203 2380 dioribus
2229 2323 2496 2396 superatis
2536 2324 2770 2380 celerem
2801 2324 2873 2381 de
2902 2325 3135 2382 residuis
3172 2325 3395 2385 habebit
3420 2328 3553 2395 faci_

1958 2417 2170 2491 lemque
2194 2419 2471 2475 victoriam
2498 2438 2511 2473 :
2538 2418 2667 2491 quia
2705 2426 2761 2474 et
2784 2434 2939 2475 mens
2980 2419 3393 2492 triumphorum
3423 2440 3555 2496 pro-

1954 2512 2111 2569 cessu
2134 2512 2391 2570 reddetur
2416 2513 2634 2580 fortior,
2656 2521 2711 2568 et
2727 2512 3077 2583 infirmorum
3103 2513 3272 2587 [Lips
3295 2520 3353 2571 in
3376 2534 3550 2589 marg;

1955 2607 2339 2679 inﬁrmiorum]
2366 2622 2545 2678 pugna
2573 2607 2869 2663 succedens
2905 2610 3304 2679 promptiorem
3347 2612 3392 2666 ei
3423 2628 3555 2683 pro-

1956 2709 2181 2758 ventum
2226 2700 2384 2756 faciet
2426 2699 2780 2771 praeliorum;
2822 2707 2885 2755 ut
2910 2700 3027 2756 ﬂeri
3071 2697 3213 2755 solet
3235 2702 3302 2756 ab
3333 2702 3417 2757 his
3462 2708 3556 2776 qui

1957 2811 2144 2851 coram
2178 2794 2397 2867 regibus
2420 2794 2611 2850 mundi
2634 2792 2802 2865 hujus
2828 2793 3137 2866 omnigenis
3170 2796 3424 2868 congredi
3454 2797 3554 2853 be-

1957 2890 2094 2959 stiis,
2160 2891 2518 2963 praemiorum
2586 2888 3059 2959 contemplatione,
3132 2901 3555 2961 consueverunt,

1955 2987 2104 3059 quod
2118 2985 2404 3059 Spectaculi
2416 2996 2597 3055 genus
2607 2985 2770 3057 vulgo
2799 2992 2820 3017 °
2834 2988 3553 3058 panearpumnuncupatur.

1954 3085 2051 3152 Hi,
2092 3082 2331 3154 inquam,
2370 3064 2517 3135 feras
2555 3082 2927 3150 quaecumque
2951 3076 3203 3134 fortiores
3250 3077 3447 3135 robore
3473 3084 3554 3136 vel

1882 3184 1927 3252 ε
1958 3177 2189 3235 feritatis
2233 3174 2381 3231 rabie
2408 3173 2811 3244 'conspexerint
2848 3166 3084 3228 diriores
3139 3171 3399 3229 adversus
3452 3189 3552 3229 eas

1955 3271 2146 3343 primae
2188 3267 2593 3338 congressionis
2608 3265 3199 3337 certamenarripiunt,
3234 3256 3429 3338 quibus
3456 3280 3547 3323 ex-

1952 3358 2488 3432 stinctis,“reliquas,
2535 3372 2656 3431 quae
2706 3356 2892 3415 minus
2950 3359 3217 3418 terribiles
3266 3360 3552 3430 minusque

1950 3450 2304 3511 vehementes
2332 3448 2482 3520 sunt,
2516 3451 2660 3507 exitu
2696 3451 2937 3507 faciliore
2975 3446 3354 3523 prosternunt.
3393 3456 3471 3508 lta
3499 3464 3555 3509 et

1953 3550 2098 3608 vitiis
2125 3540 2343 3622 Semper
2365 3542 2767 3604 robustioribus
2791 3546 3079 3619 superatis,
3099 3553 3259 3620 atque
3286 3547 3550 3607 inﬁrmio-

1280 3766 1283 3767 ί
1331 3650 1585 3741 ᾹιΑΒῡι
1626 3686 1855 3741 GAZ/EI
1893 3656 2453 3765 COMMENTARIUS.

300 3813 519 3869 a°Idem
546 3814 641 3869 lib.
669 3829 780 3882 xu,
804 3829 923 3885 cap.
954 3820 987 3869 2
1014 3823 1069 3869 et
1099 3819 1188 3869 24.
1219 3813 1473 3885 Videibi
1510 3815 1837 3870 notationes.

1943 3818 2073 3877 Noe,
2095 3830 2215 3885 qua:
2233 3827 2510 3883 permane
2538 3828 2701 3881 genus
2731 3815 3079 3885 am'malium,
3089 3816 3342 3885 futuram
3358 3832 3427 3868 ea:
3445 3832 3556 3869 omp

299 3886 793 3957 {Commendatur
813 3884 899 3957 hic
929 3884 1532 3957 examenparticulare,
1573 3901 1685 3955 quo
1718 3887 1842 3955 quis
1946 3884 2366 3957 uibusgentibus
2386 3885 2651 3953 ﬁgurabat
2669 3884 3114 3957 Ecclesiam(Lib_.
3139 3884 3348 3957 advers.
3371 3887 3555 3942 Secun-

219 3953 429 4010 studet
443 3955 722 4023 explorare
740 3950 951 4008 vitium'
964 3952 1017 4007 in
1035 3952 1181 4023 quod
1191 3950 1297 4023 'seu
1330 3960 1548 4023 natura,
1567 3950 1660 4007 séu
1682 3950 1842 4021 prava

213 4021 638 4080 consuetudine
660 4023 831 4093 magis
854 4021 1157 4093 propen'det
1180 4030 1241 4093 et
1260 4021 1596 4093 frequentius
1624 4022 1838 4093 labitur.

209 4100 317 4151 De
369 4108 483 4163 quo
528 4094 583 4146 S.
629 4091 1054 4164 Chrysostomus
1079 4092 1267 4147 homil.
1306 4097 1377 4145 73
1425 4091 1493 4146 ad
1535 4092 1843 4164 populum:

213 4169 521 4233 Quemque
543 4163 796 4226 uestrum,
826 4164 1022 4234 inquit,
1049 4179 1192 4233 rogo,
1214 4168 1274 4217 ut
1299 4165 1354 4217 si
1370 4168 1680 4226 nouantea,
1707 4163 1851 4217 dein-

1950 3954 2165 4016 dinum,
2187 3972 2230 4008 ο.
2264 3955 2507 4025 23),etc.
2543 3955 3041 4025 Imperatoretiam
3076 3954 3413 4009 Justinianus
3446 3972 3552 4011 no-

1949 4024 2086 4077 vella
2115 4023 2499 4095 constitutione
2526 4023 2730 4079 105'sic
2752 4023 2939 4078 scribit
2968 4043 2980 4076 :
3013 4027 3035 4052 "
3058 4025 3261 4091 Magna
3282 4025 3554 4095 voluptate

1946 4095 2210 4164 populum
2236 4094 2480 4162 implebit
2500 4099 2615 4149 tam
2648 4100 2949 4163 spectatum
2976 4098 3059 4158 (ut
3081 4099 3553 4165 vocant)'pancar-

1952 4180 2101 4233 pum,
2116 4165 2279 4233 quasi
2286 4166 2520 4234 omnium
2529 4165 2773 4234 arborum
2782 4165 3054 4231 fructibus
3064 4167 3382 4223 concinnata
3388 4170 3548 4234 silva,

207 4226 570 4318 qus‘sdltem
602 4250 762 4318 quem
776 4250 832 4290 se
843 4226 970 4305 plus
995 4226 1336 4318 aliis'vemare
1365 4234 1629 4318 defectum
1660 4250 1849 4318 coquo-
1937 4226 2511 4318 "EIuam'honn'uesrum
2538 4231 2674 4305 feris
2696 4226 3044 4318 decertantes,
3070 4251 3363 4318 nomenque
3400 4226 3552 4309 affe;

209 4305 397 4367 verit,
424 4306 566 4359 hunc
580 4321 649 4359 ear:
664 4308 849 4360 anima
868 4307 1154 4375 praecidere
1168 4305 1402 4373 studeat,
1427 4311 1477 4360 et
1489 4308 1587 4376 pia
1608 4307 1847 4375 quadam

213 4379 589 4448 cogitatione,
603 4380 763 4446 quasi
774 4379 1017 4447 spiritali
1029 4384 1183 4432 utens
1195 4378 1396 4446 gladio,
1416 4381 1647 4448 seipsum
1671 4394 1706 4432 a
1717 4380 1848 4432 vitio

219 4448 445 4503 liberet.
480 4451 549 4503 Et
578 4447 769 4503 homil.
821 4452 890 4503 82
922 4449 976 4503 in
1005 4451 1276 4504 Joannem
1306 4468 1318 4504 :
1363 4447 1643 4506 Discamus
1670 4451 1846 4519 igitur

218 4523 277 4590 et
310 4521 459 4573 uitia
487 4525 670 4574 nostra
698 4524 1035 4581 recensentes,
1081 4525 1131 4573 et
1155 4525 1385 4590 tempore
1413 4524 1759 4590 corrigamus,
1793 4526 1845 4576 et

221 4589 323 4644 hoc
353 4605 533 4644 mense
556 4606 741 4652 unum,
768 4592 881 4643 alio
905 4590 1082 4655 aliud,
1106 4594 1155 4643 et
1178 4592 1260 4642 ita
1281 4589 1650 4659 consequenter
1666 4591 1842 4646 melio-

218 4674 310 4714 res
337 4662 663 4731 efﬁciamur.
687 4634 775 4718 Sic
794 4667 934 4715 enim
957 4634 1236 4730 tam’quam
1252 4676 1349 4729 per
1363 4634 1566 4728 grddus
1583 4664 1838 4731 quosdam
1872 4634 1922 4695 D

222 4733 579 4787 ascendentes
601 4748 700 4803 per
721 4731 1105 4803 scalamJacob
1134 4730 1222 4803 ad
1246 4732 1427 4803 calum
1449 4735 1834 4800 perveniemus.

302 4811 325 4836 ε
371 4801 715 4874 Pancarpum
760 4802 967 4874 notavit
1005 4801 1293 4874 Ciaconius
1336 4801 1500 4874 fuisse
1545 4804 1838 4874 spectaculi

263 4886 432 4941 enus,
468 4874 521 4928 in
552 4872 662 4944 quo
688 4873 941 4944 homines
965 4872 1034 4929 ad
1070 4872 1126 4928 id
1153 4872 1406 4944 mercede
1433 4873 1684 4944 conducti
1712 4888 1838 4928 cum

333 4944 423 4999 tiis
451 4942 634 5000 omnis
656 4944 869 5015 generis
894 4942 1261 5011 decertabant,
1291 4953 1353 4999 ut
1380 4943 1482 4998 hoc
1507 4944 1627 5015 loco
1654 4943 1838 4998 innui-

228 5017 350 5065 tur.
384 5016 531 5071 Usus
562 5015 696 5070 olim
720 5029 781 5071 ea
811 5029 945 5070 voce
974 5015 1315 5071 Secundinus
1334 5014 1616 5070 haereticus
1639 5017 1709 5070 D.
1740 5022 1844 5070 Au-

227 5084 516 5158 gustinum
558 5086 811 5153 irridens,
851 5086 942 5158 qui
985 5086 1149 5141 veteri
1191 5087 1559 5158 instrumento
1584 5086 1652 5141 ad
1698 5086 1843 5140 litte-

227 5165 360 5227 [πω
388 5157 554 5213 fidem
605 5158 834 5213 haberet
861 5157 878 5212 ἐ
919 5160 1090 5219 Forte,
1141 5157 1339 5227 inquit,
1379 5162 1503 5225 post
1541 5159 1750 5212 Daretis
1792 5162 1842 5211 et

229 5223 442 5298 Entelli
461 5234 748 5290 certamen,
766 5229 923 5284 Iacob
941 5234 992 5282 et
1004 5231 1175 5297 ipsius
1190 5223 1587 5298 pammachiam
1603 5233 1843 5298 spectare

224 5296 478 5380 E‘Olueras
491 5303 625 5380 {An
646 5314 926 5380 numerum
948 5296 1492 5380 ᾼ-τὴοννιιὶεοτηετηᾲαη
1506 5296 1839 5380 pancarpu-m

224 5370 291 5440 gn
318 5384 451 5424 arca
488 5374 598 5427 Noe
624 5373 917 5440 conspicere
943 5370 1283 5439 disposueras
1302 5373 1330 5424 ?
1371 5372 1507 5425 Haec
1533 5370 1642 5436 ille,
1673 5370 1837 5439 signi-

224 5433 408 5512 ficans
459 5441 591 5497 illud
620 5433 766 5512 quod
823 5433 1127 5497 Genesivr
1159 5441 1423 5511 legimus:
1460 5433 1640 5496 Tolles’
1672 5433 1842 5511 igitur

224 5508 411 5563 tecum
433 5529 501 5567 ea:
529 5508 771 5567 omnibus
797 5515 945 5574 escis,
985 5527 1103 5581 qua:
1131 5508 1321 5566 mandi
1335 5517 1578 5583 possunt,
1608 5517 1659 5566 et
1699 5508 1841 5567 com-

215 5582 481 5655 Pprtabis
505 5584 657 5655 apud
677 5589 743 5651 te,
767 5587 818 5637 et
831 5588 990 5637 erunt
1010 5588 1121 5638 tam
1134 5584 1245 5638 illis
1261 5582 1424 5655 quam
1446 5584 1550 5639 tibi
1565 5587 1623 5638 in
1644 5584 1838 5638 cibum.

219 5646 365 5727 [jac
390 5646 659 5727 vocat-ille
683 5646 1010 5725 pancarpon.
1034 5654 1132 5710 Cui
1160 5646 1450 5727 respondet
1476 5655 1837 5727 Augustinus:

219 5720 465 5779 Nomine
495 5720 792 5795 Pancarpi,
812 5720 907 5795 qui
929 5729 990 5780 in
1015 5726 1240 5781 ludicris
1251 5720 1678 5781 'muneribus'edi
1690 5728 1840 5788 solet,

215 5800 459 5865 propter
501 5799 741 5852 omnium
774 5812 1022 5864 generum
1064 5799 1277 5861 bestias,
1326 5798 1637 5871 exagitatis“
1661 5813 1843 5856 arcam

1914 4358 1915 4361 η
1954 4310 2155 4381 stantes
2185 4304 2428 4381 audacis,
2450 4304 2549 4381 nec
2572 4304 2838 4381 nonferce
2874 4305 2942 4359 ab
2967 4308 3040 4361 eis
3065 4308 3219 4381 humi
3236 4304 3547 4379 prostratae,

1952 4386 2058 4433 etc.
2086 4378 2221 4433 Haec
2240 4376 2337 4432 ibi.
2361 4376 2520 4445 Quod
2541 4376 2584 4432 si
2601 4377 2724 4449 quis
2743 4386 2951 4449 quaerat
2968 4393 3071 4449 qua
3086 4376 3302 4437 ratione
3323 4385 3549 4441 venatio-

1952 4465 2078 4527 nem
2107 4451 2276 4527 illam,
2292 4449 2487 4521 inqua
2516 4449 2764 4527 homines
2787 4465 2912 4505 cum
2934 4450 3121 4507 bestiis
3135 4454 3549 4527 omnis‘geueris

1944 4520 2351 4593 depugnabant,
2381 4520 2710 4593 pa‘ncarpum
2740 4521 2882 4593 (quae
2906 4537 3008 4578 vox
3035 4539 3260 4580 omnem
3307 4520 3548 4583 fructum

1950 4590 2233 4665 significat)
2259 4590 2791 4665 appellarintIdicam
2811 4594 3040 4648 fortasse
3060 4594 3113 4648 id
3136 4599 3549 4665 pertranslatio-

1950 4679 2076 4718 nem
2106 4664 2343 4720 factum.
2357 4666 2495 4720 Cum
2531 4664 2679 4719 enim
2708 4665 2950 4734 lancem,
2964 4664 3149 4734 quam
3171 4666 3321 4734 omni
3357 4681 3550 4734 genere

1948 4734 2226 4791 fructuum
2249 4735 2501 4790 refertam
2528 4735 2758 4789 deorum
2784 4731 3003 4800 templis
3032 4731 3455 4797 inferebant,'ab
3492 4749 3549 4788 re

1950 4806 2293 4875 pancarpiam
2315 4805 2578 4875 dicerent,
2600 4820 2696 4873 per
2709 4800 3364 4875 translationemcoronas
3384 4802 3547 4875 etiam

1947 4869 2013 4927 ex
2044 4869 2202 4929 variis
2235 4873 2465 4927 ﬂoribus
2504 4869 2805 4937 contextus,
2850 4871 2975 4925 licet
3001 4869 3136 4924 nihil
3169 4869 3372 4929 fructus
3399 4874 3547 4931 ines-

1947 4953 2049 5009 set,
2078 4946 2243 4998 Festo
2275 4941 2536 5010 Pompeio
2560 4949 2717 5009 teste,
2751 4940 3070 5013 pancarpias
3101 4944 3383 5000 vocabant.
3415 4947 3548 5004 lude

1951 5030 2081 5085 ergo
2103 5022 2157 5067 et
2185 5013 2526 5068 venationem
2547 5027 2672 5085 qua:
2698 5012 2849 5067 omni
2879 5027 3072 5084 genere
3100 5013 3394 5071 bestiarum
3420 5033 3547 5073 con-

1949 5084 2483 5157 stabat‘pancarp‘um
2502 5084 2923 5157 appellaverunt.
2950 5086 3031 5140 Ila
3058 5085 3344 5141 Ciaconius
3370 5091 3550 5157 paucis

1949 5152 2212 5229 omissis;
2231 5152 2504 5229 Cuychius
2516 5152 2692 5229 paulo
2721 5156 2892 5221 aliter,
2923 5157 3016 5211 sed
3059 5157 3252 5226 eodem
3289 5152 3403 5213 fere
3428 5174 3549 5229 Spe-

1947 5236 2101 5303 etans
2119 5245 2138 5303 _:
2172 5224 2356 5293 Forte,
2382 5224 2576 5295 inquit,
2611 5225 2737 5281 hinc
2759 5224 3367 5303 tractaestappellatio,
3399 5224 3546 5303 quod

1949 5298 2041 5370 qui
2086 5298 2314 5353 victores
2347 5305 2646 5370 evaserant,
2688 5299 2987 5370 pancarpiis
3029 5298 3547 5365 donabantur,-'hoc

1949 5369 2055 5444 est,
2085 5369 2301 5426 coronis
2325 5369 2576 5444 exvariis
2603 5377 2661 5444 e_t_
2685 5385 2821 5444 pene
2857 5370 3116 5444 omnibus
3146 5371 3345 5427 florum
3381 5389 3549 5438 gene—

1947 5440 2098 5497 ribus
2125 5440 2461 5513 compositis.
2490 5440 2572 5497 Εἰ
2610 5440 2770 5514 dictis
2792 5442 2923 5497 satis
2953 5443 3270 5514 intelligitur
3297 5443 3425 5514 quid
3460 5446 3546 5499 in-

1949 5520 2034 5567 ter
2066 5528 2397 5584 pancarpum
2422 5520 2477 5567 et
2502 5513 2845 5584 pancarpiam
2872 5515 2940 5568 sit
2961 5513 3325 5569 discriminis.’
3338 5515 3555 5583 Dicitur

1949 5585 2124 5659 etiam
2151 5599 2421 5659 eucar_p_us
2453 5591 2507 5659 et
2534 5584 2783 5659 eucarpia
2814 5585 3005 5640 eodem
3036 5593 3129 5639 aut
3154 5584 3305 5640 affini
3335 5586 3544 5659 signifie-

1949 5664 2077 5711 catu
2110 5655 2277 5727 (Tert.
2306 5656 2399 5709 lib.
2431 5655 2640 5710 advers.
2676 5657 2884 5711 Valent.
2913 5673 2960 5711 c.
2999 5662 3103 5720 l2).

2014 5744 2232 5810 ﬁGraecs
2275 5743 2395 5810 citat
2431 5743 2711 5809 Ciaconius,
2754 5744 2841 5794 sed
2870 5749 3099 5810 corruple
3123 5744 3364 5809 impressa
3391 5764 3402 5792 :
3434 5743 3542 5791 ideo

1952 5805 2127 5859 Latina
2150 5805 2400 5859 subslitni.
